{"host":"7kj0ynzap1jglrpi","time":1611275680,"event":{"mods":["Act Like it!","BaseMod","Hallownest","Minty Spire (QoL Compilation)","StSLib","The Bug Knight"],"gold_per_floor":[112,130,130,130,130,130,159,174,174,174,99,132,132,167,167,265,265,285,285,285,305,322,354,354,46,46,1,1,33,33,46,46,141,141,151,151,166,182,2,2,14,31,31,60,80,115,35,35,35,35,35,35,35,60,60,60],"floor_reached":55,"language":"ZHS","playtime":4280,"items_purged":["HollowMod:NailStrikeStart","HollowMod:QuickDashStart"],"score":896,"play_id":"30e8a9e3-f9ba-4219-9cf7-e2397a2c87af","local_time":"20210122083440","is_ascension_mode":true,"campfire_choices":[{"data":"HollowMod:MothsMistake","floor":6.0,"key":"SMITH"},{"data":"HollowMod:MantisMark","floor":13.0,"key":"SMITH"},{"data":"HollowMod:CornifersMapStart","floor":15.0,"key":"SMITH"},{"data":"HollowMod:LifebloodCore","floor":24.0,"key":"SMITH"},{"data":"HollowMod:MothsMistake","floor":30.0,"key":"SMITH"},{"data":"HollowMod:GrimmsGift","floor":32.0,"key":"SMITH"},{"data":"HollowMod:RadiancesLament","floor":40.0,"key":"SMITH"},{"floor":49.0,"key":"RECALL"},{"data":"HollowMod:HuntersJournal","floor":52.0,"key":"SMITH"}],"circlet_count":0,"master_deck":["HollowMod:QuickDashStart+1","HollowMod:FocusHealStart+1","HollowMod:PogoStrike","HollowMod:NewLittleFool","HollowMod:MothsMistake+1","HollowMod:MantisMark+1","HollowMod:DashSlash","HollowMod:CoiledNail","HollowMod:CornifersMapStart+1","HollowMod:LifebloodCore+1","HollowMod:NewJinnsSoul+1","HollowMod:CloakDash+1","HollowMod:InfectionAssault+1","HollowMod:ChannelNail","HollowMod:HuntersJournal+1","HollowMod:DoubleDash+1","HollowMod:MothsMistake+1","HollowMod:BrokenVessel","HollowMod:DungDefenderAura","HollowMod:Weaversong","HollowMod:GrimmsGift+1","HollowMod:RadiancesLament+1","HollowMod:BrokenVessel+1","HollowMod:DashSlash+1","HollowMod:SoulSplash","HollowMod:DoubleDash+1","HollowMod:CrystalDash","HollowMod:HuntersJournal+1","Hallownest:attackMasterDashSlash","HollowMod:QuirrelsAssistance+1"],"relics":["HollowMod:VesselMask","War Paint","Hallownest:DreamNailRelic","Toy Ornithopter","Sundial","Potion Belt","Shuriken","Astrolabe","Red Mask","Smiling Mask","Strange Spoon","Question Card","InkBottle","Bag of Preparation","Coffee Dripper","Hallownest:StagBellRelic1","Mango","Ancient Tea Set","StoneCalendar"],"acts_visited":["Hallownest:Greenpath","Hallownest:CityofTears","Hallownest:KingdomsEdge","TheEnding"],"potions_floor_usage":[55,55,55],"damage_taken":[{"damage":2.0,"enemies":"Hallownest:monsterHuskGuard","floor":1.0,"turns":4.0},{"damage":12.0,"enemies":"Hallownest:2_Tiktiks_and_1_Crawlid","floor":2.0,"turns":4.0},{"damage":2.0,"enemies":"Hallownest:eliteVengeflyKing","floor":7.0,"turns":8.0},{"damage":8.0,"enemies":"Hallownest:2_Baldur","floor":8.0,"turns":3.0},{"damage":24.0,"enemies":"Hallownest:eliteCrystalGuardian","floor":12.0,"turns":6.0},{"damage":8.0,"enemies":"Hallownest:eliteMossKnight","floor":14.0,"turns":9.0},{"damage":59.0,"enemies":"Hallownest:BossHornet","floor":16.0,"turns":10.0},{"damage":29.0,"enemies":"Hallownest:2_Mistakes","floor":18.0,"turns":8.0},{"damage":10.0,"enemies":"Hallownest:Guard_and_Sentry","floor":21.0,"turns":6.0},{"damage":5.0,"enemies":"Hallownest:Master_and_Novice","floor":22.0,"turns":5.0},{"damage":26.0,"enemies":"Hallownest:eliteWatcherKnight","floor":23.0,"turns":17.0},{"damage":0.0,"enemies":"Hallownest:Nosk","floor":29.0,"turns":8.0},{"damage":0.0,"enemies":"Hallownest:Warrior_and_Youth","floor":31.0,"turns":5.0},{"damage":2.0,"enemies":"Hallownest:BossGrimm","floor":33.0,"turns":8.0},{"damage":8.0,"enemies":"Hallownest:Shield_Heavy","floor":35.0,"turns":4.0},{"damage":13.0,"enemies":"Hallownest:2_Littles","floor":37.0,"turns":5.0},{"damage":19.0,"enemies":"Hallownest:2_Soldiers_and_1_Guardian","floor":38.0,"turns":5.0},{"damage":14.0,"enemies":"Hallownest:Slobbering_and_Violent","floor":41.0,"turns":6.0},{"damage":12.0,"enemies":"Hallownest:2_Great","floor":42.0,"turns":5.0},{"damage":4.0,"enemies":"Hallownest:eliteHiveKnight","floor":44.0,"turns":7.0},{"damage":0.0,"enemies":"Hallownest:2_Wing_and_1_Kings","floor":45.0,"turns":7.0},{"damage":0.0,"enemies":"Hallownest:StalkingDevout","floor":46.0,"turns":7.0},{"damage":27.0,"enemies":"Hallownest:BossHollowKnight","floor":50.0,"turns":8.0},{"damage":79.0,"enemies":"Shield and Spear","floor":54.0,"turns":8.0},{"damage":112,"enemies":"The Heart","floor":55,"turns":11}],"seed_played":"-8263590061671989451","potions_obtained":[{"floor":2.0,"key":"Energy Potion"},{"floor":8.0,"key":"Weak Potion"},{"floor":14.0,"key":"Regen Potion"},{"floor":16.0,"key":"SkillPotion"},{"floor":22.0,"key":"LiquidBronze"},{"floor":23.0,"key":"Energy Potion"},{"floor":33.0,"key":"Ancient Potion"},{"floor":42.0,"key":"Regen Potion"},{"floor":46.0,"key":"Regen Potion"}],"is_trial":false,"path_per_floor":["M","M","?","?","?","R","E","M","T","?","$","E","R","E","R","B",null,"M","?","?","M","M","E","R","$","T","?","T","E","R","M","R","B",null,"M","?","M","M","?","R","M","M","T","E","M","E","?","?","R","B",null,"R","$","E","B"],"character_chosen":"THE_BUGKNIGHT","items_purchased":["HollowMod:BrokenVessel","Strange Spoon","HollowMod:DungDefenderAura"],"campfire_rested":0,"item_purchase_floors":[25,25,25],"current_hp_per_floor":[75,70,70,70,70,70,75,73,73,64,64,55,55,59,59,17,75,54,68,68,70,72,59,59,59,59,65,65,77,77,81,81,81,81,79,79,76,67,67,67,59,74,74,95,95,95,95,90,90,69,90,90,90,67,0,0],"gold":60,"neow_bonus":"RANDOM_COMMON_RELIC","is_daily":false,"chose_seed":false,"campfire_upgraded":8,"win_rate":0.0,"timestamp":1611275680,"path_taken":["M","M","?","?","?","R","E","?","T","?","?","E","R","E","R","BOSS","M","?","?","?","M","E","R","$","T","?","?","E","R","?","R","BOSS","M","?","M","M","?","R","M","M","T","E","?","E","?","?","R","BOSS","R","$","E","BOSS"],"items_purchased_type":["Card","Relic","Card"],"build_version":"2020-12-22","purchased_purges":2,"victory":false,"max_hp_per_floor":[75,75,75,75,75,75,75,75,75,75,75,75,75,75,75,75,75,75,75,75,75,75,75,75,75,75,81,81,81,81,81,81,81,81,81,81,81,81,81,81,81,81,81,95,95,95,95,90,90,90,90,90,90,90,90,90],"card_choices":[{"not_picked":["HollowMod:ShadowDash","HollowMod:GoodIntentions"],"picked":"HollowMod:NewLittleFool","floor":1.0},{"not_picked":["HollowMod:SiblingsShadow","HollowMod:SharpenedNail"],"picked":"HollowMod:MothsMistake","floor":2.0},{"not_picked":["HollowMod:SiblingsSouls","HollowMod:RadiancesLament"],"picked":"HollowMod:MantisMark","floor":7.0},{"not_picked":["HollowMod:InfectedCysts","HollowMod:HowlingWraiths"],"picked":"HollowMod:DashSlash","floor":8.0},{"not_picked":["HollowMod:MonarchWings","HollowMod:MothsMistake"],"picked":"HollowMod:CoiledNail","floor":12.0},{"not_picked":["HollowMod:MonarchWings","HollowMod:InfectedCysts"],"picked":"HollowMod:CornifersMapStart","floor":14.0},{"not_picked":["HollowMod:WhiteLadysBlessing","HollowMod:Hiveblood"],"picked":"HollowMod:LifebloodCore","floor":16.0},{"not_picked":["HollowMod:HeavyBlow","HollowMod:AbyssShriek"],"picked":"HollowMod:ChannelNail","floor":18.0},{"not_picked":["HollowMod:BaldurShell+1","HollowMod:HeavyBlow"],"picked":"HollowMod:HuntersJournal+1","floor":21.0},{"not_picked":["HollowMod:CornifersMapStart","HollowMod:DreamGate+1"],"picked":"HollowMod:DoubleDash+1","floor":22.0},{"not_picked":["HollowMod:NewLittleFool","HollowMod:SharpenedNail"],"picked":"HollowMod:MothsMistake","floor":23.0},{"not_picked":["HollowMod:CrystalDash+1","HollowMod:MawleksShell","HollowMod:CoiledNail"],"picked":"HollowMod:Weaversong","floor":29.0},{"not_picked":["HollowMod:NewJinnsSoul","HollowMod:SoulStrike","HollowMod:DescendingDark"],"picked":"HollowMod:GrimmsGift","floor":31.0},{"not_picked":["HollowMod:Hiveblood","HollowMod:HornetsHelp","HollowMod:Weaversong"],"picked":"HollowMod:RadiancesLament","floor":33.0},{"not_picked":["HollowMod:DashSlash","HollowMod:InfectedCysts","HollowMod:TaintedHusks+1"],"picked":"HollowMod:BrokenVessel+1","floor":35.0},{"not_picked":["HollowMod:PureNailStrike","HollowMod:BlackTendrils+1","HollowMod:SoulStrike+1"],"picked":"HollowMod:DashSlash+1","floor":37.0},{"not_picked":["HollowMod:SiblingsShadow","HollowMod:SoulVessel","HollowMod:HeavyBlow","HollowMod:SoulEater+1"],"picked":"SKIP","floor":38.0},{"not_picked":["HollowMod:GoodIntentions","HollowMod:NewJinnsSoul","HollowMod:DashSlash"],"picked":"HollowMod:SoulSplash","floor":41.0},{"not_picked":["HollowMod:GoodIntentions","HollowMod:TaintedHusks","HollowMod:NewJinnsSoul"],"picked":"HollowMod:DoubleDash+1","floor":42.0},{"not_picked":["HollowMod:NewLittleFool","HollowMod:MonomonsArchive+1","HollowMod:ZotesMagnificence"],"picked":"HollowMod:CrystalDash","floor":44.0},{"not_picked":["HollowMod:HowlingWraiths+1","HollowMod:BlackTendrils+1","HollowMod:DashSlash"],"picked":"HollowMod:HuntersJournal","floor":45.0},{"not_picked":["HollowMod:HeavyBlow","HollowMod:HornetsHelp","HollowMod:WraithStrike+1","HollowMod:DungDefenderAura+1"],"picked":"SKIP","floor":46.0},{"not_picked":["HollowMod:WraithStrike","HollowMod:CornifersMapStart+1","HollowMod:CrystalDash+1"],"picked":"HollowMod:QuirrelsAssistance+1","floor":54.0}],"player_experience":132297,"relics_obtained":[{"floor":7.0,"key":"Toy Ornithopter"},{"floor":9.0,"key":"Sundial"},{"floor":12.0,"key":"Potion Belt"},{"floor":14.0,"key":"Shuriken"},{"floor":23.0,"key":"Smiling Mask"},{"floor":26.0,"key":"Question Card"},{"floor":28.0,"key":"InkBottle"},{"floor":29.0,"key":"Bag of Preparation"},{"floor":44.0,"key":"Mango"},{"floor":46.0,"key":"Ancient Tea Set"},{"floor":54.0,"key":"StoneCalendar"}],"event_choices":[],"is_beta":false,"boss_relics":[{"not_picked":["Empty Cage","Busted Crown"],"picked":"Astrolabe"},{"not_picked":["Tiny House","SacredBark"],"picked":"Coffee Dripper"}],"items_purged_floors":[11,25],"is_endless":false,"potions_floor_spawned":[2,8,14,16,22,23,33,35,37,41,42,46],"killed_by":"The Heart","ascension_level":2}}