{"host":"w4b7hmige5bnqipq","time":1611326939,"event":{"mods":["2.2 Compatiblity","BaseMod","Colored Map","DeckTracker","Keyboard Shortcuts","Minty Spire (QoL Compilation)","Permanent Neow","Rare Cards Sparkle","SuperFastMode","everything is the same but u backflip on backflip","slay the spire mod where everything is the same but ironclad has a cowboy hat"],"gold_per_floor":[110,126,126,51,74,74,94,138,138,159,234,134,134,154,154,154,154],"floor_reached":16,"language":"KOR","playtime":2955,"items_purged":["Strike_G","Strike_G"],"score":204,"play_id":"8fa25b78-a8d6-4b22-9cfc-f56d4505dab0","local_time":"20210122234859","is_ascension_mode":true,"campfire_choices":[{"data":"Corpse Explosion","floor":6.0,"key":"SMITH"},{"floor":13.0,"key":"REST"},{"data":"Venomology","floor":15,"key":"SMITH"}],"circlet_count":0,"master_deck":["AscendersBane","Strike_G","Strike_G","Strike_G","Defend_G","Defend_G","Defend_G","Defend_G","Defend_G","Survivor","Neutralize","Corpse Explosion+1","Footwork","Backflip","Deadly Poison","Acrobatics","Tactician","Venomology+1"],"relics":["Ring of the Snake","Golden Idol","Gambling Chip","Frozen Egg 2"],"acts_visited":["Exordium"],"potions_floor_usage":[16,16],"damage_taken":[{"damage":1.0,"enemies":"Jaw Worm","floor":1.0,"turns":5.0},{"damage":4.0,"enemies":"2 Louse","floor":2.0,"turns":4.0},{"damage":2.0,"enemies":"Small Slimes","floor":5.0,"turns":7.0},{"damage":9.0,"enemies":"Blue Slaver","floor":7.0,"turns":4.0},{"damage":4.0,"enemies":"Lagavulin","floor":8.0,"turns":7.0},{"damage":11.0,"enemies":"Exordium Thugs","floor":10.0,"turns":5.0},{"damage":0,"enemies":"3 Louse","floor":14,"turns":4},{"damage":0,"enemies":"Slime Boss","floor":16,"turns":3}],"seed_played":"-1157177328433878625","potions_obtained":[{"floor":1.0,"key":"Strength Potion"},{"floor":2.0,"key":"BlessingOfTheForge"},{"floor":14,"key":"SneckoOil"}],"is_trial":false,"path_per_floor":["M","M","?","$","M","R","M","E","T","M","?","$","R","M","R","B"],"character_chosen":"THE_SILENT","items_purchased":[],"campfire_rested":1,"item_purchase_floors":[],"current_hp_per_floor":[43,39,39,39,37,37,28,24,24,13,2,2,20,20,20,20,20],"gold":154,"neow_bonus":"THREE_RARE_CARDS","is_daily":false,"chose_seed":false,"campfire_upgraded":2,"win_rate":0.0,"timestamp":1611326939,"path_taken":["M","M","?","$","M","R","M","E","T","M","?","?","R","M","R","BOSS"],"items_purchased_type":[],"build_version":"2020-12-22","purchased_purges":2,"victory":false,"max_hp_per_floor":[66,66,60,60,60,60,60,60,60,60,60,60,60,60,60,60,60],"card_choices":[{"not_picked":["Doppelganger","Envenom"],"picked":"Corpse Explosion","floor":0.0},{"not_picked":["Caltrops","Dagger Throw"],"picked":"Footwork","floor":1.0},{"not_picked":["Outmaneuver","Calculated Gamble"],"picked":"Backflip","floor":2.0},{"not_picked":["Masterful Stab","Quick Slash"],"picked":"Deadly Poison","floor":5.0},{"not_picked":["Accuracy","Dagger Spray","Distraction"],"picked":"SKIP","floor":7.0},{"not_picked":["Sucker Punch","Dodge and Roll"],"picked":"Acrobatics","floor":8.0},{"not_picked":["Flechettes","Quick Slash"],"picked":"Tactician","floor":10.0},{"not_picked":["Flechettes","Backflip"],"picked":"Venomology","floor":14}],"player_experience":565658,"relics_obtained":[{"floor":8.0,"key":"Gambling Chip"},{"floor":9.0,"key":"Frozen Egg 2"}],"event_choices":[{"damage_healed":0.0,"max_hp_gain":0.0,"max_hp_loss":6.0,"gold_gain":0.0,"event_name":"Golden Idol","player_choice":"Lose Max HP","floor":3.0,"gold_loss":0.0,"damage_taken":0.0,"relics_obtained":["Golden Idol"]},{"damage_healed":0.0,"max_hp_gain":0.0,"max_hp_loss":0.0,"gold_gain":75.0,"event_name":"World of Goop","player_choice":"Gather Gold","floor":11.0,"gold_loss":0.0,"damage_taken":11.0}],"is_beta":false,"boss_relics":[],"items_purged_floors":[4,12],"is_endless":false,"potions_floor_spawned":[1,2,7,14],"killed_by":"Slime Boss","ascension_level":20}}