{"host":"ji1fk25fd1ga4ji1","time":1611293744,"event":{"mods":["2.2 Compatiblity","BaseMod","Colored Map","DeckTracker","Minty Spire (QoL Compilation)","Permanent Neow","Quick Restart","StSLib","SuperFastMode"],"gold_per_floor":[109,124,299,309,77,77,112,112,112,143,143,156,156,191,191,294,294,308,208,308,325,344,344,31,31,31,45,45,60,72,97,97,202,202,213,21,39,89,89,122,122,156,240,252,299,331,362,374,386,398,410,422,162,188,188,188],"floor_reached":55,"language":"KOR","playtime":1196,"items_purged":["Strike_R","Strike_R","Strike_R","Strike_R"],"score":805,"play_id":"af2665de-d931-4cfb-b646-25446f411236","local_time":"20210122143544","is_ascension_mode":true,"campfire_choices":[{"data":"Inflame","floor":6.0,"key":"SMITH"},{"data":"Fire Breathing","floor":8.0,"key":"SMITH"},{"floor":15.0,"key":"REST"},{"data":"Immolate","floor":23.0,"key":"SMITH"},{"data":"Berserk","floor":25.0,"key":"SMITH"},{"floor":32.0,"key":"RECALL"},{"floor":41,"key":"REST"},{"data":"Madness","floor":44,"key":"SMITH"},{"data":"Pommel Strike","floor":49,"key":"SMITH"},{"data":"Fire Breathing","floor":52,"key":"SMITH"}],"circlet_count":0,"master_deck":["Strike_R+1","Defend_R","Defend_R","Defend_R","Defend_R","Bash+1","Fire Breathing+1","Thunderclap","Inflame+1","Shockwave","Wild Strike","Immolate+1","Reaper","Berserk+1","Offering","Wild Strike","Fire Breathing+1","Fire Breathing+1","Madness+1","Madness","Pommel Strike+1"],"relics":["Black Blood","Regal Pillow","Pocketwatch","Kunai","Bag of Preparation","Eternal Feather","CultistMask","Self Forming Clay","Mark of Pain","Prayer Wheel","Thread and Needle","MawBank","Shuriken","Frozen Egg 2","Vajra"],"acts_visited":["Exordium","TheCity","TheBeyond","TheEnding"],"potions_floor_usage":[40,47,50,50,50,54,55],"damage_taken":[{"damage":2.0,"enemies":"Small Slimes","floor":1.0,"turns":4.0},{"damage":7.0,"enemies":"2 Louse","floor":2.0,"turns":3.0},{"damage":13.0,"enemies":"Jaw Worm","floor":4.0,"turns":5.0},{"damage":31.0,"enemies":"Lagavulin","floor":7.0,"turns":8.0},{"damage":14.0,"enemies":"Gremlin Nob","floor":10.0,"turns":4.0},{"damage":0.0,"enemies":"3 Louse","floor":12.0,"turns":3.0},{"damage":12.0,"enemies":"3 Sentries","floor":14.0,"turns":4.0},{"damage":17.0,"enemies":"Hexaghost","floor":16.0,"turns":9.0},{"damage":10.0,"enemies":"Spheric Guardian","floor":18.0,"turns":3.0},{"damage":27.0,"enemies":"Shell Parasite","floor":21.0,"turns":5.0},{"damage":32.0,"enemies":"Shelled Parasite and Fungi","floor":22.0,"turns":6.0},{"damage":16.0,"enemies":"Snake Plant","floor":27.0,"turns":3.0},{"damage":6.0,"enemies":"3 Cultists","floor":29.0,"turns":2.0},{"damage":19.0,"enemies":"Centurion and Healer","floor":30.0,"turns":4.0},{"damage":28.0,"enemies":"Book of Stabbing","floor":31.0,"turns":4.0},{"damage":40.0,"enemies":"Collector","floor":33.0,"turns":6.0},{"damage":25.0,"enemies":"Orb Walker","floor":35.0,"turns":3.0},{"damage":25.0,"enemies":"3 Darklings","floor":37.0,"turns":3.0},{"damage":6.0,"enemies":"Mind Bloom Boss Battle","floor":38.0,"turns":3.0},{"damage":61,"enemies":"Reptomancer","floor":40,"turns":4},{"damage":31,"enemies":"Nemesis","floor":42,"turns":5},{"damage":20,"enemies":"Giant Head","floor":45,"turns":6},{"damage":23,"enemies":"Maw","floor":46,"turns":5},{"damage":35,"enemies":"Spire Growth","floor":47,"turns":4},{"damage":63,"enemies":"Time Eater","floor":50,"turns":7},{"damage":79,"enemies":"Shield and Spear","floor":54,"turns":4},{"damage":44,"enemies":"The Heart","floor":55,"turns":3}],"seed_played":"1038130235160290506","potions_obtained":[{"floor":2.0,"key":"SpeedPotion"},{"floor":4.0,"key":"LiquidMemories"},{"floor":7.0,"key":"DuplicationPotion"},{"floor":16.0,"key":"LiquidBronze"},{"floor":21.0,"key":"Energy Potion"},{"floor":27.0,"key":"Dexterity Potion"},{"floor":31.0,"key":"SteroidPotion"},{"floor":37.0,"key":"Energy Potion"},{"floor":40,"key":"ColorlessPotion"},{"floor":46,"key":"PowerPotion"},{"floor":47,"key":"Fruit Juice"}],"is_trial":false,"path_per_floor":["M","M","?","M","$","R","E","R","T","E","?","M","?","E","R","B",null,"M","$","?","M","M","R","$","R","T","M","?","M","M","E","R","B",null,"M","$","M","?","?","E","R","E","T","R","E","M","M","?","R","B",null,"R","$","E","B"],"character_chosen":"IRONCLAD","items_purchased":["Regal Pillow","Berserk","Offering","Fire Breathing","Regen Potion","SkillPotion"],"campfire_rested":2,"item_purchase_floors":[5,24,24,36,53,53],"current_hp_per_floor":[80,79,79,72,72,72,47,47,47,39,23,29,22,16,55,44,80,80,80,80,65,45,45,45,45,45,41,41,59,72,56,65,58,80,67,67,79,80,70,31,80,61,61,73,78,74,61,61,73,34,85,85,85,25,0,0],"gold":188,"neow_bonus":"THREE_CARDS","is_daily":false,"chose_seed":false,"campfire_upgraded":7,"win_rate":0.0,"timestamp":1611293744,"path_taken":["M","M","?","M","$","R","E","R","T","E","?","?","?","E","R","BOSS","M","$","?","M","M","R","$","R","T","?","?","M","?","E","R","BOSS","M","$","M","?","?","E","R","E","T","R","E","M","?","?","R","BOSS","R","$","E","BOSS"],"items_purchased_type":["Relic","Card","Card","Card","Potion","Potion"],"build_version":"2020-12-22","purchased_purges":4,"victory":false,"max_hp_per_floor":[80,80,80,80,80,80,80,80,80,80,80,80,80,80,80,80,80,80,80,80,80,80,80,80,80,80,80,80,80,80,80,80,80,80,80,80,80,80,80,80,80,80,80,80,80,80,80,80,80,85,85,85,85,85,85,85],"card_choices":[{"not_picked":["Blood for Blood","Searing Blow"],"picked":"Fire Breathing","floor":0.0},{"not_picked":["Iron Wave","Dropkick"],"picked":"Thunderclap","floor":1.0},{"not_picked":["Headbutt","True Grit","Armaments"],"picked":"SKIP","floor":2.0},{"not_picked":["Burning Pact","True Grit"],"picked":"Inflame","floor":4.0},{"not_picked":["Feel No Pain","Heavy Blade"],"picked":"Shockwave","floor":7.0},{"not_picked":["Heavy Blade","Cleave"],"picked":"Wild Strike","floor":10.0},{"not_picked":["Clash","Twin Strike","True Grit"],"picked":"SKIP","floor":12.0},{"not_picked":["Shrug It Off","Reckless Charge"],"picked":"Immolate","floor":14.0},{"not_picked":["Impervious","Demon Form"],"picked":"Reaper","floor":16.0},{"not_picked":["Shockwave","Heavy Blade+1","Armaments+1"],"picked":"SKIP","floor":18.0},{"not_picked":["Clothesline","Perfected Strike","Flex"],"picked":"SKIP","floor":21.0},{"not_picked":["Clothesline","Cleave","Armaments"],"picked":"SKIP","floor":22.0},{"not_picked":["Reckless Charge","Rage+1"],"picked":"Wild Strike","floor":27.0},{"not_picked":["Twin Strike","Seeing Red","Pummel+1"],"picked":"SKIP","floor":29.0},{"not_picked":["Body Slam","Clothesline","Cleave"],"picked":"SKIP","floor":30.0},{"not_picked":["Cleave","Double Tap","Havoc"],"picked":"SKIP","floor":31.0},{"not_picked":["Anger","Clothesline"],"picked":"Fire Breathing+1","floor":35.0},{"not_picked":["Rampage","Cleave","Heavy Blade"],"picked":"SKIP","floor":37.0},{"not_picked":["Reaper","Whirlwind+1","Armaments"],"picked":"SKIP","floor":40},{"not_picked":["Anger","Spot Weakness","Sword Boomerang"],"picked":"SKIP","floor":42},{"not_picked":["Clothesline+1","Impervious","Headbutt+1"],"picked":"SKIP","floor":45},{"not_picked":["Combust+1","Entrench","Sword Boomerang+1"],"picked":"SKIP","floor":46},{"not_picked":["Cleave","Carnage","Wild Strike+1"],"picked":"SKIP","floor":46},{"not_picked":["Inflame+1","Wild Strike"],"picked":"Pommel Strike","floor":47},{"not_picked":["Sentinel","Iron Wave+1","Flex+1"],"picked":"SKIP","floor":47},{"not_picked":["Heavy Blade","Headbutt","Sword Boomerang+1"],"picked":"SKIP","floor":54}],"player_experience":474011,"relics_obtained":[{"floor":7.0,"key":"Pocketwatch"},{"floor":10.0,"key":"Kunai"},{"floor":14.0,"key":"Bag of Preparation"},{"floor":26.0,"key":"Eternal Feather"},{"floor":31.0,"key":"Self Forming Clay"},{"floor":38.0,"key":"Prayer Wheel"},{"floor":40,"key":"Thread and Needle"},{"floor":42,"key":"MawBank"},{"floor":43,"key":"Shuriken"},{"floor":45,"key":"Frozen Egg 2"},{"floor":54,"key":"Vajra"}],"event_choices":[{"damage_healed":0.0,"max_hp_gain":0.0,"max_hp_loss":0.0,"gold_gain":175.0,"event_name":"Liars Game","player_choice":"AGREE","floor":3.0,"gold_loss":0.0,"damage_taken":0.0,"cards_obtained":["Doubt"]},{"damage_healed":0.0,"max_hp_gain":0.0,"max_hp_loss":0.0,"gold_gain":0.0,"event_name":"Shining Light","player_choice":"Entered Light","floor":11.0,"gold_loss":0.0,"damage_taken":16.0,"cards_upgraded":["Bash","Strike_R"]},{"cards_removed":["Doubt"],"damage_healed":0.0,"max_hp_gain":0.0,"max_hp_loss":0.0,"gold_gain":0.0,"event_name":"Golden Wing","player_choice":"Card Removal","floor":13.0,"gold_loss":0.0,"damage_taken":7.0},{"damage_healed":0.0,"max_hp_gain":0.0,"max_hp_loss":0.0,"gold_gain":100.0,"event_name":"Golden Shrine","player_choice":"Pray","floor":20.0,"gold_loss":0.0,"damage_taken":0.0},{"damage_healed":0.0,"max_hp_gain":0.0,"max_hp_loss":0.0,"gold_gain":0.0,"event_name":"FaceTrader","player_choice":"Trade","floor":28.0,"gold_loss":0.0,"damage_taken":0.0,"relics_obtained":["CultistMask"]},{"damage_healed":0.0,"max_hp_gain":0.0,"max_hp_loss":0.0,"gold_gain":0.0,"event_name":"MindBloom","player_choice":"Fight","floor":38.0,"gold_loss":0.0,"damage_taken":0.0},{"damage_healed":0.0,"max_hp_gain":0.0,"max_hp_loss":0.0,"gold_gain":0.0,"event_name":"Winding Halls","player_choice":"Embrace Madness","floor":39.0,"gold_loss":0.0,"damage_taken":10.0,"cards_obtained":["Madness","Madness"]},{"damage_healed":0,"gold_gain":0,"player_choice":"Memory 1","damage_taken":0,"max_hp_gain":0,"max_hp_loss":0,"event_name":"SensoryStone","floor":48,"gold_loss":0}],"is_beta":false,"boss_relics":[{"not_picked":["Busted Crown","Pandora\u0027s Box"],"picked":"Black Blood"},{"not_picked":["Empty Cage","Coffee Dripper"],"picked":"Mark of Pain"}],"items_purged_floors":[5,19,36,53],"is_endless":false,"potions_floor_spawned":[2,4,7,16,21,27,31,37,40,46,47],"killed_by":"The Heart","ascension_level":1}}