{"host":"y4sghvfd0ewtcchd","time":1611306282,"event":{"mods":["Aspiration","BaseMod","Better Debug","Better Note","Better Third Choice","BetterRewards","Block Reminder","Colored Map","Colored Powertips","Highlight Path","Hubris","Infinite Spire","Minty Spire (QoL Compilation)","Relic Sorter","Relic Stats","Replay The Spire","Robot Space Explorer","Shop Mod","Spicy Shops","StSLib","The Jungle","The Saiyan"],"gold_per_floor":[114,130,230,6,24,58,58,87,87,116,133,133,133,153,153,248,248,258,276,295,295,308,339,339,3,3,3,18,18,31,42,42,143,143,171,42,61,77,77,77,116,134,158,208,251,251,280,316,316,316,316,316,616,687,687],"floor_reached":56,"language":"ENG","playtime":4607,"items_purged":["Writhe","hubris:Greed","Clumsy"],"score":2381,"play_id":"24dea1ed-0d9e-4699-aed2-2598381dd619","local_time":"20210122120442","is_ascension_mode":true,"campfire_choices":[{"data":"Infinite Blades","floor":7.0,"key":"SMITH"},{"data":"ReplayTheSpireMod:Scrap Shanks","floor":12.0,"key":"SMITH"},{"data":"ReplayTheSpireMod:Scrap Shanks","floor":15.0,"key":"SMITH"},{"floor":40.0,"key":"RECALL"},{"floor":49,"key":"REST"},{"floor":52,"key":"REST"}],"circlet_count":0,"master_deck":["Strike_G","Strike_G","Strike_G","Strike_G","Strike_G","Defend_G","Defend_G","Defend_G","Defend_G","Defend_G","Survivor","Neutralize","ReplayTheSpireMod:Scrap Shanks+1","ReplayTheSpireMod:Shiv Toss+1","Eviscerate","PiercingWail+1","Well Laid Plans","Acrobatics+1","Venomology+1","Impatience+1","Choke","Underhanded Strike","Infinite Blades+1","Cloak And Dagger+1","Cloak And Dagger+1","Jack Of All Trades+1","ReplayTheSpireMod:Exploit Weakness+1","Calculated Gamble+1","ReplayTheSpireMod:Scrap Shanks+1","ReplayTheSpireMod:Tripwire+1","Outmaneuver+1","ReplayTheSpireMod:Shiv Toss+1","Accuracy","Blade Dance+1","Cloak And Dagger+1","Malaise+1","Terror+1","Dodge and Roll+1","Escape Plan+1","Doppelganger+1","Blade Dance+1","Choke+1","Prepared+1","hubris:InfiniteBlow+420","Blade Dance+1","Dagger Throw","Prepared+1"],"relics":["Ring of the Snake","hubris:Reverence","Basket Of Snakes","infinitespire:Beetle Shell","Shuriken","Omamori","aspiration:HummingbirdHeart","Membership Card","Toxic Egg 2","MealTicket","hubris:CuriousFeather","ClockworkSouvenir","Blue Doll","aspiration:ArtOfWarUpgrade","Quantum Egg","ReplayTheSpireMod:CursedCoin","Lee\u0027s Waffle","aspiration:FrozenJewel","aspiration:SeaSaltIceCream","DollysMirror","Mercury Hourglass","Fusion Hammer","hubris:Icosahedron","aspiration:TomeofQuesting","Darkstone Periapt","Garlic","ReplayTheSpireMod:TigerMarble","infinitespire:EvilPickle","hubris:Backtick","Bottled Tornado","Byrd Skull","hubris:AncientText","hubris:SphereOfDissonance","Cursed Key","hubris:NiceRug","Thread and Needle","Bottled Flame","hubris:EmptyBottle","infinitespire:Satchel","Replay:Bottled Steam","Cauldron","Vajra"],"acts_visited":["Exordium","TheCity","TheBeyond","TheEnding"],"potions_floor_usage":[47,55,55,55,55,55,55],"damage_taken":[{"damage":0.0,"enemies":"Cultist","floor":1.0,"turns":3.0},{"damage":0.0,"enemies":"2 Louse","floor":2.0,"turns":2.0},{"damage":4.0,"enemies":"Small Slimes","floor":5.0,"turns":2.0},{"damage":0.0,"enemies":"Lagavulin","floor":6.0,"turns":4.0},{"damage":0.0,"enemies":"Gremlin Nob","floor":8.0,"turns":3.0},{"damage":8.0,"enemies":"3 Sentries","floor":10.0,"turns":3.0},{"damage":0.0,"enemies":"Exordium Wildlife","floor":11.0,"turns":2.0},{"damage":0.0,"enemies":"Exordium Thugs","floor":14.0,"turns":3.0},{"damage":29.0,"enemies":"Hexaghost","floor":16.0,"turns":3.0},{"damage":0.0,"enemies":"Spheric Guardian","floor":18.0,"turns":1.0},{"damage":0.0,"enemies":"3 Byrds","floor":19.0,"turns":4.0},{"damage":0.0,"enemies":"Centurion and Healer","floor":20.0,"turns":4.0},{"damage":0.0,"enemies":"Chosen and Byrds","floor":22.0,"turns":3.0},{"damage":4.0,"enemies":"Gremlin Leader","floor":23.0,"turns":4.0},{"damage":0.0,"enemies":"Snake Plant","floor":28.0,"turns":3.0},{"damage":0.0,"enemies":"Shelled Parasite and Fungi","floor":30.0,"turns":2.0},{"damage":0.0,"enemies":"Centurion and Healer","floor":31.0,"turns":2.0},{"damage":0.0,"enemies":"Pondfish","floor":33.0,"turns":3.0},{"damage":0.0,"enemies":"3 Shapes","floor":35.0,"turns":4.0},{"damage":0.0,"enemies":"Orb Walker","floor":37.0,"turns":1.0},{"damage":0.0,"enemies":"Transient","floor":38.0,"turns":5.0},{"damage":5.0,"enemies":"infinitespire:Three Voidlings","floor":39.0,"turns":3.0},{"damage":0.0,"enemies":"R_Hoarder","floor":41.0,"turns":4.0},{"damage":0.0,"enemies":"Maw","floor":42.0,"turns":3.0},{"damage":0,"enemies":"Mind Bloom Boss Battle","floor":44,"turns":3},{"damage":0,"enemies":"Giant Head","floor":45,"turns":3},{"damage":0,"enemies":"Jaw Worm Horde","floor":47,"turns":2},{"damage":1,"enemies":"Sphere and 2 Shapes","floor":48,"turns":2},{"damage":0,"enemies":"Replay:Hell Engine","floor":50,"turns":1},{"damage":0,"enemies":"hubris:Merchant","floor":53,"turns":2},{"damage":0,"enemies":"Shield and Spear","floor":54,"turns":2},{"damage":15,"enemies":"The Heart","floor":55,"turns":4}],"seed_played":"-1636602972575153460","potions_obtained":[{"floor":1.0,"key":"Weak Potion"},{"floor":10.0,"key":"LifebloodPotion"},{"floor":16.0,"key":"PowerPotion"},{"floor":18.0,"key":"FearPotion"},{"floor":22.0,"key":"SkillPotion"},{"floor":23.0,"key":"Swift Potion"},{"floor":30.0,"key":"Venom Potion"},{"floor":33.0,"key":"Languid Potion"},{"floor":44,"key":"Explosive Potion"},{"floor":53,"key":"DistilledChaos"}],"is_trial":false,"path_per_floor":["M","M","?","$","M","E","R","E","T","E","M","R","?","M","R","B",null,"M","M","M","?","M","E","T","$","T","R","M","?","M","M","R","B",null,"M","$","M","M","?","R","E","M","T","?","E","AVR","M","M","R","B",null,"R","$","E","B",null],"character_chosen":"THE_SILENT","items_purchased":["Membership Card","Toxic Egg 2","MealTicket","ReplayTheSpireMod:Scrap Shanks","ReplayTheSpireMod:Shiv Toss+1","Eviscerate","PiercingWail+1","hubris:CuriousFeather","ClockworkSouvenir","Blue Doll","Art of War","Well Laid Plans","Acrobatics+1","Venomology+1","Impatience+1","Choke","Underhanded Strike","Infinite Blades","Cloak And Dagger+1","Quantum Egg","Jack Of All Trades+1","ReplayTheSpireMod:CursedCoin","Lee\u0027s Waffle","aspiration:FrozenJewel","aspiration:SeaSaltIceCream","Omamori","Garlic","ReplayTheSpireMod:TigerMarble","hubris:Reverence"],"campfire_rested":2,"item_purchase_floors":[0,0,0,0,0,0,0,0,0,0,0,0,0,0,0,0,0,0,0,0,0,4,4,4,4,25,25,25,36],"current_hp_per_floor":[21,21,21,77,73,73,73,73,73,65,65,65,65,65,65,36,67,67,67,67,67,67,63,63,77,77,77,77,77,77,77,77,77,77,77,77,77,77,77,77,77,77,77,77,77,77,77,76,77,77,77,77,77,77,62],"gold":687,"neow_bonus":"","is_daily":false,"chose_seed":false,"campfire_upgraded":3,"win_rate":0.0,"timestamp":1611306282,"path_taken":["M","M","?","?","M","E","R","E","T","E","M","R","?","M","R","BOSS","M","M","M","?","M","E","?","$","T","R","M","?","M","M","R","BOSS","M","$","M","M","?","R","E","M","T","?","E","AVR","M","M","R","BOSS","R","$","E","BOSS"],"items_purchased_type":["Relic","Relic","Relic","Card","Card","Card","Card","Relic","Relic","Relic","Relic","Card","Card","Card","Card","Card","Card","Card","Card","Relic","Card","Relic","Relic","Relic","Relic","Relic","Relic","Relic","Relic"],"build_version":"2020-12-22","purchased_purges":3,"victory":true,"max_hp_per_floor":[70,70,70,77,77,77,77,77,77,77,77,77,77,77,77,77,77,77,77,77,77,77,77,77,77,77,77,77,77,77,77,77,77,77,77,77,77,77,77,77,77,77,77,77,77,77,77,77,77,77,77,77,77,77,77],"relic_stats":{"Darkstone Periapt":0,"Lee\u0027s Waffle":41,"counters":[323,1452],"Shuriken":[117],"MealTicket":29,"Cursed Key":0,"obtain_stats":[{"TwistedFunnel":0,"infinitespire:BottledMercury":46,"Vampiric Spirits":46,"downfall:HeartBlessingGreen":10,"aspiration:PoetsPen_weak":17,"Ginger":25,"hubris:MysteriousPyramids":9,"Bottled Tornado":0,"Boot":52,"Sling":55,"Ring of Searing":38,"Blood Vial":43,"Replay:Wanted Poster":34,"Replay:Ringing Soul":43,"infinitespire:ShieldingShard":13,"hubris:HerbalPaste":0,"hubris:AstralHammer":40,"Replay:Bronze Core":34,"MealTicket":48,"hubris:DeckOfHolding":28,"infinitespire:Golems Mask":48,"Fusion Hammer":34,"Replay:Bottled Flurry":46,"Kunai":47,"Replay:Wax Seal":18,"Replay:Bottled Steam":53,"hubris:MobiusCoin":6,"MerchantsRug":53,"Pear":20,"Counterbalance":38,"ReplayTheSpireMod:Ring of Addiction":46,"hubris:SphereOfDissonance":0,"Eternal Feather":53,"Pen Nib":25,"ReplayTheSpireMod:SealedPack":17,"Replay:Ancient Bell":34,"infinitespire:Magic Flask":9,"aspiration:IroncladSkillbook":17,"aspiration:FrozenJewel":9,"infinitespire:EvilPickle":33,"SlaversCollar":17,"infinitespire:Broken Mirror":54,"Bird Faced Urn":39,"Pandora\u0027s Box":34,"hubris:TenFootPole":2,"infinitespire:PuzzleCube":24,"Unceasing Top":14,"Abe\u0027s Treasure":17,"hubris:Reverence":23,"Regal Pillow":29,"aspiration:Lifesprig":0,"Lantern":40,"hubris:Metronome":41,"Torii":7,"Blue Doll":52,"Bag of Preparation":42,"hubris:EmptyBottle":29,"Ancient Tea Set":5,"Cursed Key":34,"Pet Ghost":41,"Replay:Rubber Ducky":36,"Shovel":3,"Ring of Fangs":46,"hubris:Backtick":34,"infinitespire:Bottled Soul":43,"Ring of Peace":38,"aspiration:AnachronicSnailShell":41,"hubris:CuriousFeather":38,"WingedGreaves":36,"Replay:Bottled Eggs":53,"Ring of Panic":10,"infinitespire:Eraser":23,"InkBottle":25,"aspiration:ChemicalBlood":24,"hubris:GlazedTorus":46,"Ring of the Snake":0,"Potion Belt":44,"aspiration:VileToxins":42,"Lee\u0027s Waffle":53,"downfall:HeartBlessingRed":10,"Replay:Fungal Core":29,"Basket Of Snakes":31,"Damaru":6,"Thread and Needle":53,"PreservedInsect":26,"The Courier":41,"Omamori":45,"infinitespire:Lucky Rock":26,"infinitespire:CheckeredPen":43,"hubris:Towel":30,"Busted Crown":17,"Ornamental Fan":6,"Orrery":0,"Art of War":37,"Garlic":11,"ReplayTheSpireMod:Onyx Gauntlets":34,"ReplayTheSpireMod:Lightbulb":0,"Toy Ornithopter":46,"infinitespire:Midas Blood":0,"hubris:BottledRain":17,"Ice Cream":44,"Calipers":23,"hubris:CrystalStatue":41,"Vajra":12,"hubris:TerracottaHorce":48,"Sozu":17,"Centennial Puzzle":48,"Lizard Tail":13,"DollysMirror":20,"Strawberry":49,"aspiration:ArtOfWarUpgrade":49,"Iron Hammer":54,"Toxic Egg 2":0,"Byrd Skull":41,"Happy Flower":43,"hubris:DuctTape":34,"ReplayTheSpireMod:CursedCoin":53,"Replay:Grab Bag":34,"Oddly Smooth Stone":10,"Ring of Chaos":34,"infinitespire:Beetle Shell":53,"SaiyanHeart":0,"aspiration:SeaSaltIceCream":41,"War Paint":9,"aspiration:HiddenCompartment":29,"Question Card":25,"Replay:Baseball":29,"Bottled Flame":8,"ReplayTheSpireMod:Shallot":36,"Shuriken":0,"Bronze Scales":54,"Molten Egg 2":23,"hubris:PeanutButter":9,"ReplayTheSpireMod:TigerMarble":43,"Black Star":17,"Grinning Jar":17,"aspiration:HatOfInfinitePower":37,"Mirror":9,"Meat on the Bone":4,"Pocketwatch":36,"ReplayFunnel":36,"Darkstone Periapt":24,"ReplayTheSpireMod:Ring of Exchange":3,"SacredBark":46,"Mango":20,"aspiration:TomeofQuesting":38,"Snake Skull":7,"hubris:SlimyHat":36,"ClockworkSouvenir":53,"aspiration:StickyExplosives_weak":24,"Replay:Bandana":0,"hubris:Icosahedron":47,"aspiration:DefectSkillbook":34,"downfall:HeartBlessingBlue":18,"Mummified Hand":19,"Gambling Chip":0,"Red Mask":31,"Runic Pyramid":21,"hubris:KleinBottle":37,"Gremlin Food":21,"BargainBundle":0,"ReplayTheSpireMod:Ninjato":41,"infinitespire:CursedDice":8,"Quantum Egg":43,"ReplayTheSpireMod:Ring of Sloth":10,"Guide Book":0,"Replay:WaspNest":53,"aspiration:HummingbirdHeart":0,"Orichalcum":47,"Odd Mushroom":13,"Mercury Hourglass":6,"Calling Bell":47,"Strange Spoon":53,"Cauldron":53,"Pondfish Scales":29,"Anchor":37,"CaptainsWheel":17,"infinitespire:WardingShard":12,"infinitespire:Satchel":31,"SaiyanSoul":0,"Bag of Marbles":6,"Snack Pack":0,"Membership Card":20,"PureWater":0,"TungstenRod":29,"hubris:AncientText":36,"FossilizedHelix":36,"hubris:Potato":0,"hubris:OldNail":0,"hubris:NiceRug":53},{"TwistedFunnel":121,"infinitespire:BottledMercury":58,"Vampiric Spirits":144,"downfall:HeartBlessingGreen":6,"aspiration:PoetsPen_weak":187,"Ginger":250,"hubris:MysteriousPyramids":97,"Bottled Tornado":236,"Boot":32,"Sling":207,"Ring of Searing":83,"Blood Vial":85,"Replay:Wanted Poster":168,"Replay:Ringing Soul":257,"infinitespire:ShieldingShard":70,"hubris:HerbalPaste":92,"hubris:AstralHammer":24,"Replay:Bronze Core":51,"MealTicket":59,"hubris:DeckOfHolding":77,"infinitespire:Golems Mask":144,"Fusion Hammer":196,"Replay:Bottled Flurry":116,"Kunai":88,"Replay:Wax Seal":11,"Replay:Bottled Steam":321,"hubris:MobiusCoin":4,"MerchantsRug":32,"Pear":189,"Counterbalance":24,"ReplayTheSpireMod:Ring of Addiction":27,"hubris:SphereOfDissonance":121,"Eternal Feather":262,"Pen Nib":16,"ReplayTheSpireMod:SealedPack":244,"Replay:Ancient Bell":253,"infinitespire:Magic Flask":37,"aspiration:IroncladSkillbook":42,"aspiration:FrozenJewel":67,"infinitespire:EvilPickle":51,"SlaversCollar":11,"infinitespire:Broken Mirror":120,"Bird Faced Urn":113,"Pandora\u0027s Box":137,"hubris:TenFootPole":180,"infinitespire:PuzzleCube":45,"Unceasing Top":186,"Abe\u0027s Treasure":272,"hubris:Reverence":223,"Regal Pillow":18,"aspiration:Lifesprig":62,"Lantern":171,"hubris:Metronome":200,"Torii":4,"Blue Doll":32,"Bag of Preparation":85,"hubris:EmptyBottle":18,"Ancient Tea Set":4,"Cursed Key":111,"Pet Ghost":24,"Replay:Rubber Ducky":23,"Shovel":2,"Ring of Fangs":27,"hubris:Backtick":196,"infinitespire:Bottled Soul":26,"Ring of Peace":83,"aspiration:AnachronicSnailShell":114,"hubris:CuriousFeather":54,"WingedGreaves":140,"Replay:Bottled Eggs":32,"Ring of Panic":97,"infinitespire:Eraser":249,"InkBottle":107,"aspiration:ChemicalBlood":15,"hubris:GlazedTorus":88,"Ring of the Snake":0,"Potion Belt":86,"aspiration:VileToxins":257,"Lee\u0027s Waffle":177,"downfall:HeartBlessingRed":6,"Replay:Fungal Core":165,"Basket Of Snakes":224,"Damaru":67,"Thread and Needle":321,"PreservedInsect":223,"The Courier":229,"Omamori":27,"infinitespire:Lucky Rock":276,"infinitespire:CheckeredPen":284,"hubris:Towel":136,"Busted Crown":131,"Ornamental Fan":151,"Orrery":236,"Art of War":23,"Garlic":98,"ReplayTheSpireMod:Onyx Gauntlets":196,"ReplayTheSpireMod:Lightbulb":264,"Toy Ornithopter":27,"infinitespire:Midas Blood":92,"hubris:BottledRain":158,"Ice Cream":144,"Calipers":105,"hubris:CrystalStatue":114,"Vajra":155,"hubris:TerracottaHorce":232,"Sozu":244,"Centennial Puzzle":29,"Lizard Tail":216,"DollysMirror":13,"Strawberry":30,"aspiration:ArtOfWarUpgrade":175,"Iron Hammer":146,"Toxic Egg 2":291,"Byrd Skull":257,"Happy Flower":114,"hubris:DuctTape":196,"ReplayTheSpireMod:CursedCoin":60,"Replay:Grab Bag":196,"Oddly Smooth Stone":6,"Ring of Chaos":22,"infinitespire:Beetle Shell":32,"SaiyanHeart":0,"aspiration:SeaSaltIceCream":24,"War Paint":6,"aspiration:HiddenCompartment":78,"Question Card":107,"Replay:Baseball":18,"Bottled Flame":127,"ReplayTheSpireMod:Shallot":112,"Shuriken":264,"Bronze Scales":120,"Molten Egg 2":105,"hubris:PeanutButter":153,"ReplayTheSpireMod:TigerMarble":26,"Black Star":100,"Grinning Jar":158,"aspiration:HatOfInfinitePower":23,"Mirror":127,"Meat on the Bone":94,"Pocketwatch":112,"ReplayFunnel":169,"Darkstone Periapt":305,"ReplayTheSpireMod:Ring of Exchange":266,"SacredBark":27,"Mango":13,"aspiration:TomeofQuesting":24,"Snake Skull":184,"hubris:SlimyHat":23,"ClockworkSouvenir":32,"aspiration:StickyExplosives_weak":191,"Replay:Bandana":147,"hubris:Icosahedron":144,"aspiration:DefectSkillbook":225,"downfall:HeartBlessingBlue":11,"Mummified Hand":43,"Gambling Chip":33,"Red Mask":279,"Runic Pyramid":74,"hubris:KleinBottle":23,"Gremlin Food":74,"BargainBundle":62,"ReplayTheSpireMod:Ninjato":143,"infinitespire:CursedDice":269,"Quantum Egg":56,"ReplayTheSpireMod:Ring of Sloth":97,"Guide Book":147,"Replay:WaspNest":60,"aspiration:HummingbirdHeart":236,"Orichalcum":88,"Odd Mushroom":156,"Mercury Hourglass":295,"Calling Bell":88,"Strange Spoon":262,"Cauldron":321,"Pondfish Scales":18,"Anchor":83,"CaptainsWheel":158,"infinitespire:WardingShard":243,"infinitespire:Satchel":80,"SaiyanSoul":0,"Bag of Marbles":36,"Snack Pack":62,"Membership Card":13,"PureWater":0,"TungstenRod":109,"hubris:AncientText":112,"FossilizedHelix":169,"hubris:Potato":179,"hubris:OldNail":264,"hubris:NiceRug":177},{"TwistedFunnel":591,"infinitespire:BottledMercury":304,"Vampiric Spirits":705,"downfall:HeartBlessingGreen":31,"aspiration:PoetsPen_weak":930,"Ginger":1178,"hubris:MysteriousPyramids":480,"Bottled Tornado":1121,"Boot":214,"Sling":992,"Ring of Searing":418,"Blood Vial":426,"Replay:Wanted Poster":818,"Replay:Ringing Soul":1209,"infinitespire:ShieldingShard":356,"hubris:HerbalPaste":462,"hubris:AstralHammer":137,"Replay:Bronze Core":277,"MealTicket":307,"hubris:DeckOfHolding":389,"infinitespire:Golems Mask":705,"Fusion Hammer":971,"Replay:Bottled Flurry":563,"Kunai":441,"Replay:Wax Seal":49,"Replay:Bottled Steam":1446,"hubris:MobiusCoin":22,"MerchantsRug":214,"Pear":941,"Counterbalance":137,"ReplayTheSpireMod:Ring of Addiction":167,"hubris:SphereOfDissonance":591,"Eternal Feather":1236,"Pen Nib":78,"ReplayTheSpireMod:SealedPack":1150,"Replay:Ancient Bell":1192,"infinitespire:Magic Flask":235,"aspiration:IroncladSkillbook":246,"aspiration:FrozenJewel":343,"infinitespire:EvilPickle":277,"SlaversCollar":49,"infinitespire:Broken Mirror":585,"Bird Faced Urn":547,"Pandora\u0027s Box":666,"hubris:TenFootPole":883,"infinitespire:PuzzleCube":255,"Unceasing Top":919,"Abe\u0027s Treasure":1290,"hubris:Reverence":1056,"Regal Pillow":94,"aspiration:Lifesprig":323,"Lantern":832,"hubris:Metronome":978,"Torii":22,"Blue Doll":214,"Bag of Preparation":426,"hubris:EmptyBottle":94,"Ancient Tea Set":22,"Cursed Key":542,"Pet Ghost":137,"Replay:Rubber Ducky":126,"Shovel":12,"Ring of Fangs":167,"hubris:Backtick":971,"infinitespire:Bottled Soul":154,"Ring of Peace":418,"aspiration:AnachronicSnailShell":555,"hubris:CuriousFeather":289,"WingedGreaves":683,"Replay:Bottled Eggs":214,"Ring of Panic":480,"infinitespire:Eraser":1173,"InkBottle":523,"aspiration:ChemicalBlood":72,"hubris:GlazedTorus":441,"Ring of the Snake":0,"Potion Belt":431,"aspiration:VileToxins":1209,"Lee\u0027s Waffle":867,"downfall:HeartBlessingRed":31,"Replay:Fungal Core":804,"Basket Of Snakes":1060,"Damaru":343,"Thread and Needle":1446,"PreservedInsect":1056,"The Courier":1082,"Omamori":167,"infinitespire:Lucky Rock":1305,"infinitespire:CheckeredPen":1337,"hubris:Towel":656,"Busted Crown":632,"Ornamental Fan":742,"Orrery":1121,"Art of War":126,"Garlic":487,"ReplayTheSpireMod:Onyx Gauntlets":971,"ReplayTheSpireMod:Lightbulb":1248,"Toy Ornithopter":167,"infinitespire:Midas Blood":462,"hubris:BottledRain":773,"Ice Cream":705,"Calipers":517,"hubris:CrystalStatue":555,"Vajra":761,"hubris:TerracottaHorce":1095,"Sozu":1150,"Centennial Puzzle":181,"Lizard Tail":1021,"DollysMirror":56,"Strawberry":193,"aspiration:ArtOfWarUpgrade":853,"Iron Hammer":718,"Toxic Egg 2":1362,"Byrd Skull":1209,"Happy Flower":555,"hubris:DuctTape":971,"ReplayTheSpireMod:CursedCoin":314,"Replay:Grab Bag":971,"Oddly Smooth Stone":31,"Ring of Chaos":116,"infinitespire:Beetle Shell":214,"SaiyanHeart":0,"aspiration:SeaSaltIceCream":137,"War Paint":31,"aspiration:HiddenCompartment":394,"Question Card":523,"Replay:Baseball":94,"Bottled Flame":610,"ReplayTheSpireMod:Shallot":545,"Shuriken":1248,"Bronze Scales":585,"Molten Egg 2":517,"hubris:PeanutButter":749,"ReplayTheSpireMod:TigerMarble":154,"Black Star":500,"Grinning Jar":773,"aspiration:HatOfInfinitePower":126,"Mirror":610,"Meat on the Bone":467,"Pocketwatch":545,"ReplayFunnel":823,"Darkstone Periapt":1403,"ReplayTheSpireMod:Ring of Exchange":1257,"SacredBark":167,"Mango":56,"aspiration:TomeofQuesting":137,"Snake Skull":909,"hubris:SlimyHat":126,"ClockworkSouvenir":214,"aspiration:StickyExplosives_weak":948,"Replay:Bandana":725,"hubris:Icosahedron":705,"aspiration:DefectSkillbook":1067,"downfall:HeartBlessingBlue":49,"Mummified Hand":249,"Gambling Chip":226,"Red Mask":1318,"Runic Pyramid":381,"hubris:KleinBottle":126,"Gremlin Food":381,"BargainBundle":323,"ReplayTheSpireMod:Ninjato":699,"infinitespire:CursedDice":1272,"Quantum Egg":297,"ReplayTheSpireMod:Ring of Sloth":480,"Guide Book":725,"Replay:WaspNest":314,"aspiration:HummingbirdHeart":1121,"Orichalcum":441,"Odd Mushroom":763,"Mercury Hourglass":1373,"Calling Bell":441,"Strange Spoon":1236,"Cauldron":1446,"Pondfish Scales":94,"Anchor":418,"CaptainsWheel":773,"infinitespire:WardingShard":1143,"infinitespire:Satchel":402,"SaiyanSoul":0,"Bag of Marbles":233,"Snack Pack":323,"Membership Card":56,"PureWater":0,"TungstenRod":530,"hubris:AncientText":545,"FossilizedHelix":823,"hubris:Potato":879,"hubris:OldNail":1248,"hubris:NiceRug":867}],"Ring of the Snake":[408],"Mercury Hourglass":[325]},"card_choices":[{"not_picked":["Hidden Blade+1","PiercingWail+1"],"picked":"Calculated Gamble+1","floor":1.0},{"not_picked":["Dagger Throw","Eviscerate"],"picked":"Prepared+1","floor":2.0},{"not_picked":["hubris:Counter","Outmaneuver+1"],"picked":"ReplayTheSpireMod:Tripwire+1","floor":5.0},{"not_picked":["Heel Hook","Sucker Punch"],"picked":"Outmaneuver+1","floor":6.0},{"not_picked":["Acrobatics+1","Dagger Spray"],"picked":"ReplayTheSpireMod:Shiv Toss+1","floor":8.0},{"not_picked":["Toxin Wave+1","Finisher"],"picked":"Accuracy","floor":10.0},{"not_picked":["ReplayTheSpireMod:Speed Training+1","Acrobatics+1"],"picked":"Blade Dance+1","floor":11.0},{"not_picked":["Backflip+1","PiercingWail+1","Outmaneuver+1"],"picked":"SKIP","floor":14.0},{"not_picked":["Grand Finale","Poison Darts+1"],"picked":"Malaise+1","floor":16.0},{"not_picked":["Reflex+1","Deadly Poison+1","Endless Agony+1"],"picked":"SKIP","floor":18.0},{"not_picked":["hubris:SlightOfHand+1","Endless Agony","Heel Hook"],"picked":"SKIP","floor":19.0},{"not_picked":["Flying Knee","Hidden Blade+1","Noxious Fumes+1"],"picked":"SKIP","floor":20.0},{"not_picked":["Slice","Quick Slash","Hidden Blade+1"],"picked":"SKIP","floor":22.0},{"not_picked":["Quick Slash","Tools of the Trade"],"picked":"Terror+1","floor":23.0},{"not_picked":["Deadly Poison+1","Poisoned Stab"],"picked":"Dodge and Roll+1","floor":28.0},{"not_picked":["Heel Hook+1","Bouncing Flask+1","Dagger Spray"],"picked":"SKIP","floor":30.0},{"not_picked":["hubris:SlightOfHand+1","Sucker Punch"],"picked":"Escape Plan+1","floor":31.0},{"not_picked":["Night Terror+1","ReplayTheSpireMod:From All Sides"],"picked":"Doppelganger+1","floor":33.0},{"not_picked":["Quick Slash","Crippling Poison+1","PiercingWail+1"],"picked":"SKIP","floor":35.0},{"not_picked":["Setup+1","Outmaneuver+1"],"picked":"Blade Dance+1","floor":37.0},{"not_picked":["Terror+1","Sucker Punch","Finisher"],"picked":"SKIP","floor":38.0},{"not_picked":["Acrobatics+1","Underhanded Strike"],"picked":"Choke+1","floor":41.0},{"not_picked":["Calculated Gamble+1","Acrobatics+1","Dagger Spray"],"picked":"SKIP","floor":42.0},{"not_picked":["hubris:SlightOfHand+1","Endless Agony"],"picked":"Prepared+1","floor":45},{"not_picked":["Quick Slash+1","Finisher","Dagger Throw+1"],"picked":"SKIP","floor":47},{"not_picked":["Hidden Blade+1","Outmaneuver+1"],"picked":"Blade Dance+1","floor":48},{"not_picked":[],"picked":"Dagger Throw","floor":53},{"not_picked":["Skewer+1"],"picked":"SKIP","floor":53},{"not_picked":["hubris:SlightOfHand+1"],"picked":"SKIP","floor":53},{"not_picked":["Hidden Blade+1"],"picked":"SKIP","floor":53},{"not_picked":["Footwork"],"picked":"SKIP","floor":53},{"not_picked":["Discovery+1"],"picked":"SKIP","floor":53},{"not_picked":["Transmutation+1"],"picked":"SKIP","floor":53},{"not_picked":["Flechettes+1","Bane"],"picked":"Prepared+1","floor":54}],"player_experience":643594,"relics_obtained":[{"floor":6.0,"key":"Mercury Hourglass"},{"floor":8.0,"key":"infinitespire:Beetle Shell"},{"floor":10.0,"key":"Shuriken"},{"floor":23.0,"key":"aspiration:TomeofQuesting"},{"floor":24.0,"key":"Darkstone Periapt"},{"floor":26.0,"key":"aspiration:HummingbirdHeart"},{"floor":41.0,"key":"Byrd Skull"},{"floor":43.0,"key":"hubris:AncientText"},{"floor":44,"key":"Basket Of Snakes"},{"floor":45,"key":"hubris:SphereOfDissonance"},{"floor":53,"key":"Thread and Needle"},{"floor":53,"key":"Bottled Flame"},{"floor":53,"key":"hubris:EmptyBottle"},{"floor":53,"key":"infinitespire:Satchel"},{"floor":53,"key":"Replay:Bottled Steam"},{"floor":53,"key":"Cauldron"},{"floor":54,"key":"Vajra"}],"event_choices":[{"damage_healed":0.0,"max_hp_gain":0.0,"max_hp_loss":0.0,"gold_gain":100.0,"event_name":"Golden Shrine","player_choice":"Pray","floor":3.0,"gold_loss":0.0,"damage_taken":0.0},{"damage_healed":0.0,"max_hp_gain":0.0,"max_hp_loss":0.0,"gold_gain":0.0,"event_name":"Vampires","player_choice":"Ignored","floor":29.0,"gold_loss":0.0,"damage_taken":0.0},{"damage_healed":0,"gold_gain":0,"player_choice":"Fight","damage_taken":0,"max_hp_gain":0,"max_hp_loss":0,"event_name":"MindBloom","floor":44,"gold_loss":0}],"is_beta":false,"boss_relics":[{"not_picked":["Astrolabe","infinitespire:Cupcake"],"picked":"Fusion Hammer"},{"not_picked":["aspiration:WatcherSkillbook","hubris:Stopwatch"],"picked":"hubris:Backtick"}],"items_purged_floors":[0,4,25],"is_endless":false,"potions_floor_spawned":[1,10,14,16,18,22,23,30,33,38,39,41,44,48],"ascension_level":8}}