{"host":"x8sop9v6zw8yitbt","time":1611297273,"event":{"mods":["BaseMod","Best Route Mod","Block Reminder","Colored Powertips","Dark Map","DeckTracker","Minty Spire (QoL Compilation)","Permanent Neow","Quick Restart","Relic Stats","Slay-I","StSLib"],"gold_per_floor":[115,115,129,61,76,76,109,133,212,212,212,201,216,141,141,141,141],"floor_reached":16,"language":"ENG","playtime":350,"items_purged":["Defend_B"],"score":107,"play_id":"3bc73878-044d-4298-8043-6c20e8d56cd9","local_time":"20210122013433","is_ascension_mode":true,"campfire_choices":[{"data":"Zap","floor":6,"key":"SMITH"},{"data":"Chaos","floor":10,"key":"SMITH"},{"data":"Defragment","floor":15,"key":"SMITH"}],"circlet_count":0,"master_deck":["Strike_B","Strike_B","Strike_B","Defend_B","Defend_B","Defend_B","Zap+1","Dualcast","Chaos+1","Defragment","Defragment+1","BootSequence","Conserve Battery","Electrodynamics","Storm"],"relics":["Cracked Core","Golden Idol","Incense Burner","Darkstone Periapt"],"acts_visited":["Exordium"],"potions_floor_usage":[12,16],"damage_taken":[{"damage":0,"enemies":"Small Slimes","floor":1,"turns":3},{"damage":2,"enemies":"Cultist","floor":3,"turns":4},{"damage":17,"enemies":"2 Louse","floor":5,"turns":3},{"damage":33,"enemies":"3 Sentries","floor":7,"turns":7},{"damage":8,"enemies":"Large Slime","floor":8,"turns":6},{"damage":1,"enemies":"Exordium Thugs","floor":12,"turns":4},{"damage":0,"enemies":"Looter","floor":13,"turns":3},{"damage":30,"enemies":"Slime Boss","floor":16,"turns":3}],"seed_played":"-6304072475239994429","potions_obtained":[{"floor":1,"key":"Block Potion"},{"floor":3,"key":"Ancient Potion"},{"floor":8,"key":"Block Potion"},{"floor":12,"key":"PotionOfCapacity"}],"is_trial":false,"path_per_floor":["M","?","M","$","M","R","E","M","T","R","?","M","M","$","R","B"],"character_chosen":"DEFECT","items_purchased":["Defragment"],"campfire_rested":0,"item_purchase_floors":[4],"current_hp_per_floor":[75,69,67,67,50,50,17,9,9,9,9,8,8,8,8,0,0],"gold":141,"neow_bonus":"REMOVE_CARD","is_daily":false,"chose_seed":false,"campfire_upgraded":3,"win_rate":0.0,"timestamp":1611297273,"path_taken":["M","?","M","$","M","R","E","M","T","R","?","M","M","$","R","BOSS"],"items_purchased_type":["Card"],"build_version":"2020-12-22","purchased_purges":1,"victory":false,"max_hp_per_floor":[75,69,69,69,69,69,69,69,69,69,69,69,69,69,69,69,69],"relic_stats":{"Darkstone Periapt":0,"counters":[8,33],"Golden Idol":25,"obtain_stats":[{"Darkstone Periapt":9,"Golden Idol":2,"Incense Burner":7,"Cracked Core":0},{"Darkstone Periapt":5,"Golden Idol":1,"Incense Burner":4,"Cracked Core":0},{"Darkstone Periapt":23,"Golden Idol":3,"Incense Burner":17,"Cracked Core":0}]},"card_choices":[{"not_picked":["Hologram","Beam Cell"],"picked":"Chaos","floor":1},{"not_picked":["Steam","Steam Power"],"picked":"Defragment","floor":3},{"not_picked":["Streamline","Steam","Beam Cell"],"picked":"SKIP","floor":5},{"not_picked":["Rebound","Heatsinks"],"picked":"BootSequence","floor":7},{"not_picked":["Chill","Genetic Algorithm"],"picked":"Conserve Battery","floor":8},{"not_picked":["Self Repair","Gash"],"picked":"Electrodynamics","floor":12},{"not_picked":["Gash","Rebound"],"picked":"Storm","floor":13}],"player_experience":878202,"relics_obtained":[{"floor":7,"key":"Incense Burner"},{"floor":9,"key":"Darkstone Periapt"}],"event_choices":[{"damage_healed":0,"gold_gain":0,"player_choice":"Lose Max HP","damage_taken":0,"relics_obtained":["Golden Idol"],"max_hp_gain":0,"max_hp_loss":6,"event_name":"Golden Idol","floor":2,"gold_loss":0},{"damage_healed":0,"gold_gain":0,"player_choice":"Ignored","damage_taken":0,"max_hp_gain":0,"max_hp_loss":0,"event_name":"Liars Game","floor":11,"gold_loss":0}],"is_beta":false,"boss_relics":[],"items_purged_floors":[14],"is_endless":false,"potions_floor_spawned":[1,3,8,12],"killed_by":"Slime Boss","ascension_level":1}}