{"host":"13o02hya6v6rzuva","time":1611323310,"event":{"mods":["BaseMod","Minty Spire (QoL Compilation)","Relic Stats"],"gold_per_floor":[119,119,135,135,58,58,83,83,83,83,113,63,76,76,76,179,179,192,212,223,239,259,259,272,298,348,348,366,281,294,329,329,329,329],"floor_reached":33,"language":"ENG","playtime":2112,"items_purged":[],"score":446,"play_id":"ade05b4c-bc2f-4e56-936d-0fbcadad1608","local_time":"20210122144830","is_ascension_mode":true,"campfire_choices":[{"data":"Crippling Poison","floor":6,"key":"SMITH"},{"data":"Heel Hook","floor":8,"key":"SMITH"},{"data":"Neutralize","floor":10,"key":"SMITH"},{"floor":15,"key":"REST"},{"data":"Dagger Spray","floor":23,"key":"SMITH"},{"floor":32,"key":"REST"}],"circlet_count":0,"master_deck":["AscendersBane","Strike_G","Strike_G","Strike_G","Defend_G+1","Defend_G","Defend_G","Defend_G+1","Defend_G","Survivor","Neutralize+1","Venomology+1","Heel Hook+1","Flying Knee","Crippling Poison+1","After Image","Dodge and Roll+1","Blur+1","Escape Plan+1","Die Die Die","Outmaneuver+1","PiercingWail+1","PiercingWail+1","Dagger Spray+1","Leg Sweep+1","Catalyst+1","Escape Plan+1","After Image"],"relics":["Ring of the Snake","InkBottle","Mummified Hand","Toxic Egg 2","SacredBark","HornCleat","MealTicket","Blue Candle","Singing Bowl"],"acts_visited":["Exordium","TheCity"],"potions_floor_usage":[7,7,13,16,18,19,19,20,20,24,25,30,30,30,31,31,33,33],"damage_taken":[{"damage":0,"enemies":"2 Louse","floor":1,"turns":4},{"damage":7,"enemies":"Small Slimes","floor":3,"turns":4},{"damage":2,"enemies":"Lagavulin","floor":7,"turns":6},{"damage":20,"enemies":"3 Sentries","floor":11,"turns":10},{"damage":0,"enemies":"Cultist","floor":13,"turns":3},{"damage":7,"enemies":"The Guardian","floor":16,"turns":21},{"damage":3,"enemies":"Shell Parasite","floor":18,"turns":10},{"damage":2,"enemies":"3 Byrds","floor":19,"turns":4},{"damage":9,"enemies":"Snecko","floor":20,"turns":8},{"damage":5,"enemies":"Sentry and Sphere","floor":21,"turns":15},{"damage":0,"enemies":"Snake Plant","floor":22,"turns":8},{"damage":10,"enemies":"Centurion and Healer","floor":24,"turns":8},{"damage":28,"enemies":"Book of Stabbing","floor":25,"turns":12},{"damage":1,"enemies":"3 Cultists","floor":28,"turns":7},{"damage":0,"enemies":"Snecko","floor":30,"turns":5},{"damage":10,"enemies":"Slavers","floor":31,"turns":6},{"damage":31,"enemies":"Collector","floor":33,"turns":8}],"seed_played":"-929972284213854016","potions_obtained":[{"floor":7,"key":"FearPotion"},{"floor":16,"key":"Ancient Potion"},{"floor":19,"key":"ColorlessPotion"},{"floor":30,"key":"Fruit Juice"},{"floor":31,"key":"Swift Potion"}],"is_trial":false,"path_per_floor":["M","?","M","?","$","R","E","R","T","R","E","?","M","?","R","B",null,"M","M","M","M","M","R","M","E","T","?","M","?","M","E","R","B"],"character_chosen":"THE_SILENT","items_purchased":["Crippling Poison"],"campfire_rested":2,"item_purchase_floors":[5],"current_hp_per_floor":[63,63,56,42,42,42,40,40,40,40,20,20,20,20,41,34,61,58,56,47,42,42,42,32,4,4,4,3,3,13,5,29,0,0],"gold":329,"neow_bonus":"ONE_RANDOM_RARE_CARD","is_daily":false,"chose_seed":false,"campfire_upgraded":4,"win_rate":0.0,"timestamp":1611323310,"path_taken":["M","?","M","?","$","R","E","R","T","R","E","?","M","?","R","BOSS","M","M","M","M","M","R","?","E","T","?","M","?","M","E","R","BOSS"],"items_purchased_type":["Card"],"build_version":"2020-12-22","purchased_purges":0,"victory":false,"max_hp_per_floor":[70,70,70,70,70,70,70,70,70,70,70,70,70,70,70,70,70,70,70,70,70,70,70,70,70,70,70,70,70,80,82,82,82,82],"relic_stats":{"Singing Bowl":2,"counters":[17,139],"Mummified Hand":[18],"Blue Candle":[0],"MealTicket":0,"obtain_stats":[{"HornCleat":25,"Singing Bowl":31,"Mummified Hand":9,"SacredBark":17,"Blue Candle":29,"MealTicket":26,"Toxic Egg 2":11,"InkBottle":7,"Ring of the Snake":0},{"HornCleat":13,"Singing Bowl":16,"Mummified Hand":3,"SacredBark":6,"Blue Candle":14,"MealTicket":13,"Toxic Egg 2":4,"InkBottle":3,"Ring of the Snake":0},{"HornCleat":113,"Singing Bowl":131,"Mummified Hand":14,"SacredBark":48,"Blue Candle":120,"MealTicket":113,"Toxic Egg 2":24,"InkBottle":14,"Ring of the Snake":0}],"InkBottle":[47],"Ring of the Snake":[34]},"card_choices":[{"not_picked":["Acrobatics","Flying Knee"],"picked":"Heel Hook","floor":1},{"not_picked":["Finisher","Infinite Blades"],"picked":"Flying Knee","floor":3},{"not_picked":["Skewer","Reflex"],"picked":"After Image","floor":7},{"not_picked":["Endless Agony","Riddle With Holes"],"picked":"Dodge and Roll+1","floor":11},{"not_picked":["Dagger Throw","Well Laid Plans"],"picked":"Blur+1","floor":13},{"not_picked":["Unload","Doppelganger+1"],"picked":"Die Die Die","floor":16},{"not_picked":["Masterful Stab","Prepared+1"],"picked":"Outmaneuver+1","floor":18},{"not_picked":["Dagger Throw+1","All Out Attack"],"picked":"PiercingWail+1","floor":19},{"not_picked":["Bane","Dagger Spray"],"picked":"PiercingWail+1","floor":20},{"not_picked":["Slice","Prepared+1"],"picked":"Dagger Spray","floor":21},{"not_picked":["Sucker Punch","Expertise+1","Flying Knee"],"picked":"SKIP","floor":22},{"not_picked":["Expertise+1","Noxious Fumes"],"picked":"Leg Sweep+1","floor":24},{"not_picked":["Dagger Throw","Masterful Stab"],"picked":"Catalyst+1","floor":25},{"not_picked":["Dodge and Roll+1","Flechettes+1"],"picked":"Escape Plan+1","floor":28},{"not_picked":["Bane","All Out Attack"],"picked":"After Image","floor":30},{"not_picked":["Underhanded Strike","Choke+1","Blade Dance+1"],"picked":"Singing Bowl","floor":31}],"player_experience":1149985,"relics_obtained":[{"floor":7,"key":"InkBottle"},{"floor":9,"key":"Mummified Hand"},{"floor":11,"key":"Toxic Egg 2"},{"floor":25,"key":"HornCleat"},{"floor":26,"key":"MealTicket"},{"floor":31,"key":"Singing Bowl"}],"event_choices":[{"damage_healed":0,"gold_gain":0,"player_choice":"Grow","damage_taken":0,"max_hp_gain":0,"max_hp_loss":0,"event_name":"Living Wall","floor":2,"gold_loss":0,"cards_upgraded":["Venomology"]},{"damage_healed":0,"gold_gain":0,"player_choice":"Entered Light","damage_taken":14,"max_hp_gain":0,"max_hp_loss":0,"event_name":"Shining Light","floor":4,"gold_loss":0,"cards_upgraded":["Defend_G","Defend_G"]},{"cards_removed":["Strike_G"],"damage_healed":0,"gold_gain":0,"player_choice":"Card Removal","damage_taken":0,"max_hp_gain":0,"max_hp_loss":0,"event_name":"The Cleric","floor":12,"gold_loss":50},{"damage_healed":0,"gold_gain":0,"cards_transformed":["Strike_G"],"player_choice":"Transformed","damage_taken":0,"max_hp_gain":0,"max_hp_loss":0,"event_name":"Transmorgrifier","floor":14,"gold_loss":0,"cards_obtained":["Escape Plan"]},{"damage_healed":0,"gold_gain":0,"player_choice":"Ignored","damage_taken":0,"max_hp_gain":0,"max_hp_loss":0,"event_name":"Cursed Tome","floor":27,"gold_loss":0},{"damage_healed":0,"gold_gain":0,"player_choice":"Obtained Relic","damage_taken":0,"relics_obtained":["Blue Candle"],"max_hp_gain":0,"max_hp_loss":0,"event_name":"Addict","floor":29,"gold_loss":85}],"is_beta":false,"boss_relics":[{"not_picked":["Calling Bell","Cursed Key"],"picked":"SacredBark"}],"items_purged_floors":[],"is_endless":false,"potions_floor_spawned":[7,13,16,19,22,30,31],"killed_by":"Collector","ascension_level":10}}