{"host":"7fyy23rucerupe6i","time":1611303261,"event":{"mods":["AchievementEnabler","Act Like it!","Aspiration","Bard","BaseMod","Better Note","Better Vampires","BetterRewards","Colored Map","Colored Powertips","Conspire","Curses Come First","Custom Start","Downfall","Googly Eyes","Hermit","Mad Scientist","Minty Spire (QoL Compilation)","Quick Restart","Relic Stats","Shop Mod","ShortenTheSpire","Spicy Shops","StSLib","SuperFastMode","The Gatherer"],"gold_per_floor":[117,133,133,151,151,151,151],"floor_reached":6,"language":"ZHS","playtime":401,"items_purged":[],"score":72,"play_id":"f372718f-123a-49b7-a30c-2f7fd43f4bcc","local_time":"20210122161421","is_ascension_mode":true,"campfire_choices":[],"circlet_count":0,"master_deck":["AscendersBane","Strike_G","Strike_G","Strike_G","Strike_G","Strike_G","Defend_G","Defend_G","Defend_G","Defend_G","Defend_G","Survivor","Neutralize","Die Die Die+1","Backflip"],"relics":["Ring of the Snake","Ninja Scroll","aspiration:HummingbirdHeart","Frozen Eye","aspiration:Nostalgia","Guardian:ModeShifter","Golden Idol"],"acts_visited":["Exordium"],"potions_floor_usage":[],"damage_taken":[{"damage":0,"enemies":"2 Louse","floor":1,"turns":2},{"damage":0,"enemies":"Small Slimes","floor":2,"turns":2},{"damage":2,"enemies":"Cultist","floor":4,"turns":3},{"damage":7,"enemies":"Lagavulin","floor":6,"turns":5}],"seed_played":"5897645925695478738","potions_obtained":[{"floor":2,"key":"Swift Potion"},{"floor":4,"key":"GhostInAJar"}],"is_trial":false,"path_per_floor":["M","M","?","M","?","E"],"character_chosen":"THE_SILENT","items_purchased":["Ninja Scroll","aspiration:HummingbirdHeart","Frozen Eye","aspiration:Nostalgia","Die Die Die"],"campfire_rested":0,"item_purchase_floors":[0,0,0,0,0],"current_hp_per_floor":[28,28,28,26,26,19,19],"gold":151,"neow_bonus":"","is_daily":false,"chose_seed":false,"campfire_upgraded":0,"win_rate":0.0,"timestamp":1611303261,"path_taken":["M","M","?","M","?","E"],"items_purchased_type":["Relic","Relic","Relic","Relic","Card"],"build_version":"2020-12-22","purchased_purges":0,"victory":false,"max_hp_per_floor":[66,66,60,60,60,60,60],"relic_stats":{"counters":[28,87],"Golden Idol":4,"obtain_stats":[{"Incense Burner":0,"Juzu Bracelet":0,"ClockworkSouvenir":0,"Frozen Eye":0,"Matryoshka":0,"Mummified Hand":0,"Ninja Scroll":0,"Tiny Chest":0,"MealTicket":9,"Kunai":0,"Toxic Egg 2":0,"conspire:Dentures":10,"MerchantsRug":0,"Lee\u0027s Waffle":0,"Golden Idol":2,"aspiration:Nostalgia":0,"Oddly Smooth Stone":0,"Guardian:ModeShifter":0,"aspiration:HummingbirdHeart":7,"Mercury Hourglass":0,"WarpedTongs":11,"sneckomod:BabySnecko":0,"conspire:GiftBox":0,"Shuriken":0,"Bird Faced Urn":0,"Molten Egg 2":9,"Gatherer:AlchemyBag":0,"Toy Ornithopter":0,"Meat on the Bone":9,"Pocketwatch":0},{"Incense Burner":6,"Juzu Bracelet":7,"ClockworkSouvenir":0,"Frozen Eye":24,"Matryoshka":0,"Mummified Hand":7,"Ninja Scroll":24,"Tiny Chest":16,"MealTicket":20,"Kunai":11,"Toxic Egg 2":16,"conspire:Dentures":21,"MerchantsRug":0,"Lee\u0027s Waffle":6,"Golden Idol":1,"aspiration:Nostalgia":24,"Oddly Smooth Stone":16,"Guardian:ModeShifter":24,"aspiration:HummingbirdHeart":15,"Mercury Hourglass":0,"WarpedTongs":21,"sneckomod:BabySnecko":16,"conspire:GiftBox":6,"Shuriken":11,"Bird Faced Urn":7,"Molten Egg 2":5,"Gatherer:AlchemyBag":0,"Toy Ornithopter":16,"Meat on the Bone":5,"Pocketwatch":11},{"Incense Burner":17,"Juzu Bracelet":19,"ClockworkSouvenir":0,"Frozen Eye":75,"Matryoshka":0,"Mummified Hand":19,"Ninja Scroll":75,"Tiny Chest":51,"MealTicket":61,"Kunai":36,"Toxic Egg 2":51,"conspire:Dentures":63,"MerchantsRug":0,"Lee\u0027s Waffle":17,"Golden Idol":3,"aspiration:Nostalgia":75,"Oddly Smooth Stone":51,"Guardian:ModeShifter":75,"aspiration:HummingbirdHeart":48,"Mercury Hourglass":0,"WarpedTongs":63,"sneckomod:BabySnecko":51,"conspire:GiftBox":17,"Shuriken":36,"Bird Faced Urn":19,"Molten Egg 2":15,"Gatherer:AlchemyBag":0,"Toy Ornithopter":51,"Meat on the Bone":15,"Pocketwatch":36}],"Ring of the Snake":[34]},"card_choices":[{"not_picked":["Prepared","Reflex","Deflect"],"picked":"SKIP","floor":1},{"not_picked":["Prepared","Slice","Well Laid Plans"],"picked":"SKIP","floor":2},{"not_picked":["Sucker Punch","Caltrops"],"picked":"Backflip","floor":4}],"player_experience":353607,"relics_obtained":[],"event_choices":[{"damage_healed":0,"gold_gain":0,"player_choice":"Lose Max HP","damage_taken":0,"relics_obtained":["Golden Idol"],"max_hp_gain":0,"max_hp_loss":6,"event_name":"Golden Idol","floor":3,"gold_loss":0},{"damage_healed":0,"gold_gain":0,"player_choice":"Upgraded","damage_taken":0,"max_hp_gain":0,"max_hp_loss":0,"event_name":"Upgrade Shrine","floor":5,"gold_loss":0,"cards_upgraded":["Die Die Die"]}],"is_beta":false,"boss_relics":[],"items_purged_floors":[],"is_endless":false,"potions_floor_spawned":[2,4],"killed_by":"Lagavulin","ascension_level":20}}