{"host":"o5jvvi5yapo90aia","time":1611295895,"event":{"mods":["BaseMod","CapriCore","Minty Spire (QoL Compilation)","MostiFishMod","Prisma Mod","Spicy Shops","StSLib","TestMod","The Immortal","Yakumo Yukari mod","【人物mod】游戏王New YuGiOh mod","【功能Mod】Neow奖励"],"gold_per_floor":[116,41,41,141,152,185,200,200,200],"floor_reached":8,"language":"ZHS","playtime":195,"items_purged":["Strike_R"],"score":112,"play_id":"791c6e7f-e5fe-4bdc-8660-d3ebfc5cc6ef","local_time":"20210122141135","is_ascension_mode":true,"campfire_choices":[],"circlet_count":0,"master_deck":["AscendersBane","Strike_R+1","Strike_R","Strike_R+1","Strike_R+1","Defend_R","Defend_R+1","Defend_R","Defend_R+1","Bash","Fire Breathing+1"],"relics":["DaveBox","testmod-TestBox","Runic Cube","DSteel32","testmod-CrystalShield","SynthV:TestCard","Regal Pillow"],"acts_visited":["Exordium"],"potions_floor_usage":[],"damage_taken":[{"damage":2,"enemies":"2 Louse","floor":1,"turns":4},{"damage":0,"enemies":"Small Slimes","floor":5,"turns":4},{"damage":27,"enemies":"Gremlin Nob","floor":6,"turns":4},{"damage":0,"enemies":"Cultist","floor":7,"turns":4},{"damage":0,"enemies":"Lagavulin","floor":8,"turns":2}],"seed_played":"-8697059445455436766","potions_obtained":[{"floor":5,"key":"Swift Potion"}],"is_trial":false,"path_per_floor":["M","$","?","?","M","E","M","E"],"character_chosen":"IRONCLAD","items_purchased":[],"campfire_rested":0,"item_purchase_floors":[],"current_hp_per_floor":[67,67,44,44,45,19,20,21,21],"gold":200,"neow_bonus":"BOSS_RELIC","is_daily":false,"chose_seed":false,"campfire_upgraded":0,"win_rate":0.0,"timestamp":1611295895,"path_taken":["M","$","?","?","M","E","?","E"],"items_purchased_type":[],"build_version":"2020-12-22","purchased_purges":1,"victory":false,"max_hp_per_floor":[75,75,75,75,75,75,75,75,75],"card_choices":[{"not_picked":["Wild Strike","Entrench","Warcry"],"picked":"SKIP","floor":1},{"not_picked":["Headbutt","Armaments","Wild Strike","Pummel"],"picked":"Fire Breathing","floor":5},{"not_picked":["Clash","Fire Breathing","Cleave","Rupture","Entrench"],"picked":"SKIP","floor":6},{"not_picked":["Seeing Red","Dropkick","Thunderclap","MostiFishMod:Chiaki","Twin Strike"],"picked":"SKIP","floor":7}],"player_experience":1485432,"relics_obtained":[{"floor":1,"key":"SynthV:TestCard"},{"floor":6,"key":"Regal Pillow"}],"event_choices":[{"damage_healed":0,"gold_gain":0,"player_choice":"Entered Light","damage_taken":23,"max_hp_gain":0,"max_hp_loss":0,"event_name":"Shining Light","floor":3,"gold_loss":0,"cards_upgraded":["Defend_R","Strike_R"]},{"damage_healed":0,"gold_gain":100,"player_choice":"Gold","damage_taken":0,"max_hp_gain":0,"max_hp_loss":0,"event_name":"Wheel of Change","floor":4,"gold_loss":0}],"is_beta":false,"boss_relics":[],"items_purged_floors":[2],"is_endless":false,"potions_floor_spawned":[5],"killed_by":"Lagavulin","ascension_level":20}}