{"host":"sfog9cd70q364awu","time":1611348776,"event":{"mods":["2.2 Compatiblity","Act Like it!","BaseMod","Better Altar","Better Match","Better Skull","Card Forge","Colored Map","Communication Mod","Custom Start","Displayed Cursed Tome","Duelist Mod","Evolution","Gold Saver","Grow up Mod","Highlight Path","HumanHunterMod(????mod)","Humility","Menagerie","Minty Spire (QoL Compilation)","Reworked Bosses","Spicy Shops","StSLib","SuperFastMode","Wandering Minibosses","noobMod"],"gold_per_floor":[1451,1555,1555,1665,1665,1665,1710,1710,1710,1826,1878,1943,1998,1998,1998,2109,2109,2160,2160,2160,2160,2192,2240,2260,2306,2306,2306,2341,2395,2450,2450,2450,2614,2614,2654,3059,3059,3076,3133,3205,3205,3238,3263,3337,3395,3420,3070,3128,3128,3148,3188,3188,3188,3188,3188],"floor_reached":54,"language":"ENG","playtime":8966,"items_purged":[],"score":2645,"play_id":"b7aa5ca1-d574-4fec-9ed6-d509fd926992","local_time":"20210122215256","is_ascension_mode":true,"campfire_choices":[{"floor":6.0,"key":"RECALL"},{"data":"theDuelist:Nameless:Greed:BerserkerCrush+4","floor":8.0,"key":"SMITH"},{"data":"theDuelist:BloodSucker+1","floor":15.0,"key":"SMITH"},{"floor":27.0,"key":"REST"},{"floor":32.0,"key":"REST"},{"floor":49.0,"key":"REST"},{"floor":53.0,"key":"REST"}],"circlet_count":0,"master_deck":["theDuelist:OrbMetronome+1","theDuelist:VoidVanishment+1","theDuelist:HourglassLife+1","theDuelist:GoldenSparks+1","theDuelist:OrbMetronome+1","theDuelist:Nameless:Power:AssaultArmor+1","theDuelist:TrapHole+1","theDuelist:Nameless:Power:AllyJustice+1","theDuelist:Nameless:Magic:HappyLover+1","theDuelist:Nameless:Magic:GracefulCharity+1","AscendersBane","theDuelist:Nameless:Magic:ImperialOrder+1","theDuelist:ImperialCustom+1","theDuelist:HarpieFeather+1","theDuelist:Nameless:Magic:BerserkerCrush+4","theDuelist:Nameless:Greed:GracefulCharity+1","theDuelist:BadReaction+1","theDuelist:Nameless:Magic:PotGenerosity+1","theDuelist:Nameless:War:AllyJustice+1","theDuelist:Nameless:Magic:AssaultArmor+1","theDuelist:ImperialCustom+1","theDuelist:Nameless:Power:BerserkerCrush+4","theDuelist:Nameless:War:AssaultArmor+1","theDuelist:SilentDoom+4","theDuelist:ImperialCustom+1","theDuelist:Nameless:Greed:BerserkerCrush+6","theDuelist:Nameless:Magic:GoldenApples+1","theDuelist:Scapegoat+1","theDuelist:Nameless:Magic:GridRod+1","theDuelist:TrapHole+1","theDuelist:CallGrave+1","theDuelist:Nameless:War:BerserkerCrush+4","theDuelist:BloodSucker+3","CurseOfTheBell","theDuelist:TrapHole+1","theDuelist:VoidExpansion+1","theDuelist:Nameless:Magic:AllyJustice+1","theDuelist:VoidExpansion+1","theDuelist:Scapegoat+1","theDuelist:ShiftingShadows+1"],"relics":["theDuelist:MillenniumPuzzle","theDuelist:CardPoolRelic","theDuelist:CardPoolBasicRelic","theDuelist:BoosterPackPoolRelic","theDuelist:CardPoolAddRelic","theDuelist:CardPoolMinusRelic","theDuelist:CardPoolSaveRelic","theDuelist:CardPoolOptionsRelic","Hammer of Thor","Seething Fire","Anvil of the Gods","ice","Orichalcum","theDuelist:GiftAnubis","theDuelist:DuelistLetterOpener","theDuelist:MillenniumRod","theDuelist:CursedHealer","Mark of Pain","wanderingMiniBosses:CarrionFlame","Bag of Marbles","theDuelist:MillenniumSymbol","theDuelist:DuelistOrichalcum","Tingsha","theDuelist:CardRewardRelicD","Lizard Tail","Calling Bell","Vajra","Molten Egg 2","Thread and Needle","Old Coin","Dream Catcher","theDuelist:DuelistTeaSet","Paper Frog","Whetstone","theDuelist:MetronomeRelicB","Ancient Tea Set","theDuelist:SummonAnchor","Happy Flower","Boot","Anchor","Blue Candle","Smiling Mask","theDuelist:ZoneToken","Membership Card","theDuelist:ShopToken","Omamori","Lantern"],"acts_visited":[],"potions_floor_usage":[],"damage_taken":[{"damage":0.0,"enemies":"2 Louse","floor":1.0,"turns":1.0},{"damage":7.0,"enemies":"Jaw Worm","floor":2.0,"turns":7.0},{"damage":0.0,"enemies":"Cultist","floor":4.0,"turns":3.0},{"damage":16.0,"enemies":"3 Sentries","floor":7.0,"turns":3.0},{"damage":0.0,"enemies":"Lagavulin","floor":10.0,"turns":5.0},{"damage":11.0,"enemies":"3 Louse","floor":11.0,"turns":2.0},{"damage":0.0,"enemies":"3 Sentries","floor":12.0,"turns":7.0},{"damage":6.0,"enemies":"Exordium Wildlife","floor":13.0,"turns":11.0},{"damage":27.0,"enemies":"Slime Boss","floor":16.0,"turns":6.0},{"damage":0.0,"enemies":"3 Byrds","floor":18.0,"turns":5.0},{"damage":15.0,"enemies":"Chosen","floor":22.0,"turns":3.0},{"damage":11.0,"enemies":"theDuelist:KaibaA2","floor":23.0,"turns":5.0},{"damage":1.0,"enemies":"Centurion and Healer","floor":24.0,"turns":3.0},{"damage":0.0,"enemies":"Slavers","floor":25.0,"turns":1.0},{"damage":0.0,"enemies":"theDuelist:KaibaA2","floor":28.0,"turns":5.0},{"damage":2.0,"enemies":"Snake Plant","floor":29.0,"turns":1.0},{"damage":4.0,"enemies":"Chosen and Byrds","floor":30.0,"turns":6.0},{"damage":50.0,"enemies":"bossMod:newCollector","floor":33.0,"turns":7.0},{"damage":0.0,"enemies":"3 Shapes","floor":35.0,"turns":7.0},{"damage":206.0,"enemies":"Mind Bloom Boss Battle","floor":36.0,"turns":6.0},{"damage":10.0,"enemies":"Mind Bloom Boss Battle","floor":36.0,"turns":6.0},{"damage":15.0,"enemies":"Orb Walker","floor":38.0,"turns":4.0},{"damage":0.0,"enemies":"Maw","floor":39.0,"turns":9.0},{"damage":3.0,"enemies":"Giant Head","floor":40.0,"turns":9.0},{"damage":102.0,"enemies":"Reptomancer","floor":42.0,"turns":6.0},{"damage":18.0,"enemies":"Giant Head","floor":44.0,"turns":8.0},{"damage":0.0,"enemies":"Writhing Mass","floor":45.0,"turns":7.0},{"damage":31.0,"enemies":"Reptomancer","floor":46.0,"turns":5.0},{"damage":315.0,"enemies":"Transient","floor":48.0,"turns":7.0},{"damage":0.0,"enemies":"bossMod:newAwakened","floor":50.0,"turns":13.0},{"damage":0.0,"enemies":"bossMod:newAwakened","floor":51.0,"turns":10.0}],"seed_played":"-6425488975401774139","potions_obtained":[{"floor":2.0,"key":"Swift Potion"},{"floor":4.0,"key":"theDuelist:WaterBottle"}],"is_trial":false,"path_per_floor":["M","M","?","M","?","R","E","R","T","E","M","E","M","?","R","B",null,"M","?","?","?","M","E","M","E","T","R","E","M","M","?","R","B",null,"M","?","?","M","M","E","T","E","T","E","M","E","$","M","R","B","B",null,"R","$"],"character_chosen":"THE_DUELIST","items_purchased":["Membership Card","theDuelist:ShopToken","Omamori","Lantern"],"campfire_rested":4,"item_purchase_floors":[47,47,47,47],"current_hp_per_floor":[83,96,106,116,126,136,130,140,150,164,163,173,187,220,230,213,243,260,270,280,290,291,290,299,309,319,350,360,368,374,384,400,369,410,420,223,233,228,248,265,275,187,197,196,213,202,212,315,494,514,534,589,614,614,614],"gold":3188,"neow_bonus":"RANDOM_COMMON_RELIC","is_daily":false,"chose_seed":false,"campfire_upgraded":2,"win_rate":0.0,"timestamp":1611348776,"path_taken":["M","M","?","M","?","R","E","R","T","E","?","E","M","?","R","BOSS","M","?","?","?","M","E","?","E","T","R","E","M","M","?","R","BOSS","M","?","?","M","M","E","?","E","T","E","?","E","$","M","R","BOSS","BOSS","R","$"],"items_purchased_type":["Relic","Relic","Relic","Relic"],"build_version":"2020-12-22","purchased_purges":0,"victory":false,"max_hp_per_floor":[90,100,110,120,130,140,150,160,170,180,190,200,210,220,230,240,250,260,270,280,290,300,310,320,330,340,350,360,370,380,390,400,410,420,430,440,450,460,470,480,490,500,510,520,530,540,550,564,574,584,594,604,614,614,614],"card_choices":[{"not_picked":["theDuelist:CardsFromTheSky","theDuelist:RockSunrise"],"picked":"theDuelist:VoidExpansion","floor":1.0},{"not_picked":["theDuelist:BloodSucker","theDuelist:CardsFromTheSky"],"picked":"theDuelist:AntiFusionDevice","floor":2.0},{"not_picked":["theDuelist:CommanderSwords","theDuelist:ShiftingShadows","theDuelist:StarlightRoad"],"picked":"SKIP","floor":4.0},{"not_picked":["theDuelist:InstantFusion","theDuelist:StarlightRoad"],"picked":"theDuelist:BadReaction","floor":7.0},{"not_picked":["theDuelist:GoblinSecret","theDuelist:DimensionFusion","theDuelist:CastleDarkIllusions"],"picked":"theDuelist:TrapHole","floor":10.0},{"not_picked":["theDuelist:BloodSparks","theDuelist:ShiftingShadows","theDuelist:ImperialCustom"],"picked":"SKIP","floor":10.0},{"not_picked":["theDuelist:BloodSparks","theDuelist:ImperialCustom"],"picked":"theDuelist:ShiftingShadows","floor":10.0},{"not_picked":["theDuelist:StarlightRoad","theDuelist:ShiftingShadows"],"picked":"theDuelist:ImperialCustom","floor":11.0},{"not_picked":["theDuelist:CommanderSwords","theDuelist:Flint","theDuelist:MindAir","theDuelist:UltimateOffering"],"picked":"theDuelist:SeaLordAmulet","floor":12.0},{"not_picked":["theDuelist:StarlightRoad","theDuelist:ShiftingShadows"],"picked":"theDuelist:ImperialCustom","floor":12.0},{"not_picked":["theDuelist:CardsFromTheSky","theDuelist:ImperialCustom"],"picked":"theDuelist:BloodSucker","floor":13.0},{"not_picked":["theDuelist:VoidVanishment","theDuelist:BloodSparks"],"picked":"theDuelist:CallGrave","floor":16.0},{"not_picked":["theDuelist:ImperialCustom","theDuelist:StarlightRoad","theDuelist:ShiftingShadows"],"picked":"SKIP","floor":18.0},{"not_picked":["theDuelist:StarlightRoad","theDuelist:CardsFromTheSky","theDuelist:UltimateOffering"],"picked":"SKIP","floor":22.0},{"not_picked":["theDuelist:StarlightRoad","theDuelist:CardsFromTheSky","theDuelist:InstantFusion"],"picked":"SKIP","floor":23.0},{"not_picked":["theDuelist:ShiftingShadows","theDuelist:DimensionFusion","theDuelist:CommanderSwords"],"picked":"SKIP","floor":24.0},{"not_picked":["theDuelist:CardsFromTheSky","theDuelist:Flint+1","theDuelist:StarlightRoad"],"picked":"SKIP","floor":25.0},{"not_picked":["theDuelist:VoidExpansion","theDuelist:StarlightRoad+1"],"picked":"theDuelist:CardsFromTheSky","floor":28.0},{"not_picked":["theDuelist:CardsFromTheSky","theDuelist:ShiftingShadows"],"picked":"theDuelist:SeaLordAmulet","floor":28.0},{"not_picked":["theDuelist:ShiftingShadows","theDuelist:StarlightRoad"],"picked":"theDuelist:CardsFromTheSky","floor":28.0},{"not_picked":["theDuelist:StarlightRoad","theDuelist:ShiftingShadows"],"picked":"theDuelist:CardsFromTheSky","floor":28.0},{"not_picked":["theDuelist:ShiftingShadows","theDuelist:StarlightRoad"],"picked":"theDuelist:ImperialCustom","floor":28.0},{"not_picked":["theDuelist:VoidExpansion","theDuelist:BadReaction","theDuelist:MindAir"],"picked":"theDuelist:GoblinSecret","floor":29.0},{"not_picked":["theDuelist:BloodSucker","theDuelist:CardsFromTheSky"],"picked":"theDuelist:TrapHole+1","floor":29.0},{"not_picked":["theDuelist:CardsFromTheSky","theDuelist:InstantFusion","theDuelist:ImperialCustom"],"picked":"SKIP","floor":30.0},{"not_picked":["theDuelist:GridRod","theDuelist:BloodSparks"],"picked":"theDuelist:OrbMetronome","floor":33.0},{"not_picked":["theDuelist:ImperialCustom+1","theDuelist:BadReaction","theDuelist:CardsFromTheSky"],"picked":"SKIP","floor":35.0},{"not_picked":["theDuelist:BadReaction","theDuelist:CommanderSwords","theDuelist:ImperialCustom+1","theDuelist:ImperialOrder"],"picked":"theDuelist:TrapHole","floor":38.0},{"not_picked":["theDuelist:CommanderSwords","theDuelist:CardsFromTheSky","theDuelist:ShiftingShadows+1"],"picked":"SKIP","floor":38.0},{"not_picked":["theDuelist:StarlightRoad","theDuelist:CardsFromTheSky+1","theDuelist:VoidExpansion+1"],"picked":"SKIP","floor":39.0},{"not_picked":["theDuelist:CardsFromTheSky+1","theDuelist:UltimateOffering","theDuelist:Flint"],"picked":"SKIP","floor":40.0},{"not_picked":["theDuelist:VoidExpansion","theDuelist:CastleDarkIllusions","theDuelist:DimensionFusion+1","theDuelist:GoblinSecret"],"picked":"SKIP","floor":42.0},{"not_picked":["theDuelist:HymnOfLight","theDuelist:OrbMetronome","theDuelist:BadReaction"],"picked":"SKIP","floor":42.0},{"not_picked":["theDuelist:VoidExpansion","theDuelist:GoblinSecret","theDuelist:CardsFromTheSky"],"picked":"SKIP","floor":44.0},{"not_picked":["theDuelist:ImperialCustom","theDuelist:SilentDoom+1","theDuelist:HymnOfLight"],"picked":"SKIP","floor":45.0},{"not_picked":["theDuelist:DimensionFusion","theDuelist:CommanderSwords+1"],"picked":"theDuelist:Scapegoat","floor":46.0},{"not_picked":["theDuelist:ImperialCustom+1","theDuelist:CastleDarkIllusions","theDuelist:CardsFromTheSky"],"picked":"SKIP","floor":48.0},{"not_picked":["theDuelist:ImperialCustom","theDuelist:StatueAnguishPattern"],"picked":"theDuelist:ShiftingShadows+1","floor":49.0}],"player_experience":842718,"relics_obtained":[{"floor":7.0,"key":"theDuelist:GiftAnubis"},{"floor":10.0,"key":"theDuelist:DuelistLetterOpener"},{"floor":12.0,"key":"theDuelist:MillenniumRod"},{"floor":18.0,"key":"wanderingMiniBosses:CarrionFlame"},{"floor":23.0,"key":"theDuelist:DuelistOrichalcum"},{"floor":25.0,"key":"Tingsha"},{"floor":26.0,"key":"theDuelist:CardRewardRelicD"},{"floor":28.0,"key":"Lizard Tail"},{"floor":34.0,"key":"Vajra"},{"floor":34.0,"key":"Molten Egg 2"},{"floor":34.0,"key":"Thread and Needle"},{"floor":36.0,"key":"Old Coin"},{"floor":40.0,"key":"Paper Frog"},{"floor":41.0,"key":"Whetstone"},{"floor":42.0,"key":"Happy Flower"},{"floor":43.0,"key":"Boot"},{"floor":44.0,"key":"Blue Candle"},{"floor":46.0,"key":"theDuelist:ZoneToken"}],"event_choices":[{"damage_healed":0.0,"max_hp_gain":0.0,"max_hp_loss":0.0,"gold_gain":0.0,"event_name":"Relic Duplicator","player_choice":"Leave","floor":3.0,"gold_loss":0.0,"damage_taken":0.0},{"damage_healed":0.0,"max_hp_gain":0.0,"max_hp_loss":0.0,"gold_gain":0.0,"event_name":"Upgrade Shrine","player_choice":"Upgraded","floor":5.0,"gold_loss":0.0,"damage_taken":0.0,"cards_upgraded":["theDuelist:Nameless:War:BerserkerCrush"]},{"damage_healed":0.0,"max_hp_gain":0.0,"max_hp_loss":0.0,"gold_gain":0.0,"event_name":"Tomb of the Nameless","player_choice":"Succumb - +25HP/Cursed Relic","floor":14.0,"gold_loss":0.0,"damage_taken":0.0},{"damage_healed":0.0,"max_hp_gain":0.0,"max_hp_loss":0.0,"gold_gain":0.0,"event_name":"Addict","player_choice":"Stole Relic","floor":19.0,"gold_loss":0.0,"damage_taken":0.0,"relics_obtained":["Bag of Marbles"],"cards_obtained":["Shame"]},{"damage_healed":54.0,"max_hp_gain":0.0,"max_hp_loss":0.0,"gold_gain":0.0,"event_name":"The Library","player_choice":"Heal","floor":20.0,"gold_loss":0.0,"damage_taken":0.0},{"damage_healed":0.0,"max_hp_gain":0.0,"max_hp_loss":0.0,"gold_gain":0.0,"event_name":"Millennium Items","player_choice":"Took item - Received: Millennium Symbol","floor":21.0,"gold_loss":0.0,"damage_taken":0.0},{"damage_healed":0.0,"max_hp_gain":0.0,"max_hp_loss":0.0,"gold_gain":0.0,"event_name":"Egyptian Village","player_choice":"Leave","floor":31.0,"gold_loss":0.0,"damage_taken":0.0},{"damage_healed":0.0,"max_hp_gain":0.0,"max_hp_loss":0.0,"gold_gain":0.0,"event_name":"MindBloom","player_choice":"Fight","floor":36.0,"gold_loss":0.0,"damage_taken":0.0},{"damage_healed":0.0,"max_hp_gain":0.0,"max_hp_loss":0.0,"gold_gain":0.0,"event_name":"Tomb of Lord Red Mask","player_choice":"Ignored","floor":37.0,"gold_loss":0.0,"damage_taken":0.0}],"is_beta":false,"boss_relics":[{"not_picked":["theDuelist:MillenniumKey","Runic Cube"],"picked":"Mark of Pain"},{"not_picked":["Snecko Eye","Empty Cage"],"picked":"Calling Bell"}],"items_purged_floors":[],"is_endless":false,"potions_floor_spawned":[2,4,13,16,18,29,30,35,38,40,45],"ascension_level":20}}