{"host":"q0qnzbgdx8oqogg9","time":1611318283,"event":{"mods":["BaseMod","Minty Spire (QoL Compilation)","StSLib"],"gold_per_floor":[113,132,144,161,172,172,186,186,186,195,11,51,77,42,42,154,226,251,251,42,52,52,52],"floor_reached":22,"language":"ENG","playtime":680,"items_purged":["Pain","Blizzard"],"score":226,"play_id":"e5f0a714-b317-4ed6-b8eb-304973b64218","local_time":"20210122072443","is_ascension_mode":true,"campfire_choices":[{"data":"Rainbow","floor":6.0,"key":"SMITH"},{"data":"Zap","floor":8.0,"key":"SMITH"},{"data":"Defragment","floor":15.0,"key":"SMITH"}],"circlet_count":0,"master_deck":["Zap+1","Dualcast","Rainbow+1","Leap","Rip and Tear","Sweeping Beam","Capacitor","Cold Snap","Ball Lightning","Loop","Defragment+1","Echo Form","Tempest","Hello World","Hologram","Ball Lightning","Storm","Gash","Aggregate","Leap+1","Turbo"],"relics":["Cracked Core","CeramicFish","WarpedTongs","Membership Card","Bronze Scales","Pandora\u0027s Box","Nilry\u0027s Codex","Gambling Chip"],"acts_visited":["Exordium","TheCity"],"potions_floor_usage":[],"damage_taken":[{"damage":8.0,"enemies":"Cultist","floor":1.0,"turns":5.0},{"damage":4.0,"enemies":"2 Louse","floor":2.0,"turns":3.0},{"damage":0.0,"enemies":"Small Slimes","floor":3.0,"turns":3.0},{"damage":0.0,"enemies":"Looter","floor":4.0,"turns":2.0},{"damage":14.0,"enemies":"Exordium Thugs","floor":5.0,"turns":4.0},{"damage":4.0,"enemies":"Red Slaver","floor":7.0,"turns":3.0},{"damage":12.0,"enemies":"Lagavulin","floor":12.0,"turns":6.0},{"damage":5.0,"enemies":"3 Louse","floor":13.0,"turns":2.0},{"damage":24.0,"enemies":"The Guardian","floor":16.0,"turns":9.0},{"damage":23.0,"enemies":"2 Thieves","floor":18.0,"turns":4.0},{"damage":29,"enemies":"Spheric Guardian","floor":21,"turns":4},{"damage":14,"enemies":"Shelled Parasite and Fungi","floor":22,"turns":2}],"seed_played":"7215909315861232648","potions_obtained":[{"floor":3.0,"key":"ColorlessPotion"},{"floor":4.0,"key":"SpeedPotion"},{"floor":12.0,"key":"FearPotion"},{"floor":16.0,"key":"BlessingOfTheForge"}],"is_trial":false,"path_per_floor":["M","M","M","M","M","R","M","R","T","?","$","E","M","?","R","B",null,"M","?","$","M","M"],"character_chosen":"DEFECT","items_purchased":["Membership Card","Gambling Chip","Turbo"],"campfire_rested":0,"item_purchase_floors":[11,20,20],"current_hp_per_floor":[67,63,63,63,49,49,45,45,45,45,45,33,28,46,46,22,75,52,36,36,7,0,0],"gold":52,"neow_bonus":"ONE_RANDOM_RARE_CARD","is_daily":false,"chose_seed":false,"campfire_upgraded":3,"win_rate":0.0,"timestamp":1611318283,"path_taken":["M","M","M","M","M","R","M","R","T","?","$","E","?","?","R","BOSS","M","?","$","M","M"],"items_purchased_type":["Relic","Relic","Card"],"build_version":"2020-12-22","purchased_purges":2,"victory":false,"max_hp_per_floor":[75,75,75,75,75,75,75,75,75,75,75,75,75,75,75,75,75,75,75,75,75,75,75],"card_choices":[{"not_picked":["Turbo","Chaos"],"picked":"Leap","floor":1.0},{"not_picked":["Leap","Rebound"],"picked":"Rip and Tear","floor":2.0},{"not_picked":["Stack","Go for the Eyes"],"picked":"Sweeping Beam","floor":3.0},{"not_picked":["Hologram","Beam Cell"],"picked":"Capacitor","floor":4.0},{"not_picked":["Capacitor","Rebound"],"picked":"Cold Snap","floor":5.0},{"not_picked":["Reboot","Compile Driver"],"picked":"Ball Lightning","floor":7.0},{"not_picked":["Coolheaded","Stack"],"picked":"Loop","floor":12.0},{"not_picked":["Redo","Consume"],"picked":"Defragment","floor":13.0},{"not_picked":["All For One","Reboot"],"picked":"Echo Form","floor":16.0},{"not_picked":["Tempest","Cold Snap"],"picked":"Leap+1","floor":18.0},{"not_picked":["Stack","Conserve Battery","Redo+1"],"picked":"SKIP","floor":21}],"player_experience":256780,"relics_obtained":[{"floor":9.0,"key":"CeramicFish"},{"floor":12.0,"key":"Bronze Scales"},{"floor":19.0,"key":"Nilry\u0027s Codex"}],"event_choices":[{"damage_healed":0.0,"max_hp_gain":0.0,"max_hp_loss":0.0,"gold_gain":0.0,"event_name":"Accursed Blacksmith","player_choice":"Rummage","floor":10.0,"gold_loss":0.0,"damage_taken":0.0,"relics_obtained":["WarpedTongs"],"cards_obtained":["Pain"]},{"damage_healed":18.0,"max_hp_gain":0.0,"max_hp_loss":0.0,"gold_gain":0.0,"event_name":"The Cleric","player_choice":"Healed","floor":14.0,"gold_loss":35.0,"damage_taken":0.0},{"damage_healed":0.0,"max_hp_gain":0.0,"max_hp_loss":0.0,"gold_gain":0.0,"event_name":"Cursed Tome","player_choice":"Obtained Book","floor":19.0,"gold_loss":0.0,"damage_taken":16.0}],"is_beta":false,"boss_relics":[{"not_picked":["Inserter","Astrolabe"],"picked":"Pandora\u0027s Box"}],"items_purged_floors":[11,20],"is_endless":false,"potions_floor_spawned":[3,4,12,16,21],"killed_by":"Shelled Parasite and Fungi","ascension_level":4}}