{"host":"4pckc3u5mqcilakq","time":1611315083,"event":{"mods":["AchievementEnabler","BaseMod","Colored Map","Colored Powertips","Highlight Path","Minty Spire (QoL Compilation)"],"gold_per_floor":[118,118,137,154,154,182,196,196,196,196,216,231,248,277,277,375,375,392,392,249,261,104,104,120,120,120,120,146,46,46,71,71,173,173,183,233,245,259,259,287,287,322,322,348,360,380,406,424,424,424,424,424,82,115,115,115],"floor_reached":55,"language":"ENG","playtime":3682,"items_purged":["Strike_B","Cold Snap","Zap+1"],"score":1007,"play_id":"af4fb90e-9e84-4815-b8ff-76eef306f463","local_time":"20210122143123","is_ascension_mode":true,"campfire_choices":[{"floor":8,"key":"REST"},{"data":"Cold Snap","floor":10,"key":"SMITH"},{"floor":15,"key":"REST"},{"data":"Flash of Steel","floor":23,"key":"SMITH"},{"data":"Echo Form","floor":25,"key":"SMITH"},{"data":"Buffer","floor":32,"key":"SMITH"},{"floor":41,"key":"RECALL"},{"data":"All For One","floor":49,"key":"SMITH"},{"data":"All For One","floor":52,"key":"SMITH"}],"circlet_count":0,"master_deck":["Strike_B","Defend_B","Defend_B+1","Defend_B+1","Dualcast+1","Cold Snap+1","Sweeping Beam","Gash","Glacier","All For One+1","Echo Form+1","Beam Cell+1","Gash","Flash of Steel+1","Reprogram+1","Melter","Buffer+1","Core Surge","Master of Strategy+1","All For One+1","Static Discharge"],"relics":["Empty Cage","Question Card","Kunai","Singing Bowl","Nuclear Battery","War Paint","Ornamental Fan","Lantern","Toxic Egg 2","Black Star","Ice Cream","Thread and Needle","Happy Flower","Pear","Boot","Nunchaku","ClockworkSouvenir","Mango","Symbiotic Virus"],"acts_visited":["Exordium","TheCity","TheBeyond","TheEnding"],"potions_floor_usage":[14,18,28,28,28,28,28,37,46,50,50,50,55],"damage_taken":[{"damage":6,"enemies":"Jaw Worm","floor":1,"turns":5},{"damage":0,"enemies":"Cultist","floor":3,"turns":3},{"damage":5,"enemies":"Small Slimes","floor":4,"turns":4},{"damage":45,"enemies":"Gremlin Nob","floor":6,"turns":5},{"damage":11,"enemies":"3 Louse","floor":7,"turns":2},{"damage":6,"enemies":"Blue Slaver","floor":11,"turns":3},{"damage":10,"enemies":"Exordium Wildlife","floor":12,"turns":3},{"damage":0,"enemies":"Gremlin Gang","floor":13,"turns":3},{"damage":0,"enemies":"Lagavulin","floor":14,"turns":5},{"damage":20,"enemies":"Slime Boss","floor":16,"turns":10},{"damage":10,"enemies":"Shell Parasite","floor":18,"turns":6},{"damage":3,"enemies":"Spheric Guardian","floor":21,"turns":4},{"damage":8,"enemies":"Shelled Parasite and Fungi","floor":24,"turns":5},{"damage":0,"enemies":"Slavers","floor":28,"turns":4},{"damage":10,"enemies":"Gremlin Leader","floor":31,"turns":5},{"damage":2,"enemies":"Automaton","floor":33,"turns":10},{"damage":0,"enemies":"3 Shapes","floor":35,"turns":5},{"damage":0,"enemies":"Mind Bloom Boss Battle","floor":36,"turns":3},{"damage":0,"enemies":"3 Darklings","floor":37,"turns":6},{"damage":0,"enemies":"Spire Growth","floor":38,"turns":4},{"damage":13,"enemies":"Nemesis","floor":40,"turns":5},{"damage":1,"enemies":"Giant Head","floor":42,"turns":6},{"damage":9,"enemies":"Reptomancer","floor":44,"turns":8},{"damage":0,"enemies":"Maw","floor":45,"turns":5},{"damage":0,"enemies":"Transient","floor":46,"turns":5},{"damage":0,"enemies":"Spire Growth","floor":48,"turns":2},{"damage":27,"enemies":"Donu and Deca","floor":50,"turns":9},{"damage":26,"enemies":"Shield and Spear","floor":54,"turns":5},{"damage":141,"enemies":"The Heart","floor":55,"turns":8}],"seed_played":"5804798775575883017","potions_obtained":[{"floor":6,"key":"LiquidBronze"},{"floor":12,"key":"EssenceOfDarkness"},{"floor":14,"key":"EntropicBrew"},{"floor":16,"key":"Weak Potion"},{"floor":18,"key":"Strength Potion"},{"floor":28,"key":"LiquidMemories"},{"floor":33,"key":"FearPotion"},{"floor":42,"key":"ColorlessPotion"},{"floor":44,"key":"BlessingOfTheForge"},{"floor":45,"key":"Weak Potion"},{"floor":46,"key":"Dexterity Potion"},{"floor":54,"key":"Fire Potion"}],"is_trial":false,"path_per_floor":["M","?","M","M","?","E","M","R","T","R","M","M","M","E","R","B",null,"M","?","$","M","$","R","M","R","T","?","E","$","?","E","R","B",null,"M","?","M","M","?","E","R","E","T","E","M","M","T","M","R","B",null,"R","$","E","B"],"character_chosen":"DEFECT","items_purchased":["War Paint","Flash of Steel","ClockworkSouvenir","Static Discharge"],"campfire_rested":2,"item_purchase_floors":[20,22,53,53],"current_hp_per_floor":[69,69,69,64,64,19,8,30,30,30,24,14,14,16,39,19,77,67,67,67,64,64,64,56,56,56,42,54,54,54,44,44,44,84,86,88,90,90,90,79,79,80,80,81,83,85,85,87,87,60,110,110,110,100,0,0],"gold":115,"neow_bonus":"BOSS_RELIC","is_daily":false,"chose_seed":false,"campfire_upgraded":6,"win_rate":0.0,"timestamp":1611315083,"path_taken":["M","?","M","M","?","E","M","R","T","R","M","M","?","E","R","BOSS","M","?","$","M","?","R","M","R","T","?","E","$","?","E","R","BOSS","M","?","M","M","?","E","R","E","T","E","M","M","?","M","R","BOSS","R","$","E","BOSS"],"items_purchased_type":["Relic","Card","Relic","Card"],"build_version":"2020-12-22","purchased_purges":3,"victory":false,"max_hp_per_floor":[75,75,75,75,75,75,75,75,75,75,75,75,75,77,77,77,77,77,77,77,77,77,77,77,77,77,82,82,82,82,82,82,84,84,86,88,90,90,90,92,92,94,94,104,106,108,108,110,110,110,110,110,110,126,126,126],"card_choices":[{"not_picked":["Gash","Go for the Eyes","Compile Driver"],"picked":"SKIP","floor":1},{"not_picked":["Barrage","Compile Driver","Stack"],"picked":"SKIP","floor":3},{"not_picked":["Blizzard","Streamline"],"picked":"Cold Snap","floor":4},{"not_picked":["Reinforced Body","Lockon"],"picked":"Sweeping Beam","floor":6},{"not_picked":["Hologram","Redo","Fusion"],"picked":"Cold Snap","floor":7},{"not_picked":["Conserve Battery","Cold Snap","Sweeping Beam"],"picked":"Gash","floor":11},{"not_picked":["Darkness","Blizzard","Stack"],"picked":"Glacier","floor":12},{"not_picked":["Force Field","Barrage","Streamline"],"picked":"All For One","floor":13},{"not_picked":["White Noise","Redo","Coolheaded","Static Discharge"],"picked":"Singing Bowl","floor":14},{"not_picked":["Multi-Cast","Rainbow","Biased Cognition"],"picked":"Echo Form","floor":16},{"not_picked":["Sweeping Beam","Turbo","Leap"],"picked":"Beam Cell+1","floor":18},{"not_picked":["Ball Lightning+1","Sunder","Loop"],"picked":"Gash","floor":21},{"not_picked":["Redo+1","Fusion+1","Echo Form"],"picked":"Reprogram+1","floor":24},{"not_picked":["Ball Lightning+1","Conserve Battery","Doom and Gloom+1"],"picked":"Melter","floor":28},{"not_picked":["Steam+1","Melter+1","Glacier+1"],"picked":"Buffer","floor":31},{"not_picked":["Buffer","Amplify+1","Biased Cognition","Echo Form"],"picked":"Singing Bowl","floor":33},{"not_picked":["Compile Driver","Steam+1","Fusion+1","Capacitor"],"picked":"Singing Bowl","floor":35},{"not_picked":["Ball Lightning","Stack+1","Heatsinks+1","Genetic Algorithm+1"],"picked":"Singing Bowl","floor":36},{"not_picked":["Force Field+1","Ball Lightning+1","Chaos+1","Beam Cell"],"picked":"Singing Bowl","floor":37},{"not_picked":["Beam Cell+1","Conserve Battery+1","Static Discharge"],"picked":"Core Surge","floor":38},{"not_picked":["Purity+1","Panacea+1","Jack Of All Trades+1"],"picked":"Master of Strategy+1","floor":39},{"not_picked":["Turbo+1","Compile Driver","Loop","Redo+1"],"picked":"Singing Bowl","floor":40},{"not_picked":["Self Repair","Consume+1","Chaos+1","Ball Lightning"],"picked":"Singing Bowl","floor":42},{"not_picked":["Fusion+1","Beam Cell+1","Streamline"],"picked":"All For One","floor":44},{"not_picked":["Coolheaded+1","Beam Cell+1","Conserve Battery+1","Cold Snap+1"],"picked":"Singing Bowl","floor":45},{"not_picked":["Tempest+1","White Noise+1","Force Field+1","Cold Snap"],"picked":"Singing Bowl","floor":46},{"not_picked":["Buffer","Rebound","Chaos+1","Defragment"],"picked":"Singing Bowl","floor":48},{"not_picked":["Ball Lightning+1","Amplify+1","Chill+1","Hologram+1"],"picked":"Singing Bowl","floor":54}],"player_experience":177949,"relics_obtained":[{"floor":6,"key":"Question Card"},{"floor":9,"key":"Kunai"},{"floor":14,"key":"Singing Bowl"},{"floor":26,"key":"Ornamental Fan"},{"floor":28,"key":"Lantern"},{"floor":31,"key":"Toxic Egg 2"},{"floor":36,"key":"Ice Cream"},{"floor":40,"key":"Thread and Needle"},{"floor":40,"key":"Happy Flower"},{"floor":44,"key":"Pear"},{"floor":44,"key":"Boot"},{"floor":47,"key":"Nunchaku"},{"floor":54,"key":"Mango"},{"floor":54,"key":"Symbiotic Virus"}],"event_choices":[{"damage_healed":0,"gold_gain":0,"player_choice":"Grow","damage_taken":0,"max_hp_gain":0,"max_hp_loss":0,"event_name":"Living Wall","floor":2,"gold_loss":0,"cards_upgraded":["Zap"]},{"damage_healed":0,"gold_gain":0,"player_choice":"Forge","damage_taken":0,"max_hp_gain":0,"max_hp_loss":0,"event_name":"Accursed Blacksmith","floor":5,"gold_loss":0,"cards_upgraded":["Dualcast"]},{"cards_removed":["Strike_B"],"damage_healed":0,"gold_gain":0,"player_choice":"Offered Basic","damage_taken":0,"max_hp_gain":0,"max_hp_loss":0,"event_name":"Bonfire Elementals","floor":19,"gold_loss":0},{"damage_healed":0,"gold_gain":0,"player_choice":"Shed Blood","damage_taken":19,"max_hp_gain":5,"max_hp_loss":0,"event_name":"Forgotten Altar","floor":27,"gold_loss":0},{"damage_healed":0,"gold_gain":0,"player_choice":"Ignored","damage_taken":0,"max_hp_gain":0,"max_hp_loss":0,"event_name":"Ghosts","floor":30,"gold_loss":0},{"damage_healed":0,"gold_gain":0,"player_choice":"Fight","damage_taken":0,"max_hp_gain":0,"max_hp_loss":0,"event_name":"MindBloom","floor":36,"gold_loss":0},{"damage_healed":0,"gold_gain":0,"player_choice":"Memory 1","damage_taken":0,"max_hp_gain":0,"max_hp_loss":0,"event_name":"SensoryStone","floor":39,"gold_loss":0}],"is_beta":false,"boss_relics":[{"not_picked":["SacredBark","Runic Pyramid"],"picked":"Nuclear Battery"},{"not_picked":["Runic Dome","Sozu"],"picked":"Black Star"}],"items_purged_floors":[22,29,53],"is_endless":false,"potions_floor_spawned":[6,12,14,16,18,28,33,42,44,45,46,48,54],"killed_by":"The Heart","ascension_level":3}}