{"host":"tlbgt7ns5r9s9fgj","time":1611283371,"event":{"mods":["2.2 Compatiblity","Act Like it!","Ascension Reborn","Aspiration","BaseMod","Better Altar","Better Match","Better Note","Better Sensory Stone","Better Skull","Better Third Choice","Better Vampires","BetterRewards","Card Filter","Card Forge","Challenge The Spire","Colored Map","Colored Powertips","Colorless Booster Pack","Conspire","Custom Start","Elementarium","Energized Spire","Friendly Minions","GifTheSpireLib","Halation","Hallownest","Highlight Path","Hubris","Infinite Spire","Ironclad Rager","Jedi Mod","Key Reminder","Marked Mod","Menagerie","Minty Spire (QoL Compilation)","Pale of the Ancients","Permanent Neow","Potionbrewer","Practice Mode","Quick Restart","Relic Sorter","Replay The Spire","Retaliation","SCP261 Mod","Shop Mod","Spicy Shops","Spikes Relics","StSLib","Stuff the Spire","SuperFastMode","Synergy Search","The Factory","The Jungle","Wandering Minibosses","vexMod"],"gold_per_floor":[111,75,94,114,114,114,149,169,195,209,209,104,123,150,150,150,150],"floor_reached":16,"language":"ENG","playtime":1831,"items_purged":[],"score":112,"play_id":"a36b2dd3-2c57-4326-9942-d9c115cf67e3","local_time":"20210121214251","is_ascension_mode":true,"campfire_choices":[{"data":"Crescendo","floor":6,"key":"SMITH"}],"circlet_count":0,"master_deck":["Strike_P","Strike_P","Strike_P","Strike_P","Defend_P","Defend_P","Defend_P","Defend_P","Eruption","Vigilance","Adaptation","Crescendo+1","FlurryOfBlows","ConjureBlade","Replay:AtTheReady","Replay:Hum","StuffTheSpire:Innocence","Replay:AtTheReady","Protect","Perseverance","Evaluate"],"relics":["PureWater","Hammer of Thor","Seething Fire","Anvil of the Gods","NeowsBlessing","betterThird:SlimedRelic","Replay:Purple Gloves","Art of War","wanderingMiniBosses:OtherGremlinHorn","hubris:SphereOfDissonance"],"acts_visited":["Exordium"],"potions_floor_usage":[16,16],"damage_taken":[{"damage":0,"enemies":"Small Slimes","floor":1,"turns":1},{"damage":0,"enemies":"Jaw Worm","floor":3,"turns":1},{"damage":0,"enemies":"infinitespire:Voidling","floor":4,"turns":1},{"damage":13,"enemies":"Replay:BlueRogue","floor":7,"turns":8},{"damage":3,"enemies":"Large Slime","floor":8,"turns":4},{"damage":0,"enemies":"Looter","floor":10,"turns":2},{"damage":2,"enemies":"Blue Slaver","floor":13,"turns":4},{"damage":16,"enemies":"Gremlin Nob","floor":14,"turns":5},{"damage":13,"enemies":"The Guardian","floor":16,"turns":9}],"seed_played":"-3889590165151622139","potions_obtained":[{"floor":3,"key":"potionbrewer:EndurancePotion"},{"floor":4,"key":"SCP261:GirlTearsPotion"},{"floor":10,"key":"potionbrewer:ToxicPotion"}],"is_trial":false,"path_per_floor":["M","?","M","M","?","R","E","M","T","M","?","$","M","E","R_BF","B"],"character_chosen":"WATCHER","items_purchased":["Replay:AtTheReady","Protect"],"campfire_rested":0,"item_purchase_floors":[12,12],"current_hp_per_floor":[72,61,61,61,42,42,29,26,26,26,19,19,17,1,1,0,0],"gold":150,"neow_bonus":"THREE_ENEMY_KILL","is_daily":false,"chose_seed":false,"campfire_upgraded":1,"win_rate":0.0,"timestamp":1611283371,"path_taken":["M","?","M","M","?","R","E","M","T","M","?","$","?","E","R_BF","BOSS"],"items_purchased_type":["Card","Card"],"build_version":"2020-12-22","purchased_purges":0,"victory":false,"max_hp_per_floor":[72,72,72,72,72,72,72,72,72,72,72,72,72,72,72,72,72],"card_choices":[{"not_picked":["Halt","Pray"],"picked":"Adaptation","floor":1},{"not_picked":["EmptyBody","MarkedMod:Acupuncture"],"picked":"Crescendo","floor":3},{"not_picked":["EmptyBody","CrushJoints"],"picked":"FlurryOfBlows","floor":4},{"not_picked":["hubris:InfiniteBlow","ReplayTheSpireMod:Chaos Vortex"],"picked":"infinitespire:SealOfDarkness+","floor":5},{"not_picked":["EmptyBody","SignatureMove"],"picked":"ConjureBlade","floor":7},{"not_picked":["FlyingSleeves","FearNoEvil"],"picked":"Replay:AtTheReady","floor":8},{"not_picked":["FearNoEvil","Replay:BluntJabs"],"picked":"Replay:Hum","floor":10},{"not_picked":["PathToVictory","ThirdEye"],"picked":"Perseverance","floor":13},{"not_picked":["EmptyFist","Tantrum"],"picked":"Evaluate","floor":14}],"player_experience":179996,"relics_obtained":[{"floor":7,"key":"Replay:Purple Gloves"},{"floor":9,"key":"Art of War"},{"floor":13,"key":"wanderingMiniBosses:OtherGremlinHorn"},{"floor":14,"key":"hubris:SphereOfDissonance"}],"event_choices":[{"damage_healed":0,"gold_gain":0,"player_choice":"Slimed","damage_taken":11,"max_hp_gain":0,"max_hp_loss":0,"event_name":"betterThird:BetterGoop","floor":2,"gold_loss":36}],"is_beta":false,"boss_relics":[],"items_purged_floors":[],"is_endless":false,"potions_floor_spawned":[3,4,10],"killed_by":"The Guardian","ascension_level":0}}