{"host":"qsusua7l529r8z9k","time":1611289798,"event":{"mods":["BaseMod","Minty Spire (QoL Compilation)","Spicy Shops","StSLib"],"gold_per_floor":[111,111,124,124,140,165,165,165,215,226,244,244,258,258,258,335,335,348,45,56,71,89,121,132,132,132,157,171,171,189,189,189],"floor_reached":31,"language":"ZHS","playtime":1640,"items_purged":["Strike_B"],"score":464,"play_id":"21a7f4ad-9c2a-4af5-b2d8-cbd5a940303b","local_time":"20210122122958","is_ascension_mode":true,"campfire_choices":[{"data":"Coolheaded","floor":7.0,"key":"SMITH"},{"floor":12.0,"key":"REST"},{"data":"Zap","floor":15.0,"key":"SMITH"},{"floor":25.0,"key":"REST"},{"data":"Apotheosis","floor":29.0,"key":"SMITH"}],"circlet_count":0,"master_deck":["AscendersBane","Strike_B","Strike_B","Strike_B","Defend_B","Defend_B","Defend_B","Defend_B","Zap+1","Dualcast","Streamline","Static Discharge","Coolheaded+1","Recycle","Blizzard","Echo Form","Coolheaded","Apotheosis+1","White Noise","Amplify","Turbo","Coolheaded"],"relics":["Inserter","Cables","Blue Candle","Bag of Preparation","Sundial","DataDisk","Sozu","Bottled Lightning","Eternal Feather","Shovel"],"acts_visited":["Exordium","TheCity"],"potions_floor_usage":[],"damage_taken":[{"damage":8.0,"enemies":"2 Louse","floor":1.0,"turns":2.0},{"damage":7.0,"enemies":"Jaw Worm","floor":3.0,"turns":3.0},{"damage":2.0,"enemies":"Cultist","floor":5.0,"turns":3.0},{"damage":30.0,"enemies":"Lagavulin","floor":6.0,"turns":8.0},{"damage":16.0,"enemies":"Gremlin Gang","floor":10.0,"turns":6.0},{"damage":1.0,"enemies":"Blue Slaver","floor":11.0,"turns":5.0},{"damage":8.0,"enemies":"Large Slime","floor":13.0,"turns":8.0},{"damage":3.0,"enemies":"The Guardian","floor":16.0,"turns":12.0},{"damage":21.0,"enemies":"Shell Parasite","floor":18.0,"turns":6.0},{"damage":0.0,"enemies":"Chosen","floor":20.0,"turns":5.0},{"damage":0.0,"enemies":"Centurion and Healer","floor":21.0,"turns":6.0},{"damage":1.0,"enemies":"Shelled Parasite and Fungi","floor":22.0,"turns":6.0},{"damage":20.0,"enemies":"Slavers","floor":23.0,"turns":5.0},{"damage":16.0,"enemies":"Snake Plant","floor":24.0,"turns":5.0},{"damage":17.0,"enemies":"Gremlin Leader","floor":27.0,"turns":8.0},{"damage":2.0,"enemies":"3 Cultists","floor":28.0,"turns":4.0},{"damage":11.0,"enemies":"Centurion and Healer","floor":30.0,"turns":6.0},{"damage":9,"enemies":"Cultist and Chosen","floor":31,"turns":5}],"seed_played":"1967596514872915726","potions_obtained":[{"floor":1.0,"key":"FearPotion"},{"floor":10.0,"key":"Dexterity Potion"},{"floor":16.0,"key":"Explosive Potion"}],"is_trial":false,"path_per_floor":["M","?","M","?","M","E","R","T","T","M","M","R","M","?","R","B",null,"M","$","M","M","M","E","M","R","T","E","M","R","M","M"],"character_chosen":"DEFECT","items_purchased":["Apotheosis"],"campfire_rested":2,"item_purchase_floors":[19],"current_hp_per_floor":[60,57,50,50,48,18,18,18,18,2,1,23,15,15,15,12,59,38,38,38,38,37,17,1,23,23,6,4,16,5,0,0],"gold":189,"neow_bonus":"BOSS_RELIC","is_daily":false,"chose_seed":false,"campfire_upgraded":3,"win_rate":0.0,"timestamp":1611289798,"path_taken":["M","?","M","?","M","E","R","?","T","M","?","R","M","?","R","BOSS","M","$","M","M","M","E","M","R","T","E","M","R","?","?"],"items_purchased_type":["Card"],"build_version":"2020-12-22","purchased_purges":1,"victory":false,"max_hp_per_floor":[75,75,75,75,75,75,75,75,75,75,75,75,75,75,75,75,75,75,75,75,75,75,75,75,75,75,75,75,75,75,75,75],"card_choices":[{"not_picked":["Scrape","Go for the Eyes"],"picked":"Streamline","floor":1.0},{"not_picked":["Rebound","Beam Cell"],"picked":"Static Discharge","floor":3.0},{"not_picked":["BootSequence","Darkness"],"picked":"Coolheaded","floor":5.0},{"not_picked":["Rebound","Force Field","Streamline"],"picked":"SKIP","floor":6.0},{"not_picked":["Stack","Auto Shields","Compile Driver"],"picked":"SKIP","floor":10.0},{"not_picked":["Redo","Hello World"],"picked":"Recycle","floor":11.0},{"not_picked":["Stack","Coolheaded"],"picked":"Blizzard","floor":13.0},{"not_picked":["Multi-Cast","Seek"],"picked":"Echo Form","floor":16.0},{"not_picked":["Conserve Battery","Streamline"],"picked":"Coolheaded","floor":18.0},{"not_picked":["Redo","Echo Form","Capacitor"],"picked":"SKIP","floor":20.0},{"not_picked":["Static Discharge","Force Field","BootSequence"],"picked":"SKIP","floor":21.0},{"not_picked":["White Noise","Redo","Beam Cell"],"picked":"SKIP","floor":22.0},{"not_picked":["Redo","Beam Cell"],"picked":"White Noise","floor":22.0},{"not_picked":["Compile Driver","FTL","Force Field"],"picked":"SKIP","floor":23.0},{"not_picked":["Sunder","Storm+1"],"picked":"Amplify","floor":24.0},{"not_picked":["Skim","Leap+1","Rebound"],"picked":"SKIP","floor":27.0},{"not_picked":["Gash","Coolheaded"],"picked":"Turbo","floor":28.0},{"not_picked":["Redo","Capacitor"],"picked":"Coolheaded","floor":30.0}],"player_experience":440238,"relics_obtained":[{"floor":6.0,"key":"Bag of Preparation"},{"floor":8.0,"key":"Sundial"},{"floor":9.0,"key":"DataDisk"},{"floor":23.0,"key":"Bottled Lightning"},{"floor":26.0,"key":"Eternal Feather"},{"floor":27.0,"key":"Shovel"}],"event_choices":[{"damage_healed":0.0,"max_hp_gain":0.0,"max_hp_loss":0.0,"gold_gain":0.0,"event_name":"Scrap Ooze","player_choice":"Success","floor":2.0,"gold_loss":0.0,"damage_taken":3.0,"relics_obtained":["Cables"]},{"damage_healed":0.0,"max_hp_gain":0.0,"max_hp_loss":0.0,"gold_gain":0.0,"event_name":"Big Fish","player_choice":"Box","floor":4.0,"gold_loss":0.0,"damage_taken":0.0,"relics_obtained":["Blue Candle"],"cards_obtained":["Regret"]},{"cards_removed":["Regret"],"damage_healed":0.0,"max_hp_gain":0.0,"max_hp_loss":0.0,"gold_gain":0.0,"event_name":"Fountain of Cleansing","player_choice":"Removed Curses","floor":14.0,"gold_loss":0.0,"damage_taken":0.0}],"is_beta":false,"boss_relics":[{"not_picked":["SacredBark","Calling Bell"],"picked":"Sozu"}],"items_purged_floors":[19],"is_endless":false,"potions_floor_spawned":[1,10,16,18,21,28,30],"killed_by":"Cultist and Chosen","ascension_level":13}}