{"host":"kvo7eymyd21g9abd","time":1611349195,"event":{"mods":["AchievementEnabler","BaseMod","Bestiary","Colored Map","Minty Spire (QoL Compilation)","StSLib"],"gold_per_floor":[115,115,125,125,139,40,73,73,73,73,25,25,48,67,67,191,191,204,204,20,31,51,51],"floor_reached":22,"language":"ENG","playtime":741,"items_purged":["Injury"],"score":239,"play_id":"a7461588-54dc-4cff-8509-709b33aef44c","local_time":"20210122155955","is_ascension_mode":true,"campfire_choices":[{"floor":10,"key":"RECALL"},{"data":"Armaments","floor":12,"key":"SMITH"},{"floor":15,"key":"REST"}],"circlet_count":0,"master_deck":["Strike_R","Strike_R","Strike_R","Strike_R","Strike_R","Defend_R","Defend_R","Defend_R","Defend_R","Bash","Entrench","Perfected Strike","Armaments+1","Cleave","Body Slam","Body Slam","Demon Form","Reaper","Flame Barrier"],"relics":["Burning Blood","Calipers","Bloody Idol","Question Card","Gambling Chip","SlaversCollar","Membership Card"],"acts_visited":["Exordium","TheCity"],"potions_floor_usage":[7,16,16,21,22],"damage_taken":[{"damage":10,"enemies":"Small Slimes","floor":1,"turns":4},{"damage":6,"enemies":"Cultist","floor":3,"turns":3},{"damage":8,"enemies":"Jaw Worm","floor":5,"turns":5},{"damage":42,"enemies":"Gremlin Nob","floor":7,"turns":5},{"damage":17,"enemies":"Looter","floor":13,"turns":3},{"damage":13,"enemies":"Large Slime","floor":14,"turns":6},{"damage":37,"enemies":"The Guardian","floor":16,"turns":12},{"damage":47,"enemies":"3 Byrds","floor":18,"turns":6},{"damage":36,"enemies":"Spheric Guardian","floor":21,"turns":5},{"damage":30,"enemies":"Shelled Parasite and Fungi","floor":22,"turns":6}],"seed_played":"-1979101711124940530","potions_obtained":[{"floor":3,"key":"FearPotion"},{"floor":13,"key":"Weak Potion"},{"floor":14,"key":"Fire Potion"},{"floor":21,"key":"ColorlessPotion"}],"is_trial":false,"path_per_floor":["M","?","M","?","M","$","E","?","T","R","$","R","M","M","R","B",null,"M","?","$","M","M"],"character_chosen":"IRONCLAD","items_purchased":["Armaments","BloodPotion","Membership Card","Reaper"],"campfire_rested":1,"item_purchase_floors":[6,11,20,20],"current_hp_per_floor":[47,80,80,80,78,78,42,42,42,42,42,42,31,24,48,17,64,23,23,23,14,0,0],"gold":51,"neow_bonus":"ONE_RARE_RELIC","is_daily":false,"chose_seed":false,"campfire_upgraded":1,"win_rate":0.0,"timestamp":1611349195,"path_taken":["M","?","?","?","M","$","E","?","T","R","$","R","M","M","R","BOSS","M","?","$","M","M"],"items_purchased_type":["Card","Potion","Relic","Card"],"build_version":"2020-12-22","purchased_purges":1,"victory":false,"max_hp_per_floor":[80,80,80,80,80,80,80,80,80,80,80,80,80,80,80,80,80,80,80,80,80,80,80],"card_choices":[{"not_picked":["Flex","Clothesline"],"picked":"Entrench","floor":1},{"not_picked":["Hemokinesis","Fire Breathing"],"picked":"Entrench","floor":3},{"not_picked":["Sword Boomerang","Second Wind"],"picked":"Perfected Strike","floor":5},{"not_picked":["Evolve","Seeing Red"],"picked":"Cleave","floor":7},{"not_picked":["Feel No Pain","Shrug It Off","Wild Strike"],"picked":"Body Slam","floor":13},{"not_picked":["Bloodletting","Carnage","Sword Boomerang"],"picked":"Body Slam","floor":14},{"not_picked":["Corruption","Berserk","Limit Break"],"picked":"Demon Form","floor":16},{"not_picked":["Flex","Anger+1","Burning Pact","Headbutt"],"picked":"SKIP","floor":18},{"not_picked":["Dropkick","Inflame+1","Sentinel"],"picked":"Flame Barrier","floor":21}],"player_experience":412180,"relics_obtained":[{"floor":7,"key":"Question Card"}],"event_choices":[{"cards_removed":["Entrench"],"damage_healed":33,"gold_gain":0,"player_choice":"Offered Uncommon","damage_taken":0,"max_hp_gain":0,"max_hp_loss":0,"event_name":"Bonfire Elementals","floor":2,"gold_loss":0},{"damage_healed":0,"gold_gain":0,"player_choice":"Take Wound","damage_taken":0,"relics_obtained":["Golden Idol"],"max_hp_gain":0,"max_hp_loss":0,"event_name":"Golden Idol","floor":4,"gold_loss":0,"cards_obtained":["Injury"]},{"damage_healed":0,"gold_gain":0,"player_choice":"Searched \u00271\u0027 times","damage_taken":0,"relics_obtained":["Gambling Chip"],"max_hp_gain":0,"max_hp_loss":0,"event_name":"Dead Adventurer","floor":8,"gold_loss":0},{"damage_healed":0,"gold_gain":0,"player_choice":"Gave Idol","damage_taken":0,"relics_obtained":["Bloody Idol"],"max_hp_gain":0,"max_hp_loss":0,"event_name":"Forgotten Altar","floor":19,"relics_lost":["Golden Idol"],"gold_loss":0}],"is_beta":false,"boss_relics":[{"not_picked":["Mark of Pain","Calling Bell"],"picked":"SlaversCollar"}],"items_purged_floors":[6],"is_endless":false,"potions_floor_spawned":[3,13,14,21],"killed_by":"Shelled Parasite and Fungi","ascension_level":6}}