{"host":"qmnyg5dk1o6rw6mz","time":1611309721,"event":{"mods":["100% Spire Juice","2.2 Compatiblity","AchievementEnabler","Act Like it!","AlwaysNeverKeys","Arknights The Spire","Ascension Reborn","Aspiration","Astrologer","BaseMod","Bestiary","Better Match","Better Note","BetterRewards","CapriCore","Challenge The Spire","Colored Map","Colored Powertips","Conjunction","Conspire","DeckTracker","Defuse TimeMaze Blight","Disable Question Mark Monsters","Energized Spire","Gensokyo","GifTheSpireLib","Gremlin Skip","Hermit","Highlight Path","HololiveMod","HornydragonMod","Hubris","Hyrulean Relics","Infinite Spire","Jedi Mod","KomeijiMod","Marisa¡]Ãú«B¡@Å]²z¨F¡^","Mimic Mod","Minty Spire (QoL Compilation)","Pale of the Ancients","Permanent Neow","Quick Restart","Rare Cards Sparkle","Reimu¡]³Õ???¡^","Relic Filter","Replay The Spire","Reworked Bosses","SIMod","StSLib","Stuff the Spire","SuperFastMode","The Alterego","The Animator","The Cursed","The Gatherer","The Immortal","The Jungle","The Marked","The Runesmith","The Showman","Unceasing Turn Reminder","Unknown Chances","Wandering Minibosses","Yuri Mod","vexMod","¡i¥\¯àMod¡j²V¨P¤§?­×Î`?¤B"],"gold_per_floor":[114,134,134,146,146,175,193,216,240,274,274,309,309,11,11,111,111,123,123,123,123,203,0,0,0,24,41,71,86,11,11,11,11,11,11],"floor_reached":33,"language":"ZHS","playtime":1380,"items_purged":["Parasite","MokouMod:Strike"],"score":281,"play_id":"4f577058-67fa-4028-b17e-156f54936387","local_time":"20210122180201","is_ascension_mode":true,"campfire_choices":[{"floor":15,"key":"REST"}],"circlet_count":0,"master_deck":["MokouMod:Strike","MokouMod:Strike","MokouMod:Strike","MokouMod:Strike+1","MokouMod:Defend","MokouMod:Defend","MokouMod:Defend","MokouMod:Defend+1","MokouMod:HeatSpark","MokouMod:SacredFire+1","MokouMod:HeatCyclone","MokouMod:IgnitionBlast","MokouMod:IgneousBlow","alterego_mod:1TonWallop","alterego_mod:IndependentAction+1","MokouMod:SpontaneousHumanCombustion","MokouMod:DanceofFlames","MokouMod:Refresh","MokouMod:RadiantBlade+1","MokouMod:Ember","infinitespire:FutureSight","MokouMod:FlareStarter","MokouMod:ProfanedFlare","MokouMod:ResonatingAura+1","MokouMod:FujiyamaVolcano+1","MokouMod:RadiantBlade+1","ReplayTheSpireMod:Private Reserves+1"],"relics":["MokouMod:PhoenixFeather","hubris:DisguiseKit","jedi:crownofsimplicity","Juzu Bracelet","hubris:TenFootPole","Unceasing Top","jedi:Pinwheel","RuthlessExorcism:ReiMu","energizedSpire:EnergizedDie","hubris:BundleOfHerbs","Mastiff:ReiMu","Gensokyo:DemonMask","PreservedInsect","infinitespire:FocusingShard","Orichalcum"],"acts_visited":["Exordium","Exordium"],"potions_floor_usage":[6,16,18,29],"damage_taken":[{"damage":2,"enemies":"conspire:RoseBush","floor":1,"turns":4},{"damage":0,"enemies":"Small Slimes","floor":2,"turns":4},{"damage":1,"enemies":"2 Louse","floor":4,"turns":4},{"damage":28,"enemies":"Lagavulin","floor":6,"turns":5},{"damage":16,"enemies":"Large Slime","floor":7,"turns":2},{"damage":24,"enemies":"Replay:BlueRogue","floor":10,"turns":4},{"damage":13,"enemies":"3 Sentries","floor":12,"turns":5},{"damage":20,"enemies":"Hexaghost","floor":16,"turns":7},{"damage":16,"enemies":"Gensokyo:3_Dogs","floor":18,"turns":4},{"damage":4,"enemies":"Gensokyo:Chomper","floor":19,"turns":2},{"damage":30,"enemies":"Gensokyo:Wraith","floor":27,"turns":5},{"damage":37,"enemies":"Gensokyo:Tenshi","floor":28,"turns":4},{"damage":15,"enemies":"Gensokyo:Slime_Group","floor":29,"turns":4},{"damage":67,"enemies":"Gensokyo:Kaguya","floor":33,"turns":8}],"seed_played":"-8151950703523826080","potions_obtained":[{"floor":4,"key":"PowerPotion"},{"floor":6,"key":"CalmPotion"},{"floor":7,"key":"Elixir"},{"floor":12,"key":"Energy Potion"},{"floor":16,"key":"PowerPotion"},{"floor":27,"key":"Toxic Potion"}],"is_trial":false,"path_per_floor":["M","M","?","M","?","E","M","T","T","E","?","E","?","$","R","B",null,"M","M","AVR","$","?","?","$","?","T","M","E","M","?","T","R_BF","B"],"character_chosen":"MKU","items_purchased":["RuthlessExorcism:ReiMu","MokouMod:Refresh"],"campfire_rested":1,"item_purchase_floors":[14,14],"current_hp_per_floor":[66,66,52,51,51,23,7,7,7,17,34,21,21,21,40,20,65,49,45,45,45,45,45,45,45,45,15,4,16,16,16,35,0,0,0],"gold":11,"neow_bonus":"THREE_RARE_CARDS","is_daily":false,"chose_seed":false,"campfire_upgraded":0,"win_rate":0.0,"timestamp":1611309721,"path_taken":["M","M","?","M","?","E","M","?","T","E","?","E","?","$","R","BOSS","M","M","AVR","?","?","?","?","?","T","M","E","M","?","?","R_BF","BOSS"],"items_purchased_type":["Relic","Card"],"build_version":"2020-12-22","purchased_purges":2,"victory":false,"max_hp_per_floor":[68,68,68,68,68,68,68,68,68,68,68,68,68,65,65,65,65,65,65,65,65,65,65,65,65,65,65,65,65,65,65,65,65,65,65],"card_choices":[{"not_picked":["MokouMod:HouraiForge","MokouMod:ProfanedFlare"],"picked":"MokouMod:SacredFire","floor":0},{"not_picked":["MokouMod:InfernalWave","MokouMod:Overheat"],"picked":"MokouMod:HeatCyclone","floor":1},{"not_picked":["MokouMod:InfernalWave","MokouMod:Singe"],"picked":"MokouMod:IgnitionBlast","floor":2},{"not_picked":["MokouMod:ResoluteFlare","MokouMod:GuidingSmoke"],"picked":"MokouMod:IgneousBlow","floor":4},{"not_picked":["MokouMod:UncontrollableSolarReaction","MokouMod:ScorchedEarth","MokouMod:RoaringFlare"],"picked":"alterego_mod:1TonWallop","floor":6},{"not_picked":["MokouMod:Firecracker","MokouMod:GuidingSmoke","MokouMod:Refresh"],"picked":"alterego_mod:IndependentAction","floor":7},{"not_picked":["MokouMod:BlazingComet","MokouMod:Refresh","alterego_mod:TrashNCrash"],"picked":"MokouMod:SpontaneousHumanCombustion","floor":10},{"not_picked":["MokouMod:IndiscriminateIgnition","MokouMod:Burn","alterego_mod:Undulate"],"picked":"MokouMod:DanceofFlames","floor":12},{"not_picked":["MokouMod:PhoenixForm","MokouMod:ResonatingAura","alterego_mod:Alter"],"picked":"MokouMod:RadiantBlade","floor":16},{"not_picked":["MokouMod:Scorch+1","MokouMod:SearingShot","MokouMod:Overheat","alterego_mod:HighServant"],"picked":"SKIP","floor":18},{"not_picked":["MokouMod:CrimsonArmoury","MokouMod:ShiftIgnition","alterego_mod:Nekomimi"],"picked":"MokouMod:Ember","floor":19},{"not_picked":["MokouMod:BurningDraft+1","MokouMod:FujiyamaVolcano","alterego_mod:Collar"],"picked":"MokouMod:FlareStarter","floor":22},{"not_picked":["MokouMod:Ember","MokouMod:HeatCyclone+1","alterego_mod:DeftHands"],"picked":"MokouMod:ProfanedFlare","floor":22},{"not_picked":["MokouMod:FlickeringFlame","MokouMod:EternalBurstReactor","MokouMod:RoaringFlare","alterego_mod:Complex"],"picked":"SKIP","floor":27},{"not_picked":["MokouMod:CrimsonFlare","MokouMod:ShiftIgnition","alterego_mod:DeftHands"],"picked":"MokouMod:ResonatingAura","floor":28},{"not_picked":["MokouMod:UncontrollableSolarReaction","MokouMod:EternalBurstReactor","alterego_mod:1TonWallop"],"picked":"MokouMod:FujiyamaVolcano+1","floor":29},{"not_picked":["MokouMod:SpontaneousHumanCombustion+1","MokouMod:ResonatingAura+1","MokouMod:SacredFire+1"],"picked":"MokouMod:RadiantBlade+1","floor":30},{"not_picked":["Impatience+1","Purity+1","Survey Options+1"],"picked":"ReplayTheSpireMod:Private Reserves+1","floor":30}],"player_experience":201080,"relics_obtained":[{"floor":6,"key":"jedi:crownofsimplicity"},{"floor":8,"key":"Juzu Bracelet"},{"floor":9,"key":"hubris:TenFootPole"},{"floor":10,"key":"Unceasing Top"},{"floor":12,"key":"jedi:Pinwheel"},{"floor":22,"key":"Mastiff:ReiMu"},{"floor":26,"key":"PreservedInsect"},{"floor":28,"key":"infinitespire:FocusingShard"},{"floor":31,"key":"Orichalcum"}],"event_choices":[{"damage_healed":0,"gold_gain":0,"player_choice":"Entered Light","damage_taken":14,"max_hp_gain":0,"max_hp_loss":0,"event_name":"Shining Light","floor":3,"gold_loss":0,"cards_upgraded":["MokouMod:Strike","MokouMod:Defend"]},{"damage_healed":17,"gold_gain":0,"player_choice":"Healed and dodged fight","damage_taken":0,"max_hp_gain":0,"max_hp_loss":0,"event_name":"Mushrooms","floor":11,"gold_loss":0,"cards_obtained":["Parasite"]},{"damage_healed":0,"gold_gain":0,"player_choice":"Trade","damage_taken":0,"relics_obtained":["NlothsMask"],"max_hp_gain":0,"max_hp_loss":0,"event_name":"FaceTrader","floor":13,"gold_loss":0},{"damage_healed":0,"gold_gain":0,"player_choice":"2","damage_taken":0,"max_hp_gain":0,"max_hp_loss":0,"event_name":"betterMatch:BetterMatch","floor":30,"gold_loss":0,"cards_obtained":["betterMatch:RareCard","betterMatch:ColorlessUncommonCard"]}],"is_beta":false,"boss_relics":[{"not_picked":["Pandora\u0027s Box","conspire:RunicOctahedron"],"picked":"energizedSpire:EnergizedDie"}],"items_purged_floors":[14,20],"is_endless":false,"potions_floor_spawned":[4,6,7,12,16,27,28],"killed_by":"Gensokyo:Kaguya","ascension_level":0}}