{"host":"djz5lohmay9vz0dv","time":1611359813,"event":{"mods":["AchievementEnabler","Ascension Reborn","Aspiration","Astrologer","Bartender","BaseMod","CCEM","Chen","Clockwork Mod","Decade(???)","Defuse TimeMaze Blight","Downfall","Energized Spire","Friendly Minions","GifTheSpireLib","GungeonMod","Halation","Hermit","Hubris","Infinite Spire","Ironclad Rager","Jorbs\u0027s Wanderer Trilogy","Koishi","Melee Mod","Minty Spire (QoL Compilation)","Quarter Circle Forward PUNCH!","RRrroohrrRGHHhhh!!","Random Character Button","Rare Cards Sparkle","Replay The Spire","StSLib","Stuff the Spire","The Animator","The Blackbeard","The Bladedancer","The Bug Knight","The Clintock","The Construct","The Judge","The Juggle","The Jungle","The Problem Sleuth","The Saiyan","The Vixen","The Wild Card","Trackpad","UnlockEverythingMod","Virulent Crown","Wandering Minibosses","Yuri Mod"],"gold_per_floor":[99,110,110,122,122,140,221,252,272,288,288,325,325,378,394,394,394,394],"floor_reached":16,"language":"ENG","playtime":1571,"items_purged":[],"score":104,"play_id":"1aa01413-5115-4c52-bc27-9b2e0caf3463","local_time":"20210122155653","is_ascension_mode":true,"campfire_choices":[{"floor":1,"key":"RECALL"},{"floor":13,"key":"REST"}],"circlet_count":0,"master_deck":["sneckomod:Strike","sneckomod:Strike","sneckomod:Defend+1","sneckomod:Defend","sneckomod:Defend+1","sneckomod:TailWhip","sneckomod:SnekBite","sneckomod:Unknown","sneckomod:Unknown","sneckomod:UnknownVulnerable","CurseOfTheBell","CurseOfTheBell","sneckomod:UnknownClassYURI_RED","sneckomod:UnknownClassYURI_RED","sneckomod:UnknownClassEV_BLUE_COLOR","sneckomod:Unknown0Cost","blackbeard:Parrot","sneckomod:UnlimitedRolls","sneckomod:UnknownClassASTROLOGER"],"relics":["sneckomod:SneckoSoul","downfall:ExtraCursedBell","Blue Candle","qcfpunch:Unceasing_Flame","Akabeko","ReplayTheSpireMod:Shallot","Simple Rune"],"acts_visited":["Exordium"],"potions_floor_usage":[16,16],"damage_taken":[{"damage":6,"enemies":"Jaw Worm","floor":2,"turns":3},{"damage":6,"enemies":"2 Louse","floor":4,"turns":4},{"damage":3,"enemies":"Cultist","floor":6,"turns":3},{"damage":50,"enemies":"HollowMod:MossKnight","floor":8,"turns":12},{"damage":0,"enemies":"Gremlin Gang","floor":9,"turns":4},{"damage":0,"enemies":"Exordium Wildlife","floor":10,"turns":3},{"damage":11,"enemies":"2 Fungi Beasts","floor":12,"turns":5},{"damage":17,"enemies":"Blue Slaver","floor":15,"turns":5},{"damage":53,"enemies":"DF_ARCHETYPE_STREAMLINE","floor":16,"turns":9}],"seed_played":"-1982913974598830069","potions_obtained":[{"floor":6,"key":"SneckoOil"},{"floor":8,"key":"Languid Potion"},{"floor":9,"key":"Venom Potion"}],"is_trial":false,"path_per_floor":["R","M","?","M","?","M","T","E","M","M","R","M","R","T","M","B"],"character_chosen":"THE_SNECKO","items_purchased":[],"campfire_rested":1,"item_purchase_floors":[],"current_hp_per_floor":[99,93,93,87,87,84,84,34,34,34,34,23,52,52,35,0,0,0],"gold":394,"neow_bonus":"TEN_PERCENT_HP_BONUS","is_daily":false,"chose_seed":false,"campfire_upgraded":0,"win_rate":0.0,"timestamp":1611359813,"path_taken":["R","M","?","M","?","M","T","E","M","M","R","M","R","?","M","BOSS"],"items_purchased_type":[],"build_version":"2020-12-22","purchased_purges":0,"victory":false,"max_hp_per_floor":[99,99,99,99,99,99,99,99,99,99,99,99,99,99,99,99,99,99],"card_choices":[{"not_picked":["sneckomod:SerpentIdol","sneckomod:UnknownClassDARK_GREEN_COLOR"],"picked":"sneckomod:UnknownVulnerable","floor":2},{"not_picked":["sneckomod:UnknownClassTHE_ANIMATOR","sneckomod:UnknownClassCLINTOCK"],"picked":"sneckomod:UnknownClassYURI_RED","floor":4},{"not_picked":["sneckomod:SerpentIdol","sneckomod:UnknownClassDARK_GREEN_COLOR"],"picked":"sneckomod:UnknownRarePower","floor":6},{"not_picked":["sneckomod:UnknownClassTHE_ANIMATOR","sneckomod:UnknownClassBLADEMASTER_GRAY"],"picked":"sneckomod:UnknownClassYURI_RED","floor":8},{"not_picked":["sneckomod:IronFang","sneckomod:SnakeSap"],"picked":"sneckomod:UnknownClassEV_BLUE_COLOR","floor":9},{"not_picked":["sneckomod:UnknownClassWORDO_MOD_COLOR","sneckomod:CheapStock"],"picked":"sneckomod:Unknown0Cost","floor":10},{"not_picked":["sneckomod:SoulRoll","sneckomod:UnknownVulnerable"],"picked":"sneckomod:UnlimitedRolls","floor":12},{"not_picked":["sneckomod:UnknownClassTHE_UNNAMED","sneckomod:QuickMove"],"picked":"sneckomod:UnknownClassASTROLOGER","floor":15}],"player_experience":13204,"relics_obtained":[{"floor":3,"key":"Blue Candle"},{"floor":3,"key":"qcfpunch:Unceasing_Flame"},{"floor":3,"key":"Akabeko"},{"floor":8,"key":"ReplayTheSpireMod:Shallot"},{"floor":14,"key":"Simple Rune"}],"event_choices":[],"is_beta":false,"boss_relics":[],"items_purged_floors":[],"is_endless":false,"potions_floor_spawned":[6,8,9],"killed_by":"DF_ARCHETYPE_STREAMLINE","ascension_level":0}}