{"host":"hwrdjx5eod2cxh09","time":1611316867,"event":{"mods":["AchievementEnabler","BaseMod","Bestiary","Minty Spire (QoL Compilation)","Relic Stats"],"gold_per_floor":[12,31,50,50,66,66,400,400,400,431,431,8,8,43,43,162,162,181,206,206,224,243,276,299,332,356,372,386,386,386,409,409,532,532,555,555,618,181,201,201,225,225,225,225,240,240,279,304,304,304,304,304,56,92,92],"floor_reached":56,"language":"ENG","playtime":4430,"items_purged":["Strike_G","Reflex","Cloak And Dagger"],"score":1359,"play_id":"137eeed6-0dbc-4ace-9d33-e34808412daf","local_time":"20210122210107","is_ascension_mode":true,"campfire_choices":[{"data":"Bouncing Flask","floor":6,"key":"SMITH"},{"data":"Neutralize","floor":8,"key":"SMITH"},{"floor":11,"key":"REST"},{"data":"Prepared","floor":15,"key":"SMITH"},{"floor":29,"key":"REST"},{"data":"Tactician","floor":32,"key":"SMITH"},{"data":"Apotheosis","floor":40,"key":"SMITH"},{"floor":44,"key":"REST"},{"floor":49,"key":"RECALL"},{"data":"Calculated Gamble","floor":52,"key":"SMITH"}],"circlet_count":0,"master_deck":["Survivor","Neutralize+1","Corpse Explosion","Bouncing Flask+1","Prepared+1","Crippling Poison","Acrobatics","Dodge and Roll","Envenom","Backflip+1","Tactician+1","Deadly Poison","Noxious Fumes+1","Tactician+1","Malaise","Underhanded Strike","Footwork","Adrenaline","Wraith Form v2","Heel Hook","Masterful Stab","Flechettes","Deflect+1","Calculated Gamble+1","Apotheosis+1","Deadly Poison","Outmaneuver","Calculated Gamble+1"],"relics":["Ring of the Snake","Golden Idol","Old Coin","Paper Crane","Blue Candle","Incense Burner","Letter Opener","Runic Pyramid","Du-Vu Doll","Bag of Preparation","Strawberry","Pandora\u0027s Box","Tough Bandages","Membership Card","Tingsha","Pear","Snake Skull","Boot","Blood Vial"],"acts_visited":["Exordium","TheCity","TheBeyond","TheEnding"],"potions_floor_usage":[16,16,23,23,25,30,55],"damage_taken":[{"damage":0,"enemies":"Small Slimes","floor":1,"turns":3},{"damage":0,"enemies":"Cultist","floor":2,"turns":3},{"damage":1,"enemies":"Jaw Worm","floor":3,"turns":4},{"damage":2,"enemies":"Blue Slaver","floor":5,"turns":5},{"damage":12,"enemies":"3 Sentries","floor":7,"turns":4},{"damage":19,"enemies":"Gremlin Nob","floor":10,"turns":4},{"damage":8,"enemies":"Lagavulin","floor":14,"turns":7},{"damage":30,"enemies":"Slime Boss","floor":16,"turns":14},{"damage":0,"enemies":"Spheric Guardian","floor":18,"turns":4},{"damage":2,"enemies":"3 Byrds","floor":19,"turns":3},{"damage":0,"enemies":"Snake Plant","floor":21,"turns":4},{"damage":1,"enemies":"Snecko","floor":22,"turns":5},{"damage":33,"enemies":"Slavers","floor":23,"turns":3},{"damage":0,"enemies":"3 Cultists","floor":24,"turns":4},{"damage":7,"enemies":"Gremlin Leader","floor":25,"turns":7},{"damage":9,"enemies":"Centurion and Healer","floor":27,"turns":6},{"damage":0,"enemies":"Snecko","floor":28,"turns":5},{"damage":0,"enemies":"Slavers","floor":30,"turns":1},{"damage":0,"enemies":"Snake Plant","floor":31,"turns":5},{"damage":16,"enemies":"Automaton","floor":33,"turns":10},{"damage":15,"enemies":"3 Darklings","floor":35,"turns":3},{"damage":0,"enemies":"Mind Bloom Boss Battle","floor":37,"turns":6},{"damage":3,"enemies":"3 Shapes","floor":39,"turns":4},{"damage":15,"enemies":"Sphere and 2 Shapes","floor":41,"turns":3},{"damage":0,"enemies":"Spire Growth","floor":45,"turns":4},{"damage":0,"enemies":"Giant Head","floor":47,"turns":7},{"damage":1,"enemies":"Writhing Mass","floor":48,"turns":5},{"damage":9,"enemies":"Time Eater","floor":50,"turns":12},{"damage":0,"enemies":"Shield and Spear","floor":54,"turns":4},{"damage":9,"enemies":"The Heart","floor":55,"turns":9}],"seed_played":"1764067431020376790","potions_obtained":[{"floor":1,"key":"Block Potion"},{"floor":2,"key":"SmokeBomb"},{"floor":14,"key":"ColorlessPotion"},{"floor":16,"key":"Poison Potion"},{"floor":19,"key":"Fire Potion"},{"floor":23,"key":"SpeedPotion"},{"floor":25,"key":"BlessingOfTheForge"},{"floor":33,"key":"Strength Potion"},{"floor":39,"key":"ColorlessPotion"}],"is_trial":false,"path_per_floor":["M","M","M","?","M","R","E","R","T","E","R","$","?","E","R","B",null,"M","M","?","M","M","E","M","E","T","M","M","R","E","M","R","B",null,"M","?","?","$","M","R","M","?","T","R","M","?","E","M","R","B",null,"R","$","E","B",null],"character_chosen":"THE_SILENT","items_purchased":["Acrobatics","Incense Burner","Membership Card","Tingsha","Apotheosis","Snake Skull","Ancient Potion","Boot"],"campfire_rested":3,"item_purchase_floors":[12,12,38,38,38,53,53,53],"current_hp_per_floor":[70,70,69,52,50,50,38,38,38,19,40,40,40,32,32,2,70,70,68,68,68,67,34,34,27,34,25,25,48,48,48,48,32,77,62,62,62,62,59,59,44,44,44,67,67,67,77,76,76,67,87,87,87,87,78],"gold":92,"neow_bonus":"THREE_RARE_CARDS","is_daily":false,"chose_seed":false,"campfire_upgraded":6,"win_rate":0.0,"timestamp":1611316867,"path_taken":["M","M","M","?","M","R","E","R","T","E","R","$","?","E","R","BOSS","M","M","?","M","M","E","M","E","T","M","M","R","E","?","R","BOSS","M","?","?","$","M","R","?","?","T","R","M","?","E","M","R","BOSS","R","$","E","BOSS"],"items_purchased_type":["Card","Relic","Relic","Relic","Card","Relic","Potion","Relic"],"build_version":"2020-12-22","purchased_purges":3,"victory":true,"max_hp_per_floor":[70,70,70,70,70,70,70,70,70,70,70,70,70,70,70,70,70,70,70,70,70,70,70,70,70,77,77,77,77,77,77,77,77,77,77,77,77,77,77,77,77,77,77,77,77,77,87,87,87,87,87,87,87,87,87],"relic_stats":{"counters":[30,158],"Golden Idol":226,"Blue Candle":[0],"Tingsha":[228],"Snake Skull":[51],"Bag of Preparation":[30],"Letter Opener":[381],"Boot":[14],"Blood Vial":0,"Tough Bandages":[246],"Pandora\u0027s Box":["Underhanded Strike","Flying Knee","Footwork","Adrenaline","Wraith Form v2","Heel Hook","Masterful Stab","Flechettes"],"obtain_stats":[{"Pear":47,"Golden Idol":4,"Blue Candle":10,"Tingsha":38,"Snake Skull":53,"Incense Burner":12,"Bag of Preparation":25,"Letter Opener":14,"Paper Crane":9,"Boot":53,"Old Coin":7,"Du-Vu Doll":23,"Blood Vial":54,"Tough Bandages":37,"Strawberry":26,"Pandora\u0027s Box":34,"Membership Card":38,"Ring of the Snake":0,"Runic Pyramid":17},{"Pear":26,"Golden Idol":3,"Blue Candle":6,"Tingsha":22,"Snake Skull":28,"Incense Burner":6,"Bag of Preparation":15,"Letter Opener":7,"Paper Crane":5,"Boot":28,"Old Coin":5,"Du-Vu Doll":13,"Blood Vial":29,"Tough Bandages":22,"Strawberry":15,"Pandora\u0027s Box":20,"Membership Card":22,"Ring of the Snake":0,"Runic Pyramid":8},{"Pear":128,"Golden Idol":10,"Blue Candle":23,"Tingsha":110,"Snake Skull":145,"Incense Burner":23,"Bag of Preparation":74,"Letter Opener":30,"Paper Crane":19,"Boot":145,"Old Coin":19,"Du-Vu Doll":63,"Blood Vial":149,"Tough Bandages":110,"Strawberry":74,"Pandora\u0027s Box":101,"Membership Card":110,"Ring of the Snake":0,"Runic Pyramid":44}],"Ring of the Snake":[60]},"card_choices":[{"not_picked":["Adrenaline","Venomology"],"picked":"Corpse Explosion","floor":0},{"not_picked":["Riddle With Holes","Flying Knee"],"picked":"Bouncing Flask","floor":1},{"not_picked":["Skewer","Slice","Underhanded Strike"],"picked":"SKIP","floor":2},{"not_picked":["Heel Hook","Deflect"],"picked":"Cloak And Dagger","floor":3},{"not_picked":["Bane","Flying Knee","Slice"],"picked":"SKIP","floor":5},{"not_picked":["Terror","Infinite Blades"],"picked":"Prepared","floor":7},{"not_picked":["Skewer","Dagger Spray"],"picked":"Crippling Poison","floor":10},{"not_picked":["Tactician","Dash"],"picked":"Dodge and Roll","floor":14},{"not_picked":["Doppelganger","Die Die Die"],"picked":"Envenom","floor":16},{"not_picked":["Sucker Punch","Deflect","Heel Hook+1"],"picked":"SKIP","floor":18},{"not_picked":["Acrobatics+1","Deflect"],"picked":"Reflex","floor":19},{"not_picked":["Bane+1","Finisher"],"picked":"Backflip+1","floor":21},{"not_picked":["Endless Agony+1","Sucker Punch","Backflip"],"picked":"SKIP","floor":22},{"not_picked":["Well Laid Plans","Infinite Blades"],"picked":"Tactician","floor":23},{"not_picked":["Flechettes","Well Laid Plans"],"picked":"Deadly Poison","floor":24},{"not_picked":["Dodge and Roll","Sucker Punch"],"picked":"Noxious Fumes+1","floor":25},{"not_picked":["Tools of the Trade","Backflip"],"picked":"Tactician+1","floor":27},{"not_picked":["Bane","Deadly Poison","Sucker Punch"],"picked":"SKIP","floor":28},{"not_picked":["Flying Knee+1","Dodge and Roll","Expertise"],"picked":"SKIP","floor":31},{"not_picked":["Die Die Die","Glass Knife"],"picked":"Malaise","floor":33},{"not_picked":["Cloak And Dagger","Flying Knee"],"picked":"Deflect+1","floor":35},{"not_picked":["Deflect+1","Terror"],"picked":"Calculated Gamble","floor":37},{"not_picked":["Well Laid Plans","Flechettes+1","Blade Dance"],"picked":"SKIP","floor":39},{"not_picked":["Well Laid Plans","Flechettes+1","Blade Dance"],"picked":"SKIP","floor":39},{"not_picked":["Heel Hook","Quick Slash+1","Acrobatics"],"picked":"SKIP","floor":41},{"not_picked":["Blade Dance","Outmaneuver"],"picked":"Deadly Poison","floor":45},{"not_picked":["Dagger Spray","Flying Knee+1"],"picked":"Outmaneuver","floor":47},{"not_picked":["Deadly Poison","Slice+1"],"picked":"Calculated Gamble+1","floor":48},{"not_picked":["Prepared","Backflip","Skewer"],"picked":"SKIP","floor":54}],"player_experience":230266,"relics_obtained":[{"floor":7,"key":"Old Coin"},{"floor":9,"key":"Paper Crane"},{"floor":10,"key":"Blue Candle"},{"floor":14,"key":"Letter Opener"},{"floor":23,"key":"Du-Vu Doll"},{"floor":25,"key":"Bag of Preparation"},{"floor":26,"key":"Strawberry"},{"floor":37,"key":"Tough Bandages"},{"floor":47,"key":"Pear"},{"floor":54,"key":"Blood Vial"}],"event_choices":[{"damage_healed":0,"gold_gain":0,"player_choice":"Take Damage","damage_taken":17,"relics_obtained":["Golden Idol"],"max_hp_gain":0,"max_hp_loss":0,"event_name":"Golden Idol","floor":4,"gold_loss":0},{"cards_removed":["Strike_G"],"damage_healed":0,"gold_gain":0,"player_choice":"Purged","damage_taken":0,"max_hp_gain":0,"max_hp_loss":0,"event_name":"Purifier","floor":13,"gold_loss":0},{"damage_healed":0,"gold_gain":0,"player_choice":"Bought 0 Potions","damage_taken":0,"max_hp_gain":0,"max_hp_loss":0,"event_name":"The Woman in Blue","floor":20,"gold_loss":0},{"damage_healed":0,"gold_gain":0,"player_choice":"Ignored","damage_taken":0,"max_hp_gain":0,"max_hp_loss":0,"event_name":"Tomb of Lord Red Mask","floor":36,"gold_loss":0},{"damage_healed":0,"gold_gain":0,"player_choice":"Fight","damage_taken":0,"max_hp_gain":0,"max_hp_loss":0,"event_name":"MindBloom","floor":37,"gold_loss":0},{"damage_healed":0,"gold_gain":0,"player_choice":"Memory 1","damage_taken":0,"max_hp_gain":0,"max_hp_loss":0,"event_name":"SensoryStone","floor":42,"gold_loss":0},{"cards_removed":["Flying Knee"],"damage_healed":0,"gold_gain":0,"player_choice":"Removed Attack","damage_taken":0,"max_hp_gain":0,"max_hp_loss":0,"event_name":"Falling","floor":46,"gold_loss":0}],"is_beta":false,"boss_relics":[{"not_picked":["Ectoplasm","Cursed Key"],"picked":"Runic Pyramid"},{"not_picked":["Philosopher\u0027s Stone","Coffee Dripper"],"picked":"Pandora\u0027s Box"}],"items_purged_floors":[12,38,53],"is_endless":false,"potions_floor_spawned":[1,2,14,16,19,21,23,25,30,33,39,41],"ascension_level":1}}