{"host":"sc0o2qwpf9j16a4i","time":1611327502,"event":{"mods":["AchievementEnabler","BaseMod","BetterRewards","Block Reminder","Colored Map","Colored Powertips","Custom Start","Highlight Path","Minty Spire (QoL Compilation)","Relic Stats"],"gold_per_floor":[153,1,1,1,34,109,184,184,184],"floor_reached":8,"language":"ENG","playtime":169,"items_purged":["Strike_R"],"score":108,"play_id":"7f05810e-0f64-4154-b277-555e6f56211f","local_time":"20210122165822","daily_mods":["Heirloom","Diverse","Midas"],"is_ascension_mode":true,"campfire_choices":[],"circlet_count":0,"master_deck":["AscendersBane","Strike_R","Strike_R","Defend_R","Defend_R","Defend_R","Defend_R","Bash","Twin Strike","Static Discharge","Amplify","Leg Sweep","Clothesline"],"relics":["Burning Blood","WingedGreaves","Pen Nib"],"acts_visited":["Exordium"],"potions_floor_usage":[6],"damage_taken":[{"damage":4,"enemies":"2 Louse","floor":1,"turns":3},{"damage":4,"enemies":"Small Slimes","floor":5,"turns":4},{"damage":30,"enemies":"Gremlin Nob","floor":6,"turns":4},{"damage":30,"enemies":"3 Sentries","floor":8,"turns":6}],"seed_played":"-8168499195063624146","potions_obtained":[{"floor":5,"key":"SneckoOil"}],"is_trial":true,"path_per_floor":["M","$","?","?","M","E","?","E"],"character_chosen":"IRONCLAD","items_purchased":["Static Discharge"],"campfire_rested":0,"item_purchase_floors":[2],"current_hp_per_floor":[70,70,63,63,65,41,30,0,0],"gold":184,"neow_bonus":"","is_daily":false,"chose_seed":false,"campfire_upgraded":0,"win_rate":0.0,"timestamp":1611327502,"path_taken":["M","?","?","?","?","E","?","E"],"items_purchased_type":["Card"],"build_version":"2020-12-22","purchased_purges":1,"victory":false,"max_hp_per_floor":[75,75,75,75,75,75,75,75,75],"relic_stats":{"counters":[4,17],"Pen Nib":[0],"obtain_stats":[{"WingedGreaves":0,"Pen Nib":6,"Burning Blood":0},{"WingedGreaves":0,"Pen Nib":3,"Burning Blood":0},{"WingedGreaves":0,"Pen Nib":11,"Burning Blood":0}],"Burning Blood":18},"card_choices":[{"not_picked":["Redo","Sword Boomerang"],"picked":"Twin Strike","floor":1},{"not_picked":["Backstab","Evaluate"],"picked":"Leg Sweep","floor":5},{"not_picked":["Dropkick","JustLucky"],"picked":"Clothesline","floor":6}],"player_experience":887846,"relics_obtained":[{"floor":6,"key":"Pen Nib"}],"event_choices":[{"cards_removed":["Strike_R"],"damage_healed":0,"gold_gain":0,"player_choice":"Card Removal","damage_taken":7,"max_hp_gain":0,"max_hp_loss":0,"event_name":"Golden Wing","floor":3,"gold_loss":0},{"damage_healed":0,"gold_gain":0,"cards_transformed":["Strike_R"],"player_choice":"Transformed","damage_taken":0,"max_hp_gain":0,"max_hp_loss":0,"event_name":"Transmorgrifier","floor":4,"gold_loss":0,"cards_obtained":["Amplify"]},{"damage_healed":0,"gold_gain":75,"player_choice":"Gather Gold","damage_taken":11,"max_hp_gain":0,"max_hp_loss":0,"event_name":"World of Goop","floor":7,"gold_loss":0}],"is_beta":false,"boss_relics":[],"items_purged_floors":[2],"is_endless":false,"potions_floor_spawned":[5],"killed_by":"3 Sentries","ascension_level":20}}