{"host":"neeznpvpgo0qgfkd","time":1611359811,"event":{"mods":["AchievementEnabler","BaseMod","BetterRewards","Colored Map","Colored Powertips","Exacting","Minty Spire (QoL Compilation)","Permanent Neow","Quick Restart","Shop Mod"],"gold_per_floor":[116,116,128,146,146,181,181,233,233,263,273,304,324,351,351,424,424,449,449,449,225,240,240,265,292,292,317,317,346,346,359,359,433,433,448,448,462,487,335,363,363,363,363,398,426,426,426,469,469,484,484],"floor_reached":50,"language":"ENG","playtime":3290,"items_purged":["Strike_G+1"],"score":1058,"play_id":"638b4e5d-4be5-44a6-937b-7a45c0553dc4","local_time":"20210122185651","is_ascension_mode":true,"campfire_choices":[{"floor":7.0,"key":"REST"},{"floor":15,"key":"REST"},{"floor":23,"key":"REST"},{"floor":28,"key":"REST"},{"floor":32,"key":"REST"},{"floor":41,"key":"REST"},{"floor":42,"key":"REST"},{"floor":49,"key":"RECALL"}],"circlet_count":0,"master_deck":["AscendersBane","Strike_G+1","Strike_G+1","Strike_G+1","Defend_G+1","Defend_G+1","Defend_G+1","Survivor","Neutralize+1","Riddle With Holes+1","Crippling Poison","Dagger Throw+1","Dagger Spray","Tools of the Trade","Noxious Fumes","Slice","Noxious Fumes","Prepared","Blade Dance","Flying Knee","Adrenaline","Infinite Blades","Crippling Poison","Flying Knee","Terror","Acrobatics+1","Corpse Explosion","Slice+1","Noxious Fumes+1","Backstab","Accuracy+1","Infinite Blades+1","Accuracy+1","Writhe","Cloak And Dagger","Escape Plan"],"relics":["WristBlade","Juzu Bracelet","The Specimen","Kunai","Centennial Puzzle","SacredBark","TwistedFunnel","Mummified Hand","Frozen Egg 2","Blue Candle","Empty Cage","WingedGreaves","White Beast Statue","Orichalcum","Whetstone"],"acts_visited":["Exordium","TheCity","TheBeyond"],"potions_floor_usage":[16,18,24,24,31,33,33,40,44,45,48,50],"damage_taken":[{"damage":4.0,"enemies":"Small Slimes","floor":1.0,"turns":4.0},{"damage":0.0,"enemies":"Jaw Worm","floor":3.0,"turns":4.0},{"damage":4.0,"enemies":"Cultist","floor":4.0,"turns":4.0},{"damage":10.0,"enemies":"Lagavulin","floor":6.0,"turns":5.0},{"damage":14.0,"enemies":"3 Sentries","floor":8.0,"turns":6.0},{"damage":8.0,"enemies":"Lagavulin","floor":10.0,"turns":9.0},{"damage":9.0,"enemies":"Red Slaver","floor":11.0,"turns":2.0},{"damage":4.0,"enemies":"Blue Slaver","floor":12.0,"turns":4.0},{"damage":0.0,"enemies":"2 Fungi Beasts","floor":13.0,"turns":3.0},{"damage":0,"enemies":"Lots of Slimes","floor":14,"turns":2},{"damage":1,"enemies":"Slime Boss","floor":16,"turns":6},{"damage":11,"enemies":"Spheric Guardian","floor":18,"turns":3},{"damage":10,"enemies":"Shell Parasite","floor":22,"turns":5},{"damage":27,"enemies":"Book of Stabbing","floor":24,"turns":5},{"damage":12,"enemies":"Centurion and Healer","floor":25,"turns":5},{"damage":0,"enemies":"Chosen and Byrds","floor":27,"turns":4},{"damage":17,"enemies":"Gremlin Leader","floor":29,"turns":5},{"damage":14,"enemies":"Shelled Parasite and Fungi","floor":31,"turns":3},{"damage":28,"enemies":"Champ","floor":33,"turns":10},{"damage":9,"enemies":"3 Shapes","floor":35,"turns":3},{"damage":17,"enemies":"3 Darklings","floor":37,"turns":2},{"damage":18,"enemies":"Mind Bloom Boss Battle","floor":38,"turns":6},{"damage":21,"enemies":"Giant Head","floor":40,"turns":6},{"damage":33,"enemies":"Reptomancer","floor":44,"turns":4},{"damage":30,"enemies":"Nemesis","floor":45,"turns":3},{"damage":10,"enemies":"Jaw Worm Horde","floor":48,"turns":3},{"damage":26,"enemies":"Awakened One","floor":50,"turns":2}],"seed_played":"-3997906126935567996","potions_obtained":[{"floor":4.0,"key":"CultistPotion"},{"floor":6.0,"key":"DuplicationPotion"},{"floor":10.0,"key":"EntropicBrew"},{"floor":14,"key":"CunningPotion"},{"floor":16,"key":"BlessingOfTheForge"},{"floor":19,"key":"SteroidPotion"},{"floor":19,"key":"LiquidBronze"},{"floor":27,"key":"SpeedPotion"},{"floor":29,"key":"PowerPotion"},{"floor":31,"key":"LiquidBronze"},{"floor":35,"key":"EssenceOfSteel"},{"floor":40,"key":"Regen Potion"},{"floor":44,"key":"SkillPotion"},{"floor":45,"key":"Block Potion"},{"floor":48,"key":"SneckoOil"}],"is_trial":false,"path_per_floor":["M","?","M","M","?","E","R","E","T","E","M","M","M","M","R","B",null,"M","?","?","$","M","R","E","M","T","M","R","E","?","M","R","B",null,"M","?","M","?","$","E","R","R","T","E","E","?","?","M","R","B"],"character_chosen":"THE_SILENT","items_purchased":["TwistedFunnel","Infinite Blades","Infinite Blades+1"],"campfire_rested":7,"item_purchase_floors":[21,21,39],"current_hp_per_floor":[55,55,55,51,31,21,40,26,26,18,9,5,5,5,24,23,55,44,44,44,44,34,53,26,14,14,14,33,16,16,11,30,2,50,41,66,49,31,31,10,29,48,48,51,21,34,34,24,24,0,0],"gold":484,"neow_bonus":"BOSS_RELIC","is_daily":false,"chose_seed":false,"campfire_upgraded":0,"win_rate":0.0,"timestamp":1611359811,"path_taken":["M","?","M","M","?","E","R","E","T","E","M","M","M","M","R","BOSS","M","?","?","?","M","R","E","M","T","M","R","E","?","M","R","BOSS","M","?","M","?","$","E","R","R","T","E","E","?","?","M","R","BOSS"],"items_purchased_type":["Relic","Card","Card"],"build_version":"2020-12-22","purchased_purges":1,"victory":false,"max_hp_per_floor":[66,66,66,66,66,66,66,66,66,66,66,66,66,66,66,66,66,66,66,66,66,66,66,66,66,66,66,66,66,66,66,66,66,66,66,66,66,66,66,66,66,66,66,66,66,66,66,66,66,66,66],"card_choices":[{"not_picked":["Quick Slash","Bane"],"picked":"Riddle With Holes","floor":1.0},{"not_picked":["Poisoned Stab","Escape Plan"],"picked":"Crippling Poison","floor":3.0},{"not_picked":["Prepared","Predator"],"picked":"Dagger Throw","floor":4.0},{"not_picked":["Tools of the Trade","PiercingWail"],"picked":"Dagger Spray","floor":6.0},{"not_picked":["Underhanded Strike","Well Laid Plans"],"picked":"Tools of the Trade","floor":8.0},{"not_picked":["Terror","Flying Knee"],"picked":"Noxious Fumes","floor":8.0},{"not_picked":["Distraction","Night Terror"],"picked":"Slice","floor":10.0},{"not_picked":["Terror","Deflect"],"picked":"Noxious Fumes","floor":11.0},{"not_picked":["Endless Agony","Skewer"],"picked":"Prepared","floor":12.0},{"not_picked":["Deflect","Escape Plan"],"picked":"Blade Dance","floor":13.0},{"not_picked":["All Out Attack","Dagger Throw","Backflip"],"picked":"SKIP","floor":13.0},{"not_picked":["Deadly Poison","Bane"],"picked":"Flying Knee","floor":14},{"not_picked":["Burst","Phantasmal Killer"],"picked":"Adrenaline","floor":16},{"not_picked":["Backflip","Dodge and Roll","Sucker Punch"],"picked":"SKIP","floor":18},{"not_picked":["Deflect","Crippling Poison","Prepared"],"picked":"SKIP","floor":22},{"not_picked":["Flechettes","Deflect"],"picked":"Crippling Poison","floor":24},{"not_picked":["Predator","Crippling Poison"],"picked":"Flying Knee","floor":25},{"not_picked":["Flying Knee","Deadly Poison"],"picked":"Terror","floor":27},{"not_picked":["Venomology","Distraction"],"picked":"Crippling Poison","floor":29},{"not_picked":["Flying Knee","Prepared"],"picked":"Acrobatics+1","floor":31},{"not_picked":["Glass Knife","Burst"],"picked":"Corpse Explosion","floor":33},{"not_picked":["Acrobatics","Underhanded Strike"],"picked":"Slice+1","floor":35},{"not_picked":["Predator+1","Blade Dance"],"picked":"Noxious Fumes+1","floor":37},{"not_picked":["Slice","Setup+1"],"picked":"Backstab","floor":37},{"not_picked":["Tactician","Underhanded Strike"],"picked":"Accuracy+1","floor":38},{"not_picked":["Poisoned Stab","Outmaneuver","Eviscerate"],"picked":"SKIP","floor":40},{"not_picked":["Distraction","Dodge and Roll"],"picked":"Accuracy+1","floor":44},{"not_picked":["Deflect","Glass Knife","Poisoned Stab+1"],"picked":"SKIP","floor":45},{"not_picked":["Dodge and Roll","Prepared"],"picked":"Cloak And Dagger","floor":48},{"not_picked":["Slice","Flying Knee"],"picked":"Escape Plan","floor":48}],"player_experience":1904294,"relics_obtained":[{"floor":6.0,"key":"Juzu Bracelet"},{"floor":8.0,"key":"The Specimen"},{"floor":9.0,"key":"Kunai"},{"floor":10.0,"key":"Centennial Puzzle"},{"floor":24,"key":"Mummified Hand"},{"floor":26,"key":"Frozen Egg 2"},{"floor":29,"key":"Blue Candle"},{"floor":38,"key":"WingedGreaves"},{"floor":40,"key":"White Beast Statue"},{"floor":44,"key":"Orichalcum"},{"floor":45,"key":"Whetstone"}],"event_choices":[{"damage_healed":0.0,"max_hp_gain":0.0,"max_hp_loss":0.0,"gold_gain":0.0,"event_name":"Living Wall","player_choice":"Grow","floor":2.0,"gold_loss":0.0,"damage_taken":0.0,"cards_upgraded":["Neutralize"]},{"damage_healed":0.0,"max_hp_gain":0.0,"max_hp_loss":0.0,"gold_gain":0.0,"event_name":"Shining Light","player_choice":"Entered Light","floor":5.0,"gold_loss":0.0,"damage_taken":20.0,"cards_upgraded":["Defend_G","Defend_G"]},{"damage_healed":0,"gold_gain":0,"player_choice":"Got Potions","damage_taken":0,"max_hp_gain":0,"max_hp_loss":0,"event_name":"Lab","floor":19,"gold_loss":0},{"damage_healed":0,"gold_gain":0,"player_choice":"Ignored","damage_taken":0,"max_hp_gain":0,"max_hp_loss":0,"event_name":"Transmorgrifier","floor":20,"gold_loss":0},{"damage_healed":0,"gold_gain":0,"player_choice":"Simplicity","damage_taken":0,"max_hp_gain":0,"max_hp_loss":0,"event_name":"Back to Basics","floor":30,"gold_loss":0,"cards_upgraded":["Strike_G","Strike_G","Strike_G","Strike_G","Strike_G","Defend_G","Defend_G","Defend_G"]},{"cards_removed":["Crippling Poison"],"damage_healed":25,"gold_gain":0,"player_choice":"Offered Uncommon","damage_taken":0,"max_hp_gain":0,"max_hp_loss":0,"event_name":"Bonfire Elementals","floor":36,"gold_loss":0},{"damage_healed":0,"gold_gain":0,"player_choice":"Fight","damage_taken":0,"max_hp_gain":0,"max_hp_loss":0,"event_name":"MindBloom","floor":38,"gold_loss":0},{"damage_healed":13,"gold_gain":0,"player_choice":"Writhe","damage_taken":0,"max_hp_gain":0,"max_hp_loss":0,"event_name":"Winding Halls","floor":46,"gold_loss":0,"cards_obtained":["Writhe"]},{"cards_removed":["Defend_G"],"damage_healed":0,"gold_gain":0,"player_choice":"Removed Skill","damage_taken":0,"max_hp_gain":0,"max_hp_loss":0,"event_name":"Falling","floor":47,"gold_loss":0}],"is_beta":false,"boss_relics":[{"not_picked":["Calling Bell","Runic Dome"],"picked":"SacredBark"},{"not_picked":["Coffee Dripper","Philosopher\u0027s Stone"],"picked":"Empty Cage"}],"items_purged_floors":[39],"is_endless":false,"potions_floor_spawned":[4,6,10,14,16,27,29,31,35,40,44,45,48],"killed_by":"Awakened One","ascension_level":15}}