{"host":"ttx8tv95o5vka1nm","time":1611299112,"event":{"mods":["AchievementEnabler","BaseMod","Colored Map","Downfall","Infinite Spire","Minty Spire (QoL Compilation)","Shop Mod","StSLib","The Jungle"],"gold_per_floor":[20,38,48,62,74,74,100,132,184,184,195,223,223,31,31,126,126,136,150,150,168,110,144,144,176,225,257,257,27,40,115,115,210,210,228,240,286,305,11,40,55,81,81,131,156,156,156,173,173,271,271,275,284,67,17,31,45,45,64,116,126,145,144,144,168,168,255,255,270,274,284,47,55,84,84,27,27,51,133,135,135,157,157,238,238,245,244,13,22,18,50,63,95,107,119,0,41,62,96,108,220,232,248,58,133,215,229,255,266,590,590,614,625,638,638,649,649,742,742,749,749,772,770,779,811,811,836,836,849,867,867,875,893,893,980,1030,1035,1310,1352,1361,1365,1391,1396,1416,1439,1459,1459,1459,68,91,91,136,136,136,61,77,175],"floor_reached":158,"language":"ENG","playtime":8667,"items_purged":["Defend_R","Strike_R","Strike_R","Strike_R","Strike_R","Ghostly Armor","Warcry+1","Flex+1","Seeing Red+1","infinitespire:Execution+1"],"score":5950,"play_id":"55d5b67e-c481-4e88-b928-a784db3e3c53","local_time":"20210122170512","is_ascension_mode":true,"campfire_choices":[{"data":"infinitespire:OneForAll","floor":6,"key":"SMITH"},{"data":"Armaments","floor":13,"key":"SMITH"},{"data":"Inflame","floor":15,"key":"SMITH"},{"data":"Offering","floor":24,"key":"SMITH"},{"data":"Limit Break","floor":32,"key":"SMITH"},{"data":"Body Slam","floor":49,"key":"SMITH"},{"data":"infinitespire:OneForAll","floor":64,"key":"SMITH"},{"data":"Offering","floor":66,"key":"SMITH"},{"data":"Disarm","floor":75,"key":"SMITH"},{"data":"Iron Wave","floor":83,"key":"SMITH"},{"data":"Cleave+1","floor":95,"key":"PURGE"},{"data":"Bash","floor":100,"key":"SMITH"},{"data":"Armaments+1","floor":117,"key":"PURGE"},{"data":"Juggernaut+1","floor":126,"key":"PURGE"},{"data":"Disarm+1","floor":134,"key":"PURGE"},{"data":"Demon Form+1","floor":147,"key":"PURGE"},{"data":"Battle Trance+1","floor":151,"key":"PURGE"},{"data":"Heavy Blade+1","floor":154,"key":"PURGE"}],"circlet_count":4,"master_deck":["Bash+1","Offering+1","Iron Wave+1","Shrug It Off+1","Inflame+1","infinitespire:OneForAll+1","Exhume+1","Limit Break+1","Rage+1","Shockwave+1","Pommel Strike+1","Heavy Blade+1","infinitespire:OneForAll+1","Immolate+1","Body Slam+1","Dropkick+1","Barricade+1","Rupture+1","Spot Weakness+1","infinitespire:Collect+1","Double Tap+1","Metallicize+1"],"relics":["Bronze Scales","Tiny Chest","Centennial Puzzle","MerchantsRug","Coffee Dripper","Black Blood","Bottled Lightning","Smiling Mask","Red Skull","Omamori","infinitespire:EmpoweringShard","Black Star","StoneCalendar","Sling","infinitespire:Beetle Shell","Toy Ornithopter","Frozen Egg 2","PreservedInsect","HornCleat","Toxic Egg 2","Pen Nib","Pantograph","The Courier","Philosopher\u0027s Stone","Bag of Preparation","Lantern","Shuriken","infinitespire:WardingShard","WingedGreaves","infinitespire:Satchel","Bag of Marbles","Happy Flower","Ancient Tea Set","Nunchaku","bronze:MakeshiftBattery","Singing Bowl","Membership Card","Oddly Smooth Stone","Orichalcum","Anchor","White Beast Statue","Vajra","Molten Egg 2","infinitespire:CheckeredPen","Blue Candle","CeramicFish","Turnip","infinitespire:BottledMercury","infinitespire:Joker Card","Bottled Tornado","Peace Pipe","Darkstone Periapt","Akabeko","Lizard Tail","Red Mask","Torii","SacredBark","Eternal Feather","Calipers","InkBottle","SlaversCollar","infinitespire:PuzzleCube","Unceasing Top","FossilizedHelix","infinitespire:Lucky Rock","Meat on the Bone","Thread and Needle","War Paint","Old Coin","Potion Belt","infinitespire:Lychee Nut","Whetstone","Matryoshka","StrikeDummy","Ornamental Fan","infinitespire:Burning Sword","Juzu Bracelet","Blood Vial","Gambling Chip","Regal Pillow","CaptainsWheel","Mummified Hand","Boot","Incense Burner","theJungle:PaperFaux","Dream Catcher","Bottled Flame","Champion Belt","MealTicket","infinitespire:ShieldingShard","infinitespire:Golems Mask","Letter Opener","Paper Frog","infinitespire:FocusingShard","Ice Cream","Mercury Hourglass","Charon\u0027s Ashes","HandDrill","infinitespire:Bottled Soul","Sundial","infinitespire:Midas Blood","Question Card","Kunai","Shovel","TungstenRod","Pear","Magic Flower","Self Forming Clay","Prayer Wheel","Bird Faced Urn","Ginger","Circlet","Empty Cage","Brimstone"],"acts_visited":["Exordium","TheCity","TheBeyond","Exordium","Exordium","TheBeyond","Exordium","Exordium","TheBeyond","TheEnding"],"potions_floor_usage":[4,8,12,22,22,50,50,86,91,101],"damage_taken":[{"damage":15,"enemies":"infinitespire:Voidling","floor":1,"turns":3},{"damage":0,"enemies":"Cultist","floor":2,"turns":3},{"damage":0,"enemies":"Small Slimes","floor":3,"turns":3},{"damage":6,"enemies":"Gremlin Gang","floor":4,"turns":10},{"damage":15,"enemies":"Red Slaver","floor":5,"turns":5},{"damage":16,"enemies":"Lagavulin","floor":8,"turns":7},{"damage":11,"enemies":"Exordium Wildlife","floor":11,"turns":4},{"damage":19,"enemies":"Gremlin Nob","floor":12,"turns":4},{"damage":30,"enemies":"The Guardian","floor":16,"turns":10},{"damage":6,"enemies":"3 Byrds","floor":18,"turns":2},{"damage":6,"enemies":"Spheric Guardian","floor":19,"turns":3},{"damage":12,"enemies":"Snake Plant","floor":21,"turns":3},{"damage":6,"enemies":"Gremlin Leader","floor":23,"turns":4},{"damage":16,"enemies":"Slavers","floor":25,"turns":4},{"damage":14,"enemies":"Nightmare","floor":27,"turns":3},{"damage":8,"enemies":"Shelled Parasite and Fungi","floor":30,"turns":2},{"damage":70,"enemies":"Automaton","floor":33,"turns":7},{"damage":6,"enemies":"Orb Walker","floor":35,"turns":1},{"damage":6,"enemies":"3 Shapes","floor":36,"turns":1},{"damage":12,"enemies":"2 Orb Walkers","floor":37,"turns":2},{"damage":6,"enemies":"Sphere and 2 Shapes","floor":38,"turns":2},{"damage":12,"enemies":"Nemesis","floor":40,"turns":1},{"damage":6,"enemies":"Writhing Mass","floor":41,"turns":2},{"damage":12,"enemies":"Reptomancer","floor":42,"turns":2},{"damage":12,"enemies":"Mind Bloom Boss Battle","floor":44,"turns":3},{"damage":6,"enemies":"Giant Head","floor":45,"turns":1},{"damage":12,"enemies":"Transient","floor":48,"turns":5},{"damage":18,"enemies":"Donu and Deca","floor":50,"turns":7},{"damage":12,"enemies":"2 Louse","floor":52,"turns":1},{"damage":6,"enemies":"Small Slimes","floor":53,"turns":1},{"damage":6,"enemies":"Jaw Worm","floor":56,"turns":1},{"damage":12,"enemies":"Nightmare","floor":57,"turns":1},{"damage":6,"enemies":"3 Sentries","floor":59,"turns":1},{"damage":6,"enemies":"Red Slaver","floor":61,"turns":1},{"damage":6,"enemies":"Lagavulin","floor":62,"turns":1},{"damage":9,"enemies":"Lots of Slimes","floor":63,"turns":1},{"damage":0,"enemies":"Gremlin Nob","floor":65,"turns":1},{"damage":6,"enemies":"The Guardian","floor":67,"turns":1},{"damage":0,"enemies":"theJungle:MUSHROOMGANG","floor":69,"turns":1},{"damage":6,"enemies":"theJungle:GiantWrat","floor":70,"turns":1},{"damage":6,"enemies":"theJungle:Lyon","floor":71,"turns":1},{"damage":6,"enemies":"theJungle:SlimyTreeVines","floor":73,"turns":1},{"damage":0,"enemies":"theJungle:MamaSnecko","floor":74,"turns":1},{"damage":6,"enemies":"theJungle:Cassacara","floor":78,"turns":1},{"damage":6,"enemies":"theJungle:JungleHuntersEncounter","floor":80,"turns":1},{"damage":6,"enemies":"theJungle:MamaSnecko","floor":82,"turns":1},{"damage":9,"enemies":"theJungle:TotemBoss","floor":84,"turns":2},{"damage":6,"enemies":"Orb Walker","floor":86,"turns":1},{"damage":6,"enemies":"3 Darklings","floor":87,"turns":1},{"damage":6,"enemies":"Sphere and 2 Shapes","floor":89,"turns":2},{"damage":6,"enemies":"4 Shapes","floor":90,"turns":2},{"damage":0,"enemies":"Nemesis","floor":91,"turns":1},{"damage":9,"enemies":"Spire Growth","floor":92,"turns":1},{"damage":6,"enemies":"Giant Head","floor":93,"turns":1},{"damage":6,"enemies":"Nemesis","floor":97,"turns":1},{"damage":12,"enemies":"Reptomancer","floor":99,"turns":1},{"damage":6,"enemies":"infinitespire:MassOfShapes","floor":101,"turns":1},{"damage":6,"enemies":"2 Louse","floor":103,"turns":1},{"damage":0,"enemies":"Jaw Worm","floor":107,"turns":1},{"damage":0,"enemies":"3 Sentries","floor":108,"turns":1},{"damage":0,"enemies":"Small Slimes","floor":109,"turns":1},{"damage":0,"enemies":"Lagavulin","floor":110,"turns":2},{"damage":0,"enemies":"Gremlin Nob","floor":112,"turns":1},{"damage":0,"enemies":"Gremlin Gang","floor":113,"turns":1},{"damage":6,"enemies":"3 Sentries","floor":114,"turns":1},{"damage":0,"enemies":"Large Slime","floor":116,"turns":1},{"damage":0,"enemies":"The Guardian","floor":118,"turns":1},{"damage":0,"enemies":"theJungle:MUSHROOMGANG","floor":120,"turns":1},{"damage":0,"enemies":"theJungle:5_Spyders","floor":123,"turns":2},{"damage":0,"enemies":"theJungle:MamaSnecko","floor":125,"turns":1},{"damage":0,"enemies":"theJungle:Cassacara","floor":127,"turns":1},{"damage":0,"enemies":"theJungle:2_Snecko_Cultists","floor":129,"turns":1},{"damage":0,"enemies":"theJungle:MamaSnecko","floor":130,"turns":1},{"damage":0,"enemies":"theJungle:JungleHuntersEncounter","floor":132,"turns":1},{"damage":0,"enemies":"theJungle:2_Phrogs","floor":133,"turns":1},{"damage":0,"enemies":"theJungle:TotemBoss","floor":135,"turns":2},{"damage":0,"enemies":"3 Darklings","floor":137,"turns":1},{"damage":0,"enemies":"2 Orb Walkers","floor":139,"turns":1},{"damage":0,"enemies":"Orb Walker","floor":140,"turns":1},{"damage":0,"enemies":"Jaw Worm Horde","floor":141,"turns":1},{"damage":0,"enemies":"Reptomancer","floor":142,"turns":1},{"damage":0,"enemies":"3 Darklings","floor":143,"turns":1},{"damage":0,"enemies":"Giant Head","floor":144,"turns":1},{"damage":0,"enemies":"Nemesis","floor":146,"turns":1},{"damage":0,"enemies":"Reptomancer","floor":150,"turns":1},{"damage":10,"enemies":"infinitespire:LordOfFortification","floor":152,"turns":4},{"damage":0,"enemies":"Shield and Spear","floor":156,"turns":1},{"damage":0,"enemies":"The Heart","floor":157,"turns":1}],"seed_played":"7898123027327389104","potions_obtained":[{"floor":1,"key":"Energy Potion"},{"floor":3,"key":"Fire Potion"},{"floor":11,"key":"Swift Potion"},{"floor":21,"key":"EntropicBrew"},{"floor":30,"key":"Dexterity Potion"},{"floor":37,"key":"DistilledChaos"},{"floor":38,"key":"SpeedPotion"},{"floor":44,"key":"SkillPotion"},{"floor":45,"key":"LiquidMemories"},{"floor":56,"key":"Block Potion"},{"floor":59,"key":"Weak Potion"},{"floor":62,"key":"bronze:BurnAndBuffPotion"},{"floor":74,"key":"DuplicationPotion"},{"floor":78,"key":"infinitespire:BlackPotion"},{"floor":80,"key":"Fire Potion"},{"floor":86,"key":"Fruit Juice"},{"floor":87,"key":"GamblersBrew"},{"floor":89,"key":"SpeedPotion"},{"floor":90,"key":"ElixirPotion"},{"floor":91,"key":"Fruit Juice"},{"floor":92,"key":"SpeedPotion"},{"floor":101,"key":"Fruit Juice"},{"floor":103,"key":"bronze:BurnAndBuffPotion"},{"floor":107,"key":"SteroidPotion"},{"floor":108,"key":"Ancient Potion"},{"floor":109,"key":"bronze:BurnAndBuffPotion"},{"floor":110,"key":"Weak Potion"},{"floor":112,"key":"Energy Potion"},{"floor":150,"key":"champ:CounterPotion"},{"floor":152,"key":"champ:CounterPotion"},{"floor":156,"key":"BloodPotion"},{"floor":157,"key":"hexamod:SoulburnPotion"}],"is_trial":false,"path_per_floor":["M","M","M","M","M","R","T","E","T","?","M","E","R","$","R","B",null,"M","M","AVR","M","$","E","R","E","T","NM","T","$","M","T","R","B",null,"M","M","?","M","$","E","M","E","T","?","E","?","T","M","R","B",null,"M","M","$","?","M","NM","?","E","T","M","E","M","R","E","R","B",null,"M","M","M","$","M","E","R","$","T","E","T","M","?","E","R","B",null,"M","M","$","M","M","E","M","E","T","R","?","E","AVR","E","R","B",null,"M","$","?","T","M","E","M","E","T","E","M","E","?","M","R","B",null,"M","?","T","M","AVR","E","R","E","T","M","E","?","M","E","R","B",null,"M","?","?","M","M","E","M","E","T","E","R","T","$","E","R","B",null,"R","$","E","B",null],"character_chosen":"IRONCLAD","items_purchased":["MerchantsRug","Omamori","Disarm","Sling","infinitespire:Beetle Shell","Bag of Preparation","Lantern","Singing Bowl","Membership Card","Oddly Smooth Stone","Anchor","infinitespire:BottledMercury","infinitespire:Joker Card","Bottled Tornado","Peace Pipe","infinitespire:PuzzleCube","Unceasing Top","FossilizedHelix","infinitespire:Lucky Rock","Charon\u0027s Ashes","HandDrill","infinitespire:Bottled Soul","Sundial","infinitespire:Midas Blood","Question Card","Kunai","Shovel","TungstenRod","Pear","Magic Flower","Self Forming Clay","Prayer Wheel","Bird Faced Urn","Ginger","Brimstone","Metallicize+1"],"campfire_rested":0,"item_purchase_floors":[14,29,29,39,39,54,54,72,72,72,76,88,88,88,88,104,104,104,104,149,149,149,149,149,149,149,149,149,149,149,149,149,149,149,155,155],"current_hp_per_floor":[63,69,75,75,66,66,66,56,63,63,58,45,45,45,45,21,71,71,71,71,77,82,92,92,92,92,92,102,102,102,102,102,50,89,101,102,102,102,102,102,102,102,102,102,102,97,97,97,97,97,97,97,97,97,97,97,97,97,97,97,97,97,97,97,97,97,97,97,97,97,97,97,99,101,101,101,101,103,103,105,100,107,107,109,109,116,118,118,120,122,129,131,133,140,140,140,142,142,144,144,154,154,156,156,145,145,158,160,162,164,164,125,127,129,96,110,128,133,133,135,135,135,137,137,139,139,141,141,143,159,159,161,163,163,165,172,174,174,176,178,180,182,184,186,186,188,188,188,198,200,200,202,202,202,202,204,206],"gold":175,"neow_bonus":"TRANSFORM_TWO_CARDS","is_daily":false,"chose_seed":false,"campfire_upgraded":11,"win_rate":0.0,"timestamp":1611299112,"path_taken":["M","M","M","M","?","R","?","E","T","?","M","E","R","$","R","BOSS","M","M","AVR","?","$","E","R","E","T","NM","?","$","M","?","R","BOSS","M","M","?","M","$","E","M","E","T","?","E","?","?","M","R","BOSS","M","M","$","?","M","NM","?","E","T","M","E","M","R","E","R","BOSS","M","M","M","$","M","E","R","?","T","E","?","M","?","E","R","BOSS","M","M","$","M","M","E","M","E","T","R","?","E","AVR","E","R","BOSS","M","$","?","?","M","E","?","E","T","E","M","E","?","M","R","BOSS","M","?","?","M","AVR","E","R","E","T","M","E","?","M","E","R","BOSS","M","?","?","M","M","E","M","E","T","E","R","?","?","E","R","BOSS","R","$","E","BOSS"],"items_purchased_type":["Relic","Relic","Card","Relic","Relic","Relic","Relic","Relic","Relic","Relic","Relic","Relic","Relic","Relic","Relic","Relic","Relic","Relic","Relic","Relic","Relic","Relic","Relic","Relic","Relic","Relic","Relic","Relic","Relic","Relic","Relic","Relic","Relic","Relic","Relic","Card"],"build_version":"2020-12-22","purchased_purges":10,"victory":true,"max_hp_per_floor":[80,80,80,80,80,80,80,80,87,87,87,87,87,87,87,87,87,87,87,87,87,92,92,92,92,92,92,102,102,102,102,102,102,102,102,102,102,102,102,102,102,102,102,102,102,97,97,97,97,97,97,97,97,97,97,97,97,97,97,97,97,97,97,97,97,97,97,97,97,97,97,97,99,101,101,101,101,103,103,105,105,107,107,109,109,116,118,118,120,122,129,131,133,140,140,140,142,142,144,144,154,154,156,156,156,156,158,160,162,164,164,125,127,129,129,131,131,133,133,135,135,135,137,137,139,139,141,141,143,159,159,161,163,163,165,172,174,174,176,178,180,182,184,186,186,188,188,188,198,200,200,202,202,202,202,204,206],"card_choices":[{"not_picked":["True Grit","Havoc"],"picked":"Ghostly Armor","floor":1},{"not_picked":["Perfected Strike","Heavy Blade"],"picked":"Iron Wave","floor":2},{"not_picked":["Anger","Sword Boomerang"],"picked":"Shrug It Off","floor":3},{"not_picked":["Flex","Twin Strike"],"picked":"Inflame","floor":4},{"not_picked":["Searing Blow","Intimidate"],"picked":"infinitespire:OneForAll","floor":5},{"not_picked":["Headbutt","Evolve"],"picked":"Exhume","floor":8},{"not_picked":["Power Through","Combust"],"picked":"Armaments","floor":11},{"not_picked":["Searing Blow","Sword Boomerang"],"picked":"Cleave","floor":12},{"not_picked":["Immolate","Fiend Fire"],"picked":"Limit Break","floor":16},{"not_picked":["Perfected Strike","Headbutt"],"picked":"Rage+1","floor":18},{"not_picked":["Havoc","Shrug It Off"],"picked":"Shockwave+1","floor":19},{"not_picked":["Bloodletting","Cleave"],"picked":"Pommel Strike+1","floor":21},{"not_picked":["Havoc","Shrug It Off"],"picked":"Heavy Blade","floor":23},{"not_picked":["Limit Break","Fiend Fire"],"picked":"Flex+1","floor":25},{"not_picked":["Immolate","Headbutt"],"picked":"infinitespire:OneForAll","floor":27},{"not_picked":["Armaments","True Grit","Pommel Strike+1"],"picked":"SKIP","floor":30},{"not_picked":["Limit Break","Bludgeon"],"picked":"Immolate","floor":33},{"not_picked":["Clash","Seeing Red+1","Wild Strike"],"picked":"SKIP","floor":35},{"not_picked":["Evolve+1","Seeing Red"],"picked":"Heavy Blade+1","floor":36},{"not_picked":["Warcry+1","Twin Strike+1"],"picked":"Battle Trance","floor":37},{"not_picked":["Havoc","Intimidate+1","Pommel Strike+1"],"picked":"SKIP","floor":38},{"not_picked":["Armaments","Perfected Strike"],"picked":"Body Slam","floor":40},{"not_picked":["Havoc","Feel No Pain+1"],"picked":"Offering","floor":41},{"not_picked":["Rampage","Twin Strike"],"picked":"Warcry+1","floor":42},{"not_picked":["Perfected Strike","Body Slam"],"picked":"Dropkick+1","floor":44},{"not_picked":["Fiend Fire","Body Slam+1"],"picked":"Barricade+1","floor":45},{"not_picked":["Pommel Strike","Flex+1","Cleave"],"picked":"SKIP","floor":48},{"not_picked":["Pommel Strike","Flex+1","Cleave"],"picked":"SKIP","floor":48},{"not_picked":["Brutality+1","Barricade+1"],"picked":"Juggernaut+1","floor":50},{"not_picked":["Flex+1","Armaments+1"],"picked":"Rupture+1","floor":52},{"not_picked":["Havoc+1","Disarm+1","Power Through+1"],"picked":"SKIP","floor":53},{"not_picked":["Perfected Strike","Clash","Armaments+1"],"picked":"SKIP","floor":56},{"not_picked":["Clothesline","Anger","Brutality+1"],"picked":"SKIP","floor":57},{"not_picked":["Clash","Barricade+1"],"picked":"Bloodletting+1","floor":59},{"not_picked":["Anger","Blood for Blood","Body Slam"],"picked":"SKIP","floor":61},{"not_picked":["Cleave","Evolve+1","Wild Strike"],"picked":"SKIP","floor":62},{"not_picked":["Intimidate+1","Warcry+1","Twin Strike"],"picked":"SKIP","floor":63},{"not_picked":["Offering+1","Feel No Pain+1","Shrug It Off+1"],"picked":"SKIP","floor":65},{"not_picked":["infinitespire:FinalStrike","infinitespire:Oblivion"],"picked":"infinitespire:Execution","floor":67},{"not_picked":["Immolate","Limit Break+1"],"picked":"Demon Form+1","floor":67},{"not_picked":["Body Slam","Pommel Strike","Iron Wave"],"picked":"SKIP","floor":69},{"not_picked":["Sever Soul","Body Slam","Warcry+1"],"picked":"SKIP","floor":70},{"not_picked":["Carnage","Dark Embrace+1"],"picked":"Spot Weakness+1","floor":71},{"not_picked":["Juggernaut+1","Carnage","Clash+1"],"picked":"Singing Bowl","floor":73},{"not_picked":["Shrug It Off+1","Carnage","Anger"],"picked":"Singing Bowl","floor":74},{"not_picked":["Shrug It Off+1","Wild Strike+1","Ghostly Armor+1"],"picked":"Singing Bowl","floor":78},{"not_picked":["Sword Boomerang+1","Wild Strike+1","True Grit+1"],"picked":"Singing Bowl","floor":80},{"not_picked":["Clothesline+1","Disarm+1","Heavy Blade+1"],"picked":"Singing Bowl","floor":82},{"not_picked":["Offering+1","Fiend Fire+1","Barricade+1"],"picked":"Singing Bowl","floor":84},{"not_picked":["Spot Weakness+1","Perfected Strike+1","Flex+1"],"picked":"Singing Bowl","floor":86},{"not_picked":["Sword Boomerang+1","Clash+1","Searing Blow+1"],"picked":"Singing Bowl","floor":87},{"not_picked":["Shrug It Off+1","Body Slam+1","Rampage+1"],"picked":"Singing Bowl","floor":89},{"not_picked":["Sever Soul+1","Combust+1","Clash+1"],"picked":"Singing Bowl","floor":90},{"not_picked":["Dropkick+1","Spot Weakness+1","Twin Strike+1"],"picked":"Singing Bowl","floor":91},{"not_picked":["Warcry+1","Thunderclap+1","Disarm+1"],"picked":"Singing Bowl","floor":92},{"not_picked":["Thunderclap+1","Wild Strike+1","Sword Boomerang+1"],"picked":"Singing Bowl","floor":93},{"not_picked":["Shrug It Off+1","Body Slam+1","Warcry+1"],"picked":"Singing Bowl","floor":97},{"not_picked":["Perfected Strike+1","Headbutt+1","Burning Pact+1"],"picked":"Singing Bowl","floor":99},{"not_picked":["Brutality+1","Demon Form+1"],"picked":"Double Tap+1","floor":101},{"not_picked":["Flex+1","infinitespire:OneForAll+1","Whirlwind+1"],"picked":"Singing Bowl","floor":103},{"not_picked":["Iron Wave+1","Shrug It Off+1","Whirlwind+1"],"picked":"Singing Bowl","floor":107},{"not_picked":["Rampage+1","Perfected Strike+1","Twin Strike+1"],"picked":"Singing Bowl","floor":108},{"not_picked":["Armaments+1","Anger+1","Second Wind+1"],"picked":"Singing Bowl","floor":109},{"not_picked":["Corruption+1","Headbutt+1","Pummel+1"],"picked":"Singing Bowl","floor":110},{"not_picked":["Fire Breathing+1","Clash+1","Thunderclap+1"],"picked":"Singing Bowl","floor":112},{"not_picked":["Perfected Strike+1","Pommel Strike+1","Reckless Charge+1"],"picked":"Singing Bowl","floor":113},{"not_picked":["Iron Wave+1","Reckless Charge+1","Flame Barrier+1"],"picked":"Singing Bowl","floor":114},{"not_picked":["Twin Strike+1","Warcry+1","Perfected Strike+1"],"picked":"Singing Bowl","floor":116},{"not_picked":["Exhume+1","Corruption+1","Offering+1"],"picked":"Singing Bowl","floor":118},{"not_picked":["Armaments+1","True Grit+1","Flex+1"],"picked":"Singing Bowl","floor":120},{"not_picked":["Body Slam+1","Perfected Strike+1","Feel No Pain+1"],"picked":"Singing Bowl","floor":123},{"not_picked":["Iron Wave+1","Fire Breathing+1","Pommel Strike+1"],"picked":"Singing Bowl","floor":125},{"not_picked":["Rampage+1","Seeing Red+1","Havoc+1"],"picked":"Singing Bowl","floor":127},{"not_picked":["Whirlwind+1","Inflame+1","Uppercut+1"],"picked":"Singing Bowl","floor":129},{"not_picked":["Heavy Blade+1","Fire Breathing+1","Evolve+1"],"picked":"Singing Bowl","floor":130},{"not_picked":["Offering+1","Body Slam+1","Clash+1"],"picked":"Singing Bowl","floor":132},{"not_picked":["Twin Strike+1","Body Slam+1","Demon Form+1"],"picked":"Singing Bowl","floor":133},{"not_picked":["Demon Form+1","Bludgeon+1","Brutality+1"],"picked":"Singing Bowl","floor":135},{"not_picked":["Armaments+1","Perfected Strike+1","Anger+1"],"picked":"Singing Bowl","floor":136},{"not_picked":["Metallicize+1","Body Slam+1","Shockwave+1"],"picked":"Singing Bowl","floor":137},{"not_picked":["Burning Pact+1","Clash+1","Clothesline+1"],"picked":"Singing Bowl","floor":139},{"not_picked":["Demon Form+1","Hemokinesis+1","Reckless Charge+1"],"picked":"Singing Bowl","floor":140},{"not_picked":["Sword Boomerang+1","Whirlwind+1","Iron Wave+1"],"picked":"Singing Bowl","floor":141},{"not_picked":["Sentinel+1","Spot Weakness+1","Second Wind+1"],"picked":"Singing Bowl","floor":142},{"not_picked":["Carnage+1","Shockwave+1","Warcry+1"],"picked":"Singing Bowl","floor":143},{"not_picked":["Pommel Strike+1","Exhume+1","Body Slam+1"],"picked":"Singing Bowl","floor":144},{"not_picked":["Rampage+1","Wild Strike+1","Fire Breathing+1"],"picked":"Singing Bowl","floor":146},{"not_picked":["Pommel Strike+1","Havoc+1","Intimidate+1","Cleave+1"],"picked":"Singing Bowl","floor":150},{"not_picked":["Juggernaut+1","Berserk+1","Feed+1","Immolate+1"],"picked":"Singing Bowl","floor":152},{"not_picked":["Reckless Charge+1","Carnage+1","Wild Strike+1","Feel No Pain+1"],"picked":"Singing Bowl","floor":156},{"not_picked":["Bludgeon+1","Demon Form+1","Berserk+1","Corruption+1"],"picked":"Singing Bowl","floor":157}],"player_experience":806187,"relics_obtained":[{"floor":7,"key":"Bronze Scales"},{"floor":8,"key":"Tiny Chest"},{"floor":9,"key":"Strawberry"},{"floor":12,"key":"Centennial Puzzle"},{"floor":23,"key":"Bottled Lightning"},{"floor":25,"key":"Smiling Mask"},{"floor":26,"key":"Red Skull"},{"floor":27,"key":"Dream Catcher"},{"floor":28,"key":"Pear"},{"floor":31,"key":"infinitespire:EmpoweringShard"},{"floor":37,"key":"StoneCalendar"},{"floor":40,"key":"Toy Ornithopter"},{"floor":40,"key":"Frozen Egg 2"},{"floor":42,"key":"PreservedInsect"},{"floor":42,"key":"HornCleat"},{"floor":43,"key":"Toxic Egg 2"},{"floor":44,"key":"Pocketwatch"},{"floor":45,"key":"Pen Nib"},{"floor":45,"key":"Pantograph"},{"floor":47,"key":"The Courier"},{"floor":57,"key":"Shuriken"},{"floor":57,"key":"infinitespire:WardingShard"},{"floor":59,"key":"WingedGreaves"},{"floor":59,"key":"Whetstone"},{"floor":60,"key":"infinitespire:Satchel"},{"floor":62,"key":"Bag of Marbles"},{"floor":62,"key":"Happy Flower"},{"floor":65,"key":"Ancient Tea Set"},{"floor":65,"key":"Nunchaku"},{"floor":74,"key":"Art of War"},{"floor":74,"key":"Orichalcum"},{"floor":77,"key":"White Beast Statue"},{"floor":78,"key":"Vajra"},{"floor":78,"key":"Molten Egg 2"},{"floor":79,"key":"infinitespire:CheckeredPen"},{"floor":82,"key":"CeramicFish"},{"floor":82,"key":"Turnip"},{"floor":91,"key":"MawBank"},{"floor":91,"key":"Darkstone Periapt"},{"floor":93,"key":"Akabeko"},{"floor":93,"key":"Lizard Tail"},{"floor":94,"key":"Strawberry"},{"floor":97,"key":"Dead Branch"},{"floor":97,"key":"Torii"},{"floor":99,"key":"Calipers"},{"floor":99,"key":"InkBottle"},{"floor":106,"key":"Meat on the Bone"},{"floor":108,"key":"Thread and Needle"},{"floor":108,"key":"War Paint"},{"floor":110,"key":"Old Coin"},{"floor":110,"key":"Potion Belt"},{"floor":112,"key":"infinitespire:Lychee Nut"},{"floor":112,"key":"Whetstone"},{"floor":114,"key":"Matryoshka"},{"floor":114,"key":"StrikeDummy"},{"floor":122,"key":"Juzu Bracelet"},{"floor":122,"key":"Blood Vial"},{"floor":125,"key":"Gambling Chip"},{"floor":125,"key":"Regal Pillow"},{"floor":127,"key":"CaptainsWheel"},{"floor":127,"key":"Mummified Hand"},{"floor":128,"key":"Boot"},{"floor":128,"key":"Incense Burner"},{"floor":130,"key":"Mango"},{"floor":130,"key":"Art of War"},{"floor":133,"key":"Dream Catcher"},{"floor":133,"key":"Bottled Flame"},{"floor":139,"key":"Champion Belt"},{"floor":142,"key":"MealTicket"},{"floor":142,"key":"infinitespire:ShieldingShard"},{"floor":144,"key":"infinitespire:Golems Mask"},{"floor":144,"key":"Letter Opener"},{"floor":145,"key":"Paper Frog"},{"floor":146,"key":"infinitespire:FocusingShard"},{"floor":146,"key":"Ice Cream"},{"floor":148,"key":"Mercury Hourglass"},{"floor":150,"key":"Circlet"},{"floor":150,"key":"Circlet"},{"floor":156,"key":"Circlet"},{"floor":156,"key":"Circlet"}],"event_choices":[{"damage_healed":0,"gold_gain":0,"player_choice":"Forge","damage_taken":0,"max_hp_gain":0,"max_hp_loss":0,"event_name":"Accursed Blacksmith","floor":10,"gold_loss":0,"cards_upgraded":["Seeing Red"]},{"damage_healed":0,"gold_gain":0,"player_choice":"Fight","damage_taken":0,"max_hp_gain":0,"max_hp_loss":0,"event_name":"Mysterious Sphere","floor":37,"gold_loss":0},{"damage_healed":0,"gold_gain":0,"player_choice":"Fight","damage_taken":0,"max_hp_gain":0,"max_hp_loss":0,"event_name":"MindBloom","floor":44,"gold_loss":0},{"damage_healed":0,"gold_gain":0,"player_choice":"Max HP","damage_taken":0,"max_hp_gain":0,"max_hp_loss":5,"event_name":"Winding Halls","floor":46,"gold_loss":0},{"cards_removed":["Defend_R"],"damage_healed":0,"gold_gain":0,"player_choice":"Card Removal","damage_taken":0,"max_hp_gain":0,"max_hp_loss":0,"event_name":"The Cleric","floor":55,"gold_loss":50},{"cards_removed":["Defend_R"],"damage_healed":0,"gold_gain":0,"player_choice":"Purged","damage_taken":0,"max_hp_gain":0,"max_hp_loss":0,"event_name":"Purifier","floor":58,"gold_loss":0},{"damage_healed":0,"gold_gain":0,"player_choice":"Paid","damage_taken":0,"relics_obtained":["Red Mask"],"max_hp_gain":0,"max_hp_loss":0,"event_name":"Tomb of Lord Red Mask","floor":96,"gold_loss":131},{"damage_healed":0,"gold_gain":75,"player_choice":"Gather Gold","damage_taken":11,"max_hp_gain":0,"max_hp_loss":0,"event_name":"World of Goop","floor":105,"gold_loss":0},{"damage_healed":0,"gold_gain":0,"player_choice":"Success","damage_taken":33,"relics_obtained":["Ornamental Fan"],"max_hp_gain":0,"max_hp_loss":0,"event_name":"Scrap Ooze","floor":115,"gold_loss":0},{"damage_healed":0,"gold_gain":275,"player_choice":"Desecrate","damage_taken":0,"max_hp_gain":0,"max_hp_loss":0,"event_name":"Golden Shrine","floor":138,"gold_loss":0,"cards_obtained":["Regret"]},{"damage_healed":0,"gold_gain":0,"player_choice":"Fight","damage_taken":0,"max_hp_gain":0,"max_hp_loss":0,"event_name":"Mysterious Sphere","floor":139,"gold_loss":0}],"is_beta":false,"boss_relics":[{"not_picked":["Busted Crown","Astrolabe"],"picked":"Coffee Dripper"},{"not_picked":["Empty Cage","Runic Dome"],"picked":"Black Star"},{"not_picked":["bronze:MakeshiftBattery","Sozu"],"picked":"Philosopher\u0027s Stone"},{"not_picked":["Runic Dome","Astrolabe"],"picked":"bronze:MakeshiftBattery"},{"not_picked":["Sozu","Snecko Eye"],"picked":"Cursed Key"},{"not_picked":["Empty Cage","Pandora\u0027s Box"],"picked":"SlaversCollar"},{"not_picked":["Runic Cube","infinitespire:Cupcake"],"picked":"infinitespire:Burning Sword"},{"not_picked":["Snecko Eye","Cursed Key"],"picked":"Tiny House"},{"not_picked":["Runic Dome","Fusion Hammer"],"picked":"Empty Cage"}],"items_purged_floors":[14,22,29,39,54,88,98,104,124,149],"is_endless":true,"potions_floor_spawned":[1,3,11,21,30,37,38,44,45,56,59,62,63,65,71,74,78,80,82,84,86,87,89,90,91,92,93,97,99,101,103,107,108,109,110,112,113,114,116,118,120,123,125,127,129,130,132,133,135,137,139,140,141,142,143,144,146,150,152,156,157],"ascension_level":6}}