{"host":"kh6fvhxn285ncg0o","time":1611351642,"event":{"mods":["Act Like it!","BaseMod","Colored Map","Friendly Minions","Keyboard Shortcuts","Minty Spire (QoL Compilation)","Quick Restart","Relic Stats","StSLib","SuperFastMode"],"gold_per_floor":[117,117,194,213,225,225,259,272,298,313,313,363,395,320,320,393,393,406,426,153,168,194,226,226,255,255,282,207,220,16,43,43,117,117,135,146,103,121,133,133,133,133],"floor_reached":41,"language":"KOR","playtime":1263,"items_purged":["Strike_G","Strike_G","Strike_G"],"score":972,"play_id":"a335f502-17f6-4c82-a9a3-350e0583427a","local_time":"20210123064042","is_ascension_mode":true,"campfire_choices":[{"data":"Deadly Poison","floor":6.0,"key":"SMITH"},{"floor":11.0,"key":"REST"},{"data":"Well Laid Plans","floor":15.0,"key":"SMITH"},{"data":"Tactician","floor":24.0,"key":"SMITH"},{"data":"Acrobatics","floor":32.0,"key":"SMITH"},{"data":"Catalyst","floor":40.0,"key":"SMITH"}],"circlet_count":0,"master_deck":["AscendersBane","Defend_G","Defend_G","Defend_G","Survivor","Neutralize","Noxious Fumes+1","Well Laid Plans+1","Deadly Poison+1","Bouncing Flask","Tactician+1","Malaise","Acrobatics+1","Backstab","Reflex","Malaise","Concentrate","Riddle With Holes+1","Dodge and Roll+1","Backstab+1","Prepared+1","Footwork","Reflex","Catalyst+1"],"relics":["Ring of the Snake","Pantograph","Akabeko","Blood Vial","Ninja Scroll","WristBlade","Snake Skull","MealTicket","Lantern","Anchor","Singing Bowl","Omamori","Oddly Smooth Stone","Astrolabe"],"acts_visited":["Exordium","TheCity","TheBeyond"],"potions_floor_usage":[],"damage_taken":[{"damage":2.0,"enemies":"Small Slimes","floor":1.0,"turns":4.0},{"damage":7.0,"enemies":"Jaw Worm","floor":4.0,"turns":4.0},{"damage":3.0,"enemies":"2 Louse","floor":5.0,"turns":5.0},{"damage":15.0,"enemies":"Lagavulin","floor":7.0,"turns":7.0},{"damage":0.0,"enemies":"Red Slaver","floor":8.0,"turns":4.0},{"damage":9.0,"enemies":"Looter","floor":10.0,"turns":4.0},{"damage":35.0,"enemies":"Gremlin Nob","floor":13.0,"turns":4.0},{"damage":16.0,"enemies":"The Guardian","floor":16.0,"turns":8.0},{"damage":2.0,"enemies":"Spheric Guardian","floor":18.0,"turns":3.0},{"damage":17.0,"enemies":"2 Thieves","floor":19.0,"turns":5.0},{"damage":16.0,"enemies":"3 Cultists","floor":21.0,"turns":5.0},{"damage":0.0,"enemies":"Gremlin Leader","floor":23.0,"turns":6.0},{"damage":7.0,"enemies":"Slavers","floor":25.0,"turns":3.0},{"damage":17.0,"enemies":"Book of Stabbing","floor":27.0,"turns":5.0},{"damage":12.0,"enemies":"Cultist and Chosen","floor":29.0,"turns":5.0},{"damage":52.0,"enemies":"Collector","floor":33.0,"turns":8.0},{"damage":0.0,"enemies":"Orb Walker","floor":35.0,"turns":2.0},{"damage":8.0,"enemies":"3 Darklings","floor":36.0,"turns":4.0},{"damage":32.0,"enemies":"Spire Growth","floor":38.0,"turns":8.0},{"damage":6.0,"enemies":"Writhing Mass","floor":39.0,"turns":5.0},{"damage":0,"enemies":"Reptomancer","floor":41,"turns":2}],"seed_played":"-286730133786193942","potions_obtained":[{"floor":5.0,"key":"PowerPotion"},{"floor":7.0,"key":"PowerPotion"},{"floor":10.0,"key":"Dexterity Potion"},{"floor":16.0,"key":"Regen Potion"},{"floor":21.0,"key":"Fire Potion"},{"floor":25.0,"key":"Energy Potion"},{"floor":29.0,"key":"Fire Potion"},{"floor":33.0,"key":"Weak Potion"},{"floor":35.0,"key":"FearPotion"}],"is_trial":false,"path_per_floor":["M","?","T","M","M","R","E","M","T","M","R","?","E","$","R","B",null,"M","M","$","M","T","E","R","E","T","E","?","M","$","T","R","B",null,"M","M","$","M","M","R","E"],"character_chosen":"THE_SILENT","items_purchased":["Snake Skull","Concentrate","Footwork"],"campfire_rested":1,"item_purchase_floors":[20,30,37],"current_hp_per_floor":[57,57,57,50,47,47,32,32,32,25,44,38,5,5,5,16,54,54,54,54,40,40,42,42,37,37,24,24,14,29,29,29,6,54,56,52,67,37,33,33,35,35],"gold":133,"neow_bonus":"TRANSFORM_CARD","is_daily":false,"chose_seed":false,"campfire_upgraded":5,"win_rate":0.0,"timestamp":1611351642,"path_taken":["M","?","?","?","M","R","E","M","T","M","R","?","E","$","R","BOSS","M","M","$","M","?","E","R","E","T","E","?","M","$","?","R","BOSS","M","M","$","M","M","R","E"],"items_purchased_type":["Relic","Card","Card"],"build_version":"2020-12-22","purchased_purges":3,"victory":false,"max_hp_per_floor":[66,66,66,66,66,66,66,66,66,66,66,66,66,66,66,66,66,66,66,66,66,66,66,66,66,66,68,68,68,68,68,68,70,70,70,72,72,72,72,72,72,72],"relic_stats":{"Blood Vial":32,"Singing Bowl":6,"counters":[21,101],"Pantograph":50,"Astrolabe":["Riddle With Holes","Dodge and Roll","Backstab"],"MealTicket":30,"Snake Skull":[101],"obtain_stats":[{"Lantern":23,"Singing Bowl":26,"Astrolabe":34,"Oddly Smooth Stone":31,"Snake Skull":20,"Omamori":27,"Akabeko":7,"Blood Vial":9,"Anchor":25,"WristBlade":17,"Ninja Scroll":13,"Pantograph":3,"MealTicket":22,"Ring of the Snake":0},{"Lantern":12,"Singing Bowl":13,"Astrolabe":16,"Oddly Smooth Stone":15,"Snake Skull":10,"Omamori":14,"Akabeko":4,"Blood Vial":5,"Anchor":13,"WristBlade":8,"Ninja Scroll":7,"Pantograph":1,"MealTicket":11,"Ring of the Snake":0},{"Lantern":59,"Singing Bowl":62,"Astrolabe":80,"Oddly Smooth Stone":72,"Snake Skull":48,"Omamori":67,"Akabeko":20,"Blood Vial":24,"Anchor":62,"WristBlade":40,"Ninja Scroll":32,"Pantograph":4,"MealTicket":53,"Ring of the Snake":0}],"Ring of the Snake":[42]},"card_choices":[{"not_picked":["Deflect","Quick Slash"],"picked":"Well Laid Plans","floor":1.0},{"not_picked":["Dodge and Roll","Prepared"],"picked":"Deadly Poison","floor":4.0},{"not_picked":["Bane","Quick Slash","Dodge and Roll"],"picked":"SKIP","floor":5.0},{"not_picked":["Prepared","Dash"],"picked":"Bouncing Flask","floor":7.0},{"not_picked":["Slice","Endless Agony"],"picked":"Dagger Spray","floor":8.0},{"not_picked":["Riddle With Holes","Prepared","Well Laid Plans"],"picked":"SKIP","floor":10.0},{"not_picked":["Unload","Flying Knee"],"picked":"Tactician","floor":13.0},{"not_picked":["Glass Knife","After Image"],"picked":"Malaise","floor":16.0},{"not_picked":["Riddle With Holes","Concentrate"],"picked":"Acrobatics","floor":18.0},{"not_picked":["Setup","Deadly Poison"],"picked":"Backstab","floor":19.0},{"not_picked":["Prepared","Cloak And Dagger","Expertise"],"picked":"SKIP","floor":21.0},{"not_picked":["Underhanded Strike","Riddle With Holes"],"picked":"Reflex","floor":23.0},{"not_picked":["Setup","Deflect","Sucker Punch"],"picked":"SKIP","floor":25.0},{"not_picked":["Dagger Spray","Prepared","Flying Knee"],"picked":"Singing Bowl","floor":27.0},{"not_picked":["Caltrops","Dagger Throw"],"picked":"Malaise","floor":29.0},{"not_picked":["Tools of the Trade","Grand Finale","Night Terror"],"picked":"Singing Bowl","floor":33.0},{"not_picked":["Dagger Spray","Bouncing Flask"],"picked":"Prepared+1","floor":35.0},{"not_picked":["Blade Dance","Tactician","Deflect"],"picked":"Singing Bowl","floor":36.0},{"not_picked":["Crippling Poison+1","Blade Dance+1"],"picked":"Reflex","floor":38.0},{"not_picked":["Skewer+1","Flying Knee+1"],"picked":"Catalyst","floor":39.0}],"player_experience":1259849,"relics_obtained":[{"floor":3.0,"key":"Pantograph"},{"floor":7.0,"key":"Akabeko"},{"floor":9.0,"key":"Blood Vial"},{"floor":13.0,"key":"Ninja Scroll"},{"floor":22.0,"key":"MealTicket"},{"floor":23.0,"key":"Lantern"},{"floor":25.0,"key":"Anchor"},{"floor":26.0,"key":"Singing Bowl"},{"floor":27.0,"key":"Omamori"},{"floor":31.0,"key":"Oddly Smooth Stone"}],"event_choices":[{"damage_healed":0.0,"max_hp_gain":0.0,"max_hp_loss":0.0,"gold_gain":0.0,"event_name":"Living Wall","player_choice":"Grow","floor":2.0,"gold_loss":0.0,"damage_taken":0.0,"cards_upgraded":["Noxious Fumes"]},{"damage_healed":0.0,"max_hp_gain":0.0,"max_hp_loss":0.0,"gold_gain":50.0,"event_name":"FaceTrader","player_choice":"Touch","floor":12.0,"gold_loss":0.0,"damage_taken":6.0},{"cards_removed":["Strike_G"],"damage_healed":0.0,"max_hp_gain":0.0,"max_hp_loss":0.0,"gold_gain":0.0,"event_name":"Beggar","player_choice":"Gave Gold","floor":28.0,"gold_loss":75.0,"damage_taken":0.0}],"is_beta":false,"boss_relics":[{"not_picked":["Ring of the Serpent","Ectoplasm"],"picked":"WristBlade"},{"not_picked":["Runic Dome","HoveringKite"],"picked":"Astrolabe"}],"items_purged_floors":[14,20,30],"is_endless":false,"potions_floor_spawned":[5,7,8,10,16,18,21,25,29,33,35],"killed_by":"Reptomancer","ascension_level":20}}