{"host":"c97twqu0op5dg8i4","time":1611294573,"event":{"mods":["AchievementEnabler","BaseMod","Colored Map","Minty Spire (QoL Compilation)","Permanent Neow"],"gold_per_floor":[110,126,126,126,126,126,138,138,183,183,198,214,289,324,324,425,425,440,539,539,539,62,62,62,72,95,147,147,172,188,188,203,203,303,303,320,320,125,137,150,150,169,169,169,197,197,225,243,263,263,263],"floor_reached":52,"language":"ENG","playtime":2996,"items_purged":["Shame"],"score":977,"play_id":"bafa7e1d-7968-41e1-9892-9003066e6fb0","local_time":"20210122004933","is_ascension_mode":true,"campfire_choices":[{"data":"Chaos","floor":6,"key":"SMITH"},{"data":"Sunder","floor":8,"key":"SMITH"},{"floor":15,"key":"REST"},{"data":"Fission","floor":23,"key":"SMITH"},{"data":"Defragment","floor":28,"key":"SMITH"},{"data":"Coolheaded","floor":31,"key":"SMITH"},{"floor":33,"key":"REST"},{"floor":41,"key":"REST"},{"data":"Consume","floor":43,"key":"SMITH"},{"floor":50,"key":"REST"}],"circlet_count":0,"master_deck":["Zap","Dualcast","Defragment+1","Chaos+1","Sunder+1","Coolheaded+1","Consume+1","Fission+1","Electrodynamics","Seek","Skim","Doom and Gloom","Heatsinks","Glacier","Sunder","Loop","Cold Snap","Clumsy","Defragment+1","Parasite","Recycle","Reboot","Echo Form","Defragment+1","Leap+1","Doom and Gloom+1","Capacitor+1","Writhe","Turbo","Chill","Self Repair","Glacier"],"relics":["Cursed Key","Whetstone","Symbiotic Virus","Pandora\u0027s Box","Meat on the Bone","Medical Kit","Cables","Bag of Preparation","Smiling Mask","Ancient Tea Set","Black Star","DataDisk","Vajra","Kunai","MealTicket","PreservedInsect"],"acts_visited":["Exordium","TheCity","TheBeyond"],"potions_floor_usage":[2,16,21,36,40,51,51,51],"damage_taken":[{"damage":3,"enemies":"2 Louse","floor":1,"turns":3},{"damage":7,"enemies":"Jaw Worm","floor":2,"turns":3},{"damage":0,"enemies":"Cultist","floor":7,"turns":3},{"damage":0,"enemies":"2 Fungi Beasts","floor":11,"turns":1},{"damage":0,"enemies":"3 Louse","floor":12,"turns":3},{"damage":15,"enemies":"Lagavulin","floor":14,"turns":5},{"damage":43,"enemies":"Hexaghost","floor":16,"turns":8},{"damage":6,"enemies":"3 Byrds","floor":18,"turns":2},{"damage":0,"enemies":"2 Thieves","floor":21,"turns":1},{"damage":0,"enemies":"Snake Plant","floor":25,"turns":2},{"damage":0,"enemies":"Book of Stabbing","floor":29,"turns":7},{"damage":14,"enemies":"Shelled Parasite and Fungi","floor":30,"turns":5},{"damage":0,"enemies":"Sentry and Sphere","floor":32,"turns":3},{"damage":24,"enemies":"Collector","floor":34,"turns":10},{"damage":34,"enemies":"3 Darklings","floor":36,"turns":3},{"damage":0,"enemies":"3 Shapes","floor":39,"turns":4},{"damage":13,"enemies":"Transient","floor":40,"turns":5},{"damage":15,"enemies":"Spire Growth","floor":42,"turns":3},{"damage":0,"enemies":"Nemesis","floor":45,"turns":5},{"damage":10,"enemies":"Giant Head","floor":47,"turns":8},{"damage":0,"enemies":"Maw","floor":48,"turns":7},{"damage":11,"enemies":"Sphere and 2 Shapes","floor":49,"turns":4},{"damage":14,"enemies":"Donu and Deca","floor":51,"turns":10}],"seed_played":"4429641086773377294","potions_obtained":[{"floor":1,"key":"Regen Potion"},{"floor":7,"key":"Energy Potion"},{"floor":11,"key":"SmokeBomb"},{"floor":12,"key":"Regen Potion"},{"floor":29,"key":"GamblersBrew"},{"floor":30,"key":"SpeedPotion"},{"floor":39,"key":"Swift Potion"},{"floor":40,"key":"SneckoOil"},{"floor":48,"key":"Weak Potion"},{"floor":49,"key":"FocusPotion"}],"is_trial":false,"path_per_floor":["M","M","?","?","?","R","M","R","T","?","M","M","?","E","R","B",null,"M","?","T","M","$","R","?","M","T","T","R","E","M","R","M","R","B",null,"M","?","$","M","M","R","M","R","T","E","?","E","M","M","R","B",null],"character_chosen":"DEFECT","items_purchased":["Defragment","Medical Kit","Cables","DataDisk"],"campfire_rested":4,"item_purchase_floors":[22,22,22,38],"current_hp_per_floor":[65,67,52,52,52,52,52,52,52,52,52,52,41,26,48,20,61,55,55,55,55,55,55,55,55,55,55,55,55,41,41,41,63,39,66,44,44,44,44,43,65,50,50,50,50,50,40,40,41,63,56],"gold":263,"neow_bonus":"BOSS_RELIC","is_daily":false,"chose_seed":false,"campfire_upgraded":6,"win_rate":0.0,"timestamp":1611294573,"path_taken":["M","M","?","?","?","R","?","R","T","?","M","?","?","E","R","BOSS","M","?","?","M","$","R","?","M","T","T","R","E","M","R","M","R","BOSS","M","?","$","M","M","R","M","R","T","E","?","E","M","M","R","BOSS"],"items_purchased_type":["Card","Relic","Relic","Relic"],"build_version":"2020-12-22","purchased_purges":1,"victory":true,"max_hp_per_floor":[75,75,75,75,75,75,75,75,75,75,75,75,75,75,75,75,75,75,75,75,75,75,75,75,75,75,75,75,75,75,75,75,75,75,75,75,75,75,75,75,75,75,75,75,75,75,75,75,75,75,75],"card_choices":[{"not_picked":["Undo","Go for the Eyes"],"picked":"Defragment","floor":1},{"not_picked":["Storm","Gash"],"picked":"Chaos","floor":2},{"not_picked":["Rebound","Go for the Eyes"],"picked":"Sunder","floor":7},{"not_picked":["Rebound","Beam Cell"],"picked":"Coolheaded","floor":11},{"not_picked":["Reinforced Body","Cold Snap"],"picked":"Consume","floor":12},{"not_picked":["Turbo","Streamline"],"picked":"Fission","floor":14},{"not_picked":["Amplify","Buffer"],"picked":"Electrodynamics","floor":16},{"not_picked":["Genetic Algorithm","Hologram+1"],"picked":"Cold Snap","floor":18},{"not_picked":["Rebound","Redo","Conserve Battery"],"picked":"SKIP","floor":25},{"not_picked":["Sweeping Beam","Reprogram"],"picked":"Recycle","floor":29},{"not_picked":["Steam","Loop"],"picked":"Reboot","floor":30},{"not_picked":["White Noise","Rebound+1","Heatsinks"],"picked":"SKIP","floor":32},{"not_picked":["Reboot","Seek"],"picked":"Echo Form","floor":34},{"not_picked":["Steam","Leap+1"],"picked":"Defragment+1","floor":36},{"not_picked":["Streamline","Coolheaded+1"],"picked":"Leap+1","floor":39},{"not_picked":["Turbo+1","Fusion"],"picked":"Doom and Gloom+1","floor":40},{"not_picked":["Aggregate+1","Barrage"],"picked":"Capacitor+1","floor":42},{"not_picked":["Reboot","Reprogram"],"picked":"Turbo","floor":45},{"not_picked":["Turbo","Ball Lightning"],"picked":"Chill","floor":47},{"not_picked":["Rebound","Streamline"],"picked":"Self Repair","floor":48},{"not_picked":["Lockon+1","Leap"],"picked":"Glacier","floor":49}],"player_experience":286991,"relics_obtained":[{"floor":9,"key":"Whetstone"},{"floor":14,"key":"Symbiotic Virus"},{"floor":20,"key":"Meat on the Bone"},{"floor":26,"key":"Bag of Preparation"},{"floor":27,"key":"Smiling Mask"},{"floor":29,"key":"Ancient Tea Set"},{"floor":45,"key":"Vajra"},{"floor":45,"key":"Kunai"},{"floor":47,"key":"MealTicket"},{"floor":47,"key":"PreservedInsect"}],"event_choices":[{"damage_healed":0,"gold_gain":0,"player_choice":"Entered Light","damage_taken":15,"max_hp_gain":0,"max_hp_loss":0,"event_name":"Shining Light","floor":3,"gold_loss":0,"cards_upgraded":["Defend_B","Strike_B"]},{"damage_healed":0,"gold_gain":0,"player_choice":"Grow","damage_taken":0,"max_hp_gain":0,"max_hp_loss":0,"event_name":"Living Wall","floor":4,"gold_loss":0,"cards_upgraded":["Defragment"]},{"damage_healed":0,"gold_gain":0,"player_choice":"Ignored","damage_taken":0,"max_hp_gain":0,"max_hp_loss":0,"event_name":"Liars Game","floor":5,"gold_loss":0},{"cards_removed":["Normality"],"damage_healed":0,"gold_gain":0,"player_choice":"Purged","damage_taken":0,"max_hp_gain":0,"max_hp_loss":0,"event_name":"Purifier","floor":10,"gold_loss":0},{"damage_healed":0,"gold_gain":75,"player_choice":"Gather Gold","damage_taken":11,"max_hp_gain":0,"max_hp_loss":0,"event_name":"World of Goop","floor":13,"gold_loss":0},{"damage_healed":0,"gold_gain":99,"player_choice":"Stole From Cult","damage_taken":0,"max_hp_gain":0,"max_hp_loss":0,"event_name":"Nest","floor":19,"gold_loss":0},{"damage_healed":0,"gold_gain":0,"player_choice":"Ignored","damage_taken":0,"max_hp_gain":0,"max_hp_loss":0,"event_name":"Vampires","floor":24,"gold_loss":0},{"damage_healed":0,"gold_gain":0,"player_choice":"Ignored","damage_taken":0,"max_hp_gain":0,"max_hp_loss":0,"event_name":"Mysterious Sphere","floor":37,"gold_loss":0},{"cards_removed":["Compile Driver"],"damage_healed":0,"gold_gain":0,"player_choice":"Removed Attack","damage_taken":0,"max_hp_gain":0,"max_hp_loss":0,"event_name":"Falling","floor":46,"gold_loss":0}],"is_beta":false,"boss_relics":[{"not_picked":["Astrolabe","Coffee Dripper"],"picked":"Pandora\u0027s Box"},{"not_picked":["Runic Pyramid","SacredBark"],"picked":"Black Star"}],"items_purged_floors":[38],"is_endless":false,"potions_floor_spawned":[1,7,11,12,14,29,30,34,39,40,45,48,49],"ascension_level":6}}