{"host":"v0dnu0zs4qo0v13s","time":1611357992,"event":{"mods":["BaseMod","Colored Map","Colored Powertips","Minty Spire (QoL Compilation)","Relic Stats","StSLib","SuperFastMode","everything is the same but u backflip on backflip"],"gold_per_floor":[160,160,6,23,40,66,66,108,158,158,199,224,244,11,11,11,11],"floor_reached":16,"language":"ENG","playtime":1152,"items_purged":["Pain"],"score":210,"play_id":"2f9b0bbf-132f-4bc8-bff5-5f58995343ee","local_time":"20210122182632","is_ascension_mode":true,"campfire_choices":[{"data":"Armaments","floor":7.0,"key":"SMITH"},{"floor":10,"key":"REST"},{"floor":15,"key":"REST"}],"circlet_count":0,"master_deck":["AscendersBane","Strike_R","Strike_R","Strike_R","Strike_R","Strike_R","Defend_R+1","Defend_R","Defend_R","Defend_R","Bash","Evolve","Cleave","Flex","Armaments+1","Seeing Red","Offering","Impervious","True Grit","Heavy Blade"],"relics":["Tiny House","WarpedTongs","Membership Card","Paper Frog","CeramicFish","Nunchaku","Blood Vial","Shuriken","OrangePellets"],"acts_visited":[],"potions_floor_usage":[8,16],"damage_taken":[{"damage":0.0,"enemies":"Cultist","floor":1.0,"turns":3.0},{"damage":4.0,"enemies":"Small Slimes","floor":4.0,"turns":3.0},{"damage":7.0,"enemies":"2 Louse","floor":5.0,"turns":3.0},{"damage":15.0,"enemies":"3 Sentries","floor":6.0,"turns":5.0},{"damage":19,"enemies":"Gremlin Nob","floor":8,"turns":5},{"damage":25,"enemies":"Lagavulin","floor":11,"turns":6},{"damage":6,"enemies":"2 Fungi Beasts","floor":12,"turns":1},{"damage":14,"enemies":"Lots of Slimes","floor":13,"turns":5},{"damage":29,"enemies":"The Guardian","floor":16,"turns":5}],"seed_played":"3567268807209558408","potions_obtained":[{"floor":0.0,"key":"BlessingOfTheForge"},{"floor":4.0,"key":"SneckoOil"},{"floor":5.0,"key":"Dexterity Potion"},{"floor":6.0,"key":"LiquidBronze"},{"floor":13,"key":"Ancient Potion"}],"is_trial":false,"path_per_floor":["M","?","$","M","M","E","R","E","T","R","E","M","M","$","R","B"],"character_chosen":"IRONCLAD","items_purchased":["Membership Card","Shuriken","OrangePellets"],"campfire_rested":2,"item_purchase_floors":[3,14,14],"current_hp_per_floor":[73,73,73,69,62,47,47,28,28,52,27,23,11,11,35,8,8],"gold":11,"neow_bonus":"BOSS_RELIC","is_daily":false,"chose_seed":false,"campfire_upgraded":1,"win_rate":0.0,"timestamp":1611357992,"path_taken":["M","?","$","M","M","E","R","E","T","R","E","M","M","$","R","BOSS"],"items_purchased_type":["Relic","Relic","Relic"],"build_version":"2020-12-22","purchased_purges":1,"victory":false,"max_hp_per_floor":[80,80,80,80,80,80,80,80,80,80,80,80,80,80,80,80,80],"relic_stats":{"Blood Vial":6,"OrangePellets":[0],"Nunchaku":[2],"counters":[9,36],"Shuriken":[0],"CeramicFish":36,"obtain_stats":[{"Blood Vial":11,"OrangePellets":14,"Nunchaku":9,"Tiny House":0,"Shuriken":14,"CeramicFish":8,"Membership Card":3,"Burning Blood":0,"WarpedTongs":2,"Paper Frog":6},{"Blood Vial":6,"OrangePellets":8,"Nunchaku":5,"Tiny House":0,"Shuriken":8,"CeramicFish":5,"Membership Card":1,"Burning Blood":0,"WarpedTongs":1,"Paper Frog":4},{"Blood Vial":25,"OrangePellets":31,"Nunchaku":19,"Tiny House":0,"Shuriken":31,"CeramicFish":19,"Membership Card":3,"Burning Blood":0,"WarpedTongs":3,"Paper Frog":14}],"WarpedTongs":[32]},"card_choices":[{"not_picked":["Clothesline","Anger"],"picked":"Evolve","floor":0.0},{"not_picked":["Thunderclap","Body Slam"],"picked":"Cleave","floor":1.0},{"not_picked":["Infernal Blade","Perfected Strike"],"picked":"Flex","floor":4.0},{"not_picked":["Flex","Anger"],"picked":"Armaments","floor":5.0},{"not_picked":["Pummel","Sword Boomerang"],"picked":"Seeing Red","floor":6.0},{"not_picked":["Dropkick","Clothesline"],"picked":"Offering","floor":8},{"not_picked":["Juggernaut","Flex"],"picked":"Impervious","floor":11},{"not_picked":["Perfected Strike","Cleave"],"picked":"True Grit","floor":12},{"not_picked":["Headbutt","Dual Wield"],"picked":"Heavy Blade","floor":13}],"player_experience":703379,"relics_obtained":[{"floor":6.0,"key":"Paper Frog"},{"floor":8,"key":"CeramicFish"},{"floor":9,"key":"Nunchaku"},{"floor":11,"key":"Blood Vial"}],"event_choices":[{"damage_healed":0.0,"max_hp_gain":0.0,"max_hp_loss":0.0,"gold_gain":0.0,"event_name":"Accursed Blacksmith","player_choice":"Rummage","floor":2.0,"gold_loss":0.0,"damage_taken":0.0,"relics_obtained":["WarpedTongs"],"cards_obtained":["Pain"]}],"is_beta":false,"boss_relics":[],"items_purged_floors":[14],"is_endless":false,"potions_floor_spawned":[4,5,6,13],"killed_by":"The Guardian","ascension_level":15}}