{"host":"7wagoesq7cf4lu47","time":1611328077,"event":{"mods":["BaseMod","Downfall","Googly Eyes","Minty Spire (QoL Compilation)","StSLib"],"gold_per_floor":[99,99,199,199,9,26,49,67,14,27,12,34,34,58,76,76,76,76],"floor_reached":16,"language":"ZHS","playtime":986,"items_purged":["hexamod:Strike"],"score":92,"play_id":"87d2efc9-cc1e-4552-a1b0-8cb185085ad6","local_time":"20210122230757","is_ascension_mode":false,"campfire_choices":[{"data":"hexamod:Float","floor":1.0,"key":"SMITH"}],"circlet_count":0,"master_deck":["hexamod:Strike","hexamod:Strike","hexamod:Defend","hexamod:Defend","hexamod:Defend","hexamod:Defend","hexamod:Sear","hexamod:Float+1","hexamod:FirstSeal","hexamod:Rewind","hexamod:RadiantFlame","hexamod:ThirdSeal","hexamod:ExtraCrispy","hexamod:TimeOfNeed","hexamod:SecondSeal","hexamod:RecurringNightmare","hexamod:HeatShield","hexamod:GhostflameBarrier","hexamod:SoulSteal"],"relics":["hexamod:SpiritBrand","downfall:HeartsMalice","Membership Card","Pen Nib"],"acts_visited":["Exordium"],"potions_floor_usage":[],"damage_taken":[{"damage":0.0,"enemies":"Jaw Worm","floor":2.0,"turns":1.0},{"damage":0.0,"enemies":"Cultist","floor":4.0,"turns":1.0},{"damage":0.0,"enemies":"downfall:FleeingMerchant","floor":5.0,"turns":1.0},{"damage":11.0,"enemies":"2 Louse","floor":6.0,"turns":4.0},{"damage":21.0,"enemies":"Gremlin Gang","floor":8.0,"turns":4.0},{"damage":0.0,"enemies":"downfall:FleeingMerchant","floor":9.0,"turns":4.0},{"damage":39.0,"enemies":"Lots of Slimes","floor":10.0,"turns":6.0},{"damage":0.0,"enemies":"downfall:FleeingMerchant","floor":11.0,"turns":4.0},{"damage":11,"enemies":"2 Fungi Beasts","floor":12,"turns":4},{"damage":18,"enemies":"3 Louse","floor":14,"turns":5},{"damage":14,"enemies":"Red Slaver","floor":15,"turns":6},{"damage":16,"enemies":"SI_SHIV_ARCHETYPE","floor":16,"turns":3}],"seed_played":"-1305529033670036603","potions_obtained":[{"floor":8.0,"key":"BlessingOfTheForge"},{"floor":12,"key":"SkillPotion"},{"floor":15,"key":"BlessingOfTheForge"}],"is_trial":false,"path_per_floor":["R","M","?","M","$","M","T","M","$","M","$","M","?","M","M","B"],"character_chosen":"THE_SPIRIT","items_purchased":["Membership Card","hexamod:RadiantFlame"],"campfire_rested":0,"item_purchase_floors":[5,5],"current_hp_per_floor":[70,70,70,70,70,66,66,52,59,27,34,30,30,19,12,0,0,0],"gold":76,"neow_bonus":"THREE_ENEMY_KILL","is_daily":false,"chose_seed":false,"campfire_upgraded":1,"win_rate":0.0,"timestamp":1611328077,"path_taken":["R","M","?","M","$","?","T","M","?","?","?","M","?","?","M","BOSS"],"items_purchased_type":["Relic","Card"],"build_version":"2020-12-22","purchased_purges":1,"victory":false,"max_hp_per_floor":[70,70,70,70,70,70,70,70,70,70,70,70,70,70,70,70,70,70],"card_choices":[{"not_picked":["hexamod:NightmareGuise","hexamod:HeatCrush"],"picked":"hexamod:FirstSeal","floor":2.0},{"not_picked":["hexamod:InspiringFlames","hexamod:BurningTouch","hexamod:ShieldOfDarkness"],"picked":"SKIP","floor":4.0},{"not_picked":["hexamod:SwordOfDarkness","hexamod:ChargedBarrage"],"picked":"hexamod:Rewind","floor":5.0},{"not_picked":["hexamod:BacktrackSmack","hexamod:ShieldOfDarkness","hexamod:Again"],"picked":"SKIP","floor":6.0},{"not_picked":["hexamod:CatchUp","hexamod:ShieldOfDarkness"],"picked":"hexamod:ThirdSeal","floor":8.0},{"not_picked":["hexamod:Haunt","hexamod:RainOfEmbers"],"picked":"hexamod:ExtraCrispy","floor":9.0},{"not_picked":["hexamod:CatchUp","hexamod:GhostLash"],"picked":"hexamod:TimeOfNeed","floor":9.0},{"not_picked":["hexamod:PhantomCloak","hexamod:Firestarter","hexamod:RainOfEmbers"],"picked":"SKIP","floor":10.0},{"not_picked":["hexamod:RecurringNightmare","hexamod:HeatShield","hexamod:ShieldOfDarkness"],"picked":"SKIP","floor":10.0},{"not_picked":["hexamod:ExtraCrispy","hexamod:BurningTouch"],"picked":"hexamod:SecondSeal","floor":11.0},{"not_picked":["hexamod:NightmareStrike","hexamod:HauntingEcho","hexamod:HeatMetal"],"picked":"SKIP","floor":11.0},{"not_picked":["hexamod:PhantomCloak","hexamod:BacktrackSmack"],"picked":"hexamod:RecurringNightmare","floor":12},{"not_picked":["hexamod:BurningTouch","hexamod:GhostOfSpireFuture","hexamod:PhantomCloak"],"picked":"SKIP","floor":12},{"not_picked":["hexamod:ChargedBarrage","hexamod:InspiringFlames"],"picked":"hexamod:GhostflameBarrier","floor":14},{"not_picked":["hexamod:Again","hexamod:AdvancingGuard","hexamod:GhostShield"],"picked":"SKIP","floor":14},{"not_picked":["hexamod:EtherealExpedition","hexamod:NightmareGuise"],"picked":"hexamod:SoulSteal","floor":15}],"player_experience":179379,"relics_obtained":[{"floor":7.0,"key":"Pen Nib"}],"event_choices":[],"is_beta":false,"boss_relics":[],"items_purged_floors":[9],"is_endless":false,"potions_floor_spawned":[8,12,14,15],"killed_by":"SI_SHIV_ARCHETYPE","ascension_level":0}}