{"host":"lsq35p0sdkx2xifo","time":1611308702,"event":{"mods":["AchievementEnabler","BaseMod","Highlight Path","Minty Spire (QoL Compilation)","StSLib","The Senshi"],"gold_per_floor":[112,131,142,160,173,204,204,236,261,276,276,306,231,244,244,315,315,327,345,102,102,152,152,152,152],"floor_reached":24,"language":"ENG","playtime":1796,"items_purged":["Strike_R"],"score":436,"play_id":"6825aad7-7c81-4d21-a779-1643adc24042","local_time":"20210122014502","is_ascension_mode":true,"campfire_choices":[{"floor":7,"key":"REST"},{"floor":11,"key":"REST"},{"floor":15,"key":"REST"},{"data":"Blood for Blood","floor":23,"key":"SMITH"}],"circlet_count":0,"master_deck":["AscendersBane","Strike_R","Strike_R","Strike_R","Defend_R","Defend_R","Defend_R","Defend_R","Bash+1","Dropkick","Pommel Strike","Clash","Clash","Flex","Clothesline","Shrug It Off","Anger","Pommel Strike","Flex","Pommel Strike","Clash","Blood for Blood+1"],"relics":["Black Blood","Self Forming Clay","Bag of Preparation","Lantern","Tiny Chest","Lee\u0027s Waffle"],"acts_visited":["Exordium","TheCity"],"potions_floor_usage":[4,6,12,16,16],"damage_taken":[{"damage":1,"enemies":"2 Louse","floor":1,"turns":2},{"damage":16,"enemies":"Jaw Worm","floor":2,"turns":5},{"damage":0,"enemies":"Small Slimes","floor":3,"turns":4},{"damage":5,"enemies":"Gremlin Gang","floor":4,"turns":4},{"damage":11,"enemies":"Lots of Slimes","floor":5,"turns":5},{"damage":26,"enemies":"Gremlin Nob","floor":6,"turns":4},{"damage":17,"enemies":"Lagavulin","floor":8,"turns":4},{"damage":14,"enemies":"Exordium Thugs","floor":10,"turns":3},{"damage":32,"enemies":"Gremlin Nob","floor":12,"turns":4},{"damage":0,"enemies":"Large Slime","floor":14,"turns":3},{"damage":38,"enemies":"The Guardian","floor":16,"turns":9},{"damage":16,"enemies":"Shell Parasite","floor":18,"turns":2},{"damage":0,"enemies":"Chosen","floor":19,"turns":2},{"damage":82,"enemies":"Slavers","floor":24,"turns":4}],"seed_played":"3692489562479858677","potions_obtained":[{"floor":3,"key":"Explosive Potion"},{"floor":4,"key":"Weak Potion"},{"floor":8,"key":"Dexterity Potion"},{"floor":10,"key":"Ancient Potion"},{"floor":12,"key":"FearPotion"}],"is_trial":false,"path_per_floor":["M","M","M","M","M","E","R","E","T","M","R","E","?","M","R","B",null,"M","M","$","?","?","R","E"],"character_chosen":"IRONCLAD","items_purchased":["Lee\u0027s Waffle"],"campfire_rested":3,"item_purchase_floors":[20],"current_hp_per_floor":[73,63,69,70,65,45,67,56,56,48,70,44,44,50,72,40,66,62,74,82,82,74,74,0,0],"gold":152,"neow_bonus":"UPGRADE_CARD","is_daily":false,"chose_seed":false,"campfire_upgraded":1,"win_rate":0.0,"timestamp":1611308702,"path_taken":["M","M","M","M","M","E","R","E","T","M","R","E","?","M","R","BOSS","M","M","$","?","?","R","E"],"items_purchased_type":["Relic"],"build_version":"2020-12-22","purchased_purges":1,"victory":false,"max_hp_per_floor":[75,75,75,75,75,75,75,75,75,75,75,75,75,75,75,75,75,75,75,82,82,82,82,82,82],"card_choices":[{"not_picked":["Shrug It Off","Perfected Strike"],"picked":"Dropkick","floor":1},{"not_picked":["Perfected Strike","Cleave"],"picked":"Pommel Strike","floor":2},{"not_picked":["Anger","Fiend Fire"],"picked":"Clash","floor":3},{"not_picked":["Sword Boomerang","Twin Strike"],"picked":"Clash","floor":4},{"not_picked":["Hemokinesis","Sentinel"],"picked":"Flex","floor":5},{"not_picked":["Wild Strike","Headbutt"],"picked":"Clothesline","floor":6},{"not_picked":["Searing Blow","Thunderclap"],"picked":"Shrug It Off","floor":8},{"not_picked":["Iron Wave","Searing Blow"],"picked":"Anger","floor":10},{"not_picked":["Juggernaut","Clothesline"],"picked":"Pommel Strike","floor":12},{"not_picked":["Sword Boomerang","Twin Strike"],"picked":"Flex","floor":14},{"not_picked":["Armaments","True Grit"],"picked":"Pommel Strike","floor":18},{"not_picked":["Perfected Strike","Thunderclap+1"],"picked":"Clash","floor":19}],"player_experience":1362618,"relics_obtained":[{"floor":6,"key":"Self Forming Clay"},{"floor":8,"key":"Bag of Preparation"},{"floor":9,"key":"Lantern"},{"floor":12,"key":"Tiny Chest"}],"event_choices":[{"cards_removed":["Strike_R"],"damage_healed":0,"gold_gain":0,"player_choice":"Card Removal","damage_taken":0,"max_hp_gain":0,"max_hp_loss":0,"event_name":"The Cleric","floor":13,"gold_loss":75},{"damage_healed":0,"gold_gain":0,"player_choice":"Read","damage_taken":0,"max_hp_gain":0,"max_hp_loss":0,"event_name":"The Library","floor":21,"gold_loss":0,"cards_obtained":["Blood for Blood"]},{"damage_healed":0,"gold_gain":50,"player_choice":"Touch","damage_taken":8,"max_hp_gain":0,"max_hp_loss":0,"event_name":"FaceTrader","floor":22,"gold_loss":0}],"is_beta":false,"boss_relics":[{"not_picked":["Cursed Key","Fusion Hammer"],"picked":"Black Blood"}],"items_purged_floors":[20],"is_endless":false,"potions_floor_spawned":[3,4,8,10,12,14],"killed_by":"Slavers","ascension_level":20}}