{"host":"97bfbul5vt0mksxl","time":1611358028,"event":{"mods":["BaseMod","Colored Powertips","Highlight Path","Infinite Spire","Minty Spire (QoL Compilation)","Replay The Spire","Shop Mod","StSLib","SuperFastMode"],"gold_per_floor":[364,539,623,623,623,652,652,671,671,671,699,715,715,14,14,118,118,130,141,141,191,203,246,258,285,297,319,241,7,7,24,24,126,126,40,57,107,107,117,117,151,151,174,174,191,191,191,191,191,191],"floor_reached":51,"language":"ENG","playtime":3226,"items_purged":[],"score":976,"play_id":"03363e01-0865-4118-b969-32bd090f56c8","local_time":"20210122202708","is_ascension_mode":false,"campfire_choices":[{"floor":7.0,"key":"REST"},{"floor":10.0,"key":"REST"},{"floor":24.0,"key":"REST"},{"floor":30.0,"key":"REST"},{"floor":32.0,"key":"REST"},{"data":"Madness","floor":40.0,"key":"SMITH"},{"data":"PathToVictory","floor":42.0,"key":"SMITH"},{"data":"Eruption","floor":42.0,"key":"SMITH"},{"data":"Madness","floor":47.0,"key":"SMITH"},{"data":"Replay:Bootleg Shield Generator","floor":47.0,"key":"SMITH"},{"floor":49,"key":"REST"}],"circlet_count":0,"master_deck":["Strike_P+1","Strike_P","Strike_P+1","Strike_P","Defend_P","Defend_P","Defend_P","Eruption+1","Vigilance","Defend_G","Defend_G","CutThroughFate","JustLucky","FollowUp+1","WindmillStrike","Protect+1","Replay:Bootleg Shield Generator+1","Replay:Battleflow+1","Languid","FlurryOfBlows","JustLucky","Brilliance+1","Halt+1","JustLucky","FearNoEvil+1","Madness+1","Madness+1","Parasite","FearNoEvil","PathToVictory+1","CommonCold","Replay:Hum","infinitespire:Collect"],"relics":["PureWater","ReplayTheSpireMod:Lightbulb","InkBottle","Damaru","Nunchaku","HornCleat","Pen Nib","Juzu Bracelet","Toolbox","MerchantsRug","Black Star","Ring of Greed","Golden Egg","MawBank","Ring of Peace","Pondfish Scales","ReplayTheSpireMod:Ninjato","infinitespire:WardingShard","Pear","Ring of Chaos","Lizard Tail","Replay:WaspNest","Replay:Arrowhead","Replay:Mystery Machine"],"acts_visited":["Exordium","TheCity","TheBeyond"],"potions_floor_usage":[50],"damage_taken":[{"damage":11.0,"enemies":"Small Slimes","floor":1.0,"turns":2.0},{"damage":27.0,"enemies":"3 Sentries","floor":6.0,"turns":10.0},{"damage":0.0,"enemies":"2 Louse","floor":8.0,"turns":3.0},{"damage":9.0,"enemies":"Replay:BlueRogue","floor":11.0,"turns":6.0},{"damage":0.0,"enemies":"Jaw Worm","floor":12.0,"turns":4.0},{"damage":0.0,"enemies":"The Guardian","floor":16.0,"turns":10.0},{"damage":0.0,"enemies":"Chosen","floor":18.0,"turns":5.0},{"damage":4.0,"enemies":"Shell Parasite","floor":19.0,"turns":6.0},{"damage":61.0,"enemies":"Slavers","floor":23.0,"turns":8.0},{"damage":20.0,"enemies":"Snake Plant","floor":25.0,"turns":6.0},{"damage":0.0,"enemies":"Shelled Parasite and Fungi","floor":27.0,"turns":6.0},{"damage":13.0,"enemies":"Cultist and Chosen","floor":31.0,"turns":6.0},{"damage":43.0,"enemies":"Pondfish","floor":33.0,"turns":12.0},{"damage":0.0,"enemies":"3 Darklings","floor":35.0,"turns":4.0},{"damage":0.0,"enemies":"Orb Walker","floor":36.0,"turns":5.0},{"damage":0.0,"enemies":"Mind Bloom Boss Battle","floor":37.0,"turns":5.0},{"damage":5.0,"enemies":"Writhing Mass","floor":39.0,"turns":7.0},{"damage":0.0,"enemies":"R_Hoarder","floor":41.0,"turns":6.0},{"damage":0.0,"enemies":"Maw","floor":45.0,"turns":6.0},{"damage":3.0,"enemies":"infinitespire:Three Voidlings","floor":49.0,"turns":5.0},{"damage":72.0,"enemies":"Nightmare_Alpha","floor":49.0,"turns":7.0},{"damage":27,"enemies":"Awakened One","floor":50,"turns":7}],"seed_played":"-7541852721704908523","potions_obtained":[{"floor":3.0,"key":"Cursed Concoction"},{"floor":3.0,"key":"LiquidBronze"},{"floor":6.0,"key":"Fire Potion"},{"floor":16.0,"key":"DistilledChaos"},{"floor":19.0,"key":"Explosive Potion"},{"floor":27.0,"key":"Dexterity Potion"},{"floor":35.0,"key":"Block Potion"},{"floor":45.0,"key":"PowerPotion"}],"is_trial":false,"path_per_floor":["M","?","?","?","T","E","R","M","T","R","E","M","?","$","R","B",null,"M","M","?","?","?","E","R","M","T","M","?","$","R","M","R","B",null,"M","M","?","?","M","R","E","R","T","?","M","?","R","?","R","B",null],"character_chosen":"WATCHER","items_purchased":["Pen Nib","Juzu Bracelet","Toolbox","MerchantsRug","Replay:Bootleg Shield Generator","Pear"],"campfire_rested":6,"item_purchase_floors":[14,14,14,14,14,29],"current_hp_per_floor":[61,61,43,43,43,16,37,37,37,58,49,49,49,49,35,35,72,72,68,68,68,68,7,28,8,8,8,8,18,42,29,53,10,82,82,82,82,72,67,67,67,67,67,67,67,67,67,47,44,17],"gold":191,"neow_bonus":"TWO_FIFTY_GOLD","is_daily":false,"chose_seed":false,"campfire_upgraded":5,"win_rate":0.0,"timestamp":1611358028,"path_taken":["M","?","?","?","?","E","R","M","T","R","E","M","?","$","R","BOSS","M","M","?","?","?","E","R","M","T","M","?","$","R","M","R","BOSS","M","M","?","?","M","R","E","R","T","?","M","?","R","?","R","BOSS"],"items_purchased_type":["Relic","Relic","Relic","Relic","Card","Relic"],"build_version":"2020-12-22","purchased_purges":0,"victory":true,"max_hp_per_floor":[72,72,72,72,72,72,72,72,72,72,72,72,72,72,72,72,72,72,72,72,72,72,72,72,72,72,72,72,82,82,82,82,82,82,82,82,82,82,82,82,82,82,82,82,82,82,82,82,82,82],"card_choices":[{"not_picked":["Crescendo","Swivel"],"picked":"CutThroughFate","floor":1.0},{"not_picked":["ClearTheMind","ThirdEye"],"picked":"JustLucky","floor":3.0},{"not_picked":["CarveReality","Pray"],"picked":"FollowUp","floor":6.0},{"not_picked":["Replay:Battleflow","Wallop"],"picked":"JustLucky","floor":8.0},{"not_picked":["CrushJoints","Replay:AtTheReady","Protect"],"picked":"SKIP","floor":11.0},{"not_picked":["CutThroughFate","Fasting2"],"picked":"WindmillStrike","floor":12.0},{"not_picked":["Protect","ReachHeaven","Replay:BluntJabs"],"picked":"SKIP","floor":18.0},{"not_picked":["CrushJoints","Protect"],"picked":"Replay:Battleflow+1","floor":19.0},{"not_picked":["Protect","ReachHeaven+1","Replay:DivineShield"],"picked":"SKIP","floor":23.0},{"not_picked":["Pray","Replay:AtTheReady+1","Worship"],"picked":"SKIP","floor":25.0},{"not_picked":["ForeignInfluence","JustLucky"],"picked":"FlurryOfBlows","floor":27.0},{"not_picked":["ClearTheMind","Replay:DivineShield+1"],"picked":"JustLucky","floor":31.0},{"not_picked":["MasterReality","Judgement"],"picked":"Brilliance","floor":33.0},{"not_picked":["SashWhip","ClearTheMind+1"],"picked":"Halt+1","floor":35.0},{"not_picked":["FlyingSleeves","Perseverance+1"],"picked":"JustLucky","floor":36.0},{"not_picked":["WindmillStrike","Protect+1"],"picked":"FearNoEvil+1","floor":37.0},{"not_picked":["FlurryOfBlows","Replay:AtTheReady"],"picked":"FearNoEvil","floor":39.0},{"not_picked":["BowlingBash","DeusExMachina"],"picked":"PathToVictory","floor":41.0},{"not_picked":["Meditate+1","Replay:BluntJabs+1"],"picked":"EmptyFist+1","floor":45.0},{"not_picked":["infinitespire:Oblivion","infinitespire:NeuralNetwork"],"picked":"infinitespire:Collect","floor":48.0}],"player_experience":167801,"relics_obtained":[{"floor":3.0,"key":"ReplayTheSpireMod:Lightbulb"},{"floor":5.0,"key":"InkBottle"},{"floor":6.0,"key":"Damaru"},{"floor":9.0,"key":"Nunchaku"},{"floor":11.0,"key":"HornCleat"},{"floor":21.0,"key":"Ring of Greed"},{"floor":21.0,"key":"Golden Egg"},{"floor":21.0,"key":"MawBank"},{"floor":21.0,"key":"Ring of Peace"},{"floor":23.0,"key":"Pondfish Scales"},{"floor":23.0,"key":"ReplayTheSpireMod:Ninjato"},{"floor":26.0,"key":"infinitespire:WardingShard"},{"floor":37.0,"key":"Lizard Tail"},{"floor":41.0,"key":"Replay:WaspNest"},{"floor":41.0,"key":"Replay:Arrowhead"},{"floor":43.0,"key":"Replay:Mystery Machine"}],"event_choices":[{"damage_healed":0.0,"max_hp_gain":0.0,"max_hp_loss":0.0,"gold_gain":175.0,"event_name":"Liars Game","player_choice":"AGREE","floor":2.0,"gold_loss":0.0,"damage_taken":0.0,"cards_obtained":["Doubt"]},{"damage_healed":0.0,"max_hp_gain":0.0,"max_hp_loss":0.0,"gold_gain":0.0,"event_name":"Shining Light","player_choice":"Entered Light","floor":15.0,"gold_loss":0.0,"damage_taken":14.0,"cards_upgraded":["Strike_P","FollowUp"]},{"cards_removed":["Defend_P"],"damage_healed":0.0,"max_hp_gain":0.0,"max_hp_loss":0.0,"gold_gain":0.0,"event_name":"Back to Basics","player_choice":"Elegance","floor":20.0,"gold_loss":0.0,"damage_taken":0.0},{"damage_healed":0.0,"max_hp_gain":0.0,"max_hp_loss":0.0,"gold_gain":0.0,"event_name":"Ghosts","player_choice":"Ignored","floor":22.0,"gold_loss":0.0,"damage_taken":0.0},{"cards_removed":["Voices"],"damage_healed":0.0,"max_hp_gain":0.0,"max_hp_loss":0.0,"gold_gain":0.0,"event_name":"Designer","player_choice":"Upgrade and Remove","floor":28.0,"gold_loss":90.0,"damage_taken":0.0,"cards_upgraded":["Strike_P"]},{"damage_healed":0.0,"max_hp_gain":0.0,"max_hp_loss":0.0,"gold_gain":0.0,"event_name":"MindBloom","player_choice":"Fight","floor":37.0,"gold_loss":0.0,"damage_taken":0.0},{"damage_healed":0.0,"max_hp_gain":0.0,"max_hp_loss":0.0,"gold_gain":0.0,"event_name":"Winding Halls","player_choice":"Embrace Madness","floor":38.0,"gold_loss":0.0,"damage_taken":10.0,"cards_obtained":["Madness","Madness"]},{"damage_healed":0.0,"max_hp_gain":0.0,"max_hp_loss":0.0,"gold_gain":0.0,"event_name":"Match and Keep!","player_choice":"1 cards matched","floor":44.0,"gold_loss":0.0,"damage_taken":0.0,"cards_obtained":["Replay:Hum"]},{"cards_removed":["EmptyFist"],"damage_healed":0.0,"max_hp_gain":0.0,"max_hp_loss":0.0,"gold_gain":0.0,"event_name":"Falling","player_choice":"Removed Attack","floor":46.0,"gold_loss":0.0,"damage_taken":0.0}],"is_beta":false,"boss_relics":[{"not_picked":["Cursed Key","SlaversCollar"],"picked":"Black Star"},{"not_picked":["Runic Dome","Replay:Drink Me"],"picked":"Ring of Chaos"}],"items_purged_floors":[],"is_endless":false,"potions_floor_spawned":[6,16,19,27,33,35,45,49],"ascension_level":0}}