{"host":"79xc9gyszz0y96gi","time":1611322140,"event":{"mods":["BaseMod","Better Altar","Better Match","Better Sensory Stone","Better Skull","Better Third Choice","Better Vampires","BetterRewards","Block Reminder","Colored Powertips","Displayed Cursed Tome","Dota2Spire","Downfall","Energized Spire","GifTheSpireLib","Googly Eyes","Infinite Spire","Minty Spire (QoL Compilation)","Quick Restart","Rare Cards Sparkle","Retaliation","Shop Mod","StSLib","Stuff the Spire"],"gold_per_floor":[117,135,0,17,17,17,35,35,61,90,90,90,218,293,293,397,397,414,12,27,27,37,37,48,48,48,64,172,172,190,322,322,419,419,436,447,447,458,177,191,204,218,218,218,218,62,77,97,97,97],"floor_reached":51,"language":"ENG","playtime":1805,"items_purged":[],"score":751,"play_id":"91eeb223-e9cf-4979-9dc4-5ddf761e8ff7","local_time":"20210122082900","is_ascension_mode":false,"campfire_choices":[{"data":"Enlightenment","floor":6.0,"key":"SMITH"},{"data":"Defend_R","floor":8.0,"key":"SMITH"},{"floor":12.0,"key":"REST"},{"data":"Defend_R","floor":15.0,"key":"SMITH"},{"data":"Shockwave","floor":23.0,"key":"SMITH"},{"data":"Shrug It Off","floor":32.0,"key":"SMITH"},{"data":"StuffTheSpire:Brawn","floor":45.0,"key":"SMITH"},{"data":"Pummel","floor":49,"key":"SMITH"}],"circlet_count":0,"master_deck":["Strike_R","Strike_R","Strike_R","Strike_R","Strike_R","Defend_R+1","Defend_R+1","Defend_R","Defend_R","Bash","Spot Weakness","Shockwave+1","Perfected Strike","Cleave","Enlightenment+1","Shrug It Off+1","Twin Strike","Whirlwind+1","Impervious+1","Bandage Up+1","Spot Weakness","Intimidate","DDmod:UnstoppableAttack","Sword Boomerang","Dropkick","Hemokinesis+1","Immolate","Pummel+1","Infernal Blade+1","StuffTheSpire:Brawn+1","Warcry+1","DDmod:UnstoppableAttack+1"],"relics":["Burning Blood","Brimstone","StuffTheSpire:EmeraldSignet","Dota2Spire:HeartOfTarrasque","MealTicket","StuffTheSpire:TintedRock","Gremlin Horn","Cursed Key","infinitespire:FocusingShard","Potion Belt","DDmod:BarbedSlagRelic","FaceOfCleric","Ornamental Fan","Smiling Mask","Omamori","energizedSpire:DeadBattery","Slimebound:PreparedRelic","Bag of Marbles","Dota2Spire:EtherealBlade","Vajra"],"acts_visited":["Exordium","TheCity","TheBeyond"],"potions_floor_usage":[50,50,50,50],"damage_taken":[{"damage":4.0,"enemies":"Jaw Worm","floor":1.0,"turns":3.0},{"damage":4.0,"enemies":"2 Louse","floor":2.0,"turns":2.0},{"damage":0.0,"enemies":"Cultist","floor":4.0,"turns":2.0},{"damage":4.0,"enemies":"3 Louse","floor":7.0,"turns":2.0},{"damage":31.0,"enemies":"3 Sentries","floor":10.0,"turns":5.0},{"damage":19.0,"enemies":"Gremlin Nob","floor":13.0,"turns":4.0},{"damage":66.0,"enemies":"The Guardian","floor":16.0,"turns":8.0},{"damage":16.0,"enemies":"Shell Parasite","floor":18.0,"turns":3.0},{"damage":4.0,"enemies":"Spheric Guardian","floor":20.0,"turns":3.0},{"damage":23.0,"enemies":"Snake Plant","floor":22.0,"turns":3.0},{"damage":13.0,"enemies":"Centurion and Healer","floor":24.0,"turns":3.0},{"damage":1.0,"enemies":"3 Cultists","floor":27.0,"turns":5.0},{"damage":4.0,"enemies":"Gremlin Leader","floor":28.0,"turns":3.0},{"damage":6.0,"enemies":"Snecko","floor":30.0,"turns":4.0},{"damage":20.0,"enemies":"Book of Stabbing","floor":31.0,"turns":3.0},{"damage":12.0,"enemies":"Automaton","floor":33.0,"turns":6.0},{"damage":4.0,"enemies":"3 Darklings","floor":35.0,"turns":5.0},{"damage":15.0,"enemies":"3 Shapes","floor":36.0,"turns":2.0},{"damage":10.0,"enemies":"3 Darklings","floor":38.0,"turns":3.0},{"damage":9.0,"enemies":"4 Shapes","floor":40.0,"turns":1.0},{"damage":0.0,"enemies":"Jaw Worm Horde","floor":41.0,"turns":2.0},{"damage":2.0,"enemies":"Spire Growth","floor":42.0,"turns":3.0},{"damage":2,"enemies":"Transient","floor":47,"turns":5},{"damage":23,"enemies":"Maw","floor":48,"turns":5},{"damage":30,"enemies":"Awakened One","floor":50,"turns":6}],"seed_played":"9057327413647515973","potions_obtained":[{"floor":2.0,"key":"EntropicBrew"},{"floor":4.0,"key":"BlessingOfTheForge"},{"floor":16.0,"key":"AttackPotion"},{"floor":20.0,"key":"Energy Potion"},{"floor":27.0,"key":"hexamod:SoulburnPotion"},{"floor":28.0,"key":"sneckomod:MuddlingPotion"},{"floor":31.0,"key":"EssenceOfSteel"},{"floor":38.0,"key":"AttackPotion"},{"floor":41.0,"key":"Ancient Potion"},{"floor":47,"key":"SpeedPotion"}],"is_trial":false,"path_per_floor":["M","M","?","M","?","R","M","R","T","E","?","R","E","?","R","B",null,"M","$","M","?","M","R","M","?","T","M","E","?","M","E","R","B",null,"M","M","?","M","$","M","M","M","T","?","R","$","M","M","R","B",null],"character_chosen":"IRONCLAD","items_purchased":["Spot Weakness","Brimstone","StuffTheSpire:EmeraldSignet","MealTicket","Shockwave","infinitespire:FocusingShard","Potion Belt","Bag of Marbles","DuplicationPotion","hexamod:SoulburnPotion","Vajra"],"campfire_rested":1,"item_purchase_floors":[0,0,0,0,0,19,19,39,39,39,46],"current_hp_per_floor":[54,56,62,68,68,68,70,70,70,45,45,73,75,64,64,19,94,84,94,94,94,80,80,79,79,79,95,96,96,97,98,98,99,99,100,92,92,89,102,100,104,105,105,105,105,105,106,90,90,85],"gold":97,"neow_bonus":"","is_daily":false,"chose_seed":false,"campfire_upgraded":7,"win_rate":0.0,"timestamp":1611322140,"path_taken":["M","M","?","M","?","R","M","R","T","E","?","R","E","?","R","BOSS","M","$","M","?","M","R","M","?","T","?","E","?","?","E","R","BOSS","M","M","?","M","$","M","M","?","T","?","R","$","M","M","R","BOSS"],"items_purchased_type":["Card","Relic","Relic","Relic","Card","Relic","Relic","Relic","Potion","Potion","Relic"],"build_version":"2020-12-22","purchased_purges":0,"victory":true,"max_hp_per_floor":[88,88,94,94,94,94,94,94,94,94,94,94,94,94,94,94,94,94,94,94,94,94,94,94,94,94,95,96,96,97,98,98,99,99,100,101,101,102,102,103,104,105,105,105,105,105,106,107,107,108],"card_choices":[{"not_picked":["StuffTheSpire:Incineration","DDmod:EasePowerCard"],"picked":"Perfected Strike","floor":1.0},{"not_picked":["Headbutt","DDmod:SpikeMailSkill"],"picked":"Cleave","floor":2.0},{"not_picked":["Flex","Clash"],"picked":"Shrug It Off","floor":4.0},{"not_picked":["Warcry","Brutality","Burning Pact"],"picked":"SKIP","floor":7.0},{"not_picked":["Anger","StuffTheSpire:Incineration"],"picked":"Twin Strike","floor":10.0},{"not_picked":["Sentinel+1","Flame Barrier+1"],"picked":"Whirlwind+1","floor":11.0},{"not_picked":["DDmod:AllInSkill+1","Juggernaut+1"],"picked":"Impervious+1","floor":11.0},{"not_picked":["Swift Strike+1","Madness+1"],"picked":"Bandage Up+1","floor":11.0},{"not_picked":["Whirlwind","Sword Boomerang"],"picked":"Spot Weakness","floor":13.0},{"not_picked":["StuffTheSpire:Resist","Searing Blow","DDmod:CallousedSkill+1"],"picked":"SKIP","floor":18.0},{"not_picked":["Havoc","Wild Strike"],"picked":"Intimidate","floor":20.0},{"not_picked":["Dark Embrace+1","StuffTheSpire:RockThrow","Juggernaut"],"picked":"SKIP","floor":22.0},{"not_picked":["Perfected Strike","StuffTheSpire:Incineration+1"],"picked":"DDmod:UnstoppableAttack","floor":24.0},{"not_picked":["StuffTheSpire:RagingBull","DDmod:UnstoppableAttack"],"picked":"Sword Boomerang","floor":27.0},{"not_picked":["StuffTheSpire:RagingBull","StuffTheSpire:Resist"],"picked":"Dropkick","floor":28.0},{"not_picked":["StuffTheSpire:RockThrow","StuffTheSpire:Incineration","Sword Boomerang"],"picked":"SKIP","floor":30.0},{"not_picked":["Havoc+1","StuffTheSpire:Incineration"],"picked":"Hemokinesis+1","floor":31.0},{"not_picked":["Offering","Limit Break"],"picked":"Immolate","floor":33.0},{"not_picked":["Anger","Pommel Strike","Sword Boomerang+1"],"picked":"SKIP","floor":35.0},{"not_picked":["Iron Wave","Clash+1","Battle Trance"],"picked":"SKIP","floor":36.0},{"not_picked":["Wild Strike","DDmod:PokeAttack"],"picked":"Pummel","floor":38.0},{"not_picked":["StuffTheSpire:RagingBull","Iron Wave"],"picked":"Infernal Blade+1","floor":40.0},{"not_picked":["Twin Strike+1","StuffTheSpire:Resist+1","Clash+1"],"picked":"SKIP","floor":41.0},{"not_picked":["Headbutt+1","Warcry","Clothesline+1"],"picked":"SKIP","floor":42.0},{"not_picked":["StuffTheSpire:Rapture","StuffTheSpire:Harmony"],"picked":"StuffTheSpire:Brawn","floor":44.0},{"not_picked":["Feel No Pain+1","Impervious"],"picked":"Warcry+1","floor":47},{"not_picked":["Ghostly Armor+1","Shrug It Off"],"picked":"DDmod:UnstoppableAttack+1","floor":48}],"player_experience":535144,"relics_obtained":[{"floor":9.0,"key":"Dota2Spire:MagicBottle"},{"floor":10.0,"key":"StuffTheSpire:TintedRock"},{"floor":13.0,"key":"Gremlin Horn"},{"floor":26.0,"key":"Ornamental Fan"},{"floor":28.0,"key":"Smiling Mask"},{"floor":31.0,"key":"Omamori"},{"floor":43.0,"key":"Dota2Spire:EtherealBlade"}],"event_choices":[{"damage_healed":0.0,"max_hp_gain":0.0,"max_hp_loss":0.0,"gold_gain":0.0,"event_name":"betterThird:BetterSerpent","player_choice":"RENOUNCE","floor":3.0,"gold_loss":135.0,"damage_taken":135.0,"cards_obtained":["Enlightenment"]},{"damage_healed":0.0,"max_hp_gain":0.0,"max_hp_loss":0.0,"gold_gain":0.0,"event_name":"Golden Wing","player_choice":"Ignored","floor":5.0,"gold_loss":0.0,"damage_taken":0.0},{"damage_healed":0.0,"max_hp_gain":0.0,"max_hp_loss":0.0,"gold_gain":0.0,"event_name":"betterMatch:BetterMatch","player_choice":"2","floor":11.0,"gold_loss":0.0,"damage_taken":0.0,"cards_obtained":["betterMatch:UncommonCard","betterMatch:RareCard","betterMatch:ColorlessUncommonCard"]},{"damage_healed":0.0,"max_hp_gain":0.0,"max_hp_loss":0.0,"gold_gain":75.0,"event_name":"betterThird:BetterGoop","player_choice":"Gold","floor":14.0,"gold_loss":0.0,"damage_taken":11.0},{"damage_healed":0.0,"max_hp_gain":0.0,"max_hp_loss":0.0,"gold_gain":0.0,"event_name":"FaceTrader","player_choice":"Trade","floor":25.0,"gold_loss":0.0,"damage_taken":0.0,"relics_obtained":["FaceOfCleric"]},{"cards_removed":["Pain"],"damage_healed":0.0,"max_hp_gain":0.0,"max_hp_loss":0.0,"gold_gain":0.0,"event_name":"Fountain of Cleansing","player_choice":"Removed Curses","floor":29.0,"gold_loss":0.0,"damage_taken":0.0},{"damage_healed":0.0,"max_hp_gain":0.0,"max_hp_loss":0.0,"gold_gain":0.0,"event_name":"WeMeetAgain","player_choice":"Gave Potion","floor":37.0,"gold_loss":0.0,"damage_taken":0.0,"relics_obtained":["Slimebound:PreparedRelic"]}],"is_beta":false,"boss_relics":[{"not_picked":["Tiny House","energizedSpire:HugeHouse"],"picked":"Cursed Key"},{"not_picked":["Pandora\u0027s Box","Black Blood"],"picked":"energizedSpire:DeadBattery"}],"items_purged_floors":[],"is_endless":false,"potions_floor_spawned":[2,4,16,20,27,28,31,38,41,42,47],"ascension_level":0}}