{"host":"sav7uxregyirlf69","time":1611325568,"event":{"mods":["AchievementEnabler","BaseMod","Colored Map","DeckTracker","Keyboard Shortcuts","Minty Spire (QoL Compilation)","READ ME - Guardian Mod","StSLib","SuperFastMode"],"gold_per_floor":[114,114,11,11,35,35,35,53,53,77,77,108,124,142,142,232,232,247,290,313,313,313,313],"floor_reached":22,"language":"KOR","playtime":431,"items_purged":["Regret"],"score":372,"play_id":"0cc161b2-e0b2-44ad-a4fe-2c6fc04ab292","local_time":"20210122232608","is_ascension_mode":true,"campfire_choices":[{"data":"Pommel Strike","floor":6,"key":"SMITH"},{"data":"Evolve","floor":11,"key":"SMITH"},{"data":"Immolate","floor":15,"key":"SMITH"}],"circlet_count":0,"master_deck":["AscendersBane","Strike_R+1","Strike_R","Strike_R","Defend_R","Defend_R","Defend_R","Defend_R","Bash","Master of Strategy","Shrug It Off","Armaments+1","Pommel Strike+1","Evolve+1","Immolate+1","Bloodletting","Offering","Rage"],"relics":["Burning Blood","Golden Idol","Eternal Feather","Bag of Preparation","Empty Cage","Red Mask","Enchiridion"],"acts_visited":["Exordium","TheCity"],"potions_floor_usage":[12,16,19],"damage_taken":[{"damage":19,"enemies":"Small Slimes","floor":1,"turns":6},{"damage":6,"enemies":"2 Louse","floor":5,"turns":3},{"damage":0,"enemies":"Cultist","floor":8,"turns":3},{"damage":1,"enemies":"3 Louse","floor":10,"turns":5},{"damage":20,"enemies":"3 Sentries","floor":12,"turns":7},{"damage":7,"enemies":"2 Fungi Beasts","floor":13,"turns":3},{"damage":11,"enemies":"Blue Slaver","floor":14,"turns":4},{"damage":26,"enemies":"Slime Boss","floor":16,"turns":6},{"damage":20,"enemies":"3 Byrds","floor":18,"turns":5},{"damage":9,"enemies":"Masked Bandits","floor":19,"turns":1},{"damage":16,"enemies":"Shell Parasite","floor":20,"turns":6},{"damage":9,"enemies":"Snake Plant","floor":22,"turns":1}],"seed_played":"-571878972126852123","potions_obtained":[{"floor":7,"key":"HeartOfIron"},{"floor":7,"key":"Strength Potion"},{"floor":12,"key":"DistilledChaos"},{"floor":18,"key":"FearPotion"},{"floor":19,"key":"PowerPotion"}],"is_trial":false,"path_per_floor":["M","?","$","?","M","R","?","M","T","M","R","E","M","M","R","B",null,"M","?","M","?","M"],"character_chosen":"IRONCLAD","items_purchased":["Armaments"],"campfire_rested":0,"item_purchase_floors":[3],"current_hp_per_floor":[55,55,55,35,35,35,35,41,41,46,55,41,40,35,44,24,57,43,40,30,9,0,0],"gold":313,"neow_bonus":"RANDOM_COLORLESS_2","is_daily":false,"chose_seed":false,"campfire_upgraded":3,"win_rate":0.0,"timestamp":1611325568,"path_taken":["M","?","$","?","M","R","?","M","T","M","R","E","?","M","R","BOSS","M","?","M","?","M"],"items_purchased_type":["Card"],"build_version":"2020-12-22","purchased_purges":1,"victory":false,"max_hp_per_floor":[75,68,68,68,68,68,68,68,68,68,68,68,68,68,68,68,68,68,68,68,68,68,68],"card_choices":[{"not_picked":["Thinking Ahead","Sadistic Nature"],"picked":"Master of Strategy","floor":0},{"not_picked":["Iron Wave","Sever Soul"],"picked":"Shrug It Off","floor":1},{"not_picked":["Spot Weakness","Iron Wave"],"picked":"Pommel Strike","floor":5},{"not_picked":["Body Slam","Headbutt","Heavy Blade"],"picked":"SKIP","floor":8},{"not_picked":["Burning Pact","Sentinel"],"picked":"Evolve","floor":10},{"not_picked":["Anger","Clash"],"picked":"Immolate","floor":12},{"not_picked":["Havoc","Pommel Strike","Metallicize"],"picked":"SKIP","floor":13},{"not_picked":["Body Slam","Iron Wave"],"picked":"Bloodletting","floor":14},{"not_picked":["Brutality","Feed"],"picked":"Offering","floor":16},{"not_picked":["Body Slam","Sword Boomerang"],"picked":"Rage","floor":18},{"not_picked":["True Grit","Clothesline","Infernal Blade+1"],"picked":"SKIP","floor":20}],"player_experience":1356944,"relics_obtained":[{"floor":9,"key":"Eternal Feather"},{"floor":12,"key":"Bag of Preparation"},{"floor":19,"key":"Red Mask"},{"floor":21,"key":"Enchiridion"}],"event_choices":[{"damage_healed":0,"gold_gain":0,"player_choice":"Lose Max HP","damage_taken":0,"relics_obtained":["Golden Idol"],"max_hp_gain":0,"max_hp_loss":7,"event_name":"Golden Idol","floor":2,"gold_loss":0},{"damage_healed":0,"gold_gain":0,"player_choice":"Entered Light","damage_taken":20,"max_hp_gain":0,"max_hp_loss":0,"event_name":"Shining Light","floor":4,"gold_loss":0,"cards_upgraded":["Armaments","Strike_R"]},{"damage_healed":0,"gold_gain":0,"player_choice":"Got Potions","damage_taken":0,"max_hp_gain":0,"max_hp_loss":0,"event_name":"Lab","floor":7,"gold_loss":0},{"damage_healed":0,"gold_gain":0,"player_choice":"Fought Bandits","damage_taken":0,"max_hp_gain":0,"max_hp_loss":0,"event_name":"Masked Bandits","floor":19,"gold_loss":0},{"damage_healed":0,"gold_gain":0,"player_choice":"Obtained Book","damage_taken":21,"max_hp_gain":0,"max_hp_loss":0,"event_name":"Cursed Tome","floor":21,"gold_loss":0}],"is_beta":false,"boss_relics":[{"not_picked":["Runic Dome","Black Blood"],"picked":"Empty Cage"}],"items_purged_floors":[3],"is_endless":false,"potions_floor_spawned":[8,12,13,18,19],"killed_by":"Snake Plant","ascension_level":20}}