{"host":"b5mzvg96njlg7ry9","time":1611311505,"event":{"mods":["AlwaysNeverKeys","BaseMod","Colored Map","Colored Powertips","Downfall","Highlight Path","Minty Spire (QoL Compilation)","Quick Restart","Relic Sorter","StSLib","SuperFastMode","everything is the same but u backflip on backflip"],"gold_per_floor":[299,310,327,344,218,247,271,284,313,313,326,326,65,85,105,206,206,206,219,237,443,475,495,495,495,506,536,636,677,701,125,135,235,285,285,303,322,327,344,375,375,391,422,422,441,541,560,634,651,651,651,680,141,141,141,141,141],"floor_reached":58,"language":"ENG","playtime":3099,"items_purged":["bronze:Strike","bronze:Replicate+1","bronze:Defend","bronze:Defend","bronze:Defend","bronze:Defend","bronze:BronzeOrb"],"score":1922,"play_id":"c067f516-bcf1-4a85-899f-0c670a7a59a9","local_time":"20210122113145","is_ascension_mode":true,"campfire_choices":[{"data":"bronze:Replicate","floor":1.0,"key":"SMITH"},{"data":"bronze:RecursiveStrike","floor":12.0,"key":"SMITH"},{"data":"bronze:Terminator","floor":18.0,"key":"SMITH"},{"data":"bronze:Boost","floor":35.0,"key":"SMITH"},{"data":"bronze:FollowUp","floor":44.0,"key":"SMITH"},{"data":"bronze:Goto","floor":54.0,"key":"SMITH"}],"circlet_count":0,"master_deck":["bronze:Goto+1","bronze:Boost+1","bronze:RecursiveStrike+1","bronze:Return+1","bronze:FollowUp+1","bronze:Terminator+1","bronze:MaxOutput+1","bronze:BronzeOrb+1","bronze:FunctionCard","Master of Strategy"],"relics":["Sozu","downfall:HeartBlessingRed","downfall:HeartBlessingGreen","downfall:HeartBlessingBlue","Strawberry","Dream Catcher","White Beast Statue","Tiny Chest","Empty Cage","champ:Barbells","Red Mask","PreservedInsect","bronze:BottledCode","Lantern","Toy Ornithopter","Bag of Marbles","Bag of Preparation","Bottled Lightning","Guardian:PocketSentry","Tiny House","Happy Flower","Medical Kit","Darkstone Periapt","Sundial","CeramicFish","Gremlin Horn","Vajra","HandDrill"],"acts_visited":["Exordium","TheCity","TheBeyond","TheEnding"],"potions_floor_usage":[],"damage_taken":[{"damage":0.0,"enemies":"2 Louse","floor":2.0,"turns":2.0},{"damage":0.0,"enemies":"Small Slimes","floor":3.0,"turns":3.0},{"damage":0.0,"enemies":"Cultist","floor":4.0,"turns":3.0},{"damage":0.0,"enemies":"downfall:FleeingMerchant","floor":5.0,"turns":4.0},{"damage":0.0,"enemies":"Lagavulin","floor":6.0,"turns":6.0},{"damage":7.0,"enemies":"Gremlin Gang","floor":8.0,"turns":4.0},{"damage":4.0,"enemies":"Gremlin Nob","floor":9.0,"turns":3.0},{"damage":3.0,"enemies":"Exordium Thugs","floor":11.0,"turns":5.0},{"damage":0.0,"enemies":"downfall:FleeingMerchant","floor":13.0,"turns":4.0},{"damage":0.0,"enemies":"Lots of Slimes","floor":14.0,"turns":4.0},{"damage":0.0,"enemies":"Blue Slaver","floor":15.0,"turns":3.0},{"damage":23.0,"enemies":"DF_ARCHETYPE_STREAMLINE","floor":16.0,"turns":8.0},{"damage":0.0,"enemies":"Shell Parasite","floor":19.0,"turns":3.0},{"damage":3.0,"enemies":"Chosen","floor":20.0,"turns":3.0},{"damage":6.0,"enemies":"downfall:FleeingMerchant","floor":21.0,"turns":4.0},{"damage":0.0,"enemies":"Masked Bandits","floor":22.0,"turns":2.0},{"damage":0.0,"enemies":"Snecko","floor":23.0,"turns":3.0},{"damage":0.0,"enemies":"Snake Plant","floor":26.0,"turns":5.0},{"damage":2.0,"enemies":"Book of Stabbing","floor":27.0,"turns":3.0},{"damage":0.0,"enemies":"downfall:LadyInBlue","floor":28.0,"turns":2.0},{"damage":0.0,"enemies":"downfall:FleeingMerchant","floor":29.0,"turns":1.0},{"damage":0.0,"enemies":"Centurion and Healer","floor":32.0,"turns":2.0},{"damage":0.0,"enemies":"SI_MIRROR_ARCHETYPE","floor":33.0,"turns":4.0},{"damage":0.0,"enemies":"3 Shapes","floor":36.0,"turns":2.0},{"damage":0.0,"enemies":"3 Darklings","floor":37.0,"turns":2.0},{"damage":0.0,"enemies":"4 Shapes","floor":39.0,"turns":2.0},{"damage":0.0,"enemies":"Nemesis","floor":40.0,"turns":1.0},{"damage":0.0,"enemies":"Transient","floor":42.0,"turns":5.0},{"damage":0.0,"enemies":"Giant Head","floor":43.0,"turns":2.0},{"damage":0.0,"enemies":"Jaw Worm Horde","floor":45.0,"turns":2.0},{"damage":0.0,"enemies":"Writhing Mass","floor":47.0,"turns":2.0},{"damage":0.0,"enemies":"Maw","floor":49.0,"turns":3.0},{"damage":0.0,"enemies":"WA_ARCHETYPE_DIVINITY","floor":50.0,"turns":3.0},{"damage":0.0,"enemies":"downfall:CharBossMerchant","floor":52.0,"turns":3.0},{"damage":0.0,"enemies":"downfall:NeowBoss","floor":55.0,"turns":9.0},{"damage":50,"enemies":"downfall:NeowBossFinal","floor":56,"turns":6},{"damage":20,"enemies":"downfall:NeowBossFinal","floor":57,"turns":7}],"seed_played":"6460277136312448623","potions_obtained":[],"is_trial":false,"path_per_floor":["R","M","M","M","$","E","T","M","E","?","M","R","$","M","M","B",null,"R","M","M","$","?","M","T","?","M","E","?","$","T","$","M","B",null,"R","M","M","$","M","E","T","M","E","R","M","?","M","T","M","B",null,"E","$","R","B","B","B",null],"character_chosen":"THE_AUTOMATON","items_purchased":["bronze:Return","Tiny Chest","champ:Barbells","Bag of Marbles","Bottled Lightning","Guardian:PocketSentry","Happy Flower","Medical Kit","HandDrill","Master of Strategy"],"campfire_rested":0,"item_purchase_floors":[5,13,21,29,31,31,38,38,53,53],"current_hp_per_floor":[80,80,80,80,80,87,87,80,76,76,73,73,73,73,73,50,87,87,87,84,78,78,78,78,77,77,75,75,75,75,75,75,75,82,82,82,82,82,82,82,82,82,82,82,82,82,82,82,82,82,82,82,82,82,82,32,12],"gold":141,"neow_bonus":"BOSS_RELIC","is_daily":false,"chose_seed":false,"campfire_upgraded":6,"win_rate":0.0,"timestamp":1611311505,"path_taken":["R","M","M","M","$","E","T","M","E","?","M","R","$","M","M","BOSS","R","M","M","$","?","M","T","?","M","E","?","$","?","$","M","BOSS","R","M","M","$","M","E","T","M","E","R","?","?","?","?","M","BOSS","E","$","R","BOSS","BOSS","BOSS"],"items_purchased_type":["Card","Relic","Relic","Relic","Relic","Relic","Relic","Relic","Relic","Card"],"build_version":"2020-12-22","purchased_purges":7,"victory":true,"max_hp_per_floor":[80,80,80,80,80,87,87,87,87,87,87,87,87,87,87,87,87,87,87,87,87,87,87,87,77,77,77,77,77,77,77,77,77,82,82,82,82,82,82,82,82,82,82,82,82,82,82,82,82,82,82,82,82,82,82,82,82],"card_choices":[{"not_picked":["bronze:Frontload","bronze:MaxOutput"],"picked":"bronze:Boost","floor":2.0},{"not_picked":["bronze:Repair","bronze:Overheat","bronze:ForLoop"],"picked":"SKIP","floor":3.0},{"not_picked":["bronze:OilSpill","bronze:Separator","bronze:NullPointer"],"picked":"SKIP","floor":4.0},{"not_picked":["bronze:OilSpill","bronze:WildBeam"],"picked":"bronze:RecursiveStrike","floor":5.0},{"not_picked":["bronze:Fortify","bronze:Philosophize"],"picked":"bronze:FollowUp","floor":6.0},{"not_picked":["bronze:OilSpill","bronze:BugBarrage","bronze:Branch"],"picked":"SKIP","floor":8.0},{"not_picked":["bronze:Repair","bronze:Iterate"],"picked":"bronze:BronzeOrb","floor":9.0},{"not_picked":["bronze:Optimize","bronze:Iterate","bronze:Fortify"],"picked":"SKIP","floor":11.0},{"not_picked":["bronze:WhirlingStrike","bronze:ForLoop"],"picked":"bronze:Overload","floor":13.0},{"not_picked":["bronze:MaxOutput","bronze:Shield","bronze:OilSpill"],"picked":"SKIP","floor":14.0},{"not_picked":["bronze:AlphaBuild","bronze:Philosophize"],"picked":"bronze:Terminator","floor":15.0},{"not_picked":["bronze:TinkerersToolbox","bronze:AlphaBuild"],"picked":"bronze:Hardcode","floor":16.0},{"not_picked":["bronze:CloningBeam","bronze:Shield","bronze:Separator+1"],"picked":"SKIP","floor":19.0},{"not_picked":["bronze:OilSpill","bronze:Deprecate","bronze:WhirlingStrike+1"],"picked":"SKIP","floor":20.0},{"not_picked":["bronze:DelayedGuard","bronze:Overload"],"picked":"bronze:MaxOutput+1","floor":21.0},{"not_picked":["bronze:WhirlingStrike","bronze:Iterate","bronze:Branch+1"],"picked":"SKIP","floor":23.0},{"not_picked":["bronze:BurnOut","bronze:DelayedSlice"],"picked":"bronze:BronzeOrb+1","floor":26.0},{"not_picked":["bronze:BurnOut","bronze:CloningBeam+1","bronze:BitShift"],"picked":"SKIP","floor":27.0},{"not_picked":["bronze:Flail","bronze:OilSpill","bronze:GetLatest"],"picked":"SKIP","floor":29.0},{"not_picked":["bronze:Allocate","bronze:ForLoop","bronze:FineTuning"],"picked":"SKIP","floor":32.0},{"not_picked":["bronze:Overheat","bronze:Deprecate+1","bronze:Shield"],"picked":"SKIP","floor":36.0},{"not_picked":["bronze:Overheat","bronze:CloningBeam+1","bronze:Constructor+1"],"picked":"SKIP","floor":37.0},{"not_picked":["bronze:FineTuning","bronze:Deprecate","bronze:Refactor"],"picked":"SKIP","floor":39.0},{"not_picked":["bronze:DelayedSlice","bronze:Invalidate+1","bronze:MaxOutput+1"],"picked":"SKIP","floor":40.0},{"not_picked":["bronze:NullPointer","bronze:Backtrace+1","bronze:Constructor"],"picked":"SKIP","floor":42.0},{"not_picked":["bronze:ForceShield","bronze:HyperBeam","bronze:DelayedSlice+1"],"picked":"SKIP","floor":43.0},{"not_picked":["bronze:WhirlingStrike","bronze:DelayedSlice+1","bronze:Invalidate+1"],"picked":"SKIP","floor":45.0},{"not_picked":["bronze:Optimize+1","bronze:FineTuning","bronze:BronzeArmor+1"],"picked":"SKIP","floor":47.0},{"not_picked":["bronze:OilSpill+1","bronze:Deprecate","bronze:Assembly"],"picked":"SKIP","floor":49.0},{"not_picked":["bronze:WhirlingStrike+1","bronze:ForceShield","bronze:Iterate"],"picked":"SKIP","floor":52.0}],"player_experience":817505,"relics_obtained":[{"floor":6.0,"key":"Strawberry"},{"floor":7.0,"key":"Dream Catcher"},{"floor":9.0,"key":"White Beast Statue"},{"floor":22.0,"key":"Red Mask"},{"floor":24.0,"key":"PreservedInsect"},{"floor":27.0,"key":"Lantern"},{"floor":28.0,"key":"Toy Ornithopter"},{"floor":30.0,"key":"Bag of Preparation"},{"floor":40.0,"key":"Darkstone Periapt"},{"floor":41.0,"key":"Sundial"},{"floor":43.0,"key":"CeramicFish"},{"floor":48.0,"key":"Gremlin Horn"},{"floor":52.0,"key":"Vajra"}],"event_choices":[{"damage_healed":0.0,"max_hp_gain":0.0,"max_hp_loss":0.0,"gold_gain":0.0,"event_name":"Masked Bandits","player_choice":"Fought Bandits","floor":22.0,"gold_loss":0.0,"damage_taken":0.0}],"is_beta":false,"boss_relics":[{"not_picked":["Coffee Dripper","Philosopher\u0027s Stone"],"picked":"Empty Cage"},{"not_picked":["Astrolabe","bronze:MakeshiftBattery"],"picked":"Tiny House"}],"items_purged_floors":[5,13,21,29,31,38,53],"is_endless":false,"potions_floor_spawned":[4,8,9,11,13,14,15,16,19,20,21,22,23,26,27,28,29,32,33,36,37,39,40,42,43,45,47,49,52],"ascension_level":1}}