{"host":"1x0iiauhsd6tfigj","time":1611286493,"event":{"mods":["AchievementEnabler","BaseMod","Block Reminder","Colored Map","Colored Powertips","DeckTracker","Googly Eyes","Highlight Path","Minty Spire (QoL Compilation)","Permanent Neow","Quick Restart","Relic Sorter","Relic Stats","Slay-I","StSLib"],"gold_per_floor":[114,129,144,44,59,59,89,89,89,104,119,134,134,149,149,249,249,264,264,279,16,115,145,145,160,160,160,175,190,205,220,220,220,220],"floor_reached":33,"language":"ENG","playtime":2901,"items_purged":[],"score":275,"play_id":"3e789bf9-4f48-42a3-b515-4cd6776113e9","local_time":"20210121203453","daily_mods":["Heirloom","Uncertain Future","Night Terrors"],"is_ascension_mode":false,"campfire_choices":[{"data":"Noxious Fumes","floor":6,"key":"SMITH"},{"data":"Survivor","floor":8,"key":"SMITH"},{"data":"Blur","floor":15,"key":"SMITH"},{"floor":24,"key":"REST"},{"data":"Adrenaline","floor":32,"key":"SMITH"}],"circlet_count":0,"master_deck":["Strike_G","Strike_G","Strike_G","Strike_G","Defend_G","Defend_G","Defend_G","Survivor+1","Neutralize","Deadly Poison","Noxious Fumes+1","Poisoned Stab","Backstab","Flying Knee","Cloak And Dagger","Dagger Spray","Parasite","Blur+1","Adrenaline+1","Heel Hook+1","Sucker Punch+1","Calculated Gamble+1","Bane","PiercingWail","Dodge and Roll+1","After Image+1","All Out Attack+1","Leg Sweep"],"relics":["Ring of the Snake","Pocketwatch","StrikeDummy","Frozen Egg 2","Astrolabe","Membership Card","MealTicket","The Courier","Meat on the Bone","Ornamental Fan"],"acts_visited":["Exordium","TheCity"],"potions_floor_usage":[5,7,7,16,16,16,23,28,29,29],"damage_taken":[{"damage":1,"enemies":"Cultist","floor":1,"turns":4},{"damage":0,"enemies":"Small Slimes","floor":2,"turns":3},{"damage":0,"enemies":"Jaw Worm","floor":3,"turns":4},{"damage":8,"enemies":"3 Louse","floor":5,"turns":4},{"damage":8,"enemies":"3 Sentries","floor":7,"turns":6},{"damage":4,"enemies":"Blue Slaver","floor":10,"turns":3},{"damage":14,"enemies":"Exordium Thugs","floor":11,"turns":4},{"damage":0,"enemies":"3 Louse","floor":12,"turns":2},{"damage":3,"enemies":"Exordium Wildlife","floor":14,"turns":3},{"damage":9,"enemies":"The Guardian","floor":16,"turns":10},{"damage":26,"enemies":"2 Thieves","floor":18,"turns":4},{"damage":5,"enemies":"Chosen","floor":20,"turns":4},{"damage":36,"enemies":"Slavers","floor":23,"turns":6},{"damage":4,"enemies":"Snecko","floor":25,"turns":5},{"damage":0,"enemies":"Shelled Parasite and Fungi","floor":28,"turns":8},{"damage":0,"enemies":"Centurion and Healer","floor":29,"turns":5},{"damage":9,"enemies":"3 Cultists","floor":30,"turns":5},{"damage":0,"enemies":"Snecko","floor":31,"turns":6},{"damage":54,"enemies":"Champ","floor":33,"turns":13}],"seed_played":"8945501730091475425","potions_obtained":[{"floor":1,"key":"Regen Potion"},{"floor":11,"key":"Weak Potion"},{"floor":12,"key":"Regen Potion"},{"floor":14,"key":"Dexterity Potion"},{"floor":23,"key":"Swift Potion"},{"floor":25,"key":"Block Potion"},{"floor":28,"key":"CunningPotion"}],"is_trial":false,"path_per_floor":["M","M","M","$","M","R","E","R","T","M","M","M","?","M","R","B",null,"M","?","M","$","?","E","R","M","T","T","M","M","M","M","R","B"],"character_chosen":"THE_SILENT","items_purchased":["Dexterity Potion","BlessingOfTheForge","Membership Card","MealTicket","DuplicationPotion"],"campfire_rested":1,"item_purchase_floors":[4,4,21,21,21],"current_hp_per_floor":[69,69,69,69,61,61,65,65,65,61,47,47,64,61,61,64,70,44,44,39,39,39,3,65,61,61,61,61,61,52,52,52,0,0],"gold":220,"neow_bonus":"","is_daily":true,"chose_seed":false,"campfire_upgraded":4,"win_rate":0.0,"timestamp":1611286493,"path_taken":["M","M","M","$","M","R","E","R","T","?","?","M","?","M","R","BOSS","M","?","M","$","?","E","R","M","T","?","M","M","M","M","R","BOSS"],"items_purchased_type":["Potion","Potion","Relic","Relic","Potion"],"build_version":"2020-12-22","purchased_purges":0,"victory":false,"max_hp_per_floor":[70,70,70,70,70,70,70,70,70,70,70,70,70,70,70,70,70,70,70,70,70,70,70,65,65,65,65,65,65,65,65,65,65,65],"relic_stats":{"counters":[19,99],"Ornamental Fan":[60],"Astrolabe":["Heel Hook","Sucker Punch","Calculated Gamble"],"MealTicket":0,"obtain_stats":[{"Ornamental Fan":27,"Astrolabe":17,"MealTicket":21,"The Courier":23,"Membership Card":21,"Frozen Egg 2":9,"StrikeDummy":7,"Ring of the Snake":0,"Pocketwatch":0,"Meat on the Bone":26},{"Ornamental Fan":14,"Astrolabe":10,"MealTicket":12,"The Courier":13,"Membership Card":12,"Frozen Egg 2":5,"StrikeDummy":5,"Ring of the Snake":0,"Pocketwatch":0,"Meat on the Bone":14},{"Ornamental Fan":62,"Astrolabe":43,"MealTicket":51,"The Courier":57,"Membership Card":51,"Frozen Egg 2":21,"StrikeDummy":21,"Ring of the Snake":0,"Pocketwatch":0,"Meat on the Bone":62}],"Ring of the Snake":[38],"Pocketwatch":[96],"Meat on the Bone":0},"card_choices":[{"not_picked":["Terror","Quick Slash"],"picked":"Deadly Poison","floor":1},{"not_picked":["Expertise","Deflect"],"picked":"Noxious Fumes","floor":2},{"not_picked":["Expertise","Catalyst","Predator"],"picked":"SKIP","floor":3},{"not_picked":["Predator","Calculated Gamble"],"picked":"Poisoned Stab","floor":5},{"not_picked":["Flying Knee","Flechettes"],"picked":"Backstab","floor":7},{"not_picked":["Outmaneuver","Quick Slash","Flying Knee"],"picked":"SKIP","floor":10},{"not_picked":["Outmaneuver","Quick Slash"],"picked":"Flying Knee","floor":10},{"not_picked":["PiercingWail","Bane"],"picked":"Cloak And Dagger","floor":11},{"not_picked":["Storm of Steel","Acrobatics"],"picked":"Dagger Spray","floor":12},{"not_picked":["Dodge and Roll","Dagger Throw"],"picked":"Blur","floor":14},{"not_picked":["Burst","Malaise"],"picked":"Adrenaline","floor":16},{"not_picked":["Deflect","Well Laid Plans+1"],"picked":"Bane","floor":18},{"not_picked":["Acrobatics+1","Dagger Throw"],"picked":"PiercingWail","floor":20},{"not_picked":["Well Laid Plans+1","Flying Knee+1"],"picked":"Dodge and Roll+1","floor":23},{"not_picked":["Deadly Poison+1","Outmaneuver"],"picked":"After Image+1","floor":25},{"not_picked":["Reflex","Cloak And Dagger"],"picked":"All Out Attack+1","floor":28},{"not_picked":["Underhanded Strike","Dagger Throw","Bane"],"picked":"SKIP","floor":29},{"not_picked":["Underhanded Strike","Outmaneuver+1","Storm of Steel"],"picked":"SKIP","floor":30},{"not_picked":["Deadly Poison","Acrobatics+1"],"picked":"Leg Sweep","floor":31}],"player_experience":1575263,"relics_obtained":[{"floor":7,"key":"StrikeDummy"},{"floor":9,"key":"Frozen Egg 2"},{"floor":23,"key":"The Courier"},{"floor":26,"key":"Meat on the Bone"},{"floor":27,"key":"Ornamental Fan"}],"event_choices":[{"damage_healed":17,"gold_gain":0,"player_choice":"Healed and dodged fight","damage_taken":0,"max_hp_gain":0,"max_hp_loss":0,"event_name":"Mushrooms","floor":13,"gold_loss":0,"cards_obtained":["Parasite"]},{"damage_healed":0,"gold_gain":0,"player_choice":"Ignored","damage_taken":0,"max_hp_gain":0,"max_hp_loss":0,"event_name":"Beggar","floor":19,"gold_loss":0},{"damage_healed":0,"gold_gain":99,"player_choice":"Stole From Cult","damage_taken":0,"max_hp_gain":0,"max_hp_loss":0,"event_name":"Nest","floor":22,"gold_loss":0}],"is_beta":false,"boss_relics":[{"not_picked":["SlaversCollar","Empty Cage"],"picked":"Astrolabe"}],"items_purged_floors":[],"is_endless":false,"potions_floor_spawned":[1,11,12,14,23,25,28],"killed_by":"Champ","ascension_level":0}}