{"host":"roqztpbdbchtekes","time":1611321130,"event":{"mods":["A Magickal Journey","AchievementEnabler","BaseMod","Better Note","Better Third Choice","BetterRewards","Block Reminder","Colored Map","Colored Powertips","Curses Come First","DeckTracker","Minty Spire (QoL Compilation)","Relic Stats","Spicy Shops","StSLib"],"gold_per_floor":[112,159,159,159,179,213,213,257,284,327,327,345,99,169,169,169,169],"floor_reached":16,"language":"ENG","playtime":549,"items_purged":["Strike_B","Strike_B"],"score":215,"play_id":"5a9318e2-fa7f-4937-b5ec-4b19016708ba","local_time":"20210122141210","is_ascension_mode":true,"campfire_choices":[{"data":"Loop","floor":7,"key":"SMITH"},{"data":"Ball Lightning","floor":11,"key":"SMITH"},{"floor":15,"key":"REST"}],"circlet_count":0,"master_deck":["Strike_B","Strike_B","Defend_B","Defend_B","Defend_B","Defend_B","Zap","Dualcast","Ball Lightning","Loop+1","Ball Lightning+1","Machine Learning","Heatsinks","Darkness","BootSequence"],"relics":["Cracked Core","NeowsBlessing","Golden Idol","Pear","Blue Candle","Singing Bowl","Akabeko","Matryoshka","Orrery","Shovel"],"acts_visited":["Exordium"],"potions_floor_usage":[8,12,14],"damage_taken":[{"damage":0,"enemies":"Cultist","floor":1,"turns":1},{"damage":0,"enemies":"Small Slimes","floor":5,"turns":1},{"damage":0,"enemies":"3 Sentries","floor":6,"turns":1},{"damage":16,"enemies":"Gremlin Nob","floor":8,"turns":3},{"damage":25,"enemies":"3 Sentries","floor":10,"turns":4},{"damage":0,"enemies":"Jaw Worm","floor":12,"turns":2},{"damage":18,"enemies":"Gremlin Nob","floor":14,"turns":4},{"damage":46,"enemies":"Slime Boss","floor":16,"turns":5}],"seed_played":"-2091735194767874088","potions_obtained":[{"floor":6,"key":"Swift Potion"},{"floor":8,"key":"Weak Potion"},{"floor":10,"key":"SpeedPotion"}],"is_trial":false,"path_per_floor":["M","T","?","T","M","E","R","E","T","E","R","M","$","?","R","B"],"character_chosen":"DEFECT","items_purchased":["Orrery"],"campfire_rested":1,"item_purchase_floors":[13],"current_hp_per_floor":[68,68,50,60,60,60,60,46,46,21,21,23,27,11,39,0,0],"gold":169,"neow_bonus":"THREE_ENEMY_KILL","is_daily":false,"chose_seed":false,"campfire_upgraded":2,"win_rate":0.0,"timestamp":1611321130,"path_taken":["M","?","?","?","?","E","R","E","T","E","R","M","$","?","R","BOSS"],"items_purchased_type":["Relic"],"build_version":"2020-12-22","purchased_purges":2,"victory":false,"max_hp_per_floor":[75,75,75,85,85,85,85,87,87,87,87,89,93,95,95,95,95],"relic_stats":{"Shovel":0,"Singing Bowl":10,"counters":[93,362],"Golden Idol":54,"Blue Candle":[0],"obtain_stats":[{"Tiny House":34,"CeramicFish":7,"Vajra":36,"Runic Capacitor":30,"Ginger":39,"Whetstone":0,"Sling":0,"Old Coin":41,"Sozu":17,"Blood Vial":45,"Centennial Puzzle":40,"HornCleat":54,"MealTicket":36,"Kunai":34,"Toxic Egg 2":8,"Pear":23,"Happy Flower":20,"Dead Branch":12,"Blue Candle":26,"Velvet Choker":17,"Pen Nib":14,"Question Card":14,"Akabeko":9,"WarpedTongs":11,"Bird Faced Urn":0,"Bronze Scales":44,"Molten Egg 2":19,"StrikeDummy":26,"Unceasing Top":6,"Meat on the Bone":9,"Pocketwatch":37,"Lantern":43,"Singing Bowl":8,"SacredBark":34,"Bag of Preparation":9,"Juzu Bracelet":13,"Emotion Chip":34,"Dream Catcher":27,"Nunchaku":7,"Matryoshka":24,"TheAbacus":0,"Shovel":14,"Mummified Hand":28,"Pantograph":8,"Gambling Chip":0,"WingedGreaves":13,"Red Mask":38,"Chemical X":0,"Cracked Core":0,"InkBottle":48,"NeowsBlessing":0,"Golden Idol":3,"PreservedInsect":29,"The Courier":43,"Orichalcum":0,"MawBank":13,"Mercury Hourglass":9,"Nuclear Battery":17,"Calling Bell":34,"DataDisk":34,"CaptainsWheel":38,"Anchor":45,"Ornamental Fan":42,"Orrery":13,"Bag of Marbles":46,"Bottled Lightning":10,"Membership Card":0,"FossilizedHelix":0},{"Tiny House":49,"CeramicFish":11,"Vajra":26,"Runic Capacitor":48,"Ginger":29,"Whetstone":35,"Sling":61,"Old Coin":76,"Sozu":44,"Blood Vial":77,"Centennial Puzzle":53,"HornCleat":60,"MealTicket":26,"Kunai":25,"Toxic Egg 2":4,"Pear":47,"Happy Flower":20,"Dead Branch":64,"Blue Candle":70,"Velvet Choker":67,"Pen Nib":18,"Question Card":66,"Akabeko":89,"WarpedTongs":16,"Bird Faced Urn":0,"Bronze Scales":32,"Molten Egg 2":68,"StrikeDummy":21,"Unceasing Top":3,"Meat on the Bone":11,"Pocketwatch":51,"Lantern":31,"Singing Bowl":89,"SacredBark":74,"Bag of Preparation":39,"Juzu Bracelet":42,"Emotion Chip":25,"Dream Catcher":71,"Nunchaku":84,"Matryoshka":21,"TheAbacus":61,"Shovel":92,"Mummified Hand":71,"Pantograph":15,"Gambling Chip":61,"WingedGreaves":6,"Red Mask":51,"Chemical X":80,"Cracked Core":0,"InkBottle":34,"NeowsBlessing":12,"Golden Idol":86,"PreservedInsect":23,"The Courier":31,"Orichalcum":35,"MawBank":42,"Mercury Hourglass":15,"Nuclear Battery":19,"Calling Bell":25,"DataDisk":25,"CaptainsWheel":28,"Anchor":55,"Ornamental Fan":31,"Orrery":91,"Bag of Marbles":56,"Bottled Lightning":40,"Membership Card":80,"FossilizedHelix":35},{"Tiny House":184,"CeramicFish":43,"Vajra":96,"Runic Capacitor":177,"Ginger":107,"Whetstone":128,"Sling":234,"Old Coin":312,"Sozu":164,"Blood Vial":314,"Centennial Puzzle":198,"HornCleat":228,"MealTicket":96,"Kunai":94,"Toxic Egg 2":15,"Pear":174,"Happy Flower":74,"Dead Branch":245,"Blue Candle":276,"Velvet Choker":261,"Pen Nib":62,"Question Card":251,"Akabeko":347,"WarpedTongs":54,"Bird Faced Urn":0,"Bronze Scales":118,"Molten Egg 2":267,"StrikeDummy":77,"Unceasing Top":11,"Meat on the Bone":43,"Pocketwatch":191,"Lantern":113,"Singing Bowl":347,"SacredBark":301,"Bag of Preparation":143,"Juzu Bracelet":153,"Emotion Chip":94,"Dream Catcher":280,"Nunchaku":338,"Matryoshka":77,"TheAbacus":234,"Shovel":357,"Mummified Hand":280,"Pantograph":51,"Gambling Chip":234,"WingedGreaves":21,"Red Mask":191,"Chemical X":327,"Cracked Core":0,"InkBottle":124,"NeowsBlessing":46,"Golden Idol":342,"PreservedInsect":84,"The Courier":113,"Orichalcum":128,"MawBank":153,"Mercury Hourglass":51,"Nuclear Battery":70,"Calling Bell":94,"DataDisk":94,"CaptainsWheel":103,"Anchor":205,"Ornamental Fan":113,"Orrery":353,"Bag of Marbles":210,"Bottled Lightning":147,"Membership Card":327,"FossilizedHelix":128}]},"card_choices":[{"not_picked":["Coolheaded","Consume"],"picked":"Ball Lightning","floor":1},{"not_picked":["Barrage","Reinforced Body"],"picked":"Loop","floor":5},{"not_picked":["Stack","Go for the Eyes"],"picked":"Ball Lightning","floor":6},{"not_picked":["Barrage","Scrape","Sweeping Beam"],"picked":"Singing Bowl","floor":8},{"not_picked":["Undo","Cold Snap"],"picked":"Machine Learning","floor":10},{"not_picked":["Coolheaded","Aggregate","Streamline"],"picked":"Singing Bowl","floor":12},{"not_picked":["Coolheaded","Streamline"],"picked":"Heatsinks","floor":13},{"not_picked":["Recycle","Stack"],"picked":"Darkness","floor":13},{"not_picked":["Beam Cell","Hologram","Rebound"],"picked":"Singing Bowl","floor":13},{"not_picked":["Beam Cell","Aggregate","Stack"],"picked":"Singing Bowl","floor":13},{"not_picked":["Auto Shields","Turbo"],"picked":"BootSequence","floor":13},{"not_picked":["Scrape","Multi-Cast","Conserve Battery"],"picked":"Singing Bowl","floor":14}],"player_experience":317693,"relics_obtained":[{"floor":4,"key":"Pear"},{"floor":6,"key":"Blue Candle"},{"floor":8,"key":"Singing Bowl"},{"floor":9,"key":"Akabeko"},{"floor":10,"key":"Matryoshka"},{"floor":14,"key":"Shovel"}],"event_choices":[{"damage_healed":0,"gold_gain":0,"player_choice":"Take Damage","damage_taken":18,"relics_obtained":["Golden Idol"],"max_hp_gain":0,"max_hp_loss":0,"event_name":"Golden Idol","floor":3,"gold_loss":0},{"damage_healed":0,"gold_gain":0,"player_choice":"Searched \u00271\u0027 times","damage_taken":0,"max_hp_gain":0,"max_hp_loss":0,"event_name":"Dead Adventurer","floor":14,"gold_loss":0}],"is_beta":false,"boss_relics":[],"items_purged_floors":[13,13],"is_endless":false,"potions_floor_spawned":[6,8,10],"killed_by":"Slime Boss","ascension_level":7}}