{"host":"nxnzcl474ro3ewbj","time":1611274908,"event":{"mods":["2.2 Compatiblity","Act Like it!","BaseMod","Better Third Choice","Better-Laid Plans","Colored Map","Custom Start","Highlight Path","Keyboard Shortcuts","Minty Spire (QoL Compilation)","Quick Restart","Rare Cards Sparkle","Relic Stats","Shop Mod","Slay the Relics Exporter","StSLib","SuperFastMode"],"gold_per_floor":[119,119,119,138,155,155,155,189,238,238,252,283,208,228,228,332,332,351,351,101,101,101,133,133,156,156,168,181,181,216,91,91,196,196,213,63,63,23,35,60,60,60,85,85,119,0,18,33,33,33,33,33,33,61,61,61],"floor_reached":55,"language":"KOR","playtime":1201,"items_purged":["Strike_G","Strike_G","Strike_G","Strike_G"],"score":1341,"play_id":"07066e4e-ac4f-40cd-ad58-97a1dd0ebb12","local_time":"20210122092148","is_ascension_mode":true,"campfire_choices":[{"data":"Neutralize","floor":6.0,"key":"SMITH"},{"data":"Acrobatics","floor":10.0,"key":"SMITH"},{"data":"Cloak And Dagger","floor":15.0,"key":"SMITH"},{"data":"Night Terror","floor":24.0,"key":"SMITH"},{"data":"Accuracy","floor":29.0,"key":"SMITH"},{"data":"Cloak And Dagger","floor":32.0,"key":"SMITH"},{"data":"Burst","floor":42.0,"key":"SMITH"},{"floor":44.0,"key":"RECALL"},{"data":"Blade Dance","floor":49.0,"key":"SMITH"},{"data":"Strike_G","floor":52.0,"key":"PURGE"}],"circlet_count":0,"master_deck":["AscendersBane","Defend_G+1","Defend_G","Defend_G","Defend_G+1","Survivor","Neutralize+1","Blade Dance+1","Endless Agony","Acrobatics+1","Blade Dance+1","Blur","Cloak And Dagger+1","Night Terror+1","Cloak And Dagger+1","Accuracy+1","Burst+1","Cloak And Dagger+1","Footwork","Reflex+1","Footwork+1"],"relics":["WristBlade","Vajra","Gremlin Horn","Strawberry","White Beast Statue","Runic Dome","Regal Pillow","MutagenicStrength","Anchor","Eternal Feather","Letter Opener","SlaversCollar","Tingsha","Lantern","Peace Pipe","Red Mask","Orichalcum"],"acts_visited":["Exordium","TheCity","TheBeyond","TheEnding"],"potions_floor_usage":[54,54,55,55,55],"damage_taken":[{"damage":4.0,"enemies":"Small Slimes","floor":1.0,"turns":3.0},{"damage":0.0,"enemies":"Jaw Worm","floor":4.0,"turns":3.0},{"damage":0.0,"enemies":"2 Louse","floor":5.0,"turns":3.0},{"damage":0.0,"enemies":"3 Sentries","floor":8.0,"turns":6.0},{"damage":1.0,"enemies":"Looter","floor":11.0,"turns":2.0},{"damage":0.0,"enemies":"Gremlin Nob","floor":12.0,"turns":2.0},{"damage":1.0,"enemies":"Blue Slaver","floor":14.0,"turns":2.0},{"damage":6.0,"enemies":"Hexaghost","floor":16.0,"turns":7.0},{"damage":0.0,"enemies":"Chosen","floor":18.0,"turns":3.0},{"damage":0.0,"enemies":"Slavers","floor":23.0,"turns":3.0},{"damage":0.0,"enemies":"Shell Parasite","floor":27.0,"turns":3.0},{"damage":0.0,"enemies":"3 Cultists","floor":28.0,"turns":2.0},{"damage":0.0,"enemies":"Gremlin Leader","floor":30.0,"turns":3.0},{"damage":3.0,"enemies":"Automaton","floor":33.0,"turns":5.0},{"damage":0.0,"enemies":"3 Darklings","floor":35.0,"turns":2.0},{"damage":0.0,"enemies":"Orb Walker","floor":39.0,"turns":2.0},{"damage":0.0,"enemies":"Giant Head","floor":40.0,"turns":3.0},{"damage":0.0,"enemies":"Reptomancer","floor":45.0,"turns":2.0},{"damage":0.0,"enemies":"3 Darklings","floor":47.0,"turns":3.0},{"damage":0.0,"enemies":"Sphere and 2 Shapes","floor":48.0,"turns":2.0},{"damage":47.0,"enemies":"Time Eater","floor":50.0,"turns":6.0},{"damage":26,"enemies":"Shield and Spear","floor":54,"turns":5},{"damage":57,"enemies":"The Heart","floor":55,"turns":3}],"seed_played":"7230545760325113411","potions_obtained":[{"floor":1.0,"key":"EssenceOfSteel"},{"floor":8.0,"key":"Explosive Potion"},{"floor":11.0,"key":"BlessingOfTheForge"},{"floor":12.0,"key":"BlessingOfTheForge"},{"floor":14.0,"key":"CunningPotion"},{"floor":16.0,"key":"Fire Potion"},{"floor":18.0,"key":"DistilledChaos"},{"floor":23.0,"key":"PowerPotion"},{"floor":27.0,"key":"Strength Potion"},{"floor":28.0,"key":"GamblersBrew"},{"floor":33.0,"key":"Weak Potion"},{"floor":39.0,"key":"EntropicBrew"},{"floor":40.0,"key":"SteroidPotion"},{"floor":47.0,"key":"EntropicBrew"},{"floor":54,"key":"Energy Potion"}],"is_trial":false,"path_per_floor":["M","?","?","M","M","R","T","E","T","R","M","E","$","M","R","B",null,"M","?","$","?","?","E","R","T","T","M","M","R","E","$","R","B",null,"M","$","?","$","M","E","?","R","T","R","E","?","M","M","R","B",null,"R","$","E","B"],"character_chosen":"THE_SILENT","items_purchased":["Regal Pillow","Footwork"],"campfire_rested":0,"item_purchase_floors":[20,38],"current_hp_per_floor":[59,59,45,45,45,45,45,45,52,52,51,51,51,50,50,44,69,69,69,69,69,69,69,69,69,69,69,69,77,77,77,77,74,76,76,76,76,76,76,76,73,73,73,73,73,73,73,73,73,26,61,73,73,47,0,0],"gold":61,"neow_bonus":"BOSS_RELIC","is_daily":false,"chose_seed":false,"campfire_upgraded":8,"win_rate":0.0,"timestamp":1611274908,"path_taken":["M","?","?","M","M","R","?","E","T","R","M","E","?","M","R","BOSS","M","?","$","?","?","E","R","?","T","?","M","R","E","$","R","BOSS","M","$","?","?","M","E","?","R","T","R","E","?","M","M","R","BOSS","R","$","E","BOSS"],"items_purchased_type":["Relic","Card"],"build_version":"2020-12-22","purchased_purges":4,"victory":false,"max_hp_per_floor":[70,70,70,70,70,70,70,70,77,77,77,77,77,77,77,77,77,77,77,77,77,77,77,77,77,77,77,77,77,77,77,77,77,77,77,77,77,77,77,77,73,73,73,73,73,73,73,73,73,73,73,73,73,73,73,73],"relic_stats":{"Peace Pipe":1,"Regal Pillow":0,"Gremlin Horn":[21,20],"counters":[23,75],"Eternal Feather":20,"Tingsha":[30],"Letter Opener":[201],"Orichalcum":[6],"obtain_stats":[{"Regal Pillow":20,"Lantern":43,"Gremlin Horn":8,"Vajra":7,"Eternal Feather":26,"Tingsha":40,"Letter Opener":30,"Orichalcum":54,"White Beast Statue":12,"Peace Pipe":45,"Runic Dome":17,"SlaversCollar":34,"Anchor":23,"WristBlade":0,"Strawberry":9,"MutagenicStrength":22,"Red Mask":46,"Ring of the Snake":0},{"Regal Pillow":9,"Lantern":17,"Gremlin Horn":4,"Vajra":3,"Eternal Feather":10,"Tingsha":17,"Letter Opener":13,"Orichalcum":22,"White Beast Statue":6,"Peace Pipe":18,"Runic Dome":8,"SlaversCollar":14,"Anchor":10,"WristBlade":0,"Strawberry":4,"MutagenicStrength":9,"Red Mask":18,"Ring of the Snake":0},{"Regal Pillow":31,"Lantern":54,"Gremlin Horn":15,"Vajra":9,"Eternal Feather":34,"Tingsha":54,"Letter Opener":42,"Orichalcum":72,"White Beast Statue":19,"Peace Pipe":56,"Runic Dome":28,"SlaversCollar":47,"Anchor":34,"WristBlade":0,"Strawberry":15,"MutagenicStrength":31,"Red Mask":56,"Ring of the Snake":0}]},"card_choices":[{"not_picked":["All Out Attack","Bane"],"picked":"Blade Dance","floor":1.0},{"not_picked":["Dagger Throw","Quick Slash"],"picked":"Endless Agony","floor":4.0},{"not_picked":["Slice","Dodge and Roll"],"picked":"Acrobatics","floor":5.0},{"not_picked":["Quick Slash","Bane","PiercingWail"],"picked":"SKIP","floor":8.0},{"not_picked":["Quick Slash","Backflip"],"picked":"Blade Dance","floor":11.0},{"not_picked":["Underhanded Strike","Bane"],"picked":"Blur","floor":12.0},{"not_picked":["Prepared","Acrobatics"],"picked":"Cloak And Dagger","floor":14.0},{"not_picked":["Envenom","Glass Knife"],"picked":"Night Terror","floor":16.0},{"not_picked":["Flying Knee","Dodge and Roll","PiercingWail"],"picked":"SKIP","floor":18.0},{"not_picked":["Deflect+1","Distraction+1"],"picked":"Cloak And Dagger","floor":23.0},{"not_picked":["Prepared","Dash+1","Dagger Throw"],"picked":"SKIP","floor":27.0},{"not_picked":["Tactician","Backstab+1"],"picked":"Accuracy","floor":28.0},{"not_picked":["Dagger Throw+1","Backflip","Caltrops+1"],"picked":"SKIP","floor":30.0},{"not_picked":["Wraith Form v2","Grand Finale"],"picked":"Burst","floor":33.0},{"not_picked":["Dagger Spray+1","Dodge and Roll+1"],"picked":"Cloak And Dagger+1","floor":35.0},{"not_picked":["Finisher+1","Prepared"],"picked":"Reflex+1","floor":39.0},{"not_picked":["Backflip","Quick Slash+1","Poisoned Stab+1"],"picked":"SKIP","floor":40.0},{"not_picked":["Finisher","Bullet Time","Underhanded Strike+1"],"picked":"SKIP","floor":45.0},{"not_picked":["Finisher","Bullet Time","Underhanded Strike+1"],"picked":"SKIP","floor":45.0},{"not_picked":["Leg Sweep+1","Setup+1","Underhanded Strike+1"],"picked":"SKIP","floor":47.0},{"not_picked":["Deadly Poison+1","Backstab+1","Flying Knee"],"picked":"SKIP","floor":48.0},{"not_picked":["Masterful Stab","Predator"],"picked":"Footwork+1","floor":54}],"player_experience":69857,"relics_obtained":[{"floor":7.0,"key":"Vajra"},{"floor":8.0,"key":"Gremlin Horn"},{"floor":9.0,"key":"Strawberry"},{"floor":12.0,"key":"White Beast Statue"},{"floor":23.0,"key":"Anchor"},{"floor":26.0,"key":"Eternal Feather"},{"floor":30.0,"key":"Letter Opener"},{"floor":40.0,"key":"Tingsha"},{"floor":43.0,"key":"Lantern"},{"floor":45.0,"key":"Peace Pipe"},{"floor":54,"key":"Orichalcum"}],"event_choices":[{"damage_healed":0.0,"max_hp_gain":0.0,"max_hp_loss":0.0,"gold_gain":0.0,"event_name":"Living Wall","player_choice":"Grow","floor":2.0,"gold_loss":0.0,"damage_taken":0.0,"cards_upgraded":["Blade Dance"]},{"damage_healed":59.0,"max_hp_gain":0.0,"max_hp_loss":70.0,"gold_gain":0.0,"event_name":"betterThird:BetterShining","player_choice":"Upgrade","floor":3.0,"gold_loss":0.0,"damage_taken":14.0,"cards_upgraded":["Defend_G","Defend_G"]},{"damage_healed":0.0,"max_hp_gain":0.0,"max_hp_loss":0.0,"gold_gain":0.0,"event_name":"Vampires","player_choice":"Ignored","floor":19.0,"gold_loss":0.0,"damage_taken":0.0},{"damage_healed":0.0,"max_hp_gain":0.0,"max_hp_loss":0.0,"gold_gain":0.0,"event_name":"Ghosts","player_choice":"Ignored","floor":21.0,"gold_loss":0.0,"damage_taken":0.0},{"damage_healed":0.0,"max_hp_gain":0.0,"max_hp_loss":0.0,"gold_gain":0.0,"event_name":"Drug Dealer","player_choice":"Inject Mutagens","floor":22.0,"gold_loss":0.0,"damage_taken":0.0,"relics_obtained":["MutagenicStrength"]},{"cards_removed":["Defend_G"],"damage_healed":0.0,"max_hp_gain":0.0,"max_hp_loss":0.0,"gold_gain":0.0,"event_name":"Falling","player_choice":"Removed Skill","floor":37.0,"gold_loss":0.0,"damage_taken":0.0},{"damage_healed":0.0,"max_hp_gain":0.0,"max_hp_loss":4.0,"gold_gain":0.0,"event_name":"Winding Halls","player_choice":"Max HP","floor":41.0,"gold_loss":0.0,"damage_taken":0.0},{"damage_healed":0.0,"max_hp_gain":0.0,"max_hp_loss":0.0,"gold_gain":0.0,"event_name":"Tomb of Lord Red Mask","player_choice":"Paid","floor":46.0,"gold_loss":119.0,"damage_taken":0.0,"relics_obtained":["Red Mask"]}],"is_beta":false,"boss_relics":[{"not_picked":["Snecko Eye","Runic Pyramid"],"picked":"Runic Dome"},{"not_picked":["Sozu","Busted Crown"],"picked":"SlaversCollar"}],"items_purged_floors":[13,20,31,36],"is_endless":false,"potions_floor_spawned":[1,8,11,12,14,16,18,23,27,28,30,33,35,39,40,45,47,48,54],"killed_by":"The Heart","ascension_level":10}}