{"host":"ujnw6e0uhhe703dz","time":1611330350,"event":{"mods":["Act Like it!","BaseMod","Beaked The Cultist","Block Reminder","Colored Powertips","Conspire","Friendly Minions","Hubris","Marked Mod","Minty Spire (QoL Compilation)","Relic Stats","SacredBarkPlus","Shop Mod","Spicy Shops","StSLib","The Cursed","The Death Knight","The Necromancer","Transform Curses","Uncapped"],"gold_per_floor":[113,132,132,132,132,163,163,173,173,184,99,117,117,144,144,239,239,253,270,287,287,11,11,28,58,85,102,130,130,130,146,146,244,244,264,164,164,184,234,262,272,283,283,318,318,331,331,331,331,331],"floor_reached":51,"language":"ENG","playtime":2846,"items_purged":["Strike_W","Strike_W","Defend_W","Strike_W"],"score":757,"play_id":"3a7cc48b-9fbe-4783-8091-b0aa3bda5f54","local_time":"20210122154550","is_ascension_mode":false,"campfire_choices":[{"data":"Bone_Wall","floor":7.0,"key":"SMITH"},{"data":"Summon_Undead_Army","floor":13.0,"key":"SMITH"},{"data":"Summon_Lich","floor":15.0,"key":"SMITH"},{"data":"Summon_Vampire_Lady","floor":23.0,"key":"SMITH"},{"floor":29.0,"key":"RECALL"},{"data":"Spectral_Armor","floor":32.0,"key":"SMITH"},{"data":"Blood_Magic","floor":49,"key":"SMITH"}],"circlet_count":0,"master_deck":["Strike_W","Defend_W","Defend_W","Negative_Energy_Arrows","Bone_Wall+1","Siphon_Strength","Spectral_Walk","Summon_Undead_Army+1","Spectral_Armor+1","Summon_Lich+1","Summon_Vampire_Lady+1","Violent_Necrosis+1","Bone_Armory","Blood_Magic+1","Negative_Energy_Mist","Skeleton_Dragon","Summon_Lich","Negative_Energy_Burst+1","Skeleton_Dragon","Bone_Shift","Bone_Prison+1","Dark Shackles","Dark Shackles","Life_Tap+1","Bone_Shift"],"relics":["Vampire_Amulet","Ancient Tea Set","conspire:DecoderRing","Smiling Mask","Orichalcum","InkBottle","hubris:ScarierMask","Membership Card","Blood Vial","Matryoshka","Centennial Puzzle","hubris:TenFootPole","Vajra","hubris:Towel","Velvet Choker","Mango","hubris:Potato","hubris:DisguiseKit","Juzu Bracelet","Prayer Wheel"],"acts_visited":["Exordium","TheCity","TheBeyond"],"potions_floor_usage":[38,50],"damage_taken":[{"damage":2.0,"enemies":"Small Slimes","floor":1.0,"turns":5.0},{"damage":1.0,"enemies":"2 Louse","floor":2.0,"turns":3.0},{"damage":24.0,"enemies":"3 Sentries","floor":6.0,"turns":10.0},{"damage":2.0,"enemies":"Cultist","floor":8.0,"turns":4.0},{"damage":0.0,"enemies":"Exordium Wildlife","floor":10.0,"turns":5.0},{"damage":1.0,"enemies":"3 Louse","floor":12.0,"turns":5.0},{"damage":3.0,"enemies":"Gremlin Nob","floor":14.0,"turns":4.0},{"damage":9.0,"enemies":"The Guardian","floor":16.0,"turns":11.0},{"damage":0.0,"enemies":"Chosen","floor":18.0,"turns":5.0},{"damage":2.0,"enemies":"Shell Parasite","floor":19.0,"turns":8.0},{"damage":32.0,"enemies":"3 Cultists","floor":20.0,"turns":5.0},{"damage":10.0,"enemies":"Snecko","floor":24.0,"turns":5.0},{"damage":23.0,"enemies":"Gremlin Leader","floor":25.0,"turns":7.0},{"damage":13.0,"enemies":"Snake Plant","floor":27.0,"turns":5.0},{"damage":21.0,"enemies":"Book of Stabbing","floor":28.0,"turns":6.0},{"damage":7.0,"enemies":"3 Cultists","floor":31.0,"turns":5.0},{"damage":33,"enemies":"hubris:MusketHawk","floor":33,"turns":11},{"damage":4,"enemies":"3 Darklings","floor":35,"turns":5},{"damage":13,"enemies":"Orb Walker","floor":38,"turns":4},{"damage":14,"enemies":"Mind Bloom Boss Battle","floor":39,"turns":8},{"damage":24,"enemies":"Reptomancer","floor":40,"turns":7},{"damage":0,"enemies":"4 Shapes","floor":41,"turns":2},{"damage":22,"enemies":"Transient","floor":42,"turns":5},{"damage":69,"enemies":"Nemesis","floor":44,"turns":7},{"damage":4,"enemies":"3 Darklings","floor":46,"turns":3},{"damage":32,"enemies":"Time Eater","floor":50,"turns":13}],"seed_played":"-2341015144901689226","potions_obtained":[{"floor":1.0,"key":"Swift Potion"},{"floor":2.0,"key":"Fire Potion"},{"floor":10.0,"key":"Weak Potion"},{"floor":16.0,"key":"FairyPotion"},{"floor":20.0,"key":"Ancient Potion"},{"floor":25.0,"key":"Block Potion"},{"floor":27.0,"key":"Weak Potion"},{"floor":41,"key":"LiquidBronze"}],"is_trial":false,"path_per_floor":["M","M","?","?","?","E","R","M","T","M","$","M","R","E","R","B",null,"M","M","M","?","$","R","M","E","T","M","E","R","?","M","R","B",null,"M","$","?","M","?","E","M","M","T","E","?","M","?","?","R","B",null],"character_chosen":"NECROMANCER","items_purchased":["Spectral_Armor","Membership Card","Blood Vial"],"campfire_rested":0,"item_purchase_floors":[11,22,22],"current_hp_per_floor":[75,75,75,75,75,55,55,55,55,59,59,64,64,63,63,56,75,75,75,56,56,56,56,59,64,64,67,62,62,62,64,64,62,75,75,75,75,70,89,81,89,78,78,25,20,29,29,29,29,40],"gold":331,"neow_bonus":"RANDOM_COMMON_RELIC","is_daily":false,"chose_seed":false,"campfire_upgraded":6,"win_rate":0.0,"timestamp":1611330350,"path_taken":["M","M","?","?","?","E","R","M","T","M","$","?","R","E","R","BOSS","M","M","M","?","$","R","M","E","T","M","E","R","?","M","R","BOSS","M","$","?","?","?","E","M","M","T","E","?","M","?","?","R","BOSS"],"items_purchased_type":["Card","Relic","Relic"],"build_version":"2020-12-22","purchased_purges":4,"victory":true,"max_hp_per_floor":[75,75,75,75,75,75,75,75,75,75,75,75,75,75,75,75,75,75,75,75,75,75,75,75,75,75,75,75,75,75,75,75,75,75,75,75,75,75,89,89,89,89,89,89,89,89,89,89,89,89],"relic_stats":{"Blood Vial":22,"Centennial Puzzle":[36],"counters":[26,158],"Prayer Wheel":2,"Juzu Bracelet":1,"Orichalcum":[360],"Smiling Mask":63,"obtain_stats":[{"hubris:DisguiseKit":43,"Vajra":28,"Velvet Choker":34,"Mango":39,"Juzu Bracelet":43,"Orichalcum":9,"hubris:Towel":30,"Ancient Tea Set":0,"Smiling Mask":6,"Blood Vial":22,"Centennial Puzzle":26,"Matryoshka":25,"conspire:DecoderRing":3,"hubris:ScarierMask":17,"Prayer Wheel":44,"Vampire_Amulet":0,"hubris:TenFootPole":26,"Membership Card":22,"InkBottle":14,"hubris:Potato":40},{"hubris:DisguiseKit":23,"Vajra":15,"Velvet Choker":17,"Mango":20,"Juzu Bracelet":23,"Orichalcum":4,"hubris:Towel":15,"Ancient Tea Set":0,"Smiling Mask":3,"Blood Vial":11,"Centennial Puzzle":13,"Matryoshka":13,"conspire:DecoderRing":2,"hubris:ScarierMask":8,"Prayer Wheel":24,"Vampire_Amulet":0,"hubris:TenFootPole":13,"Membership Card":11,"InkBottle":7,"hubris:Potato":21},{"hubris:DisguiseKit":135,"Vajra":88,"Velvet Choker":104,"Mango":121,"Juzu Bracelet":135,"Orichalcum":22,"hubris:Towel":88,"Ancient Tea Set":0,"Smiling Mask":18,"Blood Vial":65,"Centennial Puzzle":77,"Matryoshka":77,"conspire:DecoderRing":8,"hubris:ScarierMask":47,"Prayer Wheel":142,"Vampire_Amulet":0,"hubris:TenFootPole":77,"Membership Card":65,"InkBottle":36,"hubris:Potato":128}],"InkBottle":[36]},"card_choices":[{"not_picked":["Blood_for_Blood","Acid_Javelin","Flesh_Made_Foul"],"picked":"SKIP","floor":1.0},{"not_picked":["Death_Knell","Bones_to_Steel"],"picked":"Siphon_Strength","floor":2.0},{"not_picked":["Chill_Blood","Blood_Wake"],"picked":"Spectral_Walk","floor":6.0},{"not_picked":["Death_March_Dance","Blood_Whip"],"picked":"Summon_Undead_Army","floor":8.0},{"not_picked":["Chill_Blood","Strike_from_Beyond","Toxic_Smoke_Screen"],"picked":"SKIP","floor":10.0},{"not_picked":["Strike_from_Beyond","Detonate_Bones","Negative_Energy_Javelin"],"picked":"SKIP","floor":12.0},{"not_picked":["Summon_Undead","Death_March_Dance"],"picked":"Summon_Lich","floor":14.0},{"not_picked":["Blood_Wake","Summon_Death_Knight"],"picked":"Summon_Vampire_Lady","floor":16.0},{"not_picked":["Blood_Shield","Toxic_Smoke_Screen"],"picked":"Violent_Necrosis+1","floor":18.0},{"not_picked":["Spectral_Armor","Chill_Blood"],"picked":"Bone_Armory","floor":19.0},{"not_picked":["Chill_Blood+1","Death_March_Dance","Life_Drain"],"picked":"SKIP","floor":20.0},{"not_picked":["Scare","Blood_Whip","Finger_Of_Death+1"],"picked":"SKIP","floor":24.0},{"not_picked":["Negative_Energy_Javelin+1","Siphon_Strength"],"picked":"Negative_Energy_Mist","floor":25.0},{"not_picked":["Toxic_Smoke_Screen","Cloudkill","Necrotic_Claws"],"picked":"SKIP","floor":27.0},{"not_picked":["Toxic_Smoke_Screen","Cloudkill","Necrotic_Claws"],"picked":"SKIP","floor":27.0},{"not_picked":["Flesh_Made_Foul","Bone_Armory","Death_Coil+1"],"picked":"SKIP","floor":28.0},{"not_picked":["Negative_Energy_Javelin","Blood_Whip+1","Thousand_Bone_Knives"],"picked":"SKIP","floor":31.0},{"not_picked":["Cloudkill","Detonate_Bones"],"picked":"Skeleton_Dragon","floor":33},{"not_picked":["Scare+1","Negative_Energy_Mist+1"],"picked":"Summon_Lich","floor":35},{"not_picked":["Death_Coil+1","Plague_Bolt+1"],"picked":"Negative_Energy_Burst+1","floor":38},{"not_picked":["Bone_Spikes+1","Negative_Energy_Javelin+1"],"picked":"Skeleton_Dragon","floor":40},{"not_picked":["Violent_Necrosis","Negative_Energy_Mist+1"],"picked":"Bone_Shift","floor":41},{"not_picked":["Negative_Energy_Mist+1","Blood_Curse+1","Death_Coil"],"picked":"SKIP","floor":42},{"not_picked":["Vampiric_Strike+1","Bone_Armor","beaked:MimicWarrior"],"picked":"Bone_Prison+1","floor":44},{"not_picked":["Swift Strike","Madness"],"picked":"Dark Shackles","floor":45},{"not_picked":["Forethought","Secret Weapon"],"picked":"Dark Shackles","floor":45},{"not_picked":["Blood_for_Blood+1","Death_Knell","beaked:FeelMyPain"],"picked":"Life_Tap+1","floor":46},{"not_picked":["Negative_Energy_Sphere+1","Chill_Blood+1","beaked:Foresight"],"picked":"Bone_Shift","floor":46}],"player_experience":528538,"relics_obtained":[{"floor":6.0,"key":"Smiling Mask"},{"floor":9.0,"key":"Orichalcum"},{"floor":14.0,"key":"InkBottle"},{"floor":25.0,"key":"Matryoshka"},{"floor":26.0,"key":"Centennial Puzzle"},{"floor":26.0,"key":"hubris:TenFootPole"},{"floor":28.0,"key":"Vajra"},{"floor":39,"key":"Mango"},{"floor":40,"key":"hubris:Potato"},{"floor":43,"key":"hubris:DisguiseKit"},{"floor":43,"key":"Juzu Bracelet"},{"floor":44,"key":"Prayer Wheel"}],"event_choices":[{"damage_healed":0.0,"max_hp_gain":0.0,"max_hp_loss":0.0,"gold_gain":0.0,"event_name":"Big Fish","player_choice":"Box","floor":3.0,"gold_loss":0.0,"damage_taken":0.0,"relics_obtained":["conspire:DecoderRing"],"cards_obtained":["Regret"]},{"cards_removed":["Regret"],"damage_healed":0.0,"max_hp_gain":0.0,"max_hp_loss":0.0,"gold_gain":0.0,"event_name":"Living Wall","player_choice":"Forget","floor":4.0,"gold_loss":0.0,"damage_taken":0.0},{"damage_healed":0.0,"max_hp_gain":0.0,"max_hp_loss":0.0,"gold_gain":0.0,"event_name":"Wheel of Change","player_choice":"Full Heal","floor":5.0,"gold_loss":0.0,"damage_taken":0.0},{"damage_healed":0,"gold_gain":0,"player_choice":"Bought 0 Potions","damage_taken":0,"max_hp_gain":0,"max_hp_loss":0,"event_name":"The Woman in Blue","floor":37,"gold_loss":0},{"damage_healed":0,"gold_gain":0,"player_choice":"Fight","damage_taken":0,"max_hp_gain":0,"max_hp_loss":0,"event_name":"MindBloom","floor":39,"gold_loss":0},{"damage_healed":0,"gold_gain":0,"player_choice":"Memory 3","damage_taken":10,"max_hp_gain":0,"max_hp_loss":0,"event_name":"SensoryStone","floor":45,"gold_loss":0},{"damage_healed":0,"gold_gain":0,"cards_transformed":["Defend_W"],"player_choice":"Transformed","damage_taken":0,"max_hp_gain":0,"max_hp_loss":0,"event_name":"Transmorgrifier","floor":47,"gold_loss":0,"cards_obtained":["Requiem"]},{"cards_removed":["Requiem"],"damage_healed":0,"gold_gain":0,"player_choice":"Removed Attack","damage_taken":0,"max_hp_gain":0,"max_hp_loss":0,"event_name":"Falling","floor":48,"gold_loss":0}],"is_beta":false,"boss_relics":[{"not_picked":["Busted Crown","Runic Dome"],"picked":"hubris:ScarierMask"},{"not_picked":["Tiny House","conspire:SeveredTorchhead"],"picked":"Velvet Choker"}],"items_purged_floors":[11,22,36,36],"is_endless":false,"potions_floor_spawned":[1,2,10,16,20,25,27,28,35,41,42],"ascension_level":0}}