{"host":"6yvchw9rpa1i4yob","time":1611324651,"event":{"mods":["100% Spire Juice","BaseMod","Colored Map","Conspire","Duelist Mod","GifTheSpireLib","Hubris","Minty Spire (QoL Compilation)","Quick Restart","StSLib","The Animator","[IsaacMod]????"],"gold_per_floor":[117,117,129,129,144,173,173,53,53,64,74,74,74,9,9,20,20,0,0],"floor_reached":18,"language":"ENG","playtime":1507,"items_purged":[],"score":160,"play_id":"f9c65944-79c9-4261-bd93-62a492a5e7b9","local_time":"20210122151051","is_ascension_mode":false,"campfire_choices":[{"floor":7,"key":"REST"},{"floor":15,"key":"REST"}],"circlet_count":0,"master_deck":["Moonworks:Strike","Moonworks:Strike","Moonworks:Strike","Moonworks:Strike","Moonworks:Defend","Moonworks:Defend","Moonworks:Defend","Moonworks:Defend","Moonworks:Ambush","Moonworks:LongDistanceShot","BloodyBrimstone","Moonworks:StarBlastingFuse","Moonworks:UnluckyCharm","Moonworks:JonathanRush","Moonworks:TacticalRetreat","Moonworks:Heat300Percent","Moonworks:DevilHand","Moonworks:EvilSpyWorkPreparation","Injury","Doubt","Moonworks:AccelHyper","Moonworks:Gamble"],"relics":["Moonworks:BrokenBomb","Moonworks:Homemark","HushsDoor","TheBean","Matryoshka","BookOfRevelations","AnarchistCookbook","Golden Idol","SlaversCollar"],"acts_visited":["Exordium","TheCity"],"potions_floor_usage":[16],"damage_taken":[{"damage":0,"enemies":"Small Slimes","floor":1,"turns":3},{"damage":8,"enemies":"conspire:RoseBush","floor":3,"turns":5},{"damage":0,"enemies":"Cultist","floor":5,"turns":3},{"damage":16,"enemies":"Lagavulin","floor":6,"turns":4},{"damage":0,"enemies":"Blue Slaver","floor":10,"turns":2},{"damage":10,"enemies":"Large Slime","floor":11,"turns":7},{"damage":50,"enemies":"Hexaghost","floor":16,"turns":12},{"damage":755,"enemies":"2 Thieves","floor":18,"turns":2}],"seed_played":"-4849628111093811478","potions_obtained":[{"floor":3,"key":"DuplicationPotion"},{"floor":11,"key":"DistilledChaos"},{"floor":16,"key":"Dexterity Potion"}],"is_trial":false,"path_per_floor":["M","?","M","?","M","E","R","?","T","M","M","$","?","?","R","B",null,"M"],"character_chosen":"THE_STARBREAKER","items_purchased":["Moonworks:Gamble"],"campfire_rested":2,"item_purchase_floors":[17],"current_hp_per_floor":[60,60,52,52,52,36,54,54,54,54,44,44,44,44,60,10,56,0,0],"gold":0,"neow_bonus":"ONE_RANDOM_RARE_CARD","is_daily":false,"chose_seed":false,"campfire_upgraded":0,"win_rate":0.0,"timestamp":1611324651,"path_taken":["M","?","M","?","M","E","R","?","T","?","M","$","?","?","R","BOSS","M"],"items_purchased_type":["Card"],"build_version":"2020-12-22","purchased_purges":0,"victory":false,"max_hp_per_floor":[60,60,60,60,60,60,60,60,60,60,60,60,60,60,60,60,56,56,56],"card_choices":[{"not_picked":[],"picked":"BloodyBrimstone","floor":0},{"not_picked":["Moonworks:Dinner","Moonworks:Assault"],"picked":"Moonworks:UnluckyCharm","floor":1},{"not_picked":["Moonworks:ImOnFire","Moonworks:Assault"],"picked":"Moonworks:JonathanRush","floor":3},{"not_picked":["Moonworks:Assault","Moonworks:ReproductionOfRecords"],"picked":"Moonworks:TacticalRetreat","floor":5},{"not_picked":["Moonworks:SweetBattle","Moonworks:IndiscriminateFireSupport"],"picked":"Moonworks:Heat300Percent","floor":6},{"not_picked":["Moonworks:DeployBits","Moonworks:BigBangBell"],"picked":"Moonworks:DevilHand","floor":10},{"not_picked":["Moonworks:x16BigRocket","Moonworks:IndiscriminateFireSupport"],"picked":"Moonworks:EvilSpyWorkPreparation","floor":11},{"not_picked":["Moonworks:HolyNight","Moonworks:MetallicMonocoque"],"picked":"Moonworks:AccelHyper","floor":16}],"player_experience":29937,"relics_obtained":[{"floor":6,"key":"Matryoshka"},{"floor":9,"key":"BookOfRevelations"},{"floor":9,"key":"AnarchistCookbook"}],"event_choices":[{"damage_healed":0,"gold_gain":0,"player_choice":"Leave","damage_taken":0,"max_hp_gain":0,"max_hp_loss":0,"event_name":"conspire:Investor","floor":2,"gold_loss":0},{"damage_healed":0,"gold_gain":0,"player_choice":"Leave","damage_taken":0,"max_hp_gain":0,"max_hp_loss":0,"event_name":"The Cleric","floor":8,"gold_loss":0},{"damage_healed":0,"gold_gain":0,"player_choice":"Take Wound","damage_taken":0,"relics_obtained":["Golden Idol"],"max_hp_gain":0,"max_hp_loss":0,"event_name":"Golden Idol","floor":13,"gold_loss":0,"cards_obtained":["Injury"]},{"damage_healed":0,"gold_gain":175,"player_choice":"AGREE","damage_taken":0,"max_hp_gain":0,"max_hp_loss":0,"event_name":"Liars Game","floor":14,"gold_loss":0,"cards_obtained":["Doubt"]}],"is_beta":false,"boss_relics":[{"not_picked":["conspire:RunicOctahedron","conspire:SpecialSausage"],"picked":"SlaversCollar"},{"not_picked":[]}],"items_purged_floors":[],"is_endless":false,"potions_floor_spawned":[3,11,16],"killed_by":"2 Thieves","ascension_level":0}}