{"host":"q0qnzbgdx8oqogg9","time":1611304264,"event":{"mods":["BaseMod","Minty Spire (QoL Compilation)","StSLib"],"gold_per_floor":[116,116,116,130,149,149,249,266,266,283,57,57,57,81,81,202,202,223,16,35,51,51,86,86,124,124,139,139,139,139,264,264,385,385,399,2,22,355,370,370,370,370],"floor_reached":41,"language":"ENG","playtime":2077,"items_purged":["Injury"],"score":509,"play_id":"1ec71544-fff0-48ea-afe9-f218bf6dd4f9","local_time":"20210122033104","is_ascension_mode":true,"campfire_choices":[{"data":"Zap","floor":6.0,"key":"SMITH"},{"data":"Defragment","floor":13.0,"key":"SMITH"},{"data":"Defragment","floor":15.0,"key":"SMITH"},{"floor":24.0,"key":"REST"},{"data":"Echo Form","floor":28,"key":"SMITH"},{"floor":30,"key":"REST"},{"floor":32,"key":"REST"},{"data":"Thinking Ahead","floor":40,"key":"SMITH"}],"circlet_count":0,"master_deck":["Defend_B","Defend_B","Defend_B","Zap+1","Dualcast","Heatsinks","Cold Snap","Storm","Self Repair","Defragment+1","Defragment+1","Reboot","Reinforced Body","Echo Form+1","Hello World+1","Beam Cell+1","Hologram+1","Chill","Leap","Coolheaded+1","RitualDagger","Steam Power+1","Conserve Battery+1","Biased Cognition","Biased Cognition","Thinking Ahead+1"],"relics":["Cracked Core","WingedGreaves","Du-Vu Doll","OrangePellets","Astrolabe","Runic Capacitor","Juzu Bracelet","Matryoshka","HornCleat","InkBottle","Nilry\u0027s Codex","Girya","Bottled Flame","Velvet Choker","DollysMirror"],"acts_visited":["Exordium","TheCity","TheBeyond"],"potions_floor_usage":[31,31,33],"damage_taken":[{"damage":1.0,"enemies":"2 Louse","floor":1.0,"turns":3.0},{"damage":8.0,"enemies":"Small Slimes","floor":4.0,"turns":4.0},{"damage":0.0,"enemies":"Cultist","floor":5.0,"turns":3.0},{"damage":19.0,"enemies":"Red Slaver","floor":8.0,"turns":5.0},{"damage":0.0,"enemies":"Large Slime","floor":10.0,"turns":4.0},{"damage":9.0,"enemies":"2 Fungi Beasts","floor":14.0,"turns":3.0},{"damage":12.0,"enemies":"Hexaghost","floor":16.0,"turns":10.0},{"damage":24.0,"enemies":"Shell Parasite","floor":18.0,"turns":6.0},{"damage":11.0,"enemies":"Chosen","floor":20.0,"turns":5.0},{"damage":7.0,"enemies":"3 Cultists","floor":21.0,"turns":5.0},{"damage":7.0,"enemies":"Book of Stabbing","floor":23.0,"turns":9.0},{"damage":45,"enemies":"Slavers","floor":25,"turns":8},{"damage":20,"enemies":"Shelled Parasite and Fungi","floor":27,"turns":7},{"damage":26,"enemies":"Colosseum Slavers","floor":31,"turns":4},{"damage":0,"enemies":"Colosseum Nobs","floor":31,"turns":10},{"damage":13,"enemies":"Collector","floor":33,"turns":11},{"damage":17,"enemies":"3 Shapes","floor":35,"turns":6},{"damage":2,"enemies":"Orb Walker","floor":37,"turns":7},{"damage":18,"enemies":"Jaw Worm Horde","floor":39,"turns":5},{"damage":47,"enemies":"Reptomancer","floor":41,"turns":2}],"seed_played":"3637972654633549419","potions_obtained":[{"floor":8.0,"key":"DistilledChaos"},{"floor":10.0,"key":"AttackPotion"},{"floor":14.0,"key":"Weak Potion"},{"floor":16.0,"key":"Dexterity Potion"},{"floor":23.0,"key":"PotionOfCapacity"},{"floor":27,"key":"Energy Potion"},{"floor":35,"key":"SteroidPotion"},{"floor":37,"key":"EssenceOfDarkness"}],"is_trial":false,"path_per_floor":["M","?","?","M","M","R","?","M","T","M","$","?","R","M","R","B",null,"M","$","M","M","?","E","R","E","T","M","R","?","R","?","R","B",null,"M","$","M","?","M","R","E"],"character_chosen":"DEFECT","items_purchased":["OrangePellets","Reboot","Runic Capacitor","Leap","DollysMirror","Thinking Ahead"],"campfire_rested":3,"item_purchase_floors":[11,11,19,19,36,36],"current_hp_per_floor":[53,46,39,31,31,31,31,19,19,26,26,26,26,24,24,19,75,58,58,47,54,48,48,70,32,32,26,26,10,32,6,28,22,75,65,65,63,63,45,45,0,0],"gold":370,"neow_bonus":"TRANSFORM_TWO_CARDS","is_daily":false,"chose_seed":false,"campfire_upgraded":5,"win_rate":0.0,"timestamp":1611304264,"path_taken":["M","?","?","M","M","R","?","M","T","?","?","?","R","M","R","BOSS","M","$","M","M","?","E","R","E","T","M","R","?","R","?","R","BOSS","M","$","M","?","M","R","E"],"items_purchased_type":["Relic","Card","Relic","Card","Relic","Card"],"build_version":"2020-12-22","purchased_purges":1,"victory":false,"max_hp_per_floor":[75,75,75,75,75,75,75,75,75,75,75,75,75,75,75,75,75,75,75,75,75,75,75,75,75,75,75,75,75,75,75,75,75,75,75,75,75,75,75,75,75,75],"card_choices":[{"not_picked":["Stack","Go for the Eyes"],"picked":"Cold Snap","floor":1.0},{"not_picked":["Steam Power","Barrage"],"picked":"Storm","floor":4.0},{"not_picked":["Reinforced Body","Conserve Battery"],"picked":"Self Repair","floor":5.0},{"not_picked":["Lockon","Force Field"],"picked":"Defragment","floor":8.0},{"not_picked":["Reinforced Body","Stack"],"picked":"Defragment","floor":10.0},{"not_picked":["Hyperbeam","Sweeping Beam"],"picked":"Reinforced Body","floor":14.0},{"not_picked":["Thunder Strike","Core Surge"],"picked":"Echo Form","floor":16.0},{"not_picked":["Go for the Eyes","Conserve Battery"],"picked":"Chill","floor":18.0},{"not_picked":["Melter+1","Ball Lightning"],"picked":"Coolheaded+1","floor":20.0},{"not_picked":["Gash","Scrape+1","Reprogram+1"],"picked":"SKIP","floor":21.0},{"not_picked":["Sunder","Fission","Compile Driver+1"],"picked":"SKIP","floor":23.0},{"not_picked":["Rebound","Thunder Strike"],"picked":"Steam Power+1","floor":25},{"not_picked":["Stack","Sweeping Beam"],"picked":"Conserve Battery+1","floor":27},{"not_picked":["Multi-Cast","Core Surge"],"picked":"Biased Cognition","floor":33},{"not_picked":["Leap","Conserve Battery","Ball Lightning"],"picked":"SKIP","floor":35},{"not_picked":["Conserve Battery+1","Beam Cell","Streamline+1"],"picked":"SKIP","floor":37},{"not_picked":["Barrage","Streamline","Consume"],"picked":"SKIP","floor":39}],"player_experience":252167,"relics_obtained":[{"floor":9.0,"key":"Du-Vu Doll"},{"floor":23.0,"key":"Juzu Bracelet"},{"floor":25,"key":"Matryoshka"},{"floor":26,"key":"HornCleat"},{"floor":26,"key":"InkBottle"},{"floor":29,"key":"Nilry\u0027s Codex"},{"floor":31,"key":"Girya"},{"floor":31,"key":"Bottled Flame"}],"event_choices":[{"cards_removed":["Strike_B"],"damage_healed":0.0,"max_hp_gain":0.0,"max_hp_loss":0.0,"gold_gain":0.0,"event_name":"Golden Wing","player_choice":"Card Removal","floor":2.0,"gold_loss":0.0,"damage_taken":7.0},{"damage_healed":0.0,"max_hp_gain":0.0,"max_hp_loss":0.0,"gold_gain":0.0,"event_name":"Scrap Ooze","player_choice":"Success","floor":3.0,"gold_loss":0.0,"damage_taken":7.0,"relics_obtained":["WingedGreaves"]},{"damage_healed":0.0,"max_hp_gain":0.0,"max_hp_loss":0.0,"gold_gain":100.0,"event_name":"Golden Shrine","player_choice":"Pray","floor":7.0,"gold_loss":0.0,"damage_taken":0.0},{"damage_healed":0.0,"max_hp_gain":0.0,"max_hp_loss":0.0,"gold_gain":0.0,"event_name":"Golden Idol","player_choice":"Take Wound","floor":12.0,"gold_loss":0.0,"damage_taken":0.0,"relics_obtained":["Golden Idol"],"cards_obtained":["Injury"]},{"damage_healed":0.0,"max_hp_gain":0.0,"max_hp_loss":0.0,"gold_gain":0.0,"event_name":"Nest","player_choice":"Joined the Cult","floor":22.0,"gold_loss":0.0,"damage_taken":6.0,"cards_obtained":["RitualDagger"]},{"damage_healed":0,"gold_gain":0,"player_choice":"Obtained Book","damage_taken":16,"max_hp_gain":0,"max_hp_loss":0,"event_name":"Cursed Tome","floor":29,"gold_loss":0},{"damage_healed":0,"gold_gain":0,"player_choice":"Fight","damage_taken":0,"max_hp_gain":0,"max_hp_loss":0,"event_name":"Colosseum","floor":31,"gold_loss":0},{"damage_healed":0,"gold_gain":0,"player_choice":"Fought Nobs","damage_taken":0,"max_hp_gain":0,"max_hp_loss":0,"event_name":"Colosseum","floor":31,"gold_loss":0},{"damage_healed":0,"gold_gain":333,"player_choice":"Gave Idol","damage_taken":0,"max_hp_gain":0,"max_hp_loss":0,"event_name":"The Moai Head","floor":38,"relics_lost":["Golden Idol"],"gold_loss":0}],"is_beta":false,"boss_relics":[{"not_picked":["FrozenCore","SlaversCollar"],"picked":"Astrolabe"},{"not_picked":["Pandora\u0027s Box","Fusion Hammer"],"picked":"Velvet Choker"}],"items_purged_floors":[36],"is_endless":false,"potions_floor_spawned":[8,10,14,16,18,21,23,27,31,35,37],"killed_by":"Reptomancer","ascension_level":3}}