{"host":"Rich","time":1611285660,"event":{"mods":["AchievementEnabler","BaseMod","Highlight Path","Minty Spire (QoL Compilation)","Relic Stats"],"gold_per_floor":[110,128,128,141,14,47,47,60,60,77,93,18,18,51,51,126,126,137,137,137,169,186,218,218,252,252,265,190,190,223,223,223,223,223],"floor_reached":33,"language":"ENG","playtime":1237,"items_purged":["Defend_G"],"score":726,"play_id":"318aa28e-630b-480a-a4be-e6a5c516e33a","local_time":"20210121222100","is_ascension_mode":true,"campfire_choices":[{"data":"Cloak And Dagger","floor":7.0,"key":"SMITH"},{"floor":15.0,"key":"REST"},{"floor":24.0,"key":"REST"},{"floor":29.0,"key":"REST"},{"floor":32.0,"key":"REST"}],"circlet_count":0,"master_deck":["AscendersBane","Strike_G+1","Strike_G+1","Strike_G+1","Strike_G+1","Strike_G+1","Defend_G+1","Defend_G+1","Defend_G+1","Survivor","Neutralize","Skewer","Dagger Throw","Cloak And Dagger+1","Bouncing Flask","Cloak And Dagger","Dagger Throw","Burst","Backstab","Backflip","Corpse Explosion","Dagger Spray+1","Shame","Blade Dance","Dash+1","Envenom","Footwork","Writhe","Poisoned Stab"],"relics":["Ring of the Snake","NeowsBlessing","Bronze Scales","Toy Ornithopter","StrikeDummy","Cursed Key","Gremlin Horn","Red Mask","Whetstone","Matryoshka","Pear","Mercury Hourglass","Ancient Tea Set"],"acts_visited":["Exordium","TheCity"],"potions_floor_usage":[33],"damage_taken":[{"damage":0.0,"enemies":"Small Slimes","floor":1.0,"turns":1.0},{"damage":0.0,"enemies":"Cultist","floor":2.0,"turns":1.0},{"damage":0.0,"enemies":"Jaw Worm","floor":4.0,"turns":1.0},{"damage":24.0,"enemies":"Lagavulin","floor":6.0,"turns":7.0},{"damage":0.0,"enemies":"Blue Slaver","floor":8.0,"turns":3.0},{"damage":1.0,"enemies":"2 Fungi Beasts","floor":10.0,"turns":4.0},{"damage":11.0,"enemies":"Large Slime","floor":11.0,"turns":4.0},{"damage":24.0,"enemies":"3 Sentries","floor":14.0,"turns":11.0},{"damage":21.0,"enemies":"The Guardian","floor":16.0,"turns":12.0},{"damage":11.0,"enemies":"2 Thieves","floor":18.0,"turns":5.0},{"damage":10.0,"enemies":"Masked Bandits","floor":21.0,"turns":5.0},{"damage":10.0,"enemies":"Shell Parasite","floor":22.0,"turns":3.0},{"damage":0.0,"enemies":"Gremlin Leader","floor":23.0,"turns":6.0},{"damage":25.0,"enemies":"Book of Stabbing","floor":25.0,"turns":5.0},{"damage":27.0,"enemies":"Shelled Parasite and Fungi","floor":27.0,"turns":4.0},{"damage":0.0,"enemies":"Gremlin Leader","floor":30.0,"turns":5.0},{"damage":97,"enemies":"Collector","floor":33,"turns":7}],"seed_played":"4806829747407153504","potions_obtained":[{"floor":1.0,"key":"PowerPotion"},{"floor":4.0,"key":"Explosive Potion"},{"floor":8.0,"key":"Weak Potion"},{"floor":11.0,"key":"FearPotion"},{"floor":16.0,"key":"Weak Potion"},{"floor":18.0,"key":"SpeedPotion"},{"floor":21.0,"key":"Explosive Potion"},{"floor":30.0,"key":"BlessingOfTheForge"}],"is_trial":false,"path_per_floor":["M","M","?","M","$","E","R","M","T","M","M","$","$","E","R","B",null,"M","?","T","?","M","E","R","E","T","M","?","R","E","?","R","B"],"character_chosen":"THE_SILENT","items_purchased":["Bouncing Flask","Cloak And Dagger"],"campfire_rested":4,"item_purchase_floors":[5,5],"current_hp_per_floor":[59,59,66,66,66,42,42,42,42,41,35,35,35,16,35,19,54,43,43,43,38,33,33,52,27,37,10,10,32,32,32,54,0,0],"gold":223,"neow_bonus":"THREE_ENEMY_KILL","is_daily":false,"chose_seed":false,"campfire_upgraded":1,"win_rate":0.0,"timestamp":1611285660,"path_taken":["M","M","?","?","$","E","R","M","T","?","M","?","$","E","R","BOSS","M","?","?","?","M","E","R","E","T","?","?","R","E","?","R","BOSS"],"items_purchased_type":["Card","Card"],"build_version":"2020-12-18","purchased_purges":1,"victory":false,"max_hp_per_floor":[66,66,66,66,66,66,66,66,66,66,66,66,66,66,66,66,66,66,66,66,66,66,66,66,66,76,76,76,76,76,76,76,76,76],"relic_stats":{"Gremlin Horn":[16,16],"counters":[17,84],"Bronze Scales":[219],"Whetstone":["Dagger Spray","Dash"],"Cursed Key":2,"obtain_stats":[{"Pear":26,"NeowsBlessing":0,"Gremlin Horn":20,"Whetstone":23,"Cursed Key":17,"Ancient Tea Set":30,"Mercury Hourglass":26,"Matryoshka":25,"Bronze Scales":6,"Red Mask":21,"StrikeDummy":14,"Toy Ornithopter":9,"Ring of the Snake":0},{"Pear":14,"NeowsBlessing":0,"Gremlin Horn":10,"Whetstone":13,"Cursed Key":9,"Ancient Tea Set":16,"Mercury Hourglass":14,"Matryoshka":14,"Bronze Scales":4,"Red Mask":11,"StrikeDummy":8,"Toy Ornithopter":5,"Ring of the Snake":0},{"Pear":68,"NeowsBlessing":0,"Gremlin Horn":49,"Whetstone":63,"Cursed Key":44,"Ancient Tea Set":77,"Mercury Hourglass":68,"Matryoshka":68,"Bronze Scales":10,"Red Mask":54,"StrikeDummy":32,"Toy Ornithopter":13,"Ring of the Snake":0}],"Toy Ornithopter":30,"Ring of the Snake":[34],"Mercury Hourglass":[81]},"card_choices":[{"not_picked":["Setup","Infinite Blades"],"picked":"Skewer","floor":1.0},{"not_picked":["Well Laid Plans","Blur"],"picked":"Dagger Throw","floor":2.0},{"not_picked":["Bane","Flying Knee"],"picked":"Cloak And Dagger","floor":4.0},{"not_picked":["Deflect","Slice"],"picked":"Dagger Throw","floor":6.0},{"not_picked":["Dodge and Roll","Acrobatics"],"picked":"Burst","floor":8.0},{"not_picked":["Riddle With Holes","Underhanded Strike"],"picked":"Backstab","floor":10.0},{"not_picked":["Masterful Stab","Slice","Riddle With Holes"],"picked":"SKIP","floor":11.0},{"not_picked":["Flechettes","Outmaneuver"],"picked":"Backflip","floor":14.0},{"not_picked":["Glass Knife","Grand Finale"],"picked":"Corpse Explosion","floor":16.0},{"not_picked":["Leg Sweep","Prepared"],"picked":"Dagger Spray","floor":18.0},{"not_picked":["Bane","Expertise"],"picked":"Blade Dance","floor":21.0},{"not_picked":["Sucker Punch","Dagger Throw"],"picked":"Dash","floor":22.0},{"not_picked":["Underhanded Strike","Deadly Poison"],"picked":"Envenom","floor":23.0},{"not_picked":["PiercingWail","Sucker Punch"],"picked":"Footwork","floor":25.0},{"not_picked":["Sucker Punch","Flying Knee","Quick Slash"],"picked":"SKIP","floor":27.0},{"not_picked":["Deadly Poison","Flying Knee"],"picked":"Poisoned Stab","floor":30.0}],"player_experience":2007327,"relics_obtained":[{"floor":6.0,"key":"Bronze Scales"},{"floor":9.0,"key":"Toy Ornithopter"},{"floor":14.0,"key":"StrikeDummy"},{"floor":20.0,"key":"Gremlin Horn"},{"floor":21.0,"key":"Red Mask"},{"floor":23.0,"key":"Whetstone"},{"floor":25.0,"key":"Matryoshka"},{"floor":26.0,"key":"Pear"},{"floor":26.0,"key":"Mercury Hourglass"},{"floor":30.0,"key":"Ancient Tea Set"}],"event_choices":[{"damage_healed":7.0,"max_hp_gain":0.0,"max_hp_loss":0.0,"gold_gain":0.0,"event_name":"Wheel of Change","player_choice":"Full Heal","floor":3.0,"gold_loss":0.0,"damage_taken":0.0},{"damage_healed":0.0,"max_hp_gain":0.0,"max_hp_loss":0.0,"gold_gain":0.0,"event_name":"Back to Basics","player_choice":"Simplicity","floor":19.0,"gold_loss":0.0,"damage_taken":0.0,"cards_upgraded":["Strike_G","Strike_G","Strike_G","Strike_G","Strike_G","Defend_G","Defend_G","Defend_G","Defend_G"]},{"damage_healed":0.0,"max_hp_gain":0.0,"max_hp_loss":0.0,"gold_gain":0.0,"event_name":"Masked Bandits","player_choice":"Fought Bandits","floor":21.0,"gold_loss":0.0,"damage_taken":0.0},{"cards_removed":["Defend_G"],"damage_healed":0.0,"max_hp_gain":0.0,"max_hp_loss":0.0,"gold_gain":0.0,"event_name":"Beggar","player_choice":"Gave Gold","floor":28.0,"gold_loss":75.0,"damage_taken":0.0},{"damage_healed":0.0,"max_hp_gain":0.0,"max_hp_loss":0.0,"gold_gain":0.0,"event_name":"The Mausoleum","player_choice":"Ignored","floor":31.0,"gold_loss":0.0,"damage_taken":0.0}],"is_beta":true,"boss_relics":[{"not_picked":["Runic Dome","Ring of the Serpent"],"picked":"Cursed Key"}],"items_purged_floors":[12],"is_endless":false,"potions_floor_spawned":[1,4,8,11,16,18,21,30],"killed_by":"Collector","ascension_level":20}}