{"host":"zekcc3vicrep0och","time":1611352319,"event":{"mods":["AchievementEnabler","BaseMod","Colored Map","Colored Powertips","Displayed Cursed Tome","Highlight Path","Minty Spire (QoL Compilation)","Quick Restart","Relic Stats","StSLib","The Cursed"],"gold_per_floor":[118,136,136,148,16,16,42,60,106,106,141,141,151,179,179,256,256,268,268,287,287,287,287,287,287,287,305,317,327,327,353,353,353,353],"floor_reached":33,"language":"ENG","playtime":1367,"items_purged":["Strike_R"],"score":556,"play_id":"eb929632-e20c-4b67-8edc-2c84bbcfd31c","local_time":"20210123005159","is_ascension_mode":true,"campfire_choices":[{"data":"Bash","floor":6.0,"key":"SMITH"},{"data":"Blood for Blood","floor":10.0,"key":"SMITH"},{"data":"Twin Strike","floor":12.0,"key":"SMITH"},{"floor":15.0,"key":"REST"},{"floor":23.0,"key":"REST"},{"floor":25.0,"key":"REST"},{"floor":32.0,"key":"REST"}],"circlet_count":0,"master_deck":["AscendersBane","Strike_R","Strike_R","Defend_R","Defend_R","Defend_R","Defend_R","Bash+1","Headbutt","Twin Strike+1","Cleave","Blood for Blood+1","Disarm","Metallicize+1","Feed","Battle Trance","Disarm","Rage","Ghostly","Ghostly","Ghostly","Rage+1","Shrug It Off","Rampage"],"relics":["Burning Blood","Gambling Chip","CultistMask","Paper Frog","Akabeko","Potion Belt","Frozen Egg 2","Fusion Hammer","Nilry\u0027s Codex","Self Forming Clay","Bottled Lightning","Meat on the Bone"],"acts_visited":["TheCity"],"potions_floor_usage":[],"damage_taken":[{"damage":16.0,"enemies":"Jaw Worm","floor":1.0,"turns":6.0},{"damage":1.0,"enemies":"Cultist","floor":2.0,"turns":3.0},{"damage":7.0,"enemies":"Small Slimes","floor":4.0,"turns":3.0},{"damage":25.0,"enemies":"Lagavulin","floor":7.0,"turns":4.0},{"damage":7.0,"enemies":"Looter","floor":8.0,"turns":3.0},{"damage":8.0,"enemies":"Gremlin Nob","floor":11.0,"turns":3.0},{"damage":4.0,"enemies":"Lots of Slimes","floor":13.0,"turns":3.0},{"damage":21.0,"enemies":"Lagavulin","floor":14.0,"turns":5.0},{"damage":28.0,"enemies":"Hexaghost","floor":16.0,"turns":10.0},{"damage":17.0,"enemies":"Spheric Guardian","floor":18.0,"turns":5.0},{"damage":22.0,"enemies":"2 Thieves","floor":20.0,"turns":4.0},{"damage":7.0,"enemies":"Cultist and Chosen","floor":27.0,"turns":5.0},{"damage":2.0,"enemies":"Centurion and Healer","floor":28.0,"turns":7.0},{"damage":1.0,"enemies":"Shelled Parasite and Fungi","floor":29.0,"turns":4.0},{"damage":11.0,"enemies":"Book of Stabbing","floor":31.0,"turns":6.0},{"damage":41,"enemies":"Collector","floor":33,"turns":9}],"seed_played":"-6070516609587366356","potions_obtained":[{"floor":2.0,"key":"Strength Potion"},{"floor":7.0,"key":"Strength Potion"},{"floor":8.0,"key":"Ancient Potion"},{"floor":11.0,"key":"SkillPotion"},{"floor":14.0,"key":"Weak Potion"},{"floor":18.0,"key":"SneckoOil"},{"floor":20.0,"key":"BlessingOfTheForge"}],"is_trial":false,"path_per_floor":["M","M","?","M","$","R","E","M","T","R","E","R","M","E","R","B",null,"M","?","M","?","?","R","T","R","T","M","M","M","?","E","R","B"],"character_chosen":"IRONCLAD","items_purchased":["FearPotion"],"campfire_rested":4,"item_purchase_floors":[5],"current_hp_per_floor":[58,63,63,62,62,62,43,42,42,42,40,40,42,27,47,25,57,46,25,9,9,9,19,19,29,29,31,35,37,31,26,37,0,0],"gold":353,"neow_bonus":"ONE_RARE_RELIC","is_daily":false,"chose_seed":false,"campfire_upgraded":3,"win_rate":0.0,"timestamp":1611352319,"path_taken":["M","M","?","?","?","R","E","M","T","R","E","R","M","E","R","BOSS","M","?","M","?","?","R","?","R","T","M","?","M","?","E","R","BOSS"],"items_purchased_type":["Potion"],"build_version":"2020-12-22","purchased_purges":1,"victory":false,"max_hp_per_floor":[68,68,68,68,68,68,68,68,68,68,68,68,68,68,68,68,68,68,68,68,68,34,34,34,34,34,37,37,37,37,37,37,37,37],"relic_stats":{"counters":[16,80],"Self Forming Clay":[27],"Gambling Chip":[33],"obtain_stats":[{"Potion Belt":11,"Nilry\u0027s Codex":19,"Self Forming Clay":24,"Gambling Chip":0,"CultistMask":3,"Fusion Hammer":17,"Bottled Lightning":26,"Frozen Egg 2":14,"Burning Blood":0,"Akabeko":9,"Paper Frog":7,"Meat on the Bone":31},{"Potion Belt":6,"Nilry\u0027s Codex":10,"Self Forming Clay":11,"Gambling Chip":0,"CultistMask":2,"Fusion Hammer":9,"Bottled Lightning":11,"Frozen Egg 2":8,"Burning Blood":0,"Akabeko":5,"Paper Frog":4,"Meat on the Bone":15},{"Potion Belt":22,"Nilry\u0027s Codex":45,"Self Forming Clay":49,"Gambling Chip":0,"CultistMask":9,"Fusion Hammer":40,"Bottled Lightning":49,"Frozen Egg 2":30,"Burning Blood":0,"Akabeko":19,"Paper Frog":16,"Meat on the Bone":71}],"Burning Blood":87,"Meat on the Bone":0},"card_choices":[{"not_picked":["Twin Strike","Sword Boomerang"],"picked":"Headbutt","floor":1.0},{"not_picked":["Clash","Headbutt"],"picked":"Twin Strike","floor":2.0},{"not_picked":["Searing Blow","Exhume"],"picked":"Cleave","floor":4.0},{"not_picked":["Searing Blow","Havoc","Feel No Pain"],"picked":"SKIP","floor":7.0},{"not_picked":["Second Wind","Power Through"],"picked":"Blood for Blood","floor":8.0},{"not_picked":["Blood for Blood","Warcry","Infernal Blade"],"picked":"SKIP","floor":11.0},{"not_picked":["Body Slam","Rage"],"picked":"Disarm","floor":13.0},{"not_picked":["Cleave","Combust+1"],"picked":"Metallicize+1","floor":14.0},{"not_picked":["Reaper","Bludgeon"],"picked":"Feed","floor":16.0},{"not_picked":["Wild Strike","Pommel Strike"],"picked":"Battle Trance","floor":18.0},{"not_picked":["Reckless Charge","Searing Blow","Armaments"],"picked":"SKIP","floor":20.0},{"not_picked":["Dual Wield","Flex"],"picked":"Rage+1","floor":27.0},{"not_picked":["Cleave","Rampage"],"picked":"Shrug It Off","floor":28.0},{"not_picked":["Headbutt","Warcry"],"picked":"Rampage","floor":29.0},{"not_picked":["Burning Pact","Reckless Charge+1","Heavy Blade"],"picked":"SKIP","floor":31.0}],"player_experience":548525,"relics_obtained":[{"floor":7.0,"key":"Paper Frog"},{"floor":9.0,"key":"Akabeko"},{"floor":11.0,"key":"Potion Belt"},{"floor":14.0,"key":"Frozen Egg 2"},{"floor":24.0,"key":"Self Forming Clay"},{"floor":26.0,"key":"Bottled Lightning"},{"floor":31.0,"key":"Meat on the Bone"}],"event_choices":[{"damage_healed":0.0,"max_hp_gain":0.0,"max_hp_loss":0.0,"gold_gain":0.0,"event_name":"FaceTrader","player_choice":"Trade","floor":3.0,"gold_loss":0.0,"damage_taken":0.0,"relics_obtained":["CultistMask"]},{"damage_healed":0.0,"max_hp_gain":0.0,"max_hp_loss":0.0,"gold_gain":0.0,"event_name":"Cursed Tome","player_choice":"Obtained Book","floor":19.0,"gold_loss":0.0,"damage_taken":21.0},{"damage_healed":0.0,"max_hp_gain":0.0,"max_hp_loss":0.0,"gold_gain":0.0,"cards_transformed":["Strike_R","Strike_R"],"event_name":"Drug Dealer","player_choice":"Became Test Subject","floor":21.0,"gold_loss":0.0,"damage_taken":0.0,"cards_obtained":["Disarm","Rage"]},{"damage_healed":0.0,"max_hp_gain":0.0,"max_hp_loss":34.0,"gold_gain":0.0,"event_name":"Ghosts","player_choice":"Became a Ghost","floor":22.0,"gold_loss":0.0,"damage_taken":0.0,"cards_obtained":["Ghostly","Ghostly","Ghostly"]},{"damage_healed":0.0,"max_hp_gain":0.0,"max_hp_loss":0.0,"gold_gain":0.0,"event_name":"Knowing Skull","player_choice":"","floor":30.0,"potions_obtained":[],"gold_loss":0.0,"damage_taken":6.0,"cards_obtained":[]}],"is_beta":false,"boss_relics":[{"not_picked":["Runic Cube","Coffee Dripper"],"picked":"Fusion Hammer"}],"items_purged_floors":[5],"is_endless":false,"potions_floor_spawned":[2,7,8,11,14,18,20],"killed_by":"Collector","ascension_level":19}}