{"host":"sav7uxregyirlf69","time":1611318818,"event":{"mods":["AchievementEnabler","BaseMod","Colored Map","DeckTracker","Keyboard Shortcuts","Minty Spire (QoL Compilation)","READ ME - Guardian Mod","StSLib","SuperFastMode"],"gold_per_floor":[367,121,121,121,132,132,143,168,206,236,69,83,116,129,129,129,129],"floor_reached":16,"language":"KOR","playtime":270,"items_purged":["Normality","Strike_G"],"score":224,"play_id":"cdc8322c-d5c7-4fd8-94be-3a0088d6a820","local_time":"20210122213338","is_ascension_mode":true,"campfire_choices":[{"data":"Dash","floor":6,"key":"SMITH"},{"floor":15,"key":"REST"}],"circlet_count":0,"master_deck":["AscendersBane","Strike_G","Strike_G","Strike_G","Strike_G","Defend_G","Defend_G","Defend_G","Defend_G","Defend_G","Survivor","Neutralize","Blade Dance","Quick Slash","Dash+1","Dagger Spray","Terror","Predator","Footwork","Dagger Spray"],"relics":["Ring of the Snake","MawBank","Omamori","Bag of Marbles"],"acts_visited":["Exordium"],"potions_floor_usage":[8,13,16],"damage_taken":[{"damage":9,"enemies":"Jaw Worm","floor":1,"turns":7},{"damage":0,"enemies":"Small Slimes","floor":5,"turns":4},{"damage":4,"enemies":"Cultist","floor":7,"turns":3},{"damage":17,"enemies":"Lagavulin","floor":8,"turns":6},{"damage":0,"enemies":"Large Slime","floor":10,"turns":6},{"damage":5,"enemies":"3 Louse","floor":12,"turns":3},{"damage":9,"enemies":"Gremlin Nob","floor":13,"turns":4},{"damage":4,"enemies":"Exordium Thugs","floor":14,"turns":4},{"damage":32,"enemies":"Slime Boss","floor":16,"turns":6}],"seed_played":"-4108911170381404521","potions_obtained":[{"floor":4,"key":"AttackPotion"},{"floor":7,"key":"CultistPotion"},{"floor":10,"key":"GhostInAJar"},{"floor":13,"key":"Poison Potion"},{"floor":14,"key":"Dexterity Potion"}],"is_trial":false,"path_per_floor":["M","$","?","?","M","R","M","E","T","M","$","M","E","M","R","B"],"character_chosen":"THE_SILENT","items_purchased":["Quick Slash","Explosive Potion","Dash","Footwork"],"campfire_rested":1,"item_purchase_floors":[2,2,2,11],"current_hp_per_floor":[50,50,50,50,50,50,46,29,29,29,29,24,15,11,30,0,0],"gold":129,"neow_bonus":"TWO_FIFTY_GOLD","is_daily":false,"chose_seed":false,"campfire_upgraded":1,"win_rate":0.0,"timestamp":1611318818,"path_taken":["M","$","?","?","M","R","M","E","T","M","$","M","E","M","R","BOSS"],"items_purchased_type":["Card","Potion","Card","Card"],"build_version":"2020-12-22","purchased_purges":2,"victory":false,"max_hp_per_floor":[66,66,66,66,66,66,66,66,66,66,66,66,66,66,66,66,66],"card_choices":[{"not_picked":["Prepared","Caltrops"],"picked":"Blade Dance","floor":1},{"not_picked":["PiercingWail","Prepared"],"picked":"Dagger Spray","floor":5},{"not_picked":["Dagger Spray","Setup"],"picked":"Terror","floor":7},{"not_picked":["Bullet Time","Prepared"],"picked":"Predator","floor":8},{"not_picked":["Poisoned Stab","Dagger Throw","Backflip"],"picked":"SKIP","floor":10},{"not_picked":["Underhanded Strike","Quick Slash","Choke"],"picked":"SKIP","floor":12},{"not_picked":["Predator","Catalyst"],"picked":"Dagger Spray","floor":13},{"not_picked":["Outmaneuver","Poisoned Stab","Bane"],"picked":"SKIP","floor":14}],"player_experience":1354762,"relics_obtained":[{"floor":8,"key":"MawBank"},{"floor":9,"key":"Omamori"},{"floor":13,"key":"Bag of Marbles"}],"event_choices":[{"damage_healed":0,"gold_gain":0,"player_choice":"Ignored","damage_taken":0,"max_hp_gain":0,"max_hp_loss":0,"event_name":"Liars Game","floor":3,"gold_loss":0},{"damage_healed":0,"gold_gain":0,"player_choice":"Got Potions","damage_taken":0,"max_hp_gain":0,"max_hp_loss":0,"event_name":"Lab","floor":4,"gold_loss":0}],"is_beta":false,"boss_relics":[],"items_purged_floors":[2,11],"is_endless":false,"potions_floor_spawned":[7,10,13,14],"killed_by":"Slime Boss","ascension_level":20}}