{"host":"kiczkwpc36uxnkg8","time":1611344412,"event":{"mods":["AchievementEnabler","Act Like it!","Aspiration","BaseMod","Better Note","Colored Powertips","Conspire","Defective Defect","Energized Spire","GifTheSpireLib","GungeonMod","Hermit","Hubris","Infinite Spire","Koishi","Marisa????????","Minty Spire (QoL Compilation)","Pale of the Ancients","Permanent Neow","Quick Restart","Relic Filter","Remilia??????","Replay The Spire","Spicy Shops","StSLib","Stuff the Spire","The Animator","The Bug Knight","The Kombatant","Uncapped","Wandering Minibosses"],"gold_per_floor":[118,43,43,43,92,118,118,150,150,179,179,214,214,214,214,318,318,333,248,0,0,180,180,195,230,309,309,326,326,344,360,360,456,456,473,489,264,281,381,381,406,406,429,462,462,475,494,71,71,71,71],"floor_reached":50,"language":"ENG","playtime":1994,"items_purged":["Strike_P","PathToVictory","Defend_P","Defend_P"],"score":884,"play_id":"efc9f473-92af-4ad5-80a4-6e1e0fdfd206","local_time":"20210122194012","is_ascension_mode":true,"campfire_choices":[{"data":"Wallop","floor":7,"key":"SMITH"},{"floor":11,"key":"REST"},{"data":"SashWhip","floor":13,"key":"SMITH"},{"floor":15,"key":"DIG"},{"data":"CrushJoints","floor":23,"key":"SMITH"},{"data":"FlurryOfBlows","floor":27,"key":"SMITH"},{"data":"Protect","floor":29,"key":"SMITH"},{"data":"MilkyWay","floor":32,"key":"SMITH"},{"data":"Fasting2","floor":40,"key":"SMITH"},{"data":"NonDirectionalLaser","floor":42,"key":"SMITH"},{"data":"ReachHeaven","floor":45,"key":"SMITH"},{"floor":49,"key":"REST"}],"circlet_count":0,"master_deck":["Strike_P","Strike_P","Strike_P","Defend_P","Defend_P","Eruption+1","Vigilance+1","Wallop+1","SashWhip+1","CrushJoints+1","Collect","Replay:AllIn","Protect+1","Clumsy","UnstableBomb+1","Swivel+1","FlurryOfBlows+1","MilkyWay+1","GalacticHalo+1","DevaForm","NonDirectionalLaser+1","ShootTheMoon+1","Fasting2+1","OortCloud+1","ReachHeaven+1","MysteriousBeam+1","MysteriousBeam+1"],"relics":["Replay:Bronze Core","Blood Vial","Akabeko","ReplayTheSpireMod:Lightbulb","Pet Ghost","DemoMod:WhiteGuonStone","Mirror","DemoMod:PinkGuonStone","aspiration:MarisaSkillbook","HollowMod:PaleOreRelic","hubris:Spice","Replay:Baseball","infinitespire:Bottled Soul","DemoMod:MemoryAlloy","aspiration:PoetsPen_weak","PreservedInsect","DemoMod:PoisonVial","Oddly Smooth Stone","infinitespire:FocusingShard","Pen Nib"],"acts_visited":["Exordium","TheCity","TheBeyond"],"potions_floor_usage":[16,18,25,33,41,44,50],"damage_taken":[{"damage":0,"enemies":"2 Louse","floor":1,"turns":2},{"damage":10,"enemies":"Replay:BlueRogue","floor":6,"turns":10},{"damage":25,"enemies":"3 Sentries","floor":8,"turns":5},{"damage":11,"enemies":"Lagavulin","floor":10,"turns":4},{"damage":0,"enemies":"Gremlin Nob","floor":12,"turns":2},{"damage":8,"enemies":"Hexaghost","floor":16,"turns":9},{"damage":3,"enemies":"2 Thieves","floor":18,"turns":2},{"damage":0,"enemies":"Spheric Guardian","floor":24,"turns":1},{"damage":0,"enemies":"Replay:Snechameleon","floor":25,"turns":1},{"damage":37,"enemies":"Snake Plant","floor":28,"turns":2},{"damage":10,"enemies":"Chosen and Byrds","floor":30,"turns":4},{"damage":0,"enemies":"Shelled Parasite and Fungi","floor":31,"turns":2},{"damage":16,"enemies":"conspire:MysteriousRune","floor":33,"turns":3},{"damage":33,"enemies":"3 Darklings","floor":35,"turns":3},{"damage":9,"enemies":"Orb Walker","floor":36,"turns":3},{"damage":4,"enemies":"Jaw Worm Horde","floor":38,"turns":3},{"damage":0,"enemies":"Reptomancer","floor":41,"turns":2},{"damage":0,"enemies":"HollowMod:StalkingDevout","floor":44,"turns":2},{"damage":0,"enemies":"3 Darklings","floor":46,"turns":3},{"damage":7,"enemies":"Spire Growth","floor":47,"turns":4},{"damage":77,"enemies":"conspire:OrnateMirror","floor":50,"turns":3}],"seed_played":"311511968645677973","potions_obtained":[{"floor":10,"key":"SteroidPotion"},{"floor":12,"key":"Strength Potion"},{"floor":16,"key":"Weak Potion"},{"floor":18,"key":"Energy Potion"},{"floor":28,"key":"BottledMiracle"},{"floor":33,"key":"Block Potion"},{"floor":41,"key":"ColorlessPotion"},{"floor":44,"key":"Fire Potion"}],"is_trial":false,"path_per_floor":["M","$","?","?","T","E","R","E","T","E","R","E","R","?","R","B",null,"M","?","$","?","?","R","M","E","T","R","M","R","M","M","R","B",null,"M","M","$","M","?","R","E","R","T","E","R","M","M","$","R","B"],"character_chosen":"WATCHER","items_purchased":["hubris:Spice","Replay:Baseball","UnstableBomb+1","infinitespire:FocusingShard","Pen Nib"],"campfire_rested":2,"item_purchase_floors":[20,20,20,48,48],"current_hp_per_floor":[72,72,77,77,77,67,67,44,44,35,58,60,60,60,67,61,78,77,77,85,85,66,66,68,70,70,70,72,72,64,66,66,52,82,51,44,44,42,42,42,44,44,44,46,46,48,43,43,70,0,0],"gold":71,"neow_bonus":"BOSS_RELIC","is_daily":false,"chose_seed":false,"campfire_upgraded":9,"win_rate":0.0,"timestamp":1611344412,"path_taken":["M","$","?","?","?","E","R","E","T","E","R","E","R","?","R","BOSS","M","?","$","?","?","R","M","E","T","R","M","R","?","M","R","BOSS","M","?","$","M","?","R","E","R","T","E","R","M","M","?","R","BOSS"],"items_purchased_type":["Relic","Relic","Card","Relic","Relic"],"build_version":"2020-12-22","purchased_purges":4,"victory":false,"max_hp_per_floor":[72,72,77,77,77,77,77,77,77,77,77,77,77,77,84,84,84,84,84,92,92,92,92,92,92,92,92,92,92,92,92,92,92,92,92,92,92,92,92,92,92,92,92,92,92,92,92,92,92,92,92],"card_choices":[{"not_picked":["Indignation","BowlingBash"],"picked":"Wallop","floor":1},{"not_picked":["Replay:BluntJabs","Replay:Battleflow"],"picked":"SashWhip","floor":6},{"not_picked":["PathToVictory","EmptyFist"],"picked":"CrushJoints","floor":8},{"not_picked":["CutThroughFate","Evaluate"],"picked":"Collect","floor":10},{"not_picked":["BowlingBash","EmptyMind"],"picked":"PathToVictory","floor":12},{"not_picked":["Brilliance","Vault"],"picked":"Replay:AllIn","floor":16},{"not_picked":["CutThroughFate","WitchOfGreed","FairyDestructionRay"],"picked":"Protect","floor":18},{"not_picked":["ShootingEcho","Tantrum","EmptyBody"],"picked":"Swivel+1","floor":24},{"not_picked":["ThirdEye","EventHorizon","LikeWater"],"picked":"FlurryOfBlows","floor":25},{"not_picked":["WitchOfGreed","SporeBomb","GasGiant","WreathOfFlame+1"],"picked":"SKIP","floor":28},{"not_picked":["RefractionSpark+1","FlyingSleeves","GalacticHalo"],"picked":"MilkyWay","floor":30},{"not_picked":["DoubleSpark","Replay:ManipulateFuture","DragonMeteor"],"picked":"GalacticHalo+1","floor":31},{"not_picked":["CasketOfStar","BigCrunch","Brilliance"],"picked":"DevaForm","floor":33},{"not_picked":["CarveReality+1","OortCloud","GrandCross+1"],"picked":"NonDirectionalLaser","floor":35},{"not_picked":["MentalFortress","ThirdEye+1","Consecrate"],"picked":"ShootTheMoon+1","floor":36},{"not_picked":["Singularity","SashWhip","PowerUp"],"picked":"Fasting2","floor":38},{"not_picked":["DeusExMachina","Replay:BluntJabs","EmptyFist"],"picked":"OortCloud+1","floor":41},{"not_picked":["FollowUp","MilkyWay","DeepEcoloBomb+1"],"picked":"ReachHeaven","floor":44},{"not_picked":["InnerPeace+1","SashWhip","Conclude+1"],"picked":"MysteriousBeam+1","floor":46},{"not_picked":["Prostrate+1","SuperPerseids","ClearTheMind"],"picked":"MysteriousBeam+1","floor":47}],"player_experience":778433,"relics_obtained":[{"floor":5,"key":"Blood Vial"},{"floor":6,"key":"Akabeko"},{"floor":8,"key":"ReplayTheSpireMod:Lightbulb"},{"floor":9,"key":"Pet Ghost"},{"floor":10,"key":"DemoMod:WhiteGuonStone"},{"floor":12,"key":"Mirror"},{"floor":15,"key":"DemoMod:PinkGuonStone"},{"floor":25,"key":"infinitespire:Bottled Soul"},{"floor":26,"key":"DemoMod:MemoryAlloy"},{"floor":41,"key":"PreservedInsect"},{"floor":43,"key":"DemoMod:PoisonVial"},{"floor":44,"key":"Oddly Smooth Stone"}],"event_choices":[{"damage_healed":0,"gold_gain":0,"player_choice":"Donut","damage_taken":0,"max_hp_gain":5,"max_hp_loss":0,"event_name":"Big Fish","floor":3,"gold_loss":0},{"damage_healed":0,"gold_gain":0,"player_choice":"Obtained Relic","damage_taken":0,"relics_obtained":["HollowMod:PaleOreRelic"],"max_hp_gain":0,"max_hp_loss":0,"event_name":"Addict","floor":19,"gold_loss":85},{"damage_healed":0,"gold_gain":180,"player_choice":"GOLD GOLD ","damage_taken":19,"max_hp_gain":0,"max_hp_loss":0,"event_name":"Knowing Skull","floor":22,"potions_obtained":[],"gold_loss":0,"cards_obtained":[]},{"damage_healed":0,"gold_gain":100,"player_choice":"Pray","damage_taken":0,"max_hp_gain":0,"max_hp_loss":0,"event_name":"Golden Shrine","floor":39,"gold_loss":0}],"is_beta":false,"boss_relics":[{"not_picked":["conspire:SpecialSausage","VioletLotus"],"picked":"aspiration:MarisaSkillbook"},{"not_picked":["hubris:Spice","hubris:Spice"],"picked":"aspiration:PoetsPen_weak"}],"items_purged_floors":[2,37,37,48],"is_endless":false,"potions_floor_spawned":[10,12,16,18,28,30,31,33,41,44],"killed_by":"conspire:OrnateMirror","ascension_level":5}}