{"host":"981nlwu0905dw1bz","time":1611342214,"event":{"mods":["AchievementEnabler","BaseMod","DeckTracker","Minty Spire (QoL Compilation)","Rare Cards Sparkle","SuperFastMode"],"gold_per_floor":[111,111,111,124,124,124,49,79,102,102,102],"floor_reached":10,"language":"KOR","playtime":102,"items_purged":["Regret"],"score":142,"play_id":"88cc1d0a-47b6-422e-ab48-4aa65a7455d8","local_time":"20210123040334","is_ascension_mode":true,"campfire_choices":[{"data":"Neutralize","floor":6.0,"key":"SMITH"}],"circlet_count":0,"master_deck":["AscendersBane","Strike_G","Strike_G","Strike_G","Strike_G","Strike_G","Defend_G","Defend_G","Defend_G","Defend_G+1","Defend_G","Survivor","Neutralize+1","Deflect+1"],"relics":["Ring of the Snake","NeowsBlessing","FossilizedHelix","Dream Catcher","War Paint"],"acts_visited":[],"potions_floor_usage":[10],"damage_taken":[{"damage":0.0,"enemies":"Jaw Worm","floor":1.0,"turns":1.0},{"damage":0.0,"enemies":"2 Louse","floor":4.0,"turns":1.0},{"damage":0.0,"enemies":"Gremlin Nob","floor":8.0,"turns":1.0},{"damage":0,"enemies":"Lagavulin","floor":10,"turns":1}],"seed_played":"7899045315406127095","potions_obtained":[{"floor":1.0,"key":"SneckoOil"}],"is_trial":false,"path_per_floor":["M","?","?","M","?","R","$","E","T","E"],"character_chosen":"THE_SILENT","items_purchased":[],"campfire_rested":0,"item_purchase_floors":[],"current_hp_per_floor":[63,63,63,63,63,63,63,63,63,63,63],"gold":102,"neow_bonus":"THREE_ENEMY_KILL","is_daily":false,"chose_seed":false,"campfire_upgraded":1,"win_rate":0.0,"timestamp":1611342214,"path_taken":["M","?","?","M","?","R","$","E","T","E"],"items_purchased_type":[],"build_version":"2020-12-22","purchased_purges":1,"victory":false,"max_hp_per_floor":[70,70,70,70,70,70,70,70,70,70,70],"card_choices":[{"not_picked":["Concentrate","Flying Knee","Infinite Blades"],"picked":"SKIP","floor":1.0},{"not_picked":["Flying Knee","Bane","Footwork"],"picked":"SKIP","floor":4.0},{"not_picked":["Sucker Punch","Distraction"],"picked":"Deflect","floor":8.0}],"player_experience":555365,"relics_obtained":[{"floor":8.0,"key":"Dream Catcher"},{"floor":9.0,"key":"War Paint"}],"event_choices":[{"damage_healed":0.0,"max_hp_gain":0.0,"max_hp_loss":0.0,"gold_gain":0.0,"event_name":"Shining Light","player_choice":"Ignored","floor":2.0,"gold_loss":0.0,"damage_taken":0.0},{"damage_healed":0.0,"max_hp_gain":0.0,"max_hp_loss":0.0,"gold_gain":0.0,"event_name":"Big Fish","player_choice":"Box","floor":3.0,"gold_loss":0.0,"damage_taken":0.0,"relics_obtained":["FossilizedHelix"],"cards_obtained":["Regret"]},{"damage_healed":0.0,"max_hp_gain":0.0,"max_hp_loss":0.0,"gold_gain":0.0,"event_name":"Golden Idol","player_choice":"Ignored","floor":5.0,"gold_loss":0.0,"damage_taken":0.0}],"is_beta":false,"boss_relics":[],"items_purged_floors":[7],"is_endless":false,"potions_floor_spawned":[1],"killed_by":"Lagavulin","ascension_level":12}}