{"host":"n7qae4nmj9vc7syj","time":1611277133,"event":{"mods":["Act Like it!","BaseMod","Better Third Choice","BetterRewards","Colored Map","Colored Powertips","Custom Start","Googly Eyes","Highlight Path","Minty Spire (QoL Compilation)","Quick Restart","StSLib","SuperFastMode","Transform Curses"],"gold_per_floor":[109,109,123,123,27,59,123,123,123,173,278,303,50,64,64,164,164,184,199,174,224,274,304,366,416,463,473,491,541,6,74,74,175,175,192,88,138,154,254,254,286,315,315,365,365,55,82,152,152,152],"floor_reached":51,"language":"ENG","playtime":2562,"items_purged":["Pain","Strike_P"],"score":1203,"play_id":"67841f80-175d-4c08-9fe8-121c0b948f39","local_time":"20210121225853","is_ascension_mode":true,"campfire_choices":[{"data":"Eruption","floor":8.0,"key":"SMITH"},{"floor":15.0,"key":"REST"},{"floor":32.0,"key":"REST"},{"floor":40.0,"key":"REST"},{"data":"Ragnarok","floor":45.0,"key":"SMITH"},{"data":"Fasting2","floor":49.0,"key":"SMITH"}],"circlet_count":0,"master_deck":["Strike_P","Strike_P","Defend_P","Defend_P","Defend_P","Eruption+1","Vigilance","ClearTheMind","Indignation","Adaptation","ReachHeaven","SashWhip","MasterReality","CrushJoints","DevaForm","CutThroughFate+1","WindmillStrike+1","Necronomicurse","Vault","Fasting2+1","Tantrum","JustLucky","Omniscience","DeusExMachina","Meditate+1","Omniscience","Ragnarok+1","Omniscience"],"relics":["PureWater","NeowsBlessing","WarpedTongs","SsserpentHead","Ornamental Fan","Torii","Bronze Scales","Regal Pillow","HornCleat","Philosopher\u0027s Stone","Necronomicon","InkBottle","betterThird:NestCultRelic","Toy Ornithopter","Blood Vial","SacredBark","DollysMirror","WingedGreaves","PreservedInsect","TungstenRod","Sundial","Gambling Chip","Mercury Hourglass"],"acts_visited":["Exordium","TheCity","TheBeyond"],"potions_floor_usage":[],"damage_taken":[{"damage":0.0,"enemies":"Small Slimes","floor":1.0,"turns":2.0},{"damage":0.0,"enemies":"Cultist","floor":3.0,"turns":1.0},{"damage":0.0,"enemies":"Lagavulin","floor":6.0,"turns":1.0},{"damage":7.0,"enemies":"Jaw Worm","floor":7.0,"turns":3.0},{"damage":34.0,"enemies":"Gremlin Nob","floor":11.0,"turns":4.0},{"damage":11.0,"enemies":"3 Sentries","floor":12.0,"turns":5.0},{"damage":1.0,"enemies":"Looter","floor":14.0,"turns":2.0},{"damage":8.0,"enemies":"Hexaghost","floor":16.0,"turns":8.0},{"damage":8.0,"enemies":"2 Thieves","floor":18.0,"turns":4.0},{"damage":2.0,"enemies":"Shell Parasite","floor":19.0,"turns":4.0},{"damage":40.0,"enemies":"Slavers","floor":23.0,"turns":5.0},{"damage":0.0,"enemies":"Sentry and Sphere","floor":24.0,"turns":4.0},{"damage":16.0,"enemies":"3 Cultists","floor":27.0,"turns":5.0},{"damage":1.0,"enemies":"Centurion and Healer","floor":28.0,"turns":4.0},{"damage":0.0,"enemies":"Snecko","floor":31.0,"turns":3.0},{"damage":17.0,"enemies":"Automaton","floor":33.0,"turns":6.0},{"damage":40.0,"enemies":"3 Shapes","floor":35.0,"turns":3.0},{"damage":13.0,"enemies":"3 Darklings","floor":38.0,"turns":4.0},{"damage":16.0,"enemies":"Mind Bloom Boss Battle","floor":39.0,"turns":7.0},{"damage":24.0,"enemies":"Nemesis","floor":41.0,"turns":3.0},{"damage":22.0,"enemies":"Giant Head","floor":42.0,"turns":5.0},{"damage":0.0,"enemies":"Reptomancer","floor":47.0,"turns":3.0},{"damage":19.0,"enemies":"Writhing Mass","floor":48.0,"turns":4.0},{"damage":37,"enemies":"Time Eater","floor":50,"turns":5}],"seed_played":"878403939841522152","potions_obtained":[{"floor":1.0,"key":"Regen Potion"},{"floor":14.0,"key":"DistilledChaos"},{"floor":24.0,"key":"SmokeBomb"},{"floor":28.0,"key":"EntropicBrew"},{"floor":31.0,"key":"LiquidMemories"},{"floor":42.0,"key":"BlessingOfTheForge"},{"floor":48.0,"key":"PowerPotion"}],"is_trial":false,"path_per_floor":["M","?","M","?","$","E","M","R","T","?","?","E","$","M","R","B",null,"M","M","?","?","?","E","M","?","T","M","M","?","$","M","R","B",null,"M","$","?","M","?","R","E","E","T","?","R","$","E","M","R","B",null],"character_chosen":"WATCHER","items_purchased":["Adaptation","CrushJoints","HornCleat","Toy Ornithopter","DuplicationPotion","Energy Potion","Blood Vial","DollysMirror","Gambling Chip"],"campfire_rested":3,"item_purchase_floors":[5,13,13,30,30,30,30,36,46],"current_hp_per_floor":[65,65,65,65,65,65,58,58,58,51,17,18,18,17,53,45,65,57,55,55,39,63,23,23,23,23,7,6,6,6,13,49,34,63,30,30,30,24,15,51,29,14,14,63,63,63,63,44,44,9],"gold":152,"neow_bonus":"THREE_ENEMY_KILL","is_daily":false,"chose_seed":false,"campfire_upgraded":3,"win_rate":0.0,"timestamp":1611277133,"path_taken":["M","?","?","?","?","E","?","R","T","?","?","E","?","M","R","BOSS","M","M","?","?","?","E","?","?","T","M","M","?","$","?","R","BOSS","M","?","?","M","?","R","E","E","T","?","R","$","E","?","R","BOSS"],"items_purchased_type":["Card","Card","Relic","Relic","Potion","Potion","Relic","Relic","Relic"],"build_version":"2020-12-22","purchased_purges":2,"victory":true,"max_hp_per_floor":[72,72,72,72,72,72,72,72,72,72,72,72,72,72,72,72,72,72,72,72,72,72,72,72,72,72,72,72,72,72,72,72,72,72,72,72,72,72,72,72,72,72,72,63,63,63,63,63,63,63],"card_choices":[{"not_picked":["Study","EmptyFist"],"picked":"ClearTheMind","floor":1.0},{"not_picked":["CrushJoints","JustLucky"],"picked":"Indignation","floor":3.0},{"not_picked":["Consecrate","Crescendo"],"picked":"ReachHeaven","floor":6.0},{"not_picked":["Crescendo","WaveOfTheHand"],"picked":"SashWhip","floor":7.0},{"not_picked":["Crescendo","ThirdEye"],"picked":"MasterReality","floor":12.0},{"not_picked":["Halt","FollowUp"],"picked":"DeceiveReality","floor":14.0},{"not_picked":["Vault","ConjureBlade"],"picked":"DevaForm","floor":16.0},{"not_picked":["CrushJoints+1","Evaluate"],"picked":"CutThroughFate+1","floor":18.0},{"not_picked":["Halt+1","Protect+1"],"picked":"WindmillStrike+1","floor":19.0},{"not_picked":["Prostrate+1","Wireheading+1"],"picked":"Vault","floor":23.0},{"not_picked":["InnerPeace+1","Consecrate"],"picked":"Fasting2","floor":24.0},{"not_picked":["ClearTheMind","Consecrate","BowlingBash"],"picked":"SKIP","floor":27.0},{"not_picked":["Protect","Swivel","ClearTheMind"],"picked":"SKIP","floor":28.0},{"not_picked":["JustLucky","ClearTheMind+1"],"picked":"Omniscience","floor":31.0},{"not_picked":["Vault","Devotion"],"picked":"DeusExMachina","floor":33.0},{"not_picked":["FlyingSleeves+1","Halt+1"],"picked":"Meditate+1","floor":35.0},{"not_picked":["InnerPeace+1","FlurryOfBlows","SashWhip"],"picked":"SKIP","floor":38.0},{"not_picked":["InnerPeace+1","FlurryOfBlows","SashWhip"],"picked":"SKIP","floor":38.0},{"not_picked":["Wireheading+1","Meditate+1"],"picked":"Ragnarok","floor":41.0},{"not_picked":["Crescendo","CrushJoints","JustLucky+1"],"picked":"SKIP","floor":42.0},{"not_picked":["SandsOfTime","Consecrate","Prostrate"],"picked":"SKIP","floor":47.0},{"not_picked":["EmptyBody","FlyingSleeves+1"],"picked":"Omniscience","floor":48.0}],"player_experience":184838,"relics_obtained":[{"floor":6.0,"key":"Ornamental Fan"},{"floor":9.0,"key":"Torii"},{"floor":12.0,"key":"Regal Pillow"},{"floor":21.0,"key":"Necronomicon"},{"floor":23.0,"key":"InkBottle"},{"floor":39.0,"key":"WingedGreaves"},{"floor":41.0,"key":"PreservedInsect"},{"floor":42.0,"key":"TungstenRod"},{"floor":43.0,"key":"Sundial"},{"floor":47.0,"key":"Mercury Hourglass"}],"event_choices":[{"damage_healed":0.0,"max_hp_gain":0.0,"max_hp_loss":0.0,"gold_gain":0.0,"event_name":"Accursed Blacksmith","player_choice":"Rummage","floor":2.0,"gold_loss":0.0,"damage_taken":0.0,"relics_obtained":["WarpedTongs"],"cards_obtained":["Pain"]},{"damage_healed":0.0,"max_hp_gain":0.0,"max_hp_loss":0.0,"gold_gain":0.0,"event_name":"FaceTrader","player_choice":"Trade","floor":4.0,"gold_loss":0.0,"damage_taken":0.0,"relics_obtained":["SsserpentHead"]},{"cards_removed":["Strike_P"],"damage_healed":0.0,"max_hp_gain":0.0,"max_hp_loss":0.0,"gold_gain":0.0,"event_name":"Golden Wing","player_choice":"Card Removal","floor":10.0,"gold_loss":0.0,"damage_taken":7.0},{"damage_healed":0.0,"max_hp_gain":0.0,"max_hp_loss":0.0,"gold_gain":0.0,"event_name":"Dead Adventurer","player_choice":"Searched \u00272\u0027 times","floor":11.0,"gold_loss":0.0,"damage_taken":0.0,"relics_obtained":["Bronze Scales"]},{"cards_removed":["Defend_P"],"damage_healed":0.0,"max_hp_gain":0.0,"max_hp_loss":0.0,"gold_gain":0.0,"event_name":"Beggar","player_choice":"Gave Gold","floor":20.0,"gold_loss":75.0,"damage_taken":0.0},{"damage_healed":0.0,"max_hp_gain":0.0,"max_hp_loss":0.0,"gold_gain":0.0,"event_name":"Cursed Tome","player_choice":"Obtained Book","floor":21.0,"gold_loss":0.0,"damage_taken":16.0},{"damage_healed":24.0,"max_hp_gain":0.0,"max_hp_loss":0.0,"gold_gain":0.0,"event_name":"The Library","player_choice":"Heal","floor":22.0,"gold_loss":0.0,"damage_taken":0.0},{"damage_healed":0.0,"max_hp_gain":0.0,"max_hp_loss":0.0,"gold_gain":0.0,"event_name":"betterThird:BetterNest","player_choice":"Madness","floor":25.0,"gold_loss":0.0,"damage_taken":0.0,"relics_obtained":["betterThird:NestCultRelic"]},{"damage_healed":0.0,"max_hp_gain":0.0,"max_hp_loss":0.0,"gold_gain":0.0,"event_name":"Match and Keep!","player_choice":"2 cards matched","floor":29.0,"gold_loss":0.0,"damage_taken":0.0,"cards_obtained":["Tantrum","JustLucky"]},{"cards_removed":["DeceiveReality"],"damage_healed":0.0,"max_hp_gain":0.0,"max_hp_loss":0.0,"gold_gain":0.0,"event_name":"Falling","player_choice":"Removed Skill","floor":37.0,"gold_loss":0.0,"damage_taken":0.0},{"damage_healed":0.0,"max_hp_gain":0.0,"max_hp_loss":0.0,"gold_gain":0.0,"event_name":"MindBloom","player_choice":"Fight","floor":39.0,"gold_loss":0.0,"damage_taken":0.0},{"damage_healed":63.0,"max_hp_gain":0.0,"max_hp_loss":9.0,"gold_gain":0.0,"event_name":"The Moai Head","player_choice":"Heal","floor":44.0,"gold_loss":0.0,"damage_taken":0.0}],"is_beta":false,"boss_relics":[{"not_picked":["SlaversCollar","Astrolabe"],"picked":"Philosopher\u0027s Stone"},{"not_picked":["Black Star","Fusion Hammer"],"picked":"SacredBark"}],"items_purged_floors":[5,30],"is_endless":false,"potions_floor_spawned":[1,14,24,28,31,41,42,48],"ascension_level":9}}