{"host":"94aus4jnk6thj94q","time":1611335042,"event":{"mods":["BaseMod","Minty Spire (QoL Compilation)","Quick Restart","StSLib"],"gold_per_floor":[19,19,19,0,14,14,41,41,41,55,87,110,285,285,285],"floor_reached":14,"language":"ENG","playtime":1027,"items_purged":[],"score":96,"play_id":"e080cf30-4197-493c-b7db-03f0cf5b3411","local_time":"20210122190402","is_ascension_mode":false,"campfire_choices":[{"data":"Deadly Poison","floor":6,"key":"SMITH"},{"floor":8,"key":"REST"}],"circlet_count":0,"master_deck":["Strike_G","Strike_G","Strike_G","Strike_G","Strike_G","Defend_G","Defend_G","Defend_G","Defend_G","Defend_G","Survivor","Neutralize","Envenom+1","Deadly Poison+1","Backstab","Slice","Doubt"],"relics":["Ring of the Snake","Letter Opener","Mummified Hand","Juzu Bracelet","Oddly Smooth Stone"],"acts_visited":["Exordium"],"potions_floor_usage":[11],"damage_taken":[{"damage":3,"enemies":"Jaw Worm","floor":1,"turns":4},{"damage":0,"enemies":"Small Slimes","floor":5,"turns":3},{"damage":34,"enemies":"Gremlin Nob","floor":7,"turns":5},{"damage":0,"enemies":"Cultist","floor":10,"turns":3},{"damage":31,"enemies":"Lagavulin","floor":11,"turns":6},{"damage":9,"enemies":"3 Sentries","floor":14,"turns":5}],"seed_played":"-592470610640497999","potions_obtained":[{"floor":1,"key":"BlessingOfTheForge"},{"floor":5,"key":"Ancient Potion"},{"floor":7,"key":"Energy Potion"}],"is_trial":false,"path_per_floor":["M","?","$","?","M","R","E","R","T","M","E","T","?","E"],"character_chosen":"THE_SILENT","items_purchased":[],"campfire_rested":1,"item_purchase_floors":[],"current_hp_per_floor":[67,67,67,67,67,67,33,54,54,54,23,23,23,14,14],"gold":285,"neow_bonus":"THREE_RARE_CARDS","is_daily":false,"chose_seed":false,"campfire_upgraded":1,"win_rate":0.0,"timestamp":1611335042,"path_taken":["M","?","$","?","M","R","E","R","T","M","E","?","?","E"],"items_purchased_type":[],"build_version":"2020-12-22","purchased_purges":0,"victory":false,"max_hp_per_floor":[70,70,70,70,70,70,70,70,70,70,70,70,70,70,70],"card_choices":[{"not_picked":["Tools of the Trade","Night Terror"],"picked":"Envenom","floor":0},{"not_picked":["Well Laid Plans","Masterful Stab"],"picked":"Deadly Poison","floor":1},{"not_picked":["Tactician","Underhanded Strike","Prepared"],"picked":"SKIP","floor":5},{"not_picked":["Leg Sweep","Tactician","Reflex"],"picked":"SKIP","floor":7},{"not_picked":["Dagger Throw","Well Laid Plans"],"picked":"Backstab","floor":10},{"not_picked":["Predator","Quick Slash"],"picked":"Slice","floor":11}],"player_experience":5882335,"relics_obtained":[{"floor":7,"key":"Letter Opener"},{"floor":9,"key":"Mummified Hand"},{"floor":11,"key":"Juzu Bracelet"},{"floor":12,"key":"Oddly Smooth Stone"}],"event_choices":[{"damage_healed":0,"gold_gain":0,"player_choice":"Grow","damage_taken":0,"max_hp_gain":0,"max_hp_loss":0,"event_name":"Living Wall","floor":2,"gold_loss":0,"cards_upgraded":["Envenom"]},{"damage_healed":0,"gold_gain":0,"player_choice":"Left Gold","damage_taken":0,"max_hp_gain":0,"max_hp_loss":0,"event_name":"World of Goop","floor":4,"gold_loss":19},{"damage_healed":0,"gold_gain":175,"player_choice":"AGREE","damage_taken":0,"max_hp_gain":0,"max_hp_loss":0,"event_name":"Liars Game","floor":13,"gold_loss":0,"cards_obtained":["Doubt"]}],"is_beta":false,"boss_relics":[],"items_purged_floors":[],"is_endless":false,"potions_floor_spawned":[1,5,7],"killed_by":"3 Sentries","ascension_level":0}}