{"host":"6rz02yiipefhcw4r","time":1611293033,"event":{"mods":["2.2 Compatiblity","BaseMod","Block Reminder","Colored Map","DeckTracker","Googly Eyes","Minty Spire (QoL Compilation)","Quick Restart","Rare Cards Sparkle","StSLib"],"gold_per_floor":[119,119,119,44,63,63,104,104,104,84,109,145,159,180,180,303,303,326,326,341,194,212,252,252,272,296,339,353,149,149,169,169,295,295,313,313,328,347,95,135,135,135],"floor_reached":41,"language":"ENG","playtime":2448,"items_purged":["Decay","Strike_P"],"score":716,"play_id":"fd534c09-a9ad-4b0d-820f-19075ade8fac","local_time":"20210122032353","is_ascension_mode":true,"campfire_choices":[{"data":"Eruption","floor":6.0,"key":"SMITH"},{"floor":8.0,"key":"REST"},{"floor":15.0,"key":"REST"},{"data":"LessonLearned","floor":24.0,"key":"SMITH"},{"floor":32.0,"key":"REST"}],"circlet_count":0,"master_deck":["Strike_P","Strike_P","Strike_P","Defend_P","Defend_P+1","Defend_P+1","Defend_P","Eruption+1","Vigilance+1","Vault+1","Consecrate","CrushJoints","Crescendo","EmptyFist+1","Conclude+1","LikeWater+1","LessonLearned+1","TalkToTheHand","FollowUp+1","Swivel+1","Evaluate+1","Alpha","ClearTheMind","EmptyBody","TalkToTheHand+1","FlurryOfBlows","Vault","ClearTheMind+1","Omniscience"],"relics":["PureWater","Golden Idol","Art of War","Bag of Marbles","Mummified Hand","Pen Nib","Runic Pyramid","Lantern","Regal Pillow","Bronze Scales","White Beast Statue","Velvet Choker","Kunai","Matryoshka"],"acts_visited":["Exordium","TheCity","TheBeyond"],"potions_floor_usage":[40],"damage_taken":[{"damage":4.0,"enemies":"2 Louse","floor":1.0,"turns":5.0},{"damage":3.0,"enemies":"Small Slimes","floor":5.0,"turns":4.0},{"damage":43.0,"enemies":"Lagavulin","floor":7.0,"turns":7.0},{"damage":0.0,"enemies":"Cultist","floor":11.0,"turns":3.0},{"damage":22.0,"enemies":"3 Sentries","floor":12.0,"turns":9.0},{"damage":0.0,"enemies":"Large Slime","floor":13.0,"turns":4.0},{"damage":0.0,"enemies":"Exordium Thugs","floor":14.0,"turns":2.0},{"damage":20.0,"enemies":"Hexaghost","floor":16.0,"turns":9.0},{"damage":3.0,"enemies":"2 Thieves","floor":18.0,"turns":3.0},{"damage":0.0,"enemies":"Chosen","floor":20.0,"turns":5.0},{"damage":0.0,"enemies":"Snecko","floor":22.0,"turns":4.0},{"damage":10.0,"enemies":"Slavers","floor":23.0,"turns":5.0},{"damage":3.0,"enemies":"Shelled Parasite and Fungi","floor":25.0,"turns":5.0},{"damage":24.0,"enemies":"Book of Stabbing","floor":27.0,"turns":5.0},{"damage":0.0,"enemies":"Cultist and Chosen","floor":28.0,"turns":5.0},{"damage":5.0,"enemies":"Snecko","floor":31.0,"turns":5.0},{"damage":22.0,"enemies":"Champ","floor":33.0,"turns":11.0},{"damage":0.0,"enemies":"3 Shapes","floor":35.0,"turns":2.0},{"damage":0.0,"enemies":"Orb Walker","floor":37.0,"turns":5.0},{"damage":18.0,"enemies":"Writhing Mass","floor":38.0,"turns":7.0},{"damage":33,"enemies":"Giant Head","floor":40,"turns":11},{"damage":10,"enemies":"Spire Growth","floor":41,"turns":2}],"seed_played":"1389746542518698284","potions_obtained":[{"floor":5.0,"key":"DuplicationPotion"},{"floor":10.0,"key":"SneckoOil"},{"floor":12.0,"key":"Energy Potion"},{"floor":13.0,"key":"Explosive Potion"},{"floor":23.0,"key":"SpeedPotion"},{"floor":27.0,"key":"BottledMiracle"},{"floor":31.0,"key":"Swift Potion"},{"floor":33.0,"key":"EssenceOfSteel"},{"floor":35.0,"key":"SpeedPotion"},{"floor":37.0,"key":"BlessingOfTheForge"},{"floor":40,"key":"LiquidMemories"}],"is_trial":false,"path_per_floor":["M","?","?","$","M","R","E","R","T","?","M","E","M","M","R","B",null,"M","?","M","$","M","E","R","M","T","E","M","$","?","M","R","B",null,"M","?","M","M","$","E","M"],"character_chosen":"WATCHER","items_purchased":["Lantern","ClearTheMind","EmptyBody","Kunai"],"campfire_rested":3,"item_purchase_floors":[21,29,29,39],"current_hp_per_floor":[68,67,55,55,52,52,9,29,29,29,29,7,7,7,27,7,52,49,49,49,49,49,39,39,36,36,12,12,12,12,7,42,20,55,55,60,60,42,42,9,0,0],"gold":135,"neow_bonus":"THREE_RARE_CARDS","is_daily":false,"chose_seed":false,"campfire_upgraded":2,"win_rate":0.0,"timestamp":1611293033,"path_taken":["M","?","?","$","M","R","E","R","T","?","M","E","?","M","R","BOSS","M","?","M","$","M","E","R","M","T","E","M","$","?","?","R","BOSS","M","?","?","M","?","E","M"],"items_purchased_type":["Relic","Card","Card","Relic"],"build_version":"2020-12-22","purchased_purges":2,"victory":false,"max_hp_per_floor":[72,67,67,67,67,67,67,67,67,67,67,67,67,67,67,67,67,67,67,67,67,67,67,67,67,67,67,67,67,67,67,67,67,67,67,67,67,67,67,67,67,67],"card_choices":[{"not_picked":["Ragnarok","DeusExMachina"],"picked":"Vault","floor":0.0},{"not_picked":["JustLucky","Halt"],"picked":"Consecrate","floor":1.0},{"not_picked":["Protect","Sanctity"],"picked":"CrushJoints","floor":5.0},{"not_picked":["Wish","Wallop"],"picked":"Crescendo","floor":7.0},{"not_picked":["Evaluate","Fasting2"],"picked":"PathToVictory","floor":11.0},{"not_picked":["Fasting2","SignatureMove"],"picked":"EmptyFist","floor":12.0},{"not_picked":["ReachHeaven","EmptyMind"],"picked":"Conclude","floor":13.0},{"not_picked":["Consecrate","Pray"],"picked":"LikeWater","floor":14.0},{"not_picked":["ConjureBlade","Wish"],"picked":"LessonLearned","floor":16.0},{"not_picked":["Consecrate","Sanctity+1"],"picked":"TalkToTheHand","floor":18.0},{"not_picked":["Fasting2","WreathOfFlame+1","JustLucky+1"],"picked":"SKIP","floor":20.0},{"not_picked":["Fasting2","WreathOfFlame+1","JustLucky+1"],"picked":"SKIP","floor":20.0},{"not_picked":["WheelKick","BattleHymn"],"picked":"FollowUp+1","floor":22.0},{"not_picked":["Consecrate","FlyingSleeves"],"picked":"Swivel+1","floor":23.0},{"not_picked":["DeceiveReality","Study"],"picked":"Evaluate+1","floor":25.0},{"not_picked":["Collect+1","CarveReality","WreathOfFlame"],"picked":"SKIP","floor":27.0},{"not_picked":["BowlingBash","Worship"],"picked":"Alpha","floor":28.0},{"not_picked":["FollowUp","SashWhip"],"picked":"FlurryOfBlows","floor":31.0},{"not_picked":["DeusExMachina","Brilliance"],"picked":"Vault","floor":33.0},{"not_picked":["Consecrate","Wireheading+1"],"picked":"ClearTheMind+1","floor":35.0},{"not_picked":["Prostrate","Crescendo+1","WheelKick+1"],"picked":"SKIP","floor":37.0},{"not_picked":["FlurryOfBlows+1","Consecrate+1","JustLucky"],"picked":"SKIP","floor":38.0},{"not_picked":["FlurryOfBlows+1","PathToVictory"],"picked":"Omniscience","floor":40}],"player_experience":718097,"relics_obtained":[{"floor":7.0,"key":"Bag of Marbles"},{"floor":9.0,"key":"Mummified Hand"},{"floor":12.0,"key":"Pen Nib"},{"floor":23.0,"key":"Regal Pillow"},{"floor":26.0,"key":"Bronze Scales"},{"floor":27.0,"key":"White Beast Statue"},{"floor":40,"key":"Matryoshka"}],"event_choices":[{"damage_healed":0.0,"max_hp_gain":0.0,"max_hp_loss":5.0,"gold_gain":0.0,"event_name":"Golden Idol","player_choice":"Lose Max HP","floor":2.0,"gold_loss":0.0,"damage_taken":0.0,"relics_obtained":["Golden Idol"]},{"damage_healed":0.0,"max_hp_gain":0.0,"max_hp_loss":0.0,"gold_gain":0.0,"event_name":"Scrap Ooze","player_choice":"Success","floor":3.0,"gold_loss":0.0,"damage_taken":12.0,"relics_obtained":["Art of War"]},{"damage_healed":0.0,"max_hp_gain":0.0,"max_hp_loss":0.0,"gold_gain":0.0,"event_name":"The Woman in Blue","player_choice":"Bought 1 Potion","floor":10.0,"gold_loss":0.0,"damage_taken":0.0},{"damage_healed":0.0,"max_hp_gain":0.0,"max_hp_loss":0.0,"gold_gain":0.0,"event_name":"Ghosts","player_choice":"Ignored","floor":19.0,"gold_loss":0.0,"damage_taken":0.0},{"damage_healed":0.0,"max_hp_gain":0.0,"max_hp_loss":0.0,"gold_gain":0.0,"event_name":"Duplicator","player_choice":"Copied","floor":30.0,"gold_loss":0.0,"damage_taken":0.0,"cards_obtained":["TalkToTheHand"]},{"cards_removed":["PathToVictory"],"damage_healed":5.0,"max_hp_gain":0.0,"max_hp_loss":0.0,"gold_gain":0.0,"event_name":"Bonfire Elementals","player_choice":"Offered Common","floor":36.0,"gold_loss":0.0,"damage_taken":0.0},{"cards_removed":["PathToVictory"],"damage_healed":5.0,"max_hp_gain":0.0,"max_hp_loss":0.0,"gold_gain":0.0,"event_name":"Bonfire Elementals","player_choice":"Offered Special","floor":36.0,"gold_loss":0.0,"damage_taken":0.0}],"is_beta":false,"boss_relics":[{"not_picked":["Empty Cage","SlaversCollar"],"picked":"Runic Pyramid"},{"not_picked":["Tiny House","Cursed Key"],"picked":"Velvet Choker"}],"items_purged_floors":[4,29],"is_endless":false,"potions_floor_spawned":[5,12,13,14,16,20,23,27,28,31,33,35,37,38,40],"killed_by":"Spire Growth","ascension_level":5}}