{"host":"vb9tx51ayxprrw9u","time":1611340740,"event":{"mods":["AchievementEnabler","BaseMod","Colored Map","Colored Powertips","Highlight Path","Minty Spire (QoL Compilation)","StSLib"],"gold_per_floor":[114,39,50,50,120,120,148,148,148,166,166,199,221,233,233,335,335,350,360,370,189,189,189,199,74,97,97,97,12,12,12,12,123,123,152,178,28,28,28],"floor_reached":38,"language":"ENG","playtime":2430,"items_purged":["Strike_R","Strike_R","Strike_R","Defend_R"],"score":380,"play_id":"c82f6c8d-87fc-4087-8be5-4626de028c5d","local_time":"20210122123900","is_ascension_mode":false,"campfire_choices":[{"data":"Bash","floor":6,"key":"SMITH"},{"data":"Spot Weakness","floor":11,"key":"SMITH"},{"data":"Uppercut","floor":15,"key":"SMITH"},{"data":"Thunderclap","floor":23,"key":"SMITH"},{"floor":27,"key":"REST"},{"floor":30,"key":"DIG"},{"floor":32,"key":"REST"}],"circlet_count":0,"master_deck":["Strike_R","Strike_R","Defend_R","Defend_R","Defend_R","Bash+1","Immolate","Thunderclap+1","Armaments+1","Uppercut+1","Spot Weakness+1","Hemokinesis+1","Dropkick+1","Demon Form","Pommel Strike+1","True Grit+1","Dropkick+1","Shrug It Off","Double Tap","Sever Soul+1","Headbutt+1"],"relics":["Black Blood","Anchor","Gremlin Horn","Molten Egg 2","Odd Mushroom","CeramicFish","Shovel","Blue Candle","Black Star"],"acts_visited":["Exordium","TheCity","TheBeyond"],"potions_floor_usage":[24,33,33,33,38],"damage_taken":[{"damage":5,"enemies":"Jaw Worm","floor":1,"turns":4},{"damage":2,"enemies":"Small Slimes","floor":3,"turns":2},{"damage":15,"enemies":"3 Sentries","floor":7,"turns":6},{"damage":0,"enemies":"2 Louse","floor":10,"turns":1},{"damage":26,"enemies":"Gremlin Nob","floor":12,"turns":6},{"damage":0,"enemies":"The Mushroom Lair","floor":13,"turns":2},{"damage":0,"enemies":"Exordium Thugs","floor":14,"turns":2},{"damage":35,"enemies":"Hexaghost","floor":16,"turns":10},{"damage":12,"enemies":"2 Thieves","floor":18,"turns":4},{"damage":17,"enemies":"3 Byrds","floor":19,"turns":4},{"damage":15,"enemies":"Shelled Parasite and Fungi","floor":20,"turns":7},{"damage":64,"enemies":"Sentry and Sphere","floor":24,"turns":10},{"damage":47,"enemies":"Collector","floor":33,"turns":8},{"damage":36,"enemies":"3 Shapes","floor":35,"turns":5},{"damage":48,"enemies":"3 Darklings","floor":36,"turns":8},{"damage":27,"enemies":"Writhing Mass","floor":38,"turns":4}],"seed_played":"-7474388846416700500","potions_obtained":[{"floor":3,"key":"BloodPotion"},{"floor":10,"key":"Explosive Potion"},{"floor":16,"key":"ElixirPotion"},{"floor":18,"key":"PowerPotion"},{"floor":24,"key":"LiquidBronze"},{"floor":33,"key":"FearPotion"},{"floor":36,"key":"ColorlessPotion"}],"is_trial":false,"path_per_floor":["M","$","M","?","?","R","E","?","T","M","R","E","?","M","R","B",null,"M","M","M","$","?","R","M","$","T","R","?","?","R","$","R","B",null,"M","M","$","M"],"character_chosen":"IRONCLAD","items_purchased":["Dropkick+1"],"campfire_rested":2,"item_purchase_floors":[21],"current_hp_per_floor":[57,57,61,61,61,61,52,52,52,58,58,38,44,50,50,21,80,80,75,72,72,57,57,22,22,22,47,47,47,47,47,72,37,85,61,25,25,0,0],"gold":28,"neow_bonus":"THREE_RARE_CARDS","is_daily":false,"chose_seed":false,"campfire_upgraded":4,"win_rate":0.0,"timestamp":1611340740,"path_taken":["M","$","M","?","?","R","E","?","T","M","R","E","?","?","R","BOSS","M","M","M","$","?","R","M","$","T","R","?","?","R","?","R","BOSS","M","M","$","M"],"items_purchased_type":["Card"],"build_version":"2020-12-22","purchased_purges":4,"victory":false,"max_hp_per_floor":[80,80,80,80,80,80,80,80,80,80,80,80,80,80,80,80,80,80,80,80,80,85,85,85,85,85,85,85,85,85,85,85,85,85,85,85,85,85,85],"card_choices":[{"not_picked":["Bludgeon","Double Tap"],"picked":"Immolate","floor":0},{"not_picked":["Sword Boomerang","Flex"],"picked":"Thunderclap","floor":1},{"not_picked":["Clothesline","Body Slam"],"picked":"Armaments","floor":3},{"not_picked":["Fire Breathing","Wild Strike"],"picked":"Uppercut","floor":7},{"not_picked":["Cleave","Power Through"],"picked":"Spot Weakness","floor":10},{"not_picked":["Clash+1","Double Tap","Havoc"],"picked":"SKIP","floor":12},{"not_picked":["Blood for Blood+1","Combust"],"picked":"Hemokinesis+1","floor":13},{"not_picked":["Sword Boomerang+1","Feel No Pain"],"picked":"Dropkick+1","floor":14},{"not_picked":["Exhume","Immolate+1"],"picked":"Demon Form","floor":16},{"not_picked":["Warcry","Shrug It Off"],"picked":"Pommel Strike+1","floor":18},{"not_picked":["Battle Trance","Armaments","Metallicize"],"picked":"SKIP","floor":19},{"not_picked":["Twin Strike+1","Anger+1"],"picked":"True Grit+1","floor":20},{"not_picked":["Heavy Blade+1","Havoc"],"picked":"Shrug It Off","floor":24},{"not_picked":["Immolate+1","Demon Form"],"picked":"Double Tap","floor":33},{"not_picked":["Bloodletting+1","Pommel Strike+1"],"picked":"Sever Soul+1","floor":35},{"not_picked":["Clash+1","Hemokinesis+1"],"picked":"Headbutt+1","floor":36}],"player_experience":175932,"relics_obtained":[{"floor":7,"key":"Anchor"},{"floor":9,"key":"Gremlin Horn"},{"floor":12,"key":"Molten Egg 2"},{"floor":13,"key":"Odd Mushroom"},{"floor":26,"key":"CeramicFish"},{"floor":30,"key":"Blue Candle"}],"event_choices":[{"damage_healed":0,"gold_gain":0,"player_choice":"Grow","damage_taken":0,"max_hp_gain":0,"max_hp_loss":0,"event_name":"Living Wall","floor":4,"gold_loss":0,"cards_upgraded":["Armaments"]},{"damage_healed":0,"gold_gain":70,"player_choice":"Gained Gold","damage_taken":0,"max_hp_gain":0,"max_hp_loss":0,"event_name":"Golden Wing","floor":5,"gold_loss":0},{"damage_healed":0,"gold_gain":0,"player_choice":"Ignored","damage_taken":0,"max_hp_gain":0,"max_hp_loss":0,"event_name":"Liars Game","floor":8,"gold_loss":0},{"damage_healed":0,"gold_gain":0,"player_choice":"Fought Mushrooms","damage_taken":0,"max_hp_gain":0,"max_hp_loss":0,"event_name":"Mushrooms","floor":13,"gold_loss":0},{"damage_healed":0,"gold_gain":0,"player_choice":"Shed Blood","damage_taken":20,"max_hp_gain":5,"max_hp_loss":0,"event_name":"Forgotten Altar","floor":22,"gold_loss":0},{"damage_healed":0,"gold_gain":0,"player_choice":"Ignored","damage_taken":0,"max_hp_gain":0,"max_hp_loss":0,"event_name":"Cursed Tome","floor":28,"gold_loss":0},{"damage_healed":0,"gold_gain":0,"player_choice":"Obtained Relic","damage_taken":0,"relics_obtained":["Shovel"],"max_hp_gain":0,"max_hp_loss":0,"event_name":"Addict","floor":29,"gold_loss":85}],"is_beta":false,"boss_relics":[{"not_picked":["Pandora\u0027s Box","Mark of Pain"],"picked":"Black Blood"},{"not_picked":["Velvet Choker","Tiny House"],"picked":"Black Star"}],"items_purged_floors":[2,21,25,37],"is_endless":false,"potions_floor_spawned":[3,10,16,18,19,24,33,36],"killed_by":"Writhing Mass","ascension_level":0}}