{"host":"6jrd8fn9k88n08be","time":1611276161,"event":{"mods":["BaseMod","Minty Spire (QoL Compilation)","StSLib"],"gold_per_floor":[12,12,23,39,39,58,58,75,102,129,129,145,158,19,19,117,117,135,135,135,135,149,149,166,182,182,182,55,55,68,109,109,219,219,238,238,11,21,21,57,37,78,78,78,40,40,40],"floor_reached":46,"language":"ENG","playtime":1933,"items_purged":["Defend_B"],"score":498,"play_id":"722384ad-e0bf-4854-8371-1ffe5958ebac","local_time":"20210121194241","is_ascension_mode":false,"campfire_choices":[{"data":"Genetic Algorithm","floor":7.0,"key":"SMITH"},{"data":"Electrodynamics","floor":11.0,"key":"SMITH"},{"floor":15.0,"key":"REST"},{"data":"Echo Form","floor":23.0,"key":"SMITH"},{"data":"White Noise","floor":27.0,"key":"SMITH"},{"data":"Auto Shields","floor":29.0,"key":"SMITH"},{"floor":32,"key":"REST"},{"floor":44,"key":"RECALL"}],"circlet_count":0,"master_deck":["Strike_B+1","Defend_B","Zap","Dualcast","Thunder Strike+1","Sweeping Beam","Defragment","Static Discharge","Genetic Algorithm+1","Defragment","Self Repair","Electrodynamics+1","Redo","Multi-Cast","Echo Form+1","Leap","White Noise+1","Hologram","Leap+1","Rebound","Sunder","Coolheaded","Auto Shields+1","White Noise+1","Conserve Battery+1","Thunder Strike+1","Chaos","Ball Lightning","Coolheaded"],"relics":["Cracked Core","Juzu Bracelet","Whetstone","Velvet Choker","Sundial","CeramicFish","Inserter","ClockworkSouvenir","Boot","Oddly Smooth Stone"],"acts_visited":["Exordium","TheCity","TheBeyond"],"potions_floor_usage":[31,31,46],"damage_taken":[{"damage":6.0,"enemies":"Jaw Worm","floor":1.0,"turns":4.0},{"damage":1.0,"enemies":"Cultist","floor":3.0,"turns":3.0},{"damage":0.0,"enemies":"2 Louse","floor":4.0,"turns":2.0},{"damage":13.0,"enemies":"Blue Slaver","floor":6.0,"turns":4.0},{"damage":14.0,"enemies":"2 Fungi Beasts","floor":8.0,"turns":4.0},{"damage":18.0,"enemies":"Gremlin Nob","floor":10.0,"turns":4.0},{"damage":21.0,"enemies":"Red Slaver","floor":12.0,"turns":3.0},{"damage":7.0,"enemies":"Exordium Thugs","floor":13.0,"turns":3.0},{"damage":20.0,"enemies":"Slime Boss","floor":16.0,"turns":5.0},{"damage":12.0,"enemies":"2 Thieves","floor":18.0,"turns":3.0},{"damage":0.0,"enemies":"Chosen","floor":22.0,"turns":4.0},{"damage":18.0,"enemies":"Snake Plant","floor":24.0,"turns":5.0},{"damage":20.0,"enemies":"Centurion and Healer","floor":25.0,"turns":3.0},{"damage":15,"enemies":"Chosen and Byrds","floor":30,"turns":2},{"damage":19,"enemies":"Slavers","floor":31,"turns":4},{"damage":17,"enemies":"Champ","floor":33,"turns":9},{"damage":3,"enemies":"Orb Walker","floor":35,"turns":4},{"damage":8,"enemies":"3 Darklings","floor":38,"turns":4},{"damage":29,"enemies":"Reptomancer","floor":40,"turns":6},{"damage":21,"enemies":"Nemesis","floor":42,"turns":4},{"damage":43,"enemies":"Transient","floor":46,"turns":5}],"seed_played":"7983043122047521955","potions_obtained":[{"floor":4.0,"key":"SneckoOil"},{"floor":6.0,"key":"Weak Potion"},{"floor":8.0,"key":"Fruit Juice"},{"floor":22.0,"key":"Dexterity Potion"},{"floor":24.0,"key":"Energy Potion"},{"floor":31,"key":"SpeedPotion"},{"floor":38,"key":"Regen Potion"},{"floor":41,"key":"Weak Potion"},{"floor":42,"key":"Strength Potion"}],"is_trial":false,"path_per_floor":["M","?","M","M","?","M","R","M","T","E","R","M","M","$","R","B",null,"M","?","$","?","M","R","M","M","T","R","$","R","M","E","R","B",null,"M","?","$","M","?","E","?","E","T","R","$","M"],"character_chosen":"DEFECT","items_purchased":["Multi-Cast","Coolheaded","Auto Shields","ClockworkSouvenir","Coolheaded"],"campfire_rested":2,"item_purchase_floors":[14,28,28,37,45],"current_hp_per_floor":[69,69,68,68,68,55,55,41,41,35,35,21,14,14,38,18,80,75,75,75,75,80,80,69,49,49,49,49,49,34,22,46,36,80,80,80,80,79,79,57,57,43,43,43,43,0,0],"gold":40,"neow_bonus":"TRANSFORM_TWO_CARDS","is_daily":false,"chose_seed":true,"campfire_upgraded":5,"win_rate":0.0,"timestamp":1611276161,"path_taken":["M","?","M","M","?","?","R","M","T","E","R","M","M","?","R","BOSS","M","?","$","?","M","R","M","M","T","R","$","R","M","E","R","BOSS","M","?","$","M","?","E","?","E","T","R","$","M"],"items_purchased_type":["Card","Card","Card","Relic","Card"],"build_version":"2020-12-22","purchased_purges":1,"victory":false,"max_hp_per_floor":[75,75,75,75,75,75,75,75,75,80,80,80,80,80,80,80,80,80,80,80,80,80,80,80,80,80,80,80,80,80,80,80,80,80,80,80,80,80,80,80,80,80,80,80,80,80,80],"card_choices":[{"not_picked":["Leap","Hello World"],"picked":"Defragment","floor":1.0},{"not_picked":["Barrage","Coolheaded"],"picked":"Static Discharge","floor":3.0},{"not_picked":["Rebound","Doom and Gloom"],"picked":"Genetic Algorithm","floor":4.0},{"not_picked":["Genetic Algorithm","Storm"],"picked":"Defragment","floor":6.0},{"not_picked":["Glacier","Cold Snap"],"picked":"Self Repair","floor":8.0},{"not_picked":["Gash","Lockon"],"picked":"Electrodynamics","floor":10.0},{"not_picked":["Coolheaded","Beam Cell"],"picked":"Redo","floor":12.0},{"not_picked":["Sunder","Chaos","Turbo"],"picked":"SKIP","floor":13.0},{"not_picked":["Amplify","Creative AI"],"picked":"Echo Form","floor":16.0},{"not_picked":["Chill","Redo"],"picked":"Leap","floor":18.0},{"not_picked":["Redo","Compile Driver+1"],"picked":"Leap+1","floor":22.0},{"not_picked":["Stack","Go for the Eyes"],"picked":"Rebound","floor":24.0},{"not_picked":["Reprogram","Self Repair"],"picked":"Sunder","floor":25.0},{"not_picked":["Beam Cell+1","Barrage"],"picked":"White Noise+1","floor":30},{"not_picked":["Compile Driver","Steam"],"picked":"Conserve Battery+1","floor":31},{"not_picked":["Fission","Amplify"],"picked":"Thunder Strike","floor":33},{"not_picked":["Streamline+1","Barrage","Undo"],"picked":"SKIP","floor":35},{"not_picked":["Streamline+1","Steam","Tempest"],"picked":"SKIP","floor":38},{"not_picked":["Steam+1","Blizzard"],"picked":"Chaos","floor":40},{"not_picked":["Barrage+1","Redo"],"picked":"Ball Lightning","floor":42}],"player_experience":113731,"relics_obtained":[{"floor":9.0,"key":"Juzu Bracelet"},{"floor":10.0,"key":"Whetstone"},{"floor":26.0,"key":"Sundial"},{"floor":31,"key":"CeramicFish"},{"floor":40,"key":"Boot"},{"floor":42,"key":"Oddly Smooth Stone"}],"event_choices":[{"damage_healed":0.0,"max_hp_gain":0.0,"max_hp_loss":0.0,"gold_gain":0.0,"event_name":"Living Wall","player_choice":"Grow","floor":2.0,"gold_loss":0.0,"damage_taken":0.0,"cards_upgraded":["Thunder Strike"]},{"damage_healed":0.0,"max_hp_gain":0.0,"max_hp_loss":0.0,"gold_gain":0.0,"event_name":"NoteForYourself","player_choice":"Ignored","floor":5.0,"gold_loss":0.0,"damage_taken":0.0},{"damage_healed":0.0,"max_hp_gain":0.0,"max_hp_loss":0.0,"gold_gain":0.0,"cards_transformed":["Strike_B","Defend_B"],"event_name":"Drug Dealer","player_choice":"Became Test Subject","floor":19.0,"gold_loss":0.0,"damage_taken":0.0,"cards_obtained":["White Noise","Hologram"]},{"damage_healed":0.0,"max_hp_gain":0.0,"max_hp_loss":0.0,"gold_gain":0.0,"event_name":"Vampires","player_choice":"Ignored","floor":21.0,"gold_loss":0.0,"damage_taken":0.0},{"cards_removed":["Strike_B"],"damage_healed":0,"gold_gain":0,"player_choice":"Removed Attack","damage_taken":0,"max_hp_gain":0,"max_hp_loss":0,"event_name":"Falling","floor":36,"gold_loss":0},{"damage_healed":0,"gold_gain":0,"player_choice":"Forge","damage_taken":0,"max_hp_gain":0,"max_hp_loss":0,"event_name":"Accursed Blacksmith","floor":39,"gold_loss":0,"cards_upgraded":["Thunder Strike"]},{"damage_healed":0,"gold_gain":0,"player_choice":"Bought 1 Potion","damage_taken":0,"max_hp_gain":0,"max_hp_loss":0,"event_name":"The Woman in Blue","floor":41,"gold_loss":0}],"is_beta":false,"boss_relics":[{"not_picked":["Philosopher\u0027s Stone","SlaversCollar"],"picked":"Velvet Choker"},{"not_picked":["Runic Pyramid","FrozenCore"],"picked":"Inserter"}],"items_purged_floors":[37],"is_endless":false,"potions_floor_spawned":[4,6,8,22,24,31,38,42],"killed_by":"Transient","ascension_level":0}}