{"host":"3a5itcmwo6ddh3id","time":1611333137,"event":{"mods":["BaseMod","Colored Map","Colored Powertips","Minty Spire (QoL Compilation)","Relic Stats"],"gold_per_floor":[118,118,135,25,25,37,14,26,38,69,109,136,162,201,213,296,308,333,3,15,32,32,32,58,58,58,77,103,20,20,20],"floor_reached":30,"language":"ENG","playtime":1415,"items_purged":["Strike_B"],"score":556,"play_id":"1ab1bfa0-9cde-44f4-9ebf-7bf7a8cedf62","local_time":"20210122103217","is_ascension_mode":true,"campfire_choices":[{"data":"Tempest","floor":6.0,"key":"SMITH"},{"data":"Chaos","floor":15.0,"key":"SMITH"},{"floor":23.0,"key":"REST"},{"data":"Barrage","floor":25.0,"key":"SMITH"}],"circlet_count":0,"master_deck":["AscendersBane","Strike_B","Defend_B","Defend_B","Defend_B","Defend_B","Zap","Dualcast","Self Repair","Chaos+1","Tempest+1","Sweeping Beam","Coolheaded","Rainbow","Ball Lightning","Leap","Go for the Eyes","Multi-Cast","Coolheaded","Good Instincts","Barrage+1","Conserve Battery","Seek","Glacier+1","Loop"],"relics":["Cracked Core","MawBank","Cables","Thread and Needle","Bottled Lightning","Inserter","Chemical X","Letter Opener","Ancient Tea Set","Toy Ornithopter"],"acts_visited":["Exordium","TheCity"],"potions_floor_usage":[],"damage_taken":[{"damage":0.0,"enemies":"Small Slimes","floor":1.0,"turns":2.0},{"damage":12.0,"enemies":"Jaw Worm","floor":3.0,"turns":4.0},{"damage":0.0,"enemies":"Cultist","floor":10.0,"turns":3.0},{"damage":16.0,"enemies":"Lagavulin","floor":11.0,"turns":7.0},{"damage":13.0,"enemies":"Gremlin Gang","floor":12.0,"turns":2.0},{"damage":0.0,"enemies":"2 Fungi Beasts","floor":13.0,"turns":2.0},{"damage":3.0,"enemies":"Gremlin Nob","floor":14.0,"turns":3.0},{"damage":6.0,"enemies":"The Guardian","floor":16.0,"turns":14.0},{"damage":28.0,"enemies":"2 Thieves","floor":18.0,"turns":4.0},{"damage":1.0,"enemies":"Chosen","floor":20.0,"turns":4.0},{"damage":21.0,"enemies":"Centurion and Healer","floor":21.0,"turns":8.0},{"damage":9.0,"enemies":"Slavers","floor":24.0,"turns":4.0},{"damage":0.0,"enemies":"Snake Plant","floor":27.0,"turns":2.0},{"damage":40.0,"enemies":"Book of Stabbing","floor":28.0,"turns":7.0},{"damage":27,"enemies":"Gremlin Leader","floor":30,"turns":5}],"seed_played":"5345670562579118285","potions_obtained":[{"floor":11.0,"key":"SteroidPotion"},{"floor":14.0,"key":"GamblersBrew"},{"floor":16.0,"key":"Explosive Potion"},{"floor":21.0,"key":"Energy Potion"}],"is_trial":false,"path_per_floor":["M","?","M","$","?","R","?","?","T","M","E","M","M","E","R","B",null,"M","$","M","M","?","R","E","R","T","M","E","$","E"],"character_chosen":"DEFECT","items_purchased":["Sweeping Beam","Coolheaded","Chemical X","Good Instincts","Loop"],"campfire_rested":1,"item_purchase_floors":[4,4,19,19,29],"current_hp_per_floor":[71,71,66,66,40,40,59,59,59,66,57,44,44,48,48,49,71,50,50,49,35,35,58,56,56,56,56,23,23,0,0],"gold":20,"neow_bonus":"TEN_PERCENT_HP_BONUS","is_daily":false,"chose_seed":false,"campfire_upgraded":3,"win_rate":0.0,"timestamp":1611333137,"path_taken":["M","?","M","$","?","R","?","?","T","M","E","?","?","E","R","BOSS","M","$","M","M","?","R","E","R","T","M","E","$","E"],"items_purchased_type":["Card","Card","Relic","Card","Card"],"build_version":"2020-12-22","purchased_purges":1,"victory":false,"max_hp_per_floor":[78,78,78,78,78,78,78,78,78,78,78,78,78,78,78,78,78,78,78,78,78,78,78,78,78,78,78,78,78,78,78],"relic_stats":{"Inserter":[17],"counters":[15,71],"Chemical X":[12],"Letter Opener":[21],"MawBank":168,"obtain_stats":[{"Inserter":17,"Thread and Needle":11,"Bottled Lightning":14,"Chemical X":19,"Letter Opener":24,"Cracked Core":0,"MawBank":5,"Ancient Tea Set":26,"Toy Ornithopter":28,"Cables":9},{"Inserter":8,"Thread and Needle":4,"Bottled Lightning":7,"Chemical X":9,"Letter Opener":12,"Cracked Core":0,"MawBank":2,"Ancient Tea Set":12,"Toy Ornithopter":14,"Cables":2},{"Inserter":37,"Thread and Needle":16,"Bottled Lightning":23,"Chemical X":41,"Letter Opener":57,"Cracked Core":0,"MawBank":6,"Ancient Tea Set":57,"Toy Ornithopter":66,"Cables":6}],"Toy Ornithopter":0,"Cables":[57,32,16,9,0]},"card_choices":[{"not_picked":["Redo","Static Discharge"],"picked":"Self Repair","floor":1.0},{"not_picked":["Leap","Undo"],"picked":"Tempest","floor":3.0},{"not_picked":["Auto Shields","Streamline"],"picked":"Rainbow","floor":10.0},{"not_picked":["Beam Cell","Hologram"],"picked":"Ball Lightning","floor":11.0},{"not_picked":["Rebound","Steam Power","Gash"],"picked":"SKIP","floor":12.0},{"not_picked":["Beam Cell","Reprogram"],"picked":"Leap","floor":13.0},{"not_picked":["Beam Cell","Gash"],"picked":"Go for the Eyes","floor":14.0},{"not_picked":["Machine Learning","Meteor Strike"],"picked":"Multi-Cast","floor":16.0},{"not_picked":["Go for the Eyes+1","Stack"],"picked":"Coolheaded","floor":18.0},{"not_picked":["Fission","Streamline"],"picked":"Barrage","floor":20.0},{"not_picked":["Steam","Hologram"],"picked":"Conserve Battery","floor":21.0},{"not_picked":["Fusion","BootSequence"],"picked":"Glacier+1","floor":24.0},{"not_picked":["Streamline","Sweeping Beam+1","Rebound+1"],"picked":"SKIP","floor":27.0},{"not_picked":["Hologram","Streamline","Hyperbeam"],"picked":"SKIP","floor":28.0}],"player_experience":1091784,"relics_obtained":[{"floor":9.0,"key":"Cables"},{"floor":11.0,"key":"Thread and Needle"},{"floor":14.0,"key":"Bottled Lightning"},{"floor":24.0,"key":"Letter Opener"},{"floor":26.0,"key":"Ancient Tea Set"},{"floor":28.0,"key":"Toy Ornithopter"}],"event_choices":[{"damage_healed":0.0,"max_hp_gain":0.0,"max_hp_loss":0.0,"gold_gain":0.0,"cards_transformed":["Strike_B"],"event_name":"Living Wall","player_choice":"Change","floor":2.0,"gold_loss":0.0,"damage_taken":0.0,"cards_obtained":["Chaos"]},{"damage_healed":0.0,"max_hp_gain":0.0,"max_hp_loss":0.0,"gold_gain":0.0,"event_name":"Scrap Ooze","player_choice":"Success","floor":5.0,"gold_loss":0.0,"damage_taken":26.0,"relics_obtained":["MawBank"]},{"damage_healed":19.0,"max_hp_gain":0.0,"max_hp_loss":0.0,"gold_gain":0.0,"event_name":"The Cleric","player_choice":"Healed","floor":7.0,"gold_loss":35.0,"damage_taken":0.0},{"cards_removed":["Strike_B"],"damage_healed":0.0,"max_hp_gain":0.0,"max_hp_loss":0.0,"gold_gain":0.0,"event_name":"Purifier","player_choice":"Purged","floor":8.0,"gold_loss":0.0,"damage_taken":0.0},{"damage_healed":0.0,"max_hp_gain":0.0,"max_hp_loss":0.0,"gold_gain":0.0,"event_name":"Match and Keep!","player_choice":"1 cards matched","floor":22.0,"gold_loss":0.0,"damage_taken":0.0,"cards_obtained":["Seek"]}],"is_beta":false,"boss_relics":[{"not_picked":["Black Star","Fusion Hammer"],"picked":"Inserter"}],"items_purged_floors":[19],"is_endless":false,"potions_floor_spawned":[11,14,16,18,21],"killed_by":"Gremlin Leader","ascension_level":20}}