{"host":"qekv59dthhdg54sz","time":1611345445,"event":{"mods":["AchievementEnabler","BaseMod","Colored Map","DeckTracker","KOR Keyword Fix","Minty Spire (QoL Compilation)","Rare Cards Sparkle","StSLib","SuperFastMode"],"gold_per_floor":[117,117,42,54,54,54,65,90,115,127,127,143,162,182,182,258,258,276,191,29,29,29,29,49,49,49,65,78,78,90,90,90,90,90],"floor_reached":33,"language":"KOR","playtime":867,"items_purged":[],"score":498,"play_id":"c67265f9-f364-4ad5-8c4b-5a4950b891fb","local_time":"20210123045725","is_ascension_mode":true,"campfire_choices":[{"data":"Bouncing Flask","floor":6,"key":"SMITH"},{"floor":11,"key":"REST"},{"data":"Outmaneuver","floor":15,"key":"SMITH"},{"data":"Acrobatics","floor":23,"key":"SMITH"},{"data":"Setup","floor":25,"key":"SMITH"},{"floor":32,"key":"REST"}],"circlet_count":0,"master_deck":["AscendersBane","Strike_G","Strike_G","Strike_G","Strike_G","Strike_G","Defend_G+1","Defend_G+1","Defend_G","Defend_G","Defend_G","Survivor","Neutralize","Master of Strategy","Bouncing Flask+1","Dagger Throw","Backflip","Acrobatics+1","Bane","Outmaneuver+1","Bouncing Flask","Setup+1","Noxious Fumes","Concentrate"],"relics":["Ring of the Snake","Snake Skull","Happy Flower","War Paint","Runic Pyramid","Gremlin Horn","TheAbacus","Shuriken"],"acts_visited":["Exordium","TheCity"],"potions_floor_usage":[8,16,18,27,33],"damage_taken":[{"damage":3,"enemies":"2 Louse","floor":1,"turns":4},{"damage":8,"enemies":"Small Slimes","floor":4,"turns":6},{"damage":0,"enemies":"Jaw Worm","floor":7,"turns":3},{"damage":12,"enemies":"Lagavulin","floor":8,"turns":6},{"damage":15,"enemies":"Lots of Slimes","floor":10,"turns":6},{"damage":4,"enemies":"Large Slime","floor":12,"turns":5},{"damage":0,"enemies":"Blue Slaver","floor":13,"turns":3},{"damage":0,"enemies":"Exordium Wildlife","floor":14,"turns":3},{"damage":20,"enemies":"The Guardian","floor":16,"turns":8},{"damage":22,"enemies":"Shell Parasite","floor":18,"turns":5},{"damage":0,"enemies":"Spheric Guardian","floor":24,"turns":4},{"damage":13,"enemies":"Shelled Parasite and Fungi","floor":27,"turns":5},{"damage":0,"enemies":"3 Cultists","floor":28,"turns":5},{"damage":10,"enemies":"Sentry and Sphere","floor":30,"turns":4},{"damage":32,"enemies":"Collector","floor":33,"turns":7}],"seed_played":"729993042144792038","potions_obtained":[{"floor":1,"key":"AttackPotion"},{"floor":8,"key":"Weak Potion"},{"floor":12,"key":"FearPotion"},{"floor":16,"key":"SkillPotion"},{"floor":27,"key":"Poison Potion"}],"is_trial":false,"path_per_floor":["M","?","?","M","?","R","M","E","T","M","R","M","M","M","R","B",null,"M","?","$","?","$","R","M","R","T","M","M","?","M","?","R","B"],"character_chosen":"THE_SILENT","items_purchased":["TheAbacus"],"campfire_rested":2,"item_purchase_floors":[20],"current_hp_per_floor":[56,61,61,53,48,48,48,36,36,21,42,38,38,38,38,18,58,36,36,36,36,36,36,36,36,36,23,23,23,13,13,34,2,2],"gold":90,"neow_bonus":"RANDOM_COLORLESS_2","is_daily":false,"chose_seed":false,"campfire_upgraded":4,"win_rate":0.0,"timestamp":1611345445,"path_taken":["M","?","?","M","?","R","M","E","T","M","R","M","?","?","R","BOSS","M","?","$","?","?","R","M","R","T","M","M","?","M","?","R","BOSS"],"items_purchased_type":["Relic"],"build_version":"2020-12-22","purchased_purges":0,"victory":false,"max_hp_per_floor":[66,71,71,71,71,71,71,71,71,71,71,71,71,71,71,71,71,71,71,71,71,71,71,71,71,71,71,71,71,71,71,71,71,71],"card_choices":[{"not_picked":["Sadistic Nature","Secret Technique"],"picked":"Master of Strategy","floor":0},{"not_picked":["Cloak And Dagger","Underhanded Strike"],"picked":"Bouncing Flask","floor":1},{"not_picked":["Sucker Punch","Choke"],"picked":"Dagger Throw","floor":4},{"not_picked":["Flying Knee","Choke"],"picked":"Backflip","floor":7},{"not_picked":["Quick Slash","Eviscerate"],"picked":"Acrobatics","floor":8},{"not_picked":["Dagger Throw","Dodge and Roll","Deflect"],"picked":"SKIP","floor":10},{"not_picked":["Flechettes","Poisoned Stab","Distraction"],"picked":"SKIP","floor":12},{"not_picked":["Choke","Blade Dance"],"picked":"Bane","floor":13},{"not_picked":["Die Die Die","Dagger Spray"],"picked":"Outmaneuver","floor":14},{"not_picked":["Sucker Punch","Riddle With Holes"],"picked":"Bouncing Flask","floor":18},{"not_picked":["Reflex","Sucker Punch"],"picked":"Setup","floor":24},{"not_picked":["Choke","Dash"],"picked":"Noxious Fumes","floor":27},{"not_picked":["Dodge and Roll","Flying Knee"],"picked":"Concentrate","floor":28},{"not_picked":["Eviscerate","Slice","Reflex+1"],"picked":"SKIP","floor":30}],"player_experience":807852,"relics_obtained":[{"floor":8,"key":"Happy Flower"},{"floor":9,"key":"War Paint"},{"floor":26,"key":"Shuriken"}],"event_choices":[{"damage_healed":0,"gold_gain":0,"player_choice":"Donut","damage_taken":0,"max_hp_gain":5,"max_hp_loss":0,"event_name":"Big Fish","floor":2,"gold_loss":0},{"cards_removed":["Writhe"],"damage_healed":0,"gold_gain":0,"player_choice":"Card Removal","damage_taken":0,"max_hp_gain":0,"max_hp_loss":0,"event_name":"The Cleric","floor":3,"gold_loss":75},{"damage_healed":0,"gold_gain":0,"player_choice":"Success","damage_taken":5,"relics_obtained":["Snake Skull"],"max_hp_gain":0,"max_hp_loss":0,"event_name":"Scrap Ooze","floor":5,"gold_loss":0},{"damage_healed":0,"gold_gain":0,"player_choice":"Obtained Relic","damage_taken":0,"relics_obtained":["Gremlin Horn"],"max_hp_gain":0,"max_hp_loss":0,"event_name":"Addict","floor":19,"gold_loss":85},{"damage_healed":0,"gold_gain":0,"player_choice":"Ignored","damage_taken":0,"max_hp_gain":0,"max_hp_loss":0,"event_name":"Vampires","floor":21,"gold_loss":0},{"damage_healed":0,"gold_gain":0,"player_choice":"Ignored","damage_taken":0,"max_hp_gain":0,"max_hp_loss":0,"event_name":"The Mausoleum","floor":29,"gold_loss":0},{"damage_healed":0,"gold_gain":0,"player_choice":"Ignored","damage_taken":0,"max_hp_gain":0,"max_hp_loss":0,"event_name":"Ghosts","floor":31,"gold_loss":0}],"is_beta":false,"boss_relics":[{"not_picked":["Runic Dome","Velvet Choker"],"picked":"Runic Pyramid"}],"items_purged_floors":[],"is_endless":false,"potions_floor_spawned":[1,8,12,16,27],"killed_by":"Collector","ascension_level":20}}