{"host":"yuhy0i501zzmn1iz","time":1611293182,"event":{"mods":["AchievementEnabler","AlwaysNeverKeys","BaseMod","Bestiary","Better Match","Better Third Choice","Curses Come First","Downfall","Minty Spire (QoL Compilation)","StSLib","slay the spire mod where everything is the same but ironclad has a cowboy hat"],"gold_per_floor":[119,139,139,24,42,67,67,131,131,131,151,151,165,195,195,291,291,301,66,66,66,92,92,104,104,104],"floor_reached":25,"language":"ENG","playtime":895,"items_purged":["Decay"],"score":298,"play_id":"2a311a1b-c2b7-4d81-b042-58b02a959f39","local_time":"20210122002622","is_ascension_mode":true,"campfire_choices":[{"floor":7,"key":"REST"},{"floor":10,"key":"REST"},{"floor":15,"key":"REST"},{"data":"downfall:Bewildered","floor":23,"key":"PURGE"}],"circlet_count":0,"master_deck":["Strike_P","Strike_P","Defend_P","Defend_P","Defend_P","Defend_P","Eruption+1","Vigilance","EmptyFist","CrushJoints","MentalFortress","Tantrum","BowlingBash","Weave","ClearTheMind","Judgement","Wireheading","Omniscience","Prostrate+1","FlurryOfBlows","Violence","Shame","BowlingBash","Ragnarok"],"relics":["PureWater","Peace Pipe","Blue Candle","Ice Cream","Bird Faced Urn","HornCleat","Empty Cage","sneckomod:BabySnecko","Smiling Mask","Red Mask"],"acts_visited":["Exordium","TheCity"],"potions_floor_usage":[],"damage_taken":[{"damage":2,"enemies":"Jaw Worm","floor":1,"turns":4},{"damage":0,"enemies":"Cultist","floor":2,"turns":2},{"damage":19,"enemies":"Small Slimes","floor":5,"turns":2},{"damage":31,"enemies":"Gremlin Nob","floor":6,"turns":3},{"damage":21,"enemies":"3 Sentries","floor":8,"turns":7},{"damage":4,"enemies":"2 Fungi Beasts","floor":11,"turns":2},{"damage":8,"enemies":"Blue Slaver","floor":13,"turns":4},{"damage":10,"enemies":"3 Sentries","floor":14,"turns":4},{"damage":0,"enemies":"Hexaghost","floor":16,"turns":8},{"damage":25,"enemies":"2 Thieves","floor":18,"turns":4},{"damage":11,"enemies":"Masked Bandits","floor":22,"turns":3},{"damage":10,"enemies":"Shell Parasite","floor":24,"turns":4},{"damage":39,"enemies":"Book of Stabbing","floor":25,"turns":4}],"seed_played":"1266319382916594052","potions_obtained":[{"floor":2,"key":"Strength Potion"},{"floor":11,"key":"Ambrosia"},{"floor":13,"key":"ColorlessPotion"},{"floor":16,"key":"Regen Potion"}],"is_trial":false,"path_per_floor":["M","M","?","$","M","E","R","?","T","R","M","?","M","E","R","B",null,"M","$","?","?","?","R","M","E"],"character_chosen":"WATCHER","items_purchased":["MentalFortress","FlurryOfBlows","Violence"],"campfire_rested":3,"item_purchase_floors":[4,19,19],"current_hp_per_floor":[63,63,63,63,44,13,32,11,11,30,26,26,20,12,31,35,65,42,42,42,42,33,33,27,0,0],"gold":104,"neow_bonus":"ONE_RARE_RELIC","is_daily":false,"chose_seed":false,"campfire_upgraded":0,"win_rate":0.0,"timestamp":1611293182,"path_taken":["M","M","?","?","M","E","R","?","T","R","M","?","M","E","R","BOSS","M","$","?","?","?","R","M","E"],"items_purchased_type":["Card","Card","Card"],"build_version":"2020-12-22","purchased_purges":1,"victory":false,"max_hp_per_floor":[65,65,65,65,65,65,65,65,65,65,65,65,65,65,65,65,65,65,65,65,65,65,65,65,65,65],"card_choices":[{"not_picked":["CrushJoints","Crescendo"],"picked":"EmptyFist","floor":1},{"not_picked":["FollowUp","Evaluate"],"picked":"CrushJoints","floor":2},{"not_picked":["CrushJoints","EmptyFist"],"picked":"Tantrum","floor":5},{"not_picked":["Crescendo","Protect"],"picked":"BowlingBash","floor":6},{"not_picked":["CutThroughFate","FollowUp"],"picked":"Weave","floor":8},{"not_picked":["Crescendo","LikeWater"],"picked":"ClearTheMind","floor":11},{"not_picked":["InnerPeace","ForeignInfluence"],"picked":"Judgement","floor":13},{"not_picked":["EmptyFist","Fasting2"],"picked":"Wireheading","floor":14},{"not_picked":["DeusExMachina","Brilliance"],"picked":"Omniscience","floor":16},{"not_picked":["Crescendo","ClearTheMind+1"],"picked":"Prostrate+1","floor":18},{"not_picked":["JustLucky+1","ThirdEye+1"],"picked":"BowlingBash","floor":22},{"not_picked":["Evaluate+1","CutThroughFate+1"],"picked":"Ragnarok","floor":24}],"player_experience":333087,"relics_obtained":[{"floor":6,"key":"Blue Candle"},{"floor":8,"key":"Ice Cream"},{"floor":9,"key":"Bird Faced Urn"},{"floor":14,"key":"HornCleat"},{"floor":22,"key":"Red Mask"}],"event_choices":[{"damage_healed":0,"gold_gain":0,"player_choice":"Cursed","damage_taken":0,"max_hp_gain":0,"max_hp_loss":0,"event_name":"Wheel of Change","floor":3,"gold_loss":0,"cards_obtained":["Decay"]},{"damage_healed":0,"gold_gain":0,"player_choice":"Searched \u00271\u0027 times","damage_taken":0,"max_hp_gain":0,"max_hp_loss":0,"event_name":"Dead Adventurer","floor":8,"gold_loss":0},{"damage_healed":0,"gold_gain":0,"player_choice":"Grow","damage_taken":0,"max_hp_gain":0,"max_hp_loss":0,"event_name":"Living Wall","floor":12,"gold_loss":0,"cards_upgraded":["Eruption"]},{"damage_healed":0,"gold_gain":0,"player_choice":"Stole Relic","damage_taken":0,"relics_obtained":["Smiling Mask"],"max_hp_gain":0,"max_hp_loss":0,"event_name":"Addict","floor":21,"gold_loss":0,"cards_obtained":["Shame"]},{"damage_healed":0,"gold_gain":0,"player_choice":"Fought Bandits","damage_taken":0,"max_hp_gain":0,"max_hp_loss":0,"event_name":"Masked Bandits","floor":22,"gold_loss":0}],"is_beta":false,"boss_relics":[{"not_picked":["Busted Crown","Velvet Choker"],"picked":"Empty Cage"}],"items_purged_floors":[4],"is_endless":false,"potions_floor_spawned":[2,11,13,16,24],"killed_by":"Book of Stabbing","ascension_level":3}}