{"host":"hb254truj5uxpodn","time":1611352880,"event":{"mods":["2.2 Compatiblity","AchievementEnabler","Aspiration","BaseMod","Bestiary","Better Altar","Better Match","Better Note","Better Sensory Stone","Better Skull","Better Third Choice","Better Vampires","BetterRewards","CapriCore","Colored Map","Colored Powertips","Conspire","Dio Mod","Downfall","Energized Spire","Friendly Minions","GifTheSpireLib","Highlight Path","Hubris","Infinite Spire","Minty Spire (QoL Compilation)","Permanent Neow","Practice Mode","Quick Restart","Relic Stats","Replay The Spire","Shop Mod","Spicy Shops","StSLib","SuperFastMode","Uncapped","vexMod"],"gold_per_floor":[15,15,15,27,27,0,10,10,10,10,10,36,36,36,36,56,56,56,70,81,81,181,181,181,191,205,205,205,205,235,235,235,316,331,180,180,80,105,105,205,205,218,237,249,265,265,265,283,299,299,299,334,350,225,241,241,340,340,354,367,386,396,396,396,413,413,413,413,413,428,463,473,473,473,473,473,76,107,107],"floor_reached":80,"language":"ENG","playtime":10293,"items_purged":["conspire:GhostlyDefend","conspire:GhostlyStrike","conspire:GhostlyDefend","conspire:GhostlyStrike","conspire:GhostlyDefend"],"score":1398,"play_id":"6b6a5aa4-1c90-432e-9367-c08a72201dbb","local_time":"20210122140120","is_ascension_mode":false,"campfire_choices":[{"floor":13.0,"key":"RECALL"},{"data":"dioMod:SlashThroughTime","floor":18.0,"key":"SMITH"},{"floor":21.0,"key":"REST"},{"data":"dioMod:RoadRoller","floor":31,"key":"SMITH"},{"data":"infinitespire:Collect","floor":36,"key":"SMITH"},{"floor":39,"key":"REST"},{"data":"dioMod:HeavyLifting","floor":47,"key":"SMITH"},{"data":"dioMod:BloodTransfusion","floor":51,"key":"SMITH"},{"data":"dioMod:HeavyLifting","floor":56,"key":"SMITH"},{"data":"dioMod:DoubleTime","floor":64,"key":"SMITH"},{"data":"dioMod:GoldVial","floor":66,"key":"SMITH"},{"data":"dioMod:DoubleTime","floor":73,"key":"SMITH"},{"data":"dioMod:BloodSuck","floor":76,"key":"SMITH"}],"circlet_count":1,"master_deck":["conspire:GhostlyStrike+1","Bite","conspire:GhostlyDefend","dioMod:DisarmingVoice+1","dioMod:SlashThroughTime+1","dioMod:SecretPlan","dioMod:GoldVial+1","dioMod:LaserVision+1","infinitespire:Collect+1","dioMod:RoadRoller+1","Flash of Steel","dioMod:FlyAway","dioMod:DoubleTime+1","dioMod:Pluck","dioMod:HeavyLifting+1","dioMod:HeavyLifting+1","dioMod:Pluck","dioMod:BloodTransfusion+1","dioMod:HeavyLifting+1","dioMod:MudaMudaMuda","dioMod:HeavyLifting+1","dioMod:Freeze+1","dioMod:BloodSuck+1","dioMod:DoubleTime+1"],"relics":["dioMod:VampireBlood","Circlet","energizedSpire:OgreHead","aspiration:Nostalgia","infinitespire:DarkRift","ReplayTheSpireMod:Ring of Exchange","Ring of Panic","Shuriken","Singing Bowl","conspire:TopHat","Bronze Scales","Snack Pack","BranchBurnRelic","Lizard Tail","sneckomod:BlankCard","aspiration:PoetsPen","Strawberry","infinitespire:FocusingShard","Replay:Towering Pillar of Hats","ReplayTheSpireMod:Ninjato","vexMod:MemoryStick"],"acts_visited":["Exordium","Exordium","TheCity","Exordium","TheCity","TheBeyond","TheEnding"],"potions_floor_usage":[79],"damage_taken":[{"damage":0.0,"enemies":"conspire:RoseBush","floor":1.0,"turns":4.0},{"damage":1.0,"enemies":"Jaw Worm","floor":4.0,"turns":8.0},{"damage":0.0,"enemies":"2 Louse","floor":7.0,"turns":3.0},{"damage":71.0,"enemies":"3 Sentries","floor":12.0,"turns":14.0},{"damage":0.0,"enemies":"Cultist","floor":16.0,"turns":2.0},{"damage":7.0,"enemies":"Jaw Worm","floor":19.0,"turns":3.0},{"damage":20.0,"enemies":"Exordium Wildlife","floor":20.0,"turns":4.0},{"damage":94.0,"enemies":"Fading Forest","floor":22.0,"turns":11.0},{"damage":2.0,"enemies":"2 Louse","floor":25.0,"turns":3.0},{"damage":1.0,"enemies":"Cultist","floor":26.0,"turns":3.0},{"damage":22,"enemies":"Gremlin Nob","floor":30,"turns":4},{"damage":5,"enemies":"Small Slimes","floor":34,"turns":3},{"damage":9,"enemies":"3 Sentries","floor":38,"turns":4},{"damage":68,"enemies":"The Guardian","floor":40,"turns":9},{"damage":0,"enemies":"Chosen","floor":42,"turns":3},{"damage":21,"enemies":"3 Byrds","floor":43,"turns":3},{"damage":14,"enemies":"Centurion and Healer","floor":44,"turns":5},{"damage":39,"enemies":"Snake Plant","floor":45,"turns":3},{"damage":7,"enemies":"Snecko","floor":48,"turns":3},{"damage":34,"enemies":"Centurion and Healer","floor":49,"turns":6},{"damage":20,"enemies":"Gremlin Leader","floor":52,"turns":5},{"damage":32,"enemies":"Cultist and Chosen","floor":53,"turns":5},{"damage":21,"enemies":"Snecko","floor":55,"turns":5},{"damage":17,"enemies":"hubris:MusketHawk","floor":57,"turns":6},{"damage":63,"enemies":"3 Darklings","floor":59,"turns":3},{"damage":52,"enemies":"3 Shapes","floor":60,"turns":4},{"damage":26,"enemies":"Spire Growth","floor":61,"turns":3},{"damage":9,"enemies":"Maw","floor":62,"turns":4},{"damage":32,"enemies":"Transient","floor":65,"turns":5},{"damage":73,"enemies":"Jaw Worm Horde","floor":70,"turns":4},{"damage":27,"enemies":"Spire Growth","floor":72,"turns":4},{"damage":132,"enemies":"infinitespire:MassOfShapes","floor":74,"turns":4},{"damage":25,"enemies":"Shield and Spear","floor":78,"turns":3},{"damage":92,"enemies":"Kars","floor":79,"turns":7}],"seed_played":"9010706447838243409","potions_obtained":[{"floor":12.0,"key":"Fruit Juice"},{"floor":22.0,"key":"Toxic Potion"},{"floor":34,"key":"Guardian:BlockOnCardUsePotion"},{"floor":45,"key":"Swift Potion"},{"floor":55,"key":"FairyPotion"}],"is_trial":false,"path_per_floor":["M","?","?","M","?","E","M","?","?","$","?","E","R","?","T","M","$","R","M","M","R","B",null,"M","M","M","?","?","?","E","R","?","T","M","$","R","$","E","R","B",null,"M","M","M","M","?","R","M","M","T","R","E","M","$","M","R","B",null,"M","M","M","M","AVR","R","M","R","T","?","?","M","?","M","R","B",null,"R","$","E","B",null],"character_chosen":"THE_DEFAULT","items_purchased":["conspire:TopHat","ReplayTheSpireMod:Ninjato"],"campfire_rested":2,"item_purchase_floors":[35,77],"current_hp_per_floor":[89,89,89,89,89,105,105,98,105,105,105,60,60,60,60,67,67,67,76,66,99,47,110,110,110,110,110,88,61,63,63,63,63,73,73,73,73,75,108,95,110,112,101,114,93,93,93,114,104,104,104,114,116,116,118,118,120,120,117,103,112,122,129,129,131,131,131,131,134,113,115,120,120,104,136,136,136,138,103],"gold":107,"neow_bonus":"NOSTALGIA","is_daily":false,"chose_seed":false,"campfire_upgraded":10,"win_rate":0.0,"timestamp":1611352880,"path_taken":["M","?","?","?","?","E","M","?","?","?","?","E","R","?","T","?","$","R","M","M","R","BOSS","M","M","?","?","?","?","E","R","?","T","?","$","R","?","E","R","BOSS","M","?","M","M","?","R","?","M","T","R","E","M","$","M","R","BOSS","M","M","M","M","AVR","R","M","R","T","?","?","M","?","M","R","BOSS","R","$","E","BOSS"],"items_purchased_type":["Relic","Relic"],"build_version":"2020-12-22","purchased_purges":5,"victory":true,"max_hp_per_floor":[89,89,89,89,89,105,105,105,105,105,105,110,110,110,110,110,110,110,110,110,110,110,110,110,110,110,110,110,110,110,110,110,110,110,110,110,110,110,110,110,110,112,112,114,114,114,114,114,114,114,114,114,116,116,118,118,120,120,120,120,120,122,129,129,131,131,131,131,134,134,136,136,136,136,136,136,136,138,138],"relic_stats":{"Lizard Tail":0,"Singing Bowl":18,"counters":[36,187],"Shuriken":[66],"Bronze Scales":[327],"obtain_stats":[{"ReplayTheSpireMod:Ring of Exchange":27,"vexMod:MemoryStick":78,"ReplayTheSpireMod:Ninjato":77,"Singing Bowl":33,"Replay:Towering Pillar of Hats":71,"aspiration:Nostalgia":24,"Dead Branch":12,"sneckomod:BlankCard":52,"Circlet":0,"infinitespire:FocusingShard":67,"energizedSpire:OgreHead":23,"conspire:TopHat":35,"BranchBurnRelic":18,"infinitespire:DarkRift":24,"Lizard Tail":50,"aspiration:PoetsPen":58,"dioMod:VampireBlood":0,"Shuriken":30,"Bronze Scales":38,"Strawberry":63,"Snack Pack":46,"Ring of Panic":27},{"ReplayTheSpireMod:Ring of Exchange":12,"vexMod:MemoryStick":35,"ReplayTheSpireMod:Ninjato":34,"Singing Bowl":13,"Replay:Towering Pillar of Hats":32,"aspiration:Nostalgia":10,"Dead Branch":5,"sneckomod:BlankCard":23,"Circlet":0,"infinitespire:FocusingShard":31,"energizedSpire:OgreHead":9,"conspire:TopHat":14,"BranchBurnRelic":6,"infinitespire:DarkRift":10,"Lizard Tail":22,"aspiration:PoetsPen":26,"dioMod:VampireBlood":0,"Shuriken":13,"Bronze Scales":15,"Strawberry":30,"Snack Pack":20,"Ring of Panic":12},{"ReplayTheSpireMod:Ring of Exchange":82,"vexMod:MemoryStick":180,"ReplayTheSpireMod:Ninjato":177,"Singing Bowl":86,"Replay:Towering Pillar of Hats":169,"aspiration:Nostalgia":76,"Dead Branch":43,"sneckomod:BlankCard":130,"Circlet":0,"infinitespire:FocusingShard":165,"energizedSpire:OgreHead":63,"conspire:TopHat":89,"BranchBurnRelic":45,"infinitespire:DarkRift":76,"Lizard Tail":125,"aspiration:PoetsPen":146,"dioMod:VampireBlood":0,"Shuriken":86,"Bronze Scales":93,"Strawberry":160,"Snack Pack":116,"Ring of Panic":82}]},"card_choices":[{"not_picked":["dioMod:DoubleTime","dioMod:DaggerToss"],"picked":"dioMod:DisarmingVoice","floor":1.0},{"not_picked":["dioMod:ComposedMuda","dioMod:DisarmingVoice","dioMod:CutDeep"],"picked":"SKIP","floor":4.0},{"not_picked":["dioMod:DarkRebirth","dioMod:TripleThreat"],"picked":"dioMod:SlashThroughTime","floor":7.0},{"not_picked":["dioMod:Donut","dioMod:Muda"],"picked":"dioMod:SecretPlan","floor":12.0},{"not_picked":["dioMod:Hiss","dioMod:VengefulMuda","dioMod:TripleThreat"],"picked":"SKIP","floor":16.0},{"not_picked":["dioMod:Hiss","dioMod:SadisticLaugh","dioMod:StreetSign"],"picked":"SKIP","floor":19.0},{"not_picked":["dioMod:GoodbyeJojo","dioMod:DominatingPresence","dioMod:FlyAway"],"picked":"SKIP","floor":20.0},{"not_picked":["dioMod:SevenPageMuda","dioMod:KonoDioDa"],"picked":"dioMod:GoldVial","floor":22.0},{"not_picked":["dioMod:StreetSign","dioMod:Muda","dioMod:WRYYY"],"picked":"SKIP","floor":25.0},{"not_picked":["dioMod:BlendIn","dioMod:CutDeep"],"picked":"dioMod:LaserVision","floor":26.0},{"not_picked":["infinitespire:Fortify","ReplayTheSpireMod:Echoes of Time"],"picked":"infinitespire:Collect","floor":29},{"not_picked":["dioMod:RoadRoller","dioMod:Despair","dioMod:DisarmingVoice"],"picked":"SKIP","floor":30},{"not_picked":["dioMod:Despair","dioMod:DisarmingVoice"],"picked":"dioMod:RoadRoller","floor":30},{"not_picked":["Specialist","PanicButton"],"picked":"Flash of Steel","floor":32},{"not_picked":["dioMod:GoodbyeJojo","dioMod:DarkRebirth"],"picked":"dioMod:FlyAway","floor":34},{"not_picked":["dioMod:SecretPlan","dioMod:DaggerToss"],"picked":"dioMod:DoubleTime","floor":38},{"not_picked":["dioMod:Despair","dioMod:SevenPageMuda"],"picked":"dioMod:Pluck","floor":40},{"not_picked":["dioMod:Minions","dioMod:Roundabout","dioMod:ComposedMuda"],"picked":"Singing Bowl","floor":42},{"not_picked":["dioMod:SecretPlan+1","dioMod:TripleThreat"],"picked":"dioMod:HeavyLifting+1","floor":43},{"not_picked":["dioMod:FlyAway+1","dioMod:CoffinBath","dioMod:TripleThreat"],"picked":"Singing Bowl","floor":44},{"not_picked":["dioMod:VengefulMuda","dioMod:Hiss"],"picked":"dioMod:HeavyLifting","floor":45},{"not_picked":["dioMod:TripleThreat+1","dioMod:Hiss"],"picked":"dioMod:Pluck","floor":48},{"not_picked":["dioMod:StreetSign","dioMod:Donut"],"picked":"dioMod:BloodTransfusion","floor":49},{"not_picked":["dioMod:SadisticLaugh","dioMod:VengefulMuda"],"picked":"dioMod:HeavyLifting","floor":52},{"not_picked":["dioMod:Minions+1","dioMod:ComposedMuda","dioMod:LaserVision+1"],"picked":"Singing Bowl","floor":53},{"not_picked":["dioMod:StreetSign+1","dioMod:Hiss","dioMod:TripleThreat"],"picked":"Singing Bowl","floor":55},{"not_picked":["dioMod:Regeneration","dioMod:Despair","dioMod:Refresh"],"picked":"Singing Bowl","floor":57},{"not_picked":["dioMod:BloodSuck+1","dioMod:CoffinBath"],"picked":"dioMod:MudaMudaMuda","floor":59},{"not_picked":["dioMod:LaserVision","dioMod:Roundabout+1"],"picked":"dioMod:HeavyLifting+1","floor":60},{"not_picked":["dioMod:CautiousMuda+1","dioMod:SecretPlan"],"picked":"dioMod:Freeze+1","floor":61},{"not_picked":["dioMod:BloodSplash+1","dioMod:DisarmingVoice","dioMod:LaserVision+1"],"picked":"Singing Bowl","floor":62},{"not_picked":["dioMod:FlyAway","dioMod:VengefulMuda","dioMod:BloodShield"],"picked":"Singing Bowl","floor":65},{"not_picked":["dioMod:WRYYY","dioMod:FlyAway+1"],"picked":"dioMod:BloodSuck","floor":70},{"not_picked":["dioMod:BlendIn+1","dioMod:SadisticLaugh","dioMod:ComposedMuda+1"],"picked":"Singing Bowl","floor":71},{"not_picked":["dioMod:CautiousMuda","dioMod:Muda"],"picked":"dioMod:DoubleTime","floor":72},{"not_picked":["dioMod:StreetSign+1","dioMod:ComboFever+1","dioMod:DisarmingVoice"],"picked":"Singing Bowl","floor":78}],"player_experience":1081463,"relics_obtained":[{"floor":12.0,"key":"Dead Branch"},{"floor":27.0,"key":"ReplayTheSpireMod:Ring of Exchange"},{"floor":27.0,"key":"Ring of Panic"},{"floor":30,"key":"Shuriken"},{"floor":33,"key":"Singing Bowl"},{"floor":38,"key":"Bronze Scales"},{"floor":50,"key":"Lizard Tail"},{"floor":52,"key":"sneckomod:BlankCard"},{"floor":67,"key":"infinitespire:FocusingShard"},{"floor":71,"key":"Replay:Towering Pillar of Hats"},{"floor":78,"key":"vexMod:MemoryStick"}],"event_choices":[{"damage_healed":0.0,"max_hp_gain":0.0,"max_hp_loss":0.0,"gold_gain":0.0,"event_name":"Upgrade Shrine","player_choice":"Upgraded","floor":3.0,"gold_loss":0.0,"damage_taken":0.0,"cards_upgraded":["dioMod:DisarmingVoice"]},{"damage_healed":0.0,"max_hp_gain":0.0,"max_hp_loss":0.0,"gold_gain":0.0,"event_name":"conspire:Investor","player_choice":"Leave","floor":5.0,"gold_loss":0.0,"damage_taken":0.0},{"cards_removed":["dioMod:Strike"],"damage_healed":0.0,"max_hp_gain":0.0,"max_hp_loss":0.0,"gold_gain":0.0,"event_name":"Golden Wing","player_choice":"Card Removal","floor":8.0,"gold_loss":0.0,"damage_taken":7.0},{"damage_healed":0.0,"max_hp_gain":0.0,"max_hp_loss":0.0,"gold_gain":0.0,"event_name":"conspire:LoneGhost","player_choice":"Agree","floor":11.0,"gold_loss":0.0,"damage_taken":0.0},{"damage_healed":0.0,"max_hp_gain":0.0,"max_hp_loss":0.0,"gold_gain":0.0,"event_name":"betterThird:BetterSerpent","player_choice":"Ignored","floor":14.0,"gold_loss":0.0,"damage_taken":36.0},{"damage_healed":110,"gold_gain":0,"player_choice":"Upgrade","damage_taken":22,"max_hp_gain":0,"max_hp_loss":110,"event_name":"betterThird:BetterShining","floor":28,"gold_loss":0,"cards_upgraded":["dioMod:LaserVision","conspire:GhostlyStrike"]},{"damage_healed":0,"gold_gain":1,"player_choice":"1","damage_taken":0,"max_hp_gain":0,"max_hp_loss":0,"event_name":"betterStone:BetterStone","floor":32,"gold_loss":0},{"damage_healed":0,"gold_gain":0,"player_choice":"Gave Potion","damage_taken":0,"relics_obtained":["Snack Pack"],"max_hp_gain":0,"max_hp_loss":0,"event_name":"WeMeetAgain","floor":46,"gold_loss":0}],"is_beta":false,"boss_relics":[{"not_picked":["aspiration:RandomNobGenerator","Black Star"],"picked":"energizedSpire:OgreHead"},{"not_picked":["energizedSpire:SpiderWeb","PrismaticShard","aspiration:RunicSpoon"]},{"not_picked":["sneckomod:SneckoTalon","energizedSpire:StickyHand"],"picked":"aspiration:PoetsPen"}],"items_purged_floors":[35,37,54,63,77],"is_endless":false,"potions_floor_spawned":[12,22,34,38,44,45,49,55,57,60,70,72],"ascension_level":0}}