{"host":"4kmvpqjeiacgn1pr","time":1611284712,"event":{"mods":["AchievementEnabler","BaseMod","Better Altar","Better Match","Better Note","Better Sensory Stone","Better Skull","Better Third Choice","Colored Map","Colored Powertips","Highlight Path","Minty Spire (QoL Compilation)","Permanent Neow","Rare Cards Sparkle","Spicy Shops","StSLib"],"gold_per_floor":[110,110,127,3,0,28,47,47,47,78,92,92,107,120,120,224,224,236,236,236,236,236,270,288,288,360,380,380,1,1,33,33,129,129,144,144,156,206,206,206,233,233,286,52,87,87,114,139,139,139,139,148,31,66,66,66],"floor_reached":55,"language":"ENG","playtime":4014,"items_purged":["Strike_G","Strike_G"],"score":1363,"play_id":"911072b9-93a6-4b6a-8836-51cecb3355c1","local_time":"20210121220512","is_ascension_mode":true,"campfire_choices":[{"floor":12,"key":"REST"},{"floor":15,"key":"REST"},{"floor":25,"key":"REST"},{"data":"Accuracy","floor":32,"key":"SMITH"},{"floor":40,"key":"REST"},{"floor":42,"key":"REST"},{"floor":46,"key":"REST"},{"floor":49,"key":"RECALL"},{"floor":52,"key":"REST"}],"circlet_count":0,"master_deck":["Strike_G","Strike_G","Defend_G","Defend_G","Defend_G","Survivor","Neutralize","Blade Dance","Apotheosis+1","Dagger Throw","Riddle With Holes","Bullet Time+1","Finisher","Concentrate+1","Blade Dance+1","Terror+1","Distraction+1","Corpse Explosion+1","Reflex+1","Insight+1","Jack Of All Trades+1","Thinking Ahead+1","Acrobatics+1","Backflip+1","Outmaneuver+1","Accuracy+1","All Out Attack","Flash of Steel","Well Laid Plans","Storm of Steel+1","CurseOfTheBell","Burst+1","Night Terror+1","Backstab+1","Double Energy+1","Consecrate","Metamorphosis+1","Underhanded Strike","Fusion+1"],"relics":["Ring of the Snake","Dream Catcher","Ornamental Fan","betterThird:SlimedRelic","Mercury Hourglass","Toxic Egg 2","Anchor","FossilizedHelix","Empty Cage","MutagenicStrength","GremlinMask","Toy Ornithopter","Pear","Kunai","TwistedFunnel","PreservedInsect","Centennial Puzzle","Calling Bell","Vajra","Darkstone Periapt","WingedGreaves","Turnip","Bottled Lightning","PrismaticShard","OrangePellets","The Specimen","Prayer Wheel","CeramicFish","White Beast Statue"],"acts_visited":["Exordium","TheCity","TheBeyond","TheEnding"],"potions_floor_usage":[6,14,18,27,41,47,50,50,55],"damage_taken":[{"damage":1,"enemies":"Cultist","floor":1,"turns":4},{"damage":2,"enemies":"Jaw Worm","floor":3,"turns":4},{"damage":9,"enemies":"3 Sentries","floor":6,"turns":12},{"damage":0,"enemies":"2 Louse","floor":7,"turns":2},{"damage":0,"enemies":"Gremlin Nob","floor":10,"turns":4},{"damage":0,"enemies":"Lots of Slimes","floor":11,"turns":3},{"damage":0,"enemies":"Large Slime","floor":13,"turns":5},{"damage":0,"enemies":"3 Louse","floor":14,"turns":2},{"damage":30,"enemies":"Hexaghost","floor":16,"turns":6},{"damage":0,"enemies":"3 Byrds","floor":18,"turns":2},{"damage":7,"enemies":"Book of Stabbing","floor":23,"turns":4},{"damage":0,"enemies":"Spheric Guardian","floor":24,"turns":3},{"damage":0,"enemies":"Shelled Parasite and Fungi","floor":27,"turns":3},{"damage":0,"enemies":"Gremlin Leader","floor":31,"turns":3},{"damage":0,"enemies":"Champ","floor":33,"turns":6},{"damage":0,"enemies":"3 Shapes","floor":35,"turns":2},{"damage":16,"enemies":"3 Darklings","floor":37,"turns":4},{"damage":0,"enemies":"Mind Bloom Boss Battle","floor":38,"turns":5},{"damage":6,"enemies":"Nemesis","floor":41,"turns":5},{"damage":0,"enemies":"Giant Head","floor":45,"turns":5},{"damage":14,"enemies":"Nemesis","floor":47,"turns":5},{"damage":9,"enemies":"Giant Head","floor":48,"turns":6},{"damage":58,"enemies":"Awakened One","floor":50,"turns":8},{"damage":2,"enemies":"Shield and Spear","floor":54,"turns":5},{"damage":80,"enemies":"The Heart","floor":55,"turns":6}],"seed_played":"-3946310846587090047","potions_obtained":[{"floor":3,"key":"SkillPotion"},{"floor":10,"key":"SpeedPotion"},{"floor":16,"key":"Energy Potion"},{"floor":23,"key":"Strength Potion"},{"floor":27,"key":"SpeedPotion"},{"floor":31,"key":"Poison Potion"},{"floor":37,"key":"ColorlessPotion"},{"floor":38,"key":"GhostInAJar"},{"floor":48,"key":"Ancient Potion"},{"floor":54,"key":"Dexterity Potion"}],"is_trial":false,"path_per_floor":["M","?","M","$","?","E","M","?","T","E","M","R","M","M","R","B",null,"M","?","?","?","?","E","M","R","T","M","?","$","T","E","R","B",null,"M","?","M","?","?","R","E","R","T","$","E","R","E","E","R","B",null,"R","$","E","B"],"character_chosen":"THE_SILENT","items_purchased":["Ornamental Fan","TwistedFunnel","All Out Attack","Flash of Steel","PrismaticShard","OrangePellets","Underhanded Strike"],"campfire_rested":7,"item_purchase_floors":[4,29,29,29,44,44,53],"current_hp_per_floor":[62,62,60,60,49,40,40,40,40,40,40,61,61,61,70,40,63,63,63,63,63,63,56,56,70,80,80,80,80,80,80,80,80,80,80,80,64,64,64,80,74,80,80,80,80,80,66,57,57,9,62,80,80,78,0,0],"gold":66,"neow_bonus":"RANDOM_COMMON_RELIC","is_daily":false,"chose_seed":false,"campfire_upgraded":1,"win_rate":0.0,"timestamp":1611284712,"path_taken":["M","?","M","?","?","E","M","?","T","E","?","R","M","M","R","BOSS","M","?","?","?","?","E","M","R","T","?","?","?","?","E","R","BOSS","M","?","?","?","?","R","E","R","T","$","E","R","E","E","R","BOSS","R","$","E","BOSS"],"items_purchased_type":["Relic","Relic","Card","Card","Relic","Relic","Card"],"build_version":"2020-12-22","purchased_purges":2,"victory":false,"max_hp_per_floor":[70,70,70,70,70,70,70,70,70,70,70,70,70,70,70,70,70,70,70,70,70,70,70,70,70,80,80,80,80,80,80,80,80,80,80,80,80,80,80,80,80,80,80,80,80,80,80,80,80,80,80,80,80,80,80,80],"card_choices":[{"not_picked":["Quick Slash","Eviscerate"],"picked":"Blade Dance","floor":1},{"not_picked":["Flying Knee","Deflect"],"picked":"Dagger Throw","floor":3},{"not_picked":["Bane","PiercingWail"],"picked":"Terror","floor":6},{"not_picked":["Bane","Noxious Fumes"],"picked":"Riddle With Holes","floor":7},{"not_picked":["Backflip+1","Tactician+1"],"picked":"Bullet Time+1","floor":10},{"not_picked":["Sucker Punch","Dagger Spray"],"picked":"Finisher","floor":11},{"not_picked":["Poisoned Stab","Flying Knee"],"picked":"Concentrate+1","floor":12},{"not_picked":["Riddle With Holes","Sucker Punch"],"picked":"Blade Dance+1","floor":13},{"not_picked":["Blade Dance+1","Footwork"],"picked":"Terror+1","floor":14},{"not_picked":["Prepared+1","Deflect+1"],"picked":"Distraction+1","floor":15},{"not_picked":["Burst+1","After Image"],"picked":"Corpse Explosion+1","floor":16},{"not_picked":["Endless Agony","Flying Knee"],"picked":"Reflex+1","floor":18},{"not_picked":["Apotheosis+1","Flash of Steel"],"picked":"Jack Of All Trades+1","floor":20},{"not_picked":["Good Instincts+1","Trip+1"],"picked":"Thinking Ahead+1","floor":20},{"not_picked":["Dodge and Roll+1","PiercingWail+1"],"picked":"Acrobatics+1","floor":23},{"not_picked":["Dagger Spray","Deflect+1"],"picked":"Backflip+1","floor":24},{"not_picked":["Blur+1","Skewer"],"picked":"Outmaneuver+1","floor":25},{"not_picked":["Outmaneuver+1","Noxious Fumes+1"],"picked":"Accuracy","floor":27},{"not_picked":["Sucker Punch","Acrobatics+1"],"picked":"Well Laid Plans","floor":31},{"not_picked":["Tools of the Trade","Corpse Explosion+1"],"picked":"Storm of Steel+1","floor":33},{"not_picked":["Dagger Throw","Catalyst+1"],"picked":"Burst+1","floor":35},{"not_picked":["Leg Sweep+1","Backflip+1","Prepared+1"],"picked":"SKIP","floor":37},{"not_picked":["Slice","Riddle With Holes+1"],"picked":"Night Terror+1","floor":41},{"not_picked":["Deadly Poison+1","Dodge and Roll+1"],"picked":"Backstab+1","floor":42},{"not_picked":["Clash","Stack+1"],"picked":"Double Energy+1","floor":45},{"not_picked":["Caltrops+1","Clothesline+1"],"picked":"Consecrate","floor":46},{"not_picked":["FlurryOfBlows+1","Heavy Blade","CrushJoints+1"],"picked":"SKIP","floor":47},{"not_picked":["Tantrum","Blizzard","DeceiveReality+1"],"picked":"SKIP","floor":48},{"not_picked":["Cleave+1","Worship+1"],"picked":"Metamorphosis+1","floor":52},{"not_picked":["Rage+1","Thunderclap"],"picked":"Fusion+1","floor":54}],"player_experience":329940,"relics_obtained":[{"floor":6,"key":"Mercury Hourglass"},{"floor":9,"key":"Anchor"},{"floor":10,"key":"FossilizedHelix"},{"floor":23,"key":"Toy Ornithopter"},{"floor":26,"key":"Pear"},{"floor":30,"key":"PreservedInsect"},{"floor":31,"key":"Centennial Puzzle"},{"floor":34,"key":"Vajra"},{"floor":34,"key":"Darkstone Periapt"},{"floor":34,"key":"WingedGreaves"},{"floor":38,"key":"Turnip"},{"floor":41,"key":"Bottled Lightning"},{"floor":45,"key":"The Specimen"},{"floor":47,"key":"Prayer Wheel"},{"floor":48,"key":"CeramicFish"},{"floor":54,"key":"White Beast Statue"}],"event_choices":[{"damage_healed":62,"gold_gain":0,"player_choice":"Embrace","damage_taken":0,"max_hp_gain":0,"max_hp_loss":70,"event_name":"betterThird:BetterShining","floor":2,"gold_loss":1},{"damage_healed":0,"gold_gain":0,"player_choice":"Slimed","damage_taken":11,"max_hp_gain":0,"max_hp_loss":0,"event_name":"betterThird:BetterGoop","floor":5,"gold_loss":3},{"cards_removed":["Terror"],"damage_healed":0,"gold_gain":0,"player_choice":"Gave Card","damage_taken":0,"relics_obtained":["Toxic Egg 2"],"max_hp_gain":0,"max_hp_loss":0,"event_name":"WeMeetAgain","floor":8,"gold_loss":0},{"damage_healed":0,"gold_gain":0,"player_choice":"Insight","damage_taken":0,"max_hp_gain":0,"max_hp_loss":0,"event_name":"betterThird:BetterWriting","floor":19,"gold_loss":0,"cards_obtained":["Insight"]},{"damage_healed":0,"gold_gain":2,"player_choice":"1","damage_taken":0,"max_hp_gain":0,"max_hp_loss":0,"event_name":"betterStone:BetterStone","floor":20,"gold_loss":0},{"damage_healed":0,"gold_gain":0,"player_choice":"Inject Mutagens","damage_taken":0,"relics_obtained":["MutagenicStrength"],"max_hp_gain":0,"max_hp_loss":0,"event_name":"Drug Dealer","floor":21,"gold_loss":0},{"damage_healed":0,"gold_gain":0,"player_choice":"Trade","damage_taken":0,"relics_obtained":["GremlinMask"],"max_hp_gain":0,"max_hp_loss":0,"event_name":"FaceTrader","floor":22,"gold_loss":0},{"damage_healed":0,"gold_gain":0,"player_choice":"Opened","damage_taken":0,"relics_obtained":["Kunai"],"max_hp_gain":0,"max_hp_loss":0,"event_name":"The Mausoleum","floor":28,"gold_loss":0},{"damage_healed":0,"gold_gain":0,"player_choice":"Bought 0 Potions","damage_taken":0,"max_hp_gain":0,"max_hp_loss":0,"event_name":"The Woman in Blue","floor":36,"gold_loss":0},{"damage_healed":0,"gold_gain":0,"player_choice":"Fight","damage_taken":0,"max_hp_gain":0,"max_hp_loss":0,"event_name":"MindBloom","floor":38,"gold_loss":0},{"cards_removed":["Defend_G"],"damage_healed":0,"gold_gain":0,"player_choice":"Removed Skill","damage_taken":0,"max_hp_gain":0,"max_hp_loss":0,"event_name":"Falling","floor":39,"gold_loss":0}],"is_beta":false,"boss_relics":[{"not_picked":["Snecko Eye","Busted Crown"],"picked":"Empty Cage"},{"not_picked":["HoveringKite","Velvet Choker"],"picked":"Calling Bell"}],"items_purged_floors":[29,53],"is_endless":false,"potions_floor_spawned":[3,10,16,23,27,31,37,38,48,54],"killed_by":"The Heart","ascension_level":8}}