{"host":"2q4w55ev63ot6isg","time":1611346687,"event":{"mods":["Aspiration","BaseMod","Downfall","Hubris","Marisa????????","Minty Spire (QoL Compilation)","Replay The Spire","StSLib","The Cursed","The Jungle","The Servant 0.9.4"],"gold_per_floor":[116,116,116,66,66,66,80,114,114,126,143,159,173,186,186,186,186],"floor_reached":16,"language":"ENG","playtime":635,"items_purged":[],"score":104,"play_id":"c2426f87-0ea5-4703-81b0-156ed1044bf2","local_time":"20210122121807","is_ascension_mode":false,"campfire_choices":[{"data":"Evaluate","floor":6,"key":"SMITH"},{"data":"Ragnarok","floor":15,"key":"SMITH"}],"circlet_count":0,"master_deck":["Strike_P","Strike_P","Defend_P","Defend_P","Eruption","Vigilance","Evaluate+1","ForeignInfluence","Steam","Evaluate","Ragnarok+1","Collect","Sanctity"],"relics":["PureWater","White Beast Statue","Snack Pack","Incense Burner"],"acts_visited":["Exordium"],"potions_floor_usage":[10,11,16,16,16],"damage_taken":[{"damage":1,"enemies":"Jaw Worm","floor":1,"turns":7},{"damage":0,"enemies":"2 Louse","floor":7,"turns":2},{"damage":29,"enemies":"3 Sentries","floor":8,"turns":16},{"damage":0,"enemies":"Small Slimes","floor":10,"turns":1},{"damage":0,"enemies":"Looter","floor":11,"turns":2},{"damage":0,"enemies":"Blue Slaver","floor":12,"turns":2},{"damage":0,"enemies":"2 Fungi Beasts","floor":13,"turns":3},{"damage":0,"enemies":"Large Slime","floor":14,"turns":3},{"damage":25,"enemies":"Slime Boss","floor":16,"turns":3}],"seed_played":"-8903712891749766059","potions_obtained":[{"floor":1,"key":"bronze:BurnAndBuffPotion"},{"floor":7,"key":"bronze:BurnAndBuffPotion"},{"floor":8,"key":"bronze:BurnAndBuffPotion"},{"floor":10,"key":"Doom Potion"},{"floor":11,"key":"sneckomod:MuddlingPotion"},{"floor":12,"key":"DuplicationPotion"},{"floor":13,"key":"Dexterity Potion"}],"is_trial":false,"path_per_floor":["M","?","?","?","?","R","M","E","T","M","M","M","M","M","R","B"],"character_chosen":"WATCHER","items_purchased":[],"campfire_rested":0,"item_purchase_floors":[],"current_hp_per_floor":[78,78,53,53,46,46,46,17,17,17,17,17,19,19,19,0,0],"gold":186,"neow_bonus":"TEN_PERCENT_HP_BONUS","is_daily":false,"chose_seed":false,"campfire_upgraded":2,"win_rate":0.0,"timestamp":1611346687,"path_taken":["M","?","?","?","?","R","M","E","T","M","M","?","M","M","R","BOSS"],"items_purchased_type":[],"build_version":"2020-12-22","purchased_purges":0,"victory":false,"max_hp_per_floor":[79,79,79,79,79,79,79,79,79,79,79,79,79,79,79,79,79],"card_choices":[{"not_picked":["DeceiveReality","Study"],"picked":"Evaluate","floor":1},{"not_picked":["CrushJoints","ClearTheMind"],"picked":"Evaluate","floor":7},{"not_picked":["Protect","Consecrate"],"picked":"Ragnarok","floor":8},{"not_picked":["FollowUp","Adaptation","BowlingBash"],"picked":"SKIP","floor":10},{"not_picked":["Adaptation","Replay:ManipulateFuture","FlyingSleeves"],"picked":"SKIP","floor":11},{"not_picked":["TalkToTheHand","Halt"],"picked":"Collect","floor":12},{"not_picked":["CarveReality","PathToVictory","EmptyFist"],"picked":"SKIP","floor":13},{"not_picked":["Protect","FlyingSleeves"],"picked":"Sanctity","floor":14}],"player_experience":146596,"relics_obtained":[{"floor":8,"key":"Snack Pack"},{"floor":9,"key":"Incense Burner"}],"event_choices":[{"damage_healed":0,"gold_gain":0,"player_choice":"Success","damage_taken":25,"relics_obtained":["White Beast Statue"],"max_hp_gain":0,"max_hp_loss":0,"event_name":"Scrap Ooze","floor":3,"gold_loss":0},{"cards_removed":["Strike_P"],"damage_healed":0,"gold_gain":0,"player_choice":"Card Removal","damage_taken":0,"max_hp_gain":0,"max_hp_loss":0,"event_name":"The Cleric","floor":4,"gold_loss":50},{"cards_removed":["Defend_P"],"damage_healed":0,"gold_gain":0,"player_choice":"Card Removal","damage_taken":7,"max_hp_gain":0,"max_hp_loss":0,"event_name":"Golden Wing","floor":5,"gold_loss":0}],"is_beta":false,"boss_relics":[],"items_purged_floors":[],"is_endless":false,"potions_floor_spawned":[1,7,8,10,11,12,13,14],"killed_by":"Slime Boss","ascension_level":0}}