{"host":"rylkjufw9dlhr07b","time":1611334472,"event":{"mods":["AchievementEnabler","BaseMod","Better Note","BetterRewards","Hubris","Minty Spire (QoL Compilation)","Quick Restart","StSLib"],"gold_per_floor":[110,170,188,188,199,199,124,156,204,237,237,251,251,266,266,344,344,364,364,391,410,424,424,449,463,489,508,205,230,250,47,56,143,143,162,187,471,498,498,507,530,430,430,449,62,91,128,161,170,170,170],"floor_reached":50,"language":"FRA","playtime":3520,"items_purged":["Pain","Regret"],"score":1348,"play_id":"ffedcef5-3821-4c73-858f-94ffdcb1a9a6","local_time":"20210122175432","is_ascension_mode":true,"campfire_choices":[{"floor":6,"key":"REST"},{"floor":11,"key":"REST"},{"floor":15,"key":"REST"},{"floor":23,"key":"REST"},{"floor":32,"key":"REST"},{"floor":40,"key":"REST"},{"floor":49,"key":"REST"}],"circlet_count":0,"master_deck":["AscendersBane","Strike_R","Strike_R","Strike_R","Strike_R","Strike_R","Defend_R","Defend_R+1","Defend_R","Defend_R","Bash","Apotheosis","Metallicize","Pummel+1","Clothesline","Shrug It Off","Flame Barrier","Cleave","Clothesline","Clothesline","Immolate","Carnage","Iron Wave","Disarm","hubris:StunningStrike","hubris:CleavingFinish","Infernal Blade","Flame Barrier+1","Heavy Blade+1","True Grit","Metallicize","Demon Form","Cleave","Shrug It Off","Whirlwind","Sword Boomerang+1","Bandage Up","Metallicize","Flex","Clash","Parasite","Uppercut","Disarm"],"relics":["Burning Blood","ClockworkSouvenir","Boot","Anchor","PreservedInsect","WarpedTongs","hubris:RunicObelisk","Smiling Mask","Oddly Smooth Stone","Red Skull","CeramicFish","Dream Catcher","Vajra","hubris:Backtick","hubris:OldNail","hubris:Zylophone","Letter Opener","Ancient Tea Set","Regal Pillow"],"acts_visited":["Exordium","TheCity","TheBeyond"],"potions_floor_usage":[8,16,16,23,24,24,27,39,44,46,47,47,50],"damage_taken":[{"damage":5,"enemies":"Jaw Worm","floor":1,"turns":5},{"damage":0,"enemies":"Small Slimes","floor":3,"turns":5},{"damage":0,"enemies":"2 Louse","floor":5,"turns":4},{"damage":3,"enemies":"Lagavulin","floor":8,"turns":8},{"damage":31,"enemies":"3 Sentries","floor":10,"turns":11},{"damage":13,"enemies":"Exordium Thugs","floor":12,"turns":5},{"damage":11,"enemies":"Red Slaver","floor":14,"turns":3},{"damage":70,"enemies":"Slime Boss","floor":16,"turns":16},{"damage":3,"enemies":"Chosen","floor":18,"turns":4},{"damage":0,"enemies":"3 Byrds","floor":21,"turns":2},{"damage":29,"enemies":"Shelled Parasite and Fungi","floor":22,"turns":8},{"damage":9,"enemies":"Book of Stabbing","floor":24,"turns":4},{"damage":8,"enemies":"Centurion and Healer","floor":25,"turns":8},{"damage":35,"enemies":"3 Cultists","floor":27,"turns":5},{"damage":3,"enemies":"Snake Plant","floor":29,"turns":4},{"damage":18,"enemies":"Sentry and Sphere","floor":30,"turns":5},{"damage":28,"enemies":"hubris:MusketHawk","floor":33,"turns":9},{"damage":32,"enemies":"3 Shapes","floor":35,"turns":8},{"damage":0,"enemies":"Mind Bloom Boss Battle","floor":36,"turns":5},{"damage":6,"enemies":"Orb Walker","floor":38,"turns":4},{"damage":0,"enemies":"Jaw Worm Horde","floor":39,"turns":1},{"damage":40,"enemies":"4 Shapes","floor":41,"turns":5},{"damage":12,"enemies":"Maw","floor":44,"turns":5},{"damage":0,"enemies":"3 Darklings","floor":46,"turns":3},{"damage":0,"enemies":"Giant Head","floor":47,"turns":5},{"damage":15,"enemies":"Writhing Mass","floor":48,"turns":5},{"damage":92,"enemies":"Donu and Deca","floor":50,"turns":6}],"seed_played":"-4260653601575842544","potions_obtained":[{"floor":1,"key":"Weak Potion"},{"floor":10,"key":"BloodPotion"},{"floor":12,"key":"ElixirPotion"},{"floor":22,"key":"EntropicBrew"},{"floor":24,"key":"BlessingOfTheForge"},{"floor":29,"key":"ElixirPotion"},{"floor":30,"key":"SmokeBomb"},{"floor":38,"key":"PowerPotion"},{"floor":41,"key":"Fruit Juice"},{"floor":44,"key":"Strength Potion"},{"floor":46,"key":"SkillPotion"},{"floor":48,"key":"Explosive Potion"}],"is_trial":false,"path_per_floor":["M","?","M","?","M","R","?","E","T","E","R","M","?","M","R","B",null,"M","T","T","M","M","R","E","M","T","M","$","M","M","$","R","B",null,"M","?","?","M","M","R","M","NS","T","M","$","M","E","M","R","B"],"character_chosen":"IRONCLAD","items_purchased":["Apotheosis","Metallicize","ClockworkSouvenir","Pummel","Clothesline","Dream Catcher","Infernal Blade","Vajra","True Grit","Bandage Up","Metallicize","Ancient Tea Set"],"campfire_rested":7,"item_purchase_floors":[0,0,0,0,0,28,28,31,31,45,45,45],"current_hp_per_floor":[45,45,51,28,34,56,56,59,59,34,56,49,49,44,66,17,61,64,64,64,70,47,69,66,64,64,35,35,38,26,26,48,26,63,37,43,43,43,49,71,37,37,37,36,36,46,56,51,80,0,0],"gold":170,"neow_bonus":"","is_daily":false,"chose_seed":false,"campfire_upgraded":0,"win_rate":0.0,"timestamp":1611334472,"path_taken":["M","?","M","?","M","R","?","E","T","E","R","M","?","?","R","BOSS","M","?","?","M","?","R","E","M","T","M","$","M","M","$","R","BOSS","M","?","?","?","M","R","?","NS","T","M","$","M","E","M","R","BOSS"],"items_purchased_type":["Card","Card","Relic","Card","Card","Relic","Card","Relic","Card","Card","Card","Relic"],"build_version":"2020-12-22","purchased_purges":2,"victory":false,"max_hp_per_floor":[75,75,75,75,75,75,75,75,75,75,75,75,75,75,75,75,75,75,75,75,75,75,75,75,75,75,75,75,75,75,75,75,75,75,75,75,75,75,75,75,75,75,75,80,80,80,80,80,80,80,80],"card_choices":[{"not_picked":["Clothesline","Pommel Strike"],"picked":"Shrug It Off","floor":1},{"not_picked":["hubris:SharpeningStone","Battle Trance","Seeing Red"],"picked":"SKIP","floor":3},{"not_picked":["Havoc","Flex"],"picked":"Armaments","floor":5},{"not_picked":["Heavy Blade","Shockwave"],"picked":"Flame Barrier","floor":8},{"not_picked":["Perfected Strike","hubris:ReadiedAction"],"picked":"Cleave","floor":10},{"not_picked":["Whirlwind","Hemokinesis"],"picked":"Clothesline","floor":12},{"not_picked":["Thunderclap","Offering"],"picked":"Clothesline","floor":14},{"not_picked":["Fiend Fire","Bludgeon"],"picked":"Immolate","floor":16},{"not_picked":["Entrench+1","Flex"],"picked":"Carnage","floor":18},{"not_picked":["Clash","Wild Strike"],"picked":"Pommel Strike+1","floor":21},{"not_picked":["Anger+1","True Grit"],"picked":"Iron Wave","floor":22},{"not_picked":["Warcry","Reckless Charge+1"],"picked":"Disarm","floor":24},{"not_picked":["Clothesline","Ghostly Armor"],"picked":"hubris:StunningStrike","floor":25},{"not_picked":["Pommel Strike","Perfected Strike"],"picked":"hubris:CleavingFinish","floor":27},{"not_picked":["Burning Pact","Perfected Strike"],"picked":"Flame Barrier+1","floor":29},{"not_picked":["hubris:ReadiedAction","Perfected Strike+1"],"picked":"Heavy Blade+1","floor":30},{"not_picked":["Twin Strike","Heavy Blade"],"picked":"Metallicize","floor":32},{"not_picked":["Double Tap","Corruption"],"picked":"Demon Form","floor":33},{"not_picked":["Seeing Red","Headbutt"],"picked":"Cleave","floor":35},{"not_picked":["Demon Form","Sever Soul+1"],"picked":"Shrug It Off","floor":38},{"not_picked":["Uppercut","True Grit"],"picked":"Bloodletting+1","floor":40},{"not_picked":["Armaments+1","True Grit"],"picked":"Whirlwind","floor":41},{"not_picked":["Pommel Strike","Thunderclap+1"],"picked":"Sword Boomerang+1","floor":44},{"not_picked":["Headbutt","Brutality"],"picked":"Flex","floor":46},{"not_picked":["Evolve+1","Battle Trance+1"],"picked":"Clash","floor":47},{"not_picked":["Sentinel","True Grit"],"picked":"Uppercut","floor":48},{"not_picked":["True Grit","Perfected Strike"],"picked":"Disarm","floor":49}],"player_experience":551111,"relics_obtained":[{"floor":8,"key":"Boot"},{"floor":9,"key":"Anchor"},{"floor":10,"key":"PreservedInsect"},{"floor":19,"key":"Smiling Mask"},{"floor":20,"key":"Oddly Smooth Stone"},{"floor":24,"key":"Red Skull"},{"floor":26,"key":"CeramicFish"},{"floor":36,"key":"hubris:Zylophone"},{"floor":43,"key":"Letter Opener"},{"floor":47,"key":"Regal Pillow"}],"event_choices":[{"damage_healed":0,"gold_gain":60,"player_choice":"Gained Gold","damage_taken":0,"max_hp_gain":0,"max_hp_loss":0,"event_name":"Golden Wing","floor":2,"gold_loss":0},{"damage_healed":0,"gold_gain":0,"player_choice":"Entered Light","damage_taken":23,"max_hp_gain":0,"max_hp_loss":0,"event_name":"Shining Light","floor":4,"gold_loss":0,"cards_upgraded":["Defend_R","Pummel"]},{"cards_removed":["Armaments"],"damage_healed":0,"gold_gain":0,"player_choice":"Card Removal","damage_taken":0,"max_hp_gain":0,"max_hp_loss":0,"event_name":"The Cleric","floor":7,"gold_loss":75},{"damage_healed":0,"gold_gain":0,"player_choice":"Rummage","damage_taken":0,"relics_obtained":["WarpedTongs"],"max_hp_gain":0,"max_hp_loss":0,"event_name":"Accursed Blacksmith","floor":13,"gold_loss":0,"cards_obtained":["Pain"]},{"damage_healed":0,"gold_gain":0,"player_choice":"Fight","damage_taken":0,"max_hp_gain":0,"max_hp_loss":0,"event_name":"MindBloom","floor":36,"gold_loss":0},{"damage_healed":0,"gold_gain":275,"player_choice":"Desecrate","damage_taken":0,"max_hp_gain":0,"max_hp_loss":0,"event_name":"Golden Shrine","floor":37,"gold_loss":0,"cards_obtained":["Regret"]}],"is_beta":false,"boss_relics":[{"not_picked":["Empty Cage","Runic Dome"],"picked":"hubris:RunicObelisk"},{"not_picked":["Sozu","hubris:BlackHole"],"picked":"hubris:Backtick"}],"items_purged_floors":[28,45],"is_endless":false,"potions_floor_spawned":[1,10,12,22,24,29,30,38,41,44,46,48],"killed_by":"Donu and Deca","ascension_level":18}}