{"host":"jq8d8epkoknfq6em","time":1611277979,"event":{"mods":["AchievementEnabler","BaseMod","Colored Map","Colored Powertips","Highlight Path","Minty Spire (QoL Compilation)","Quick Restart","StSLib"],"gold_per_floor":[114,15,15,26,26,26,61,81,106,123,123,172,172,200,200,304,304,317,329,339,358,106,106,121,150,232,232,232,259,16,44,44,141,141,161,181,181,191,204,237,237,255,255,305,323,323,355,365,365,365],"floor_reached":51,"language":"ENG","playtime":3973,"items_purged":["Defend_R","Strike_R"],"score":1228,"play_id":"f51bb3db-e0f2-4ffb-bc5d-3478916b61a2","local_time":"20210122021259","is_ascension_mode":true,"campfire_choices":[{"data":"Bash","floor":6,"key":"SMITH"},{"data":"Barricade","floor":11,"key":"SMITH"},{"data":"Shrug It Off","floor":13,"key":"SMITH"},{"data":"Flame Barrier","floor":15,"key":"SMITH"},{"floor":23,"key":"REST"},{"data":"True Grit","floor":28,"key":"SMITH"},{"floor":32,"key":"REST"},{"data":"Juggernaut","floor":41,"key":"SMITH"},{"floor":46,"key":"REST"},{"data":"Juggernaut","floor":49,"key":"SMITH"}],"circlet_count":0,"master_deck":["AscendersBane","Strike_R+1","Strike_R","Strike_R","Strike_R","Defend_R","Defend_R","Defend_R","Bash+1","Flame Barrier+1","Shrug It Off+1","Rupture","Cleave","Ghostly Armor","Barricade+1","Flame Barrier+1","Juggernaut+1","Shrug It Off+1","Disarm","True Grit+1","Anger+1","Juggernaut+1","Feel No Pain+1","Metallicize","Metallicize","Berserk","Impervious","Battle Trance","Intimidate+1","Madness","Madness","Flame Barrier+1","Intimidate+1","Dark Embrace+1","Intimidate+1","Rage+1","Metallicize"],"relics":["Burning Blood","Lantern","Omamori","Pen Nib","Gambling Chip","Sozu","Oddly Smooth Stone","Happy Flower","Self Forming Clay","Nloth\u0027s Gift","The Courier","Membership Card","PreservedInsect","Orichalcum","Velvet Choker","Mercury Hourglass","Blood Vial","Pocketwatch","Kunai"],"acts_visited":["Exordium","TheCity","TheBeyond"],"potions_floor_usage":[],"damage_taken":[{"damage":0,"enemies":"Small Slimes","floor":1,"turns":1},{"damage":0,"enemies":"Jaw Worm","floor":4,"turns":1},{"damage":0,"enemies":"3 Sentries","floor":7,"turns":1},{"damage":0,"enemies":"Cultist","floor":8,"turns":2},{"damage":3,"enemies":"3 Louse","floor":10,"turns":3},{"damage":0,"enemies":"Lagavulin","floor":14,"turns":10},{"damage":8,"enemies":"The Guardian","floor":16,"turns":20},{"damage":25,"enemies":"2 Thieves","floor":18,"turns":4},{"damage":0,"enemies":"3 Byrds","floor":19,"turns":1},{"damage":52,"enemies":"3 Cultists","floor":20,"turns":7},{"damage":11,"enemies":"Centurion and Healer","floor":21,"turns":10},{"damage":0,"enemies":"Chosen and Byrds","floor":24,"turns":7},{"damage":1,"enemies":"Gremlin Leader","floor":25,"turns":9},{"damage":30,"enemies":"Slavers","floor":29,"turns":6},{"damage":12,"enemies":"Book of Stabbing","floor":31,"turns":5},{"damage":9,"enemies":"Champ","floor":33,"turns":10},{"damage":2,"enemies":"Orb Walker","floor":35,"turns":5},{"damage":0,"enemies":"3 Shapes","floor":36,"turns":5},{"damage":19,"enemies":"Sphere and 2 Shapes","floor":38,"turns":8},{"damage":0,"enemies":"3 Darklings","floor":39,"turns":6},{"damage":29,"enemies":"Reptomancer","floor":40,"turns":5},{"damage":0,"enemies":"4 Shapes","floor":42,"turns":4},{"damage":44,"enemies":"2 Orb Walkers","floor":44,"turns":5},{"damage":6,"enemies":"Spire Growth","floor":45,"turns":6},{"damage":0,"enemies":"Giant Head","floor":47,"turns":8},{"damage":5,"enemies":"Writhing Mass","floor":48,"turns":7},{"damage":18,"enemies":"Donu and Deca","floor":50,"turns":9}],"seed_played":"1200074801381825334","potions_obtained":[{"floor":1,"key":"EntropicBrew"},{"floor":8,"key":"Energy Potion"},{"floor":10,"key":"EntropicBrew"}],"is_trial":false,"path_per_floor":["M","$","?","M","?","R","E","M","T","M","R","T","R","E","R","B",null,"M","M","M","M","$","R","M","E","T","?","R","E","$","E","R","B",null,"M","M","?","M","M","E","R","M","T","?","M","R","E","M","R","B",null],"character_chosen":"IRONCLAD","items_purchased":["Shrug It Off","Oddly Smooth Stone","Membership Card","PreservedInsect","Metallicize","Metallicize"],"campfire_rested":3,"item_purchase_floors":[2,22,30,30,30,30],"current_hp_per_floor":[78,78,78,80,64,64,70,76,76,79,79,79,79,80,80,78,80,61,67,21,16,16,40,46,51,51,51,51,27,27,21,45,42,71,75,80,70,57,63,40,40,46,46,10,12,36,44,47,47,37],"gold":365,"neow_bonus":"THREE_ENEMY_KILL","is_daily":false,"chose_seed":false,"campfire_upgraded":7,"win_rate":0.0,"timestamp":1611277979,"path_taken":["M","$","?","M","?","R","E","M","T","M","R","?","R","E","R","BOSS","M","M","M","M","$","R","M","E","T","?","R","E","$","E","R","BOSS","M","?","?","M","M","E","R","M","T","?","M","R","E","M","R","BOSS"],"items_purchased_type":["Card","Relic","Relic","Relic","Card","Card"],"build_version":"2020-12-22","purchased_purges":2,"victory":true,"max_hp_per_floor":[80,80,80,80,80,80,80,80,80,80,80,80,80,80,80,80,80,80,80,80,80,80,80,80,80,80,80,80,80,80,80,80,80,80,80,80,80,80,80,80,80,80,80,80,80,80,80,80,80,80],"card_choices":[{"not_picked":["Dropkick","Sword Boomerang"],"picked":"Flame Barrier","floor":1},{"not_picked":["Body Slam","Wild Strike"],"picked":"Rupture","floor":4},{"not_picked":["Anger","Body Slam"],"picked":"Cleave","floor":7},{"not_picked":["Iron Wave","Armaments"],"picked":"Ghostly Armor","floor":8},{"not_picked":["Second Wind","Warcry"],"picked":"Barricade","floor":10},{"not_picked":["Feel No Pain","Uppercut"],"picked":"Flame Barrier","floor":14},{"not_picked":["Immolate","Offering"],"picked":"Juggernaut","floor":16},{"not_picked":["Flame Barrier","Metallicize"],"picked":"Shrug It Off+1","floor":18},{"not_picked":["Twin Strike+1","Inflame","Feel No Pain"],"picked":"SKIP","floor":19},{"not_picked":["Havoc","Clash+1"],"picked":"Disarm","floor":20},{"not_picked":["Wild Strike+1","Perfected Strike"],"picked":"True Grit","floor":21},{"not_picked":["Armaments","Clash+1"],"picked":"Anger+1","floor":24},{"not_picked":["Sentinel+1","Bloodletting"],"picked":"Juggernaut","floor":25},{"not_picked":["Bludgeon","Sentinel"],"picked":"Feel No Pain+1","floor":29},{"not_picked":["Demon Form","Warcry"],"picked":"Berserk","floor":31},{"not_picked":["Exhume","Fiend Fire"],"picked":"Impervious","floor":33},{"not_picked":["Perfected Strike","Body Slam"],"picked":"Battle Trance","floor":35},{"not_picked":["True Grit","Iron Wave"],"picked":"Intimidate+1","floor":36},{"not_picked":["Intimidate","Body Slam"],"picked":"Flame Barrier+1","floor":38},{"not_picked":["Fiend Fire","Iron Wave+1"],"picked":"Intimidate+1","floor":39},{"not_picked":["Infernal Blade+1","Clothesline+1","Anger+1"],"picked":"SKIP","floor":40},{"not_picked":["Shrug It Off","Inflame+1"],"picked":"Dark Embrace+1","floor":42},{"not_picked":["True Grit+1","Wild Strike+1"],"picked":"Intimidate+1","floor":44},{"not_picked":["Warcry","Flex+1","Evolve"],"picked":"SKIP","floor":45},{"not_picked":["Second Wind","Immolate"],"picked":"Rage+1","floor":47},{"not_picked":["Clothesline+1","Hemokinesis"],"picked":"Metallicize","floor":48}],"player_experience":979273,"relics_obtained":[{"floor":7,"key":"Lantern"},{"floor":9,"key":"Omamori"},{"floor":12,"key":"Pen Nib"},{"floor":14,"key":"Gambling Chip"},{"floor":25,"key":"Happy Flower"},{"floor":26,"key":"Self Forming Clay"},{"floor":29,"key":"The Courier"},{"floor":31,"key":"Orichalcum"},{"floor":40,"key":"Mercury Hourglass"},{"floor":43,"key":"Blood Vial"},{"floor":44,"key":"Pocketwatch"},{"floor":47,"key":"Kunai"}],"event_choices":[{"damage_healed":0,"gold_gain":0,"player_choice":"Ignored","damage_taken":0,"max_hp_gain":0,"max_hp_loss":0,"event_name":"Liars Game","floor":3,"gold_loss":0},{"damage_healed":0,"gold_gain":0,"player_choice":"Entered Light","damage_taken":16,"max_hp_gain":0,"max_hp_loss":0,"event_name":"Shining Light","floor":5,"gold_loss":0,"cards_upgraded":["Flame Barrier","Strike_R"]},{"damage_healed":0,"gold_gain":0,"player_choice":"Traded Relic","damage_taken":0,"relics_obtained":["Nloth\u0027s Gift"],"max_hp_gain":0,"max_hp_loss":0,"event_name":"N\u0027loth","floor":27,"relics_lost":["NeowsBlessing"],"gold_loss":0},{"damage_healed":0,"gold_gain":0,"player_choice":"Embrace Madness","damage_taken":10,"max_hp_gain":0,"max_hp_loss":0,"event_name":"Winding Halls","floor":37,"gold_loss":0,"cards_obtained":["Madness","Madness"]},{"damage_healed":0,"gold_gain":0,"player_choice":"Fight","damage_taken":0,"max_hp_gain":0,"max_hp_loss":0,"event_name":"Mysterious Sphere","floor":44,"gold_loss":0}],"is_beta":false,"boss_relics":[{"not_picked":["SacredBark","Pandora\u0027s Box"],"picked":"Sozu"},{"not_picked":["Runic Pyramid","SlaversCollar"],"picked":"Velvet Choker"}],"items_purged_floors":[2,22],"is_endless":false,"potions_floor_spawned":[1,8,10,16,19,21,24,31,39,40,42,47,48],"ascension_level":10}}