{"host":"rjfefv2ruvigm2gb","time":1611311451,"event":{"mods":["A Penny For Your Troubles","Act Like it!","AlwaysNeverKeys","BaseMod","Better Third Choice","Block Reminder","Conspire","Curses Come First","Displayed Cursed Tome","Elementarium","Evolution","Fox Events","Gensokyo","Gold Saver","Googly Eyes","Hermit","HexUI Lib","Hubris","Infinite Spire","Ironclad Rager","JesterMod","Luminous","Mimic Mod","Minty Spire (QoL Compilation)","Permanent Neow","Poor People Problems","QueenMod","Quick Restart","Relic Filter","Relic Stats","Replay The Spire","Retaliation","Shade Mod","Shop Mod","StS++","StSLib","SuperFastMode","The Blue Laboratory","The Clintock","The Sage","TheHero","Thieving Mod","Uncapped","Virulent Crown","Watcher Patcher"],"gold_per_floor":[1215,1215,671,846,856,856,856,856,934,884,462,484,484,524,524,630,630,649,649,664,664,664,664,394,426,426,426,426,442,460,460,460,330,330,425,425,439,418,418,418,418,418,466,477,550,474,505,519,519,519,519,519,519,519,213,240,415],"floor_reached":58,"language":"ENG","playtime":2747,"items_purged":["Doubt"],"score":1493,"play_id":"5a853492-fd34-45a3-84b2-cb3566d697ca","local_time":"20210122043051","is_ascension_mode":false,"campfire_choices":[{"data":"animeID:Rei","floor":6.0,"key":"SMITH"},{"data":"animeID:ToruHagakure","floor":8.0,"key":"SMITH"},{"data":"hubris:DuctTapeCard","floor":13.0,"key":"SMITH"},{"data":"animeID:Hawks","floor":15.0,"key":"SMITH"},{"floor":31.0,"key":"DIG"},{"data":"hubris:Greed","floor":34.0,"key":"PURGE"},{"floor":42.0,"key":"DIG"},{"data":"animeID:PlusUltra","floor":49.0,"key":"SMITH"},{"floor":51.0,"key":"DIG"},{"floor":54,"key":"DIG"}],"circlet_count":0,"master_deck":["animeID:Bakugo","animeID:Tomura","animeID:Tomura","animeID:Tomura","animeID:Tomura","animeID:DefendMH","animeID:DefendMH","animeID:DefendMH","animeID:DefendMH","animeID:AllForOne+1","animeID:Rei+1","animeID:ShootStyle","animeID:ToruHagakure+1","animeID:Hawks+1","animeID:AllMight+1","animeID:Mezo+1","animeID:PresentMic+1","animeID:PlusUltra+1","animeID:EraserHead","Gensokyo:RustyChest","hubris:DuctTapeCard"],"relics":["animeID:HeroCostume","EVO:Axolotl","Ring of Peace","ReplayTheSpireMod:Ring of Collecting","Guide Book","Bag of Marbles","War Paint","hubris:GlazedTorus","Shovel","Ring of Hypnosis","TungstenRod","ReplayTheSpireMod:CursedCoin","hubris:DuctTape","Lantern","Runic Pyramid","Membership Card","hubris:CrystalStatue","Pondfish Scales","ReplayTheSpireMod:Ring of Addiction","MealTicket","SacredBark","Chameleon Ring","Mango","hubris:Potato","Elementarium:ElementariumTrophy","conspire:SlowCooker","conspire:Boomerang","Akabeko","Ancient Tea Set","conspire:Dentures","Replay:Rubber Ducky","PreservedInsect","Simple Rune","hubris:Reverence","Strange Spoon","Oddly Smooth Stone","Black Star","Replay:Bandana","Anchor"],"acts_visited":["Exordium","Exordium","Elementarium:Elementarium","TheEnding"],"potions_floor_usage":[56,56,57,57],"damage_taken":[{"damage":0.0,"enemies":"Jaw Worm","floor":1.0,"turns":1.0},{"damage":0.0,"enemies":"Small Slimes","floor":5.0,"turns":1.0},{"damage":0.0,"enemies":"2 Louse","floor":12.0,"turns":2.0},{"damage":0.0,"enemies":"Gremlin Nob","floor":14.0,"turns":4.0},{"damage":0.0,"enemies":"Slime Boss","floor":16.0,"turns":7.0},{"damage":0.0,"enemies":"Elementarium:MUD_AND_TAR_GOLEMS","floor":18.0,"turns":3.0},{"damage":0.0,"enemies":"Elementarium:2_ELEMENTALS","floor":20.0,"turns":3.0},{"damage":18.0,"enemies":"Elementarium:FIRE_NOBILITY","floor":25.0,"turns":7.0},{"damage":0.0,"enemies":"Elementarium:VoidBeast","floor":27.0,"turns":2.0},{"damage":0.0,"enemies":"Elementarium:STONE_GOLEMS","floor":29.0,"turns":1.0},{"damage":0.0,"enemies":"Elementarium:3_ELEMENTALS","floor":30.0,"turns":4.0},{"damage":0.0,"enemies":"Elementarium:RubyGolem","floor":32.0,"turns":2.0},{"damage":0.0,"enemies":"Elementarium:PHOENIXES","floor":35.0,"turns":7.0},{"damage":0.0,"enemies":"Gensokyo:3_Bats","floor":37.0,"turns":3.0},{"damage":0.0,"enemies":"Gensokyo:3_Boulders","floor":44.0,"turns":5.0},{"damage":2.0,"enemies":"Gensokyo:Marisa","floor":47.0,"turns":4.0},{"damage":1.0,"enemies":"Gensokyo:4_Bats","floor":48.0,"turns":3.0},{"damage":0,"enemies":"Gensokyo:Yuyuko","floor":52,"turns":8},{"damage":12,"enemies":"Shield and Spear","floor":56,"turns":4},{"damage":0,"enemies":"The Heart","floor":57,"turns":10}],"seed_played":"4009766182066377299","potions_obtained":[{"floor":14.0,"key":"Fruit Juice"},{"floor":25.0,"key":"Block Potion"},{"floor":28.0,"key":"blueLaboratory:BottleOfVodka"},{"floor":28.0,"key":"FearPotion"},{"floor":35.0,"key":"DistilledChaos"},{"floor":37.0,"key":"PowerPotion"},{"floor":48.0,"key":"Block Potion"},{"floor":56,"key":"blueLaboratory:StoneskinPotion"}],"is_trial":false,"path_per_floor":["M","?","$","?","M","R","?","R","T","?","$","M","R","E","R","B",null,"M","?","M","PTL","PTL","?","$","E","?","M","T","M","M","R","M","$","R","B",null,"M","COS","?","AVR","?","R","T","M","T","$","E","M","R","?","R","B",null,"R","$","E","B",null],"character_chosen":"THE_HERO","items_purchased":["animeID:ShootStyle","Guide Book","Bag of Marbles","War Paint","animeID:ToruHagakure","TungstenRod","ReplayTheSpireMod:CursedCoin","hubris:DuctTape","Membership Card","hubris:CrystalStatue","hubris:Potato","animeID:PresentMic+1","Replay:Rubber Ducky","Strange Spoon","Oddly Smooth Stone","Black Star"],"campfire_rested":0,"item_purchase_floors":[3,3,3,3,3,11,11,11,24,24,33,33,46,55,55,55],"current_hp_per_floor":[75,75,75,75,75,75,75,75,75,75,75,75,75,75,75,80,80,80,80,80,80,80,80,80,64,64,66,66,66,70,84,84,92,92,90,90,90,90,88,88,88,86,86,86,84,84,84,83,83,83,82,82,82,82,80,72,80],"gold":415,"neow_bonus":"ONE_RANDOM_RARE_CARD","is_daily":false,"chose_seed":false,"campfire_upgraded":5,"win_rate":0.0,"timestamp":1611311451,"path_taken":["M","?","$","?","M","R","?","R","T","?","?","?","R","E","R","BOSS","M","?","?","PTL","PTL","?","$","E","?","M","T","?","M","R","M","$","R","BOSS","M","COS","?","AVR","?","R","?","M","T","?","E","M","R","?","R","BOSS","R","$","E","BOSS"],"items_purchased_type":["Card","Relic","Relic","Relic","Card","Relic","Relic","Relic","Relic","Relic","Relic","Card","Relic","Relic","Relic","Relic"],"build_version":"2020-12-22","purchased_purges":1,"victory":true,"max_hp_per_floor":[75,75,75,75,75,75,75,75,75,75,75,75,75,75,75,80,80,80,80,80,80,80,80,80,80,80,80,80,80,80,94,92,92,92,90,90,90,90,88,88,88,86,86,86,84,84,84,84,84,84,82,82,82,82,80,80,80],"relic_stats":{"Strange Spoon":[5],"Shovel":4,"counters":[20,81],"MealTicket":8,"PreservedInsect":68,"Black Star":1,"War Paint":["animeID:DefendMH","animeID:DefendMH"],"obtain_stats":[{"Lantern":14,"hubris:CrystalStatue":24,"SacredBark":28,"Mango":31,"EVO:Axolotl":0,"Ancient Tea Set":43,"Replay:Rubber Ducky":46,"Replay:Bandana":56,"Shovel":9,"Chameleon Ring":28,"Ring of Peace":2,"MealTicket":28,"hubris:GlazedTorus":7,"Runic Pyramid":17,"conspire:Dentures":45,"Ring of Hypnosis":9,"hubris:DuctTape":11,"ReplayTheSpireMod:CursedCoin":11,"Guide Book":3,"ReplayTheSpireMod:Ring of Addiction":28,"Oddly Smooth Stone":55,"conspire:SlowCooker":36,"PreservedInsect":47,"conspire:Boomerang":40,"War Paint":3,"Akabeko":42,"Strange Spoon":55,"Pondfish Scales":25,"Anchor":56,"Elementarium:ElementariumTrophy":35,"ReplayTheSpireMod:Ring of Collecting":2,"Simple Rune":51,"Bag of Marbles":3,"Black Star":55,"animeID:HeroCostume":0,"Membership Card":24,"TungstenRod":11,"hubris:Potato":33,"hubris:Reverence":54},{"Lantern":4,"hubris:CrystalStatue":7,"SacredBark":9,"Mango":11,"EVO:Axolotl":0,"Ancient Tea Set":14,"Replay:Rubber Ducky":15,"Replay:Bandana":19,"Shovel":2,"Chameleon Ring":9,"Ring of Peace":1,"MealTicket":9,"hubris:GlazedTorus":2,"Runic Pyramid":5,"conspire:Dentures":15,"Ring of Hypnosis":2,"hubris:DuctTape":2,"ReplayTheSpireMod:CursedCoin":2,"Guide Book":1,"ReplayTheSpireMod:Ring of Addiction":9,"Oddly Smooth Stone":18,"conspire:SlowCooker":13,"PreservedInsect":16,"conspire:Boomerang":14,"War Paint":1,"Akabeko":14,"Strange Spoon":18,"Pondfish Scales":8,"Anchor":19,"Elementarium:ElementariumTrophy":13,"ReplayTheSpireMod:Ring of Collecting":1,"Simple Rune":17,"Bag of Marbles":1,"Black Star":18,"animeID:HeroCostume":0,"Membership Card":7,"TungstenRod":2,"hubris:Potato":12,"hubris:Reverence":18},{"Lantern":8,"hubris:CrystalStatue":21,"SacredBark":30,"Mango":35,"EVO:Axolotl":0,"Ancient Tea Set":47,"Replay:Rubber Ducky":52,"Replay:Bandana":71,"Shovel":2,"Chameleon Ring":30,"Ring of Peace":1,"MealTicket":30,"hubris:GlazedTorus":2,"Runic Pyramid":15,"conspire:Dentures":52,"Ring of Hypnosis":2,"hubris:DuctTape":2,"ReplayTheSpireMod:CursedCoin":2,"Guide Book":1,"ReplayTheSpireMod:Ring of Addiction":30,"Oddly Smooth Stone":67,"conspire:SlowCooker":44,"PreservedInsect":56,"conspire:Boomerang":47,"War Paint":1,"Akabeko":47,"Strange Spoon":67,"Pondfish Scales":28,"Anchor":71,"Elementarium:ElementariumTrophy":44,"ReplayTheSpireMod:Ring of Collecting":1,"Simple Rune":59,"Bag of Marbles":1,"Black Star":67,"animeID:HeroCostume":0,"Membership Card":21,"TungstenRod":2,"hubris:Potato":37,"hubris:Reverence":67}],"TungstenRod":19},"card_choices":[{"not_picked":["animeID:FatGum","animeID:DetroitSmash"],"picked":"animeID:Rei","floor":1.0},{"not_picked":["animeID:Rei","animeID:Tomura"],"picked":"animeID:DelawareSmash","floor":5.0},{"not_picked":["animeID:FullCowl","animeID:Bakugo","animeID:Mina"],"picked":"SKIP","floor":12.0},{"not_picked":["animeID:ProminenceBurn","animeID:SkinnyGum"],"picked":"animeID:Hawks","floor":14.0},{"not_picked":["animeID:PresentMic","animeID:Shigaraki"],"picked":"animeID:AllMight","floor":16.0},{"not_picked":["animeID:Kurono","animeID:Aoyama"],"picked":"animeID:Mezo+1","floor":18.0},{"not_picked":["animeID:ToruHagakure","animeID:Ojiro","animeID:TetsuTetsu"],"picked":"SKIP","floor":20.0},{"not_picked":["animeID:AllForOne","animeID:Tengai+1","animeID:Ojiro+1"],"picked":"SKIP","floor":25.0},{"not_picked":["animeID:Tamaki","animeID:Iida","animeID:Bakugo+1"],"picked":"SKIP","floor":27.0},{"not_picked":["animeID:Ojiro","animeID:Himiko+1","animeID:Tomura"],"picked":"SKIP","floor":29.0},{"not_picked":["animeID:Tsuyu+1","animeID:Momo","animeID:Nomu+1"],"picked":"SKIP","floor":30.0},{"not_picked":["animeID:Ojiro+1","animeID:Tamaki","animeID:Tsuyu"],"picked":"SKIP","floor":32.0},{"not_picked":["animeID:Chisaki","animeID:ProminenceBurn"],"picked":"animeID:PlusUltra","floor":35.0},{"not_picked":["animeID:TodorokiShoto+1","animeID:Deku+1"],"picked":"animeID:EraserHead","floor":37.0},{"not_picked":["animeID:Aoyama+1","animeID:TetsuTetsu","animeID:Stain+1"],"picked":"SKIP","floor":44.0},{"not_picked":["animeID:RecoveryGirl","animeID:Tamaki+1","animeID:Uraraka+1"],"picked":"SKIP","floor":47.0},{"not_picked":["animeID:Mineta","animeID:Himiko"],"picked":"animeID:Hatsume+1","floor":48.0},{"not_picked":["animeID:Momo","animeID:Tamaki+1","animeID:Ojiro"],"picked":"SKIP","floor":56}],"player_experience":1016952,"relics_obtained":[{"floor":2.0,"key":"Ring of Peace"},{"floor":2.0,"key":"ReplayTheSpireMod:Ring of Collecting"},{"floor":9.0,"key":"Shovel"},{"floor":9.0,"key":"Ring of Hypnosis"},{"floor":14.0,"key":"Lantern"},{"floor":25.0,"key":"Pondfish Scales"},{"floor":28.0,"key":"ReplayTheSpireMod:Ring of Addiction"},{"floor":28.0,"key":"MealTicket"},{"floor":28.0,"key":"SacredBark"},{"floor":28.0,"key":"Chameleon Ring"},{"floor":31.0,"key":"Mango"},{"floor":42.0,"key":"Akabeko"},{"floor":43.0,"key":"Ancient Tea Set"},{"floor":45.0,"key":"conspire:Dentures"},{"floor":47.0,"key":"PreservedInsect"},{"floor":51.0,"key":"Simple Rune"},{"floor":54,"key":"hubris:Reverence"},{"floor":56,"key":"Replay:Bandana"},{"floor":56,"key":"Anchor"}],"event_choices":[{"damage_healed":0.0,"max_hp_gain":0.0,"max_hp_loss":0.0,"gold_gain":175.0,"event_name":"betterThird:BetterSerpent","player_choice":"AGREE","floor":4.0,"gold_loss":0.0,"damage_taken":671.0},{"cards_removed":["Amnesia"],"damage_healed":0.0,"max_hp_gain":0.0,"max_hp_loss":0.0,"gold_gain":0.0,"event_name":"The Cleric","player_choice":"Card Removal","floor":10.0,"gold_loss":50.0,"damage_taken":0.0},{"damage_healed":0.0,"max_hp_gain":0.0,"max_hp_loss":0.0,"gold_gain":0.0,"event_name":"Elementarium:ElementalBlades","player_choice":"Ignored","floor":19.0,"gold_loss":0.0,"damage_taken":0.0},{"damage_healed":0.0,"max_hp_gain":0.0,"max_hp_loss":0.0,"gold_gain":0.0,"event_name":"conspire:Investor","player_choice":"Leave","floor":23.0,"gold_loss":0.0,"damage_taken":0.0},{"damage_healed":0.0,"max_hp_gain":0.0,"max_hp_loss":0.0,"gold_gain":0.0,"event_name":"Elementarium:VoidShrine","player_choice":"Pray","floor":26.0,"gold_loss":0.0,"damage_taken":0.0,"cards_upgraded":["animeID:AllMight"]}],"is_beta":false,"boss_relics":[{"not_picked":["ChewingGum","Painkiller Herb"],"picked":"Runic Pyramid"},{"not_picked":["Replay:Bronze Core","Honey Jar"],"picked":"conspire:SlowCooker"}],"items_purged_floors":[11],"is_endless":false,"potions_floor_spawned":[12,14,25,30,35,37,48,56],"ascension_level":0}}