{"host":"pszcj3piwl6eu8b1","time":1611359602,"event":{"mods":["2.2 Compatiblity","Act Like it!","Aspiration","BaseMod","Better Altar","Better Match","Better Note","Better Sensory Stone","Better Skull","Better Third Choice","Better Vampires","CCEM","Downfall","Elementarium","Energized Spire","Gensokyo","GifTheSpireLib","Hallownest","Hubris","Marisa????????","Menagerie","Minty Spire (QoL Compilation)","Permanent Neow","Quarter Circle Forward PUNCH!","Quick Restart","Replay The Spire","Shop Mod","StSLib","Stuff the Spire","The Animator","The Blue Laboratory"],"gold_per_floor":[99,117,130,130,151,151,151,151,151,159,159],"floor_reached":10,"language":"ENG","playtime":862,"items_purged":[],"score":112,"play_id":"33dd89e1-6e32-4825-9c21-06598779ae52","local_time":"20210122155322","is_ascension_mode":true,"campfire_choices":[{"data":"animator:YoshinoHaruhiko","floor":1.0,"key":"SMITH"}],"circlet_count":0,"master_deck":["AscendersBane","animator:Defend_Rewrite","animator:Strike","animator:Strike","animator:Strike","animator:Defend","animator:Defend","animator:YoshinoHaruhiko+1","animator:ShizuruNakatsu","animator:Rimuru","animator:Chris","StuffTheSpire:CuriosityCurse"],"relics":["animator:LivingPicture","animator:TheMissingPiece","animator:PurgingStone","StuffTheSpire:DarkSteelAnvil","qcfpunch:Broken_Tusk","Orichalcum"],"acts_visited":["Exordium"],"potions_floor_usage":[],"damage_taken":[{"damage":8,"enemies":"2 Louse","floor":2,"turns":3},{"damage":6,"enemies":"Cultist","floor":3,"turns":3},{"damage":3,"enemies":"Small Slimes","floor":5,"turns":3},{"damage":28,"enemies":"Gremlin Nob","floor":10,"turns":3}],"seed_played":"3237005730977559267","potions_obtained":[],"is_trial":false,"path_per_floor":["R","M","M","?","M","?","T","?","$","E"],"character_chosen":"THE_ANIMATOR","items_purchased":["Orichalcum"],"campfire_rested":0,"item_purchase_floors":[9],"current_hp_per_floor":[39,31,25,25,22,22,22,22,12,0,0],"gold":159,"neow_bonus":"THREE_RARE_CARDS","is_daily":false,"chose_seed":true,"campfire_upgraded":1,"win_rate":0.0,"timestamp":1611359602,"path_taken":["R","M","M","?","?","?","T","?","?","E"],"items_purchased_type":["Relic"],"build_version":"2020-12-22","purchased_purges":0,"victory":false,"max_hp_per_floor":[60,60,60,60,60,60,60,60,60,60,60],"card_choices":[{"not_picked":["animator:Hans","animator:Wiz"],"picked":"animator:Rimuru","floor":0.0},{"not_picked":["animator:Yoichi","animator:Cocytus","animator:Viivi"],"picked":"SKIP","floor":2},{"not_picked":["animator:RinTohsaka","animator:ChihayaOhtori"],"picked":"animator:Chris","floor":3},{"not_picked":["animator:Layla","animator:PandorasActor","animator:KrulTepes"],"picked":"SKIP","floor":5}],"player_experience":1392296,"relics_obtained":[{"floor":7,"key":"StuffTheSpire:DarkSteelAnvil"}],"event_choices":[{"cards_removed":["animator:Defend"],"damage_healed":0,"gold_gain":0,"player_choice":"Offered Basic","damage_taken":0,"max_hp_gain":0,"max_hp_loss":0,"event_name":"Bonfire Elementals","floor":4,"gold_loss":0}],"is_beta":false,"boss_relics":[],"items_purged_floors":[],"is_endless":false,"potions_floor_spawned":[],"killed_by":"Gremlin Nob","ascension_level":20}}