{"host":"s41rn2jhghpwfrvz","time":1611340819,"event":{"mods":["BaseMod","Minty Spire (QoL Compilation)","Quick Restart","Relic Stats","SuperFastMode"],"gold_per_floor":[116,133,148,164,164,164,193,210,265,283,317,330,342,125,125,125,125],"floor_reached":16,"language":"ENG","playtime":463,"items_purged":["Warcry"],"score":282,"play_id":"892aee89-2b0d-4e8b-964b-5e7fa2cfcab5","local_time":"20210122204019","daily_mods":["SealedDeck","Diverse","DeadlyEvents"],"is_ascension_mode":true,"campfire_choices":[{"data":"Perseverance","floor":6.0,"key":"SMITH"},{"data":"Backflip","floor":15.0,"key":"SMITH"}],"circlet_count":0,"master_deck":["AscendersBane","Burning Pact","Sweeping Beam","Perseverance+1","ForeignInfluence","Prepared","Masterful Stab","Masterful Stab","Intimidate","Skim+1","Backflip+1"],"relics":["Burning Blood","Smiling Mask","Molten Egg 2","PreservedInsect"],"acts_visited":["Exordium"],"potions_floor_usage":[],"damage_taken":[{"damage":0.0,"enemies":"Cultist","floor":1.0,"turns":2.0},{"damage":9.0,"enemies":"2 Louse","floor":2.0,"turns":2.0},{"damage":11.0,"enemies":"Jaw Worm","floor":3.0,"turns":3.0},{"damage":1.0,"enemies":"Blue Slaver","floor":4.0,"turns":2.0},{"damage":20.0,"enemies":"3 Sentries","floor":7.0,"turns":8.0},{"damage":8.0,"enemies":"Exordium Thugs","floor":8.0,"turns":4.0},{"damage":14.0,"enemies":"3 Louse","floor":10.0,"turns":3.0},{"damage":0.0,"enemies":"Gremlin Nob","floor":11.0,"turns":2.0},{"damage":0.0,"enemies":"Large Slime","floor":12.0,"turns":2.0},{"damage":0.0,"enemies":"2 Fungi Beasts","floor":13.0,"turns":2.0},{"damage":0,"enemies":"Hexaghost","floor":16,"turns":1}],"seed_played":"6408850973918811983","potions_obtained":[{"floor":1.0,"key":"SteroidPotion"},{"floor":3.0,"key":"BloodPotion"},{"floor":4.0,"key":"Strength Potion"}],"is_trial":true,"path_per_floor":["M","M","M","M","?","R","E","M","T","M","E","M","M","$","R","B"],"character_chosen":"IRONCLAD","items_purchased":["PreservedInsect"],"campfire_rested":0,"item_purchase_floors":[14],"current_hp_per_floor":[74,71,66,75,75,75,61,59,59,51,57,63,69,69,69,69,69],"gold":125,"neow_bonus":"","is_daily":false,"chose_seed":false,"campfire_upgraded":2,"win_rate":0.0,"timestamp":1611340819,"path_taken":["M","M","?","M","?","R","E","M","T","M","E","M","M","$","R","BOSS"],"items_purchased_type":["Relic"],"build_version":"2020-12-22","purchased_purges":1,"victory":false,"max_hp_per_floor":[75,75,75,75,75,75,75,75,75,75,75,75,75,75,75,75,75],"relic_stats":{"counters":[11,31],"PreservedInsect":0,"Smiling Mask":25,"obtain_stats":[{"Molten Egg 2":11,"PreservedInsect":14,"Smiling Mask":7,"Burning Blood":0},{"Molten Egg 2":8,"PreservedInsect":10,"Smiling Mask":5,"Burning Blood":0},{"Molten Egg 2":26,"PreservedInsect":30,"Smiling Mask":17,"Burning Blood":0}],"Burning Blood":60},"card_choices":[{"not_picked":["Doom and Gloom","Rebound","Dagger Throw"],"picked":"SKIP","floor":1.0},{"not_picked":["Turbo","Cloak And Dagger","Escape Plan"],"picked":"SKIP","floor":2.0},{"not_picked":["Rebound","Ball Lightning","MentalFortress"],"picked":"SKIP","floor":3.0},{"not_picked":["Underhanded Strike","Slice","Coolheaded"],"picked":"SKIP","floor":4.0},{"not_picked":["Spot Weakness","Judgement"],"picked":"Backflip","floor":7.0},{"not_picked":["Slice","PathToVictory","Darkness"],"picked":"SKIP","floor":8.0},{"not_picked":["Clothesline","Dodge and Roll","EmptyMind"],"picked":"SKIP","floor":10.0},{"not_picked":["Sucker Punch+1","Biased Cognition","Compile Driver+1"],"picked":"SKIP","floor":11.0},{"not_picked":["Bane+1","Reprogram","Catalyst"],"picked":"SKIP","floor":12.0},{"not_picked":["Cleave+1","Cloak And Dagger","Heel Hook+1"],"picked":"SKIP","floor":13.0}],"player_experience":1825274,"relics_obtained":[{"floor":7.0,"key":"Smiling Mask"},{"floor":11.0,"key":"Molten Egg 2"}],"event_choices":[{"damage_healed":0.0,"max_hp_gain":0.0,"max_hp_loss":0.0,"gold_gain":0.0,"event_name":"Accursed Blacksmith","player_choice":"Forge","floor":5.0,"gold_loss":0.0,"damage_taken":0.0,"cards_upgraded":["Skim"]}],"is_beta":false,"boss_relics":[],"items_purged_floors":[14],"is_endless":false,"potions_floor_spawned":[1,3,4,8,13],"killed_by":"Hexaghost","ascension_level":20}}