{"host":"Krys","time":1611335493,"event":{"mods":["BaseMod","BetterRewards","Infinite Spire","Marisa????????","Minty Spire (QoL Compilation)","Remilia??????","Replay The Spire","Shade Mod","StSLib","The Death Knight","The Marked","The Servant 0.9.4"],"gold_per_floor":[119,119,119,138,138,173,207,234,280,280,315,348,359,689,689,785,785,802,802,802,833,847,847,847,880,880,247,247,278,278,322,247,359,359,409,163,195,233,0,0,0,0,0,57,57,57,57,111,111,257,257,289,328,328,369,423,423,423,423,423,505,505,505,556,607,607,753,753,847,925,400,102,125,177,177,210,257,257,257,257,305,360,360,486,486,546,154,186,231,332,332,332,414,469,469,522,592,592,78,131,273,273,273],"floor_reached":102,"language":"ENG","playtime":7662,"items_purged":["ReplayTheSpireMod:Splinters","Strike_MRS+1","CommonCold"],"score":2979,"play_id":"61636067-a504-4611-a67f-77a0caba8d34","local_time":"20210122141133","daily_mods":["Heirloom","Flight","DeadlyEvents","Elite Swarm"],"is_ascension_mode":false,"campfire_choices":[{"floor":10,"key":"REST"},{"data":"BinaryStars","floor":23,"key":"SMITH"},{"data":"ManaRampage","floor":24,"key":"SMITH"},{"data":"FairyDestructionRay","floor":40,"key":"SMITH"},{"data":"FinalSpark","floor":42,"key":"SMITH"},{"data":"CollectingQuirk","floor":45,"key":"SMITH"},{"data":"UltimateShortwave","floor":46,"key":"SMITH"},{"data":"UltimateShortwave","floor":47,"key":"SMITH"},{"data":"Replay:Sluggish","floor":49,"key":"PURGE"},{"data":"PulseMagic","floor":57,"key":"SMITH"},{"data":"UltimateShortwave","floor":58,"key":"SMITH"},{"data":"UltimateShortwave","floor":62,"key":"SMITH"},{"data":"ReplayTheSpireMod:Restless Dread","floor":66,"key":"PURGE"},{"data":"CollectingQuirk","floor":75,"key":"SMITH"},{"data":"CommonCold","floor":78,"key":"PURGE"},{"data":"UltimateShortwave","floor":79,"key":"SMITH"},{"data":"TreasureHunter","floor":80,"key":"SMITH"},{"data":"AlicesGift","floor":83,"key":"SMITH"},{"data":"MillisecondPulsars","floor":91,"key":"SMITH"},{"data":"infinitespire:FutureSight","floor":92,"key":"SMITH"},{"data":"ReplayTheSpireMod:Splinters","floor":95,"key":"PURGE"},{"data":"CollectingQuirk","floor":98,"key":"SMITH"}],"circlet_count":0,"master_deck":["Defend_MRS","Defend_MRS","MasterSpark","UpSweep","DC+1","SporeBomb","CasketOfStar","UltimateShortwave+1","MillisecondPulsars+1","Parasite","Parasite","ManaRampage+1","JA+1","DragonMeteor","UltimateShortwave+1","UltimateShortwave+1","OortCloud+1","RitualDagger","BinaryStars+1","MilkyWay+1","UltimateShortwave+1","AlicesGift+1","CurseOfTheBell","FinalSpark+1","CollectingQuirk+1","GrandCross+1","MysteriousBeam","FairyDestructionRay+1","UltimateShortwave+1","MaximisePower","infinitespire:DeathsTouch","AsteroidBelt","PulseMagic+1","AlicesGift","AlicesGift+1","infinitespire:SealOfDarkness+","SatelliteIllusion+1","infinitespire:SealOfDarkness+","TreasureHunter+1","infinitespire:FutureSight+1","IllusionStar+1","EventHorizon","GrandCross","CollectingQuirk+1","UltimateShortwave+1","MysteriousBeam","MilkyWay+1","PulseMagic+1","SuperPerseids","UltimateShortwave","CollectingQuirk+1","CollectingQuirk"],"relics":["MiniHakkero","Incense Burner","ReplayTheSpireMod:Ninjato","Regal Pillow","CaptainsWheel","ShroomBag","Bottled Lightning","Letter Opener","Old Coin","Cursed Key","Replay:Towering Pillar of Hats","infinitespire:CursedDice","ReplayTheSpireMod:Shallot","infinitespire:WardingShard","Replay:Bandana","Strange Spoon","Calling Bell","Gremlin Food","infinitespire:Joker Card","AntiCross","Replay:Bottled Steam","infinitespire:EvilPickle","Painkiller Herb","Sling","Red Mask","Chameleon Ring","Vajra","Peace Pipe","ExperimentalFamiliar","InkBottle","Replay:Accelerometer","Divine Protection","Onion Ring","RampagingMagicTools","Boot","Philosopher\u0027s Stone","infinitespire:EmpoweringShard","Replay:Rubber Ducky","SimpleLauncher","Pantograph","HornCleat","Potion Belt","Replay:Multitool","Black Star","Guide Book","Snack Pack","Tiny Chest","Orichalcum","Du-Vu Doll","Smiling Mask","Bird Faced Urn","DeathKnight:SindragosasSkull","Matryoshka","Runic Dome"],"acts_visited":["Exordium","TheCity","TheBeyond","Exordium","TheCity","TheBeyond","Exordium"],"potions_floor_usage":[8,21,33,50,61],"damage_taken":[{"damage":0,"enemies":"2 Louse","floor":1,"turns":3},{"damage":0,"enemies":"Small Slimes","floor":4,"turns":2},{"damage":30,"enemies":"3 Sentries","floor":6,"turns":7},{"damage":4,"enemies":"Replay:BlueRogue","floor":7,"turns":2},{"damage":11,"enemies":"Gremlin Nob","floor":8,"turns":3},{"damage":4,"enemies":"3 Sentries","floor":11,"turns":6},{"damage":0,"enemies":"Gremlin Nob","floor":12,"turns":2},{"damage":0,"enemies":"Cultist","floor":13,"turns":1},{"damage":23,"enemies":"3 Sentries","floor":14,"turns":5},{"damage":42,"enemies":"The Guardian","floor":16,"turns":5},{"damage":12,"enemies":"3 Byrds","floor":18,"turns":3},{"damage":17,"enemies":"Gremlin Leader","floor":21,"turns":4},{"damage":19,"enemies":"Shell Parasite","floor":22,"turns":3},{"damage":23,"enemies":"Nightmare","floor":25,"turns":6},{"damage":14,"enemies":"Snake Plant","floor":29,"turns":4},{"damage":0,"enemies":"Slavers","floor":31,"turns":1},{"damage":22,"enemies":"Pondfish","floor":33,"turns":5},{"damage":0,"enemies":"3 Darklings","floor":35,"turns":1},{"damage":0,"enemies":"Orb Walker","floor":37,"turns":2},{"damage":5,"enemies":"4 Shapes","floor":38,"turns":2},{"damage":0,"enemies":"R_Hoarder","floor":44,"turns":2},{"damage":0,"enemies":"Nemesis","floor":48,"turns":1},{"damage":218,"enemies":"LordOfAnnihilation","floor":50,"turns":8},{"damage":0,"enemies":"2 Louse","floor":52,"turns":1},{"damage":0,"enemies":"Jaw Worm","floor":53,"turns":1},{"damage":0,"enemies":"Small Slimes","floor":55,"turns":1},{"damage":0,"enemies":"Gremlin Nob","floor":56,"turns":1},{"damage":7,"enemies":"Nightmare","floor":61,"turns":3},{"damage":0,"enemies":"Gremlin Gang","floor":64,"turns":2},{"damage":0,"enemies":"Fading Forest","floor":67,"turns":5},{"damage":0,"enemies":"3 Byrds","floor":69,"turns":1},{"damage":0,"enemies":"Chosen","floor":70,"turns":1},{"damage":0,"enemies":"Shelled Parasite and Fungi","floor":73,"turns":1},{"damage":0,"enemies":"Gremlin Leader","floor":74,"turns":1},{"damage":0,"enemies":"Book of Stabbing","floor":76,"turns":1},{"damage":0,"enemies":"Centurion and Healer","floor":81,"turns":1},{"damage":0,"enemies":"Chosen and Byrds","floor":82,"turns":1},{"damage":0,"enemies":"Collector","floor":84,"turns":2},{"damage":0,"enemies":"3 Shapes","floor":86,"turns":2},{"damage":7,"enemies":"Orb Walker","floor":88,"turns":2},{"damage":0,"enemies":"Maw","floor":89,"turns":2},{"damage":0,"enemies":"Transient","floor":90,"turns":3},{"damage":0,"enemies":"R_Hoarder","floor":96,"turns":2},{"damage":0,"enemies":"Nemesis","floor":97,"turns":1},{"damage":0,"enemies":"Donu and Deca","floor":101,"turns":2}],"seed_played":"-8563634496995112986","potions_obtained":[{"floor":4,"key":"Elixir"},{"floor":7,"key":"Languid Potion"},{"floor":13,"key":"Ancient Potion"},{"floor":16,"key":"Regen Potion"},{"floor":25,"key":"BlessingOfTheForge"},{"floor":33,"key":"FairyPotion"},{"floor":35,"key":"Adrenaline Potion"},{"floor":44,"key":"LiquidMemories"},{"floor":50,"key":"Elixir"},{"floor":53,"key":"BlessingOfTheForge"},{"floor":67,"key":"LiquidMemories"},{"floor":88,"key":"LifebloodPotion"},{"floor":96,"key":"SpeedPotion"},{"floor":101,"key":"Explosive Potion"}],"is_trial":true,"path_per_floor":["M","?","?","M","?","E","E","E","T","R","E","E","M","E","R","B",null,"M","?","?","E","M","R","R","NM","T","$","?","M","AVR","E","R","B",null,"?","T","?","?","?","T","T","T","T","E","T","T","T","E","T","B",null,"?","?","?","?","E","T","T","?","T","NM","T","AVR","?","T","T","B",null,"?","?","T","T","?","E","T","E","T","T","T","T","?","?","T","B",null,"?","T","?","?","?","T","T","T","T","T","E","E","T","T","T","B",null],"character_chosen":"MARISA","items_purchased":["infinitespire:WardingShard","Replay:Bandana","Strange Spoon","Sling","infinitespire:EmpoweringShard","Replay:Rubber Ducky","SimpleLauncher","Guide Book","Snack Pack","DeathKnight:SindragosasSkull","Matryoshka"],"campfire_rested":1,"item_purchase_floors":[27,27,27,36,71,71,72,87,87,99,99],"current_hp_per_floor":[75,60,60,60,60,30,26,15,15,52,52,54,56,37,74,33,75,65,59,75,65,50,50,50,31,31,31,31,21,21,23,23,5,75,75,75,75,74,74,74,74,74,74,75,75,75,75,75,75,27,75,75,75,75,75,75,75,75,75,75,68,68,68,72,72,72,75,75,75,75,75,75,75,75,75,75,75,75,75,75,75,75,75,75,75,75,75,68,75,75,75,75,75,75,75,75,75,75,75,75,75,75,75],"gold":273,"neow_bonus":"","is_daily":false,"chose_seed":false,"campfire_upgraded":17,"win_rate":0.0,"timestamp":1611335493,"path_taken":["M","?","?","M","?","E","E","E","T","R","E","?","?","E","R","BOSS","M","?","?","?","?","R","R","NM","T","$","?","?","AVR","?","R","BOSS","?","T","?","?","?","T","T","T","T","E","T","T","T","E","T","BOSS","?","?","?","?","?","T","T","?","T","NM","T","AVR","?","?","T","BOSS","?","?","T","T","?","E","T","E","T","T","T","T","?","?","T","BOSS","?","T","?","?","?","T","T","T","T","T","E","E","T","T","T","BOSS"],"items_purchased_type":["Relic","Relic","Relic","Relic","Relic","Relic","Relic","Relic","Relic","Relic","Relic"],"build_version":"2020-11-17","purchased_purges":3,"victory":false,"max_hp_per_floor":[75,75,75,75,75,75,75,75,75,75,75,75,75,75,75,75,75,75,75,75,75,75,75,75,75,75,75,75,75,75,75,75,75,75,75,75,75,75,75,75,75,75,75,75,75,75,75,75,75,75,75,75,75,75,75,75,75,75,75,75,75,75,75,75,75,75,75,75,75,75,75,75,75,75,75,75,75,75,75,75,75,75,75,75,75,75,75,75,75,75,75,75,75,75,75,75,75,75,75,75,75,75,75],"card_choices":[{"not_picked":["GravityBeat","OrrerysSun"],"picked":"DC","floor":1},{"not_picked":["AlicesGift","MilkyWay"],"picked":"SporeBomb","floor":4},{"not_picked":["MaximisePower","StarDustReverie"],"picked":"CasketOfStar","floor":6},{"not_picked":["BigCrunch","StarDustReverie"],"picked":"UltimateShortwave","floor":7},{"not_picked":["BinaryStars","CollectingQuirk"],"picked":"MillisecondPulsars","floor":8},{"not_picked":["SuperNova","CasketOfStar"],"picked":"ManaRampage","floor":11},{"not_picked":["AbsoluteMagnitude","BlazingStar"],"picked":"JA","floor":12},{"not_picked":["OneTimeOff","LuminesStrike"],"picked":"DragonMeteor","floor":13},{"not_picked":["ManaRampage","StarDustReverie"],"picked":"UltimateShortwave","floor":14},{"not_picked":["MaximisePower","CollectingQuirk"],"picked":"UltimateShortwave","floor":16},{"not_picked":["ManaConvection","PropBag"],"picked":"OortCloud+1","floor":18},{"not_picked":["SatelliteIllusion","ManaRampage"],"picked":"BinaryStars","floor":21},{"not_picked":["DeepEcoloBomb","RefractionSpark"],"picked":"MilkyWay+1","floor":22},{"not_picked":["MillisecondPulsars","BlazingStar"],"picked":"UltimateShortwave","floor":25},{"not_picked":["ShootTheMoon","GalacticHalo"],"picked":"AlicesGift+1","floor":29},{"not_picked":["MillisecondPulsars","ManaRampage"],"picked":"FinalSpark","floor":31},{"not_picked":["SuperNova","StarDustReverie"],"picked":"CollectingQuirk","floor":33},{"not_picked":["ChargingUp+1","MilkyWay+1"],"picked":"GrandCross+1","floor":35},{"not_picked":["GalacticHalo","GasGiant+1"],"picked":"MysteriousBeam","floor":37},{"not_picked":["OpenUniverse+1","DeepEcoloBomb"],"picked":"FairyDestructionRay","floor":38},{"not_picked":["BlazingStar","CasketOfStar"],"picked":"UltimateShortwave","floor":44},{"not_picked":["SatelliteIllusion","ManaRampage"],"picked":"MaximisePower","floor":48},{"not_picked":["ReplayTheSpireMod:Black Plague","infinitespire:SealOfDarkness+"],"picked":"infinitespire:DeathsTouch","floor":50},{"not_picked":["PulseMagic","WitchOfGreed"],"picked":"AsteroidBelt","floor":52},{"not_picked":["DC","OpenUniverse"],"picked":"PulseMagic","floor":53},{"not_picked":["DeepEcoloBomb","DC"],"picked":"AlicesGift","floor":55},{"not_picked":["BigCrunch","EscapeVelocity","JA"],"picked":"SKIP","floor":56},{"not_picked":["infinitespire:Collect","ReplayTheSpireMod:Haul"],"picked":"infinitespire:SealOfDarkness+","floor":61},{"not_picked":["BlazingStar","BigCrunch"],"picked":"SatelliteIllusion","floor":61},{"not_picked":["DoubleSpark","EnergyRecoil","Acceleration"],"picked":"SKIP","floor":64},{"not_picked":["BinaryStars","BlazingStar"],"picked":"TreasureHunter","floor":67},{"not_picked":["infinitespire:FinalStrike","infinitespire:Fortify"],"picked":"infinitespire:FutureSight","floor":67},{"not_picked":["MilkyWay","PowerUp"],"picked":"IllusionStar+1","floor":69},{"not_picked":["6A","SporeBomb"],"picked":"EventHorizon","floor":70},{"not_picked":["Robbery","NonDirectionalLaser"],"picked":"GrandCross","floor":73},{"not_picked":["BigCrunch","BinaryStars"],"picked":"CollectingQuirk","floor":74},{"not_picked":["StarDustReverie","SuperNova"],"picked":"UltimateShortwave","floor":76},{"not_picked":["SporeBomb+1","DoubleSpark"],"picked":"MysteriousBeam","floor":81},{"not_picked":["ShootingEcho","IllusionStar","GravityBeat"],"picked":"SKIP","floor":82},{"not_picked":["NonDirectionalLaser","StarBarrage+1","DC+1"],"picked":"SKIP","floor":86},{"not_picked":["GravityBeat","RefractionSpark"],"picked":"MilkyWay+1","floor":88},{"not_picked":["6A+1","RefractionSpark+1"],"picked":"PulseMagic+1","floor":89},{"not_picked":["GrandCross","MilkyWay+1"],"picked":"SuperPerseids","floor":90},{"not_picked":["SatelliteIllusion","FinalSpark"],"picked":"UltimateShortwave","floor":96},{"not_picked":["SatelliteIllusion","BlazingStar"],"picked":"CollectingQuirk","floor":97},{"not_picked":["FinalSpark","SatelliteIllusion"],"picked":"CollectingQuirk","floor":101}],"player_experience":36535,"relics_obtained":[{"floor":6,"key":"ReplayTheSpireMod:Ninjato"},{"floor":7,"key":"Regal Pillow"},{"floor":8,"key":"CaptainsWheel"},{"floor":9,"key":"ShroomBag"},{"floor":11,"key":"Bottled Lightning"},{"floor":12,"key":"Letter Opener"},{"floor":14,"key":"Old Coin"},{"floor":21,"key":"Replay:Towering Pillar of Hats"},{"floor":25,"key":"infinitespire:CursedDice"},{"floor":26,"key":"ReplayTheSpireMod:Shallot"},{"floor":30,"key":"Gremlin Food"},{"floor":30,"key":"infinitespire:Joker Card"},{"floor":30,"key":"AntiCross"},{"floor":31,"key":"Replay:Bottled Steam"},{"floor":43,"key":"Chameleon Ring"},{"floor":44,"key":"Vajra"},{"floor":48,"key":"Peace Pipe"},{"floor":56,"key":"InkBottle"},{"floor":60,"key":"Replay:Accelerometer"},{"floor":61,"key":"Divine Protection"},{"floor":65,"key":"Boot"},{"floor":74,"key":"Pantograph"},{"floor":76,"key":"HornCleat"},{"floor":77,"key":"Potion Belt"},{"floor":84,"key":"Replay:Multitool"},{"floor":94,"key":"Tiny Chest"},{"floor":96,"key":"Orichalcum"},{"floor":96,"key":"Du-Vu Doll"},{"floor":97,"key":"Smiling Mask"},{"floor":97,"key":"Bird Faced Urn"}],"event_choices":[{"damage_healed":0,"gold_gain":0,"player_choice":"Entered Light","damage_taken":15,"max_hp_gain":0,"max_hp_loss":0,"event_name":"Shining Light","floor":2,"gold_loss":0,"cards_upgraded":["Strike_MRS","DC"]},{"damage_healed":0,"gold_gain":0,"cards_transformed":["Strike_MRS"],"player_choice":"Change","damage_taken":0,"max_hp_gain":0,"max_hp_loss":0,"event_name":"Living Wall","floor":3,"gold_loss":0,"cards_obtained":["OpenUniverse"]},{"cards_removed":["Strike_MRS"],"damage_healed":0,"gold_gain":0,"player_choice":"Purged","damage_taken":0,"max_hp_gain":0,"max_hp_loss":0,"event_name":"Purifier","floor":5,"gold_loss":0},{"damage_healed":0,"gold_gain":0,"player_choice":"Joined the Cult","damage_taken":6,"max_hp_gain":0,"max_hp_loss":0,"event_name":"Nest","floor":19,"gold_loss":0,"cards_obtained":["RitualDagger"]},{"cards_removed":["OpenUniverse"],"damage_healed":16,"gold_gain":0,"player_choice":"Offered Uncommon","damage_taken":0,"max_hp_gain":0,"max_hp_loss":0,"event_name":"Bonfire Elementals","floor":20,"gold_loss":0},{"cards_removed":["Strike_MRS"],"damage_healed":0,"gold_gain":0,"player_choice":"Gave Gold","damage_taken":0,"max_hp_gain":0,"max_hp_loss":0,"event_name":"Beggar","floor":32,"gold_loss":75},{"damage_healed":0,"gold_gain":0,"player_choice":"Paid","damage_taken":0,"relics_obtained":["Red Mask"],"max_hp_gain":0,"max_hp_loss":0,"event_name":"Tomb of Lord Red Mask","floor":39,"gold_loss":233},{"damage_healed":0,"gold_gain":0,"cards_transformed":["Defend_MRS"],"player_choice":"Transformed","damage_taken":0,"max_hp_gain":0,"max_hp_loss":0,"event_name":"Transmorgrifier","floor":54,"gold_loss":0,"cards_obtained":["AlicesGift"]}],"is_beta":true,"boss_relics":[{"not_picked":["Sozu","ReplayTheSpireMod:SealedPack"],"picked":"Cursed Key"},{"not_picked":["infinitespire:Cupcake","Fusion Hammer"],"picked":"Painkiller Herb"},{"not_picked":["Snecko Eye","Replay:Bronze Core"],"picked":"ExperimentalFamiliar"},{"not_picked":["Busted Crown","Honey Jar"],"picked":"Philosopher\u0027s Stone"},{"not_picked":["ReplayTheSpireMod:DimensionalGlitch","Empty Cage"],"picked":"Black Star"},{"not_picked":["Velvet Choker","ReplayTheSpireMod:SealedPack"],"picked":"Runic Dome"}],"items_purged_floors":[27,36,71],"is_endless":true,"potions_floor_spawned":[4,7,13,16,25,29,33,35,37,44,50,53,56,67,69,74,76,88,96,101],"ascension_level":0}}