{"host":"bpkhhmvsfrvlto2l","time":1611343687,"event":{"mods":["2.2 Compatiblity","AchievementEnabler","Act Like it!","AlwaysNeverKeys","Aspiration","BaseMod","Better Silent Start","Challenge The Spire","Colored Map","Colored Powertips","Custom Start","Energized Spire","Friendly Minions","GifTheSpireLib","Halation","Hubris","Infinite Spire","Ironclad Rager","Mimic Mod","Minty Spire (QoL Compilation)","Permanent Neow","Quick Restart","Random Character Button","Relic Sorter","Replay The Spire","Spikes Relics","StSLib","Stuff the Spire","Swap Starting Deck Mod","Trackpad"],"gold_per_floor":[117,117,192,192,202,228,244,276,300,21,31,31,46,46,46,143,143,156,156,156,156,12,12,12,12,12,12,28,45,45,58,58,154,154,167,92,102,102,102,102,113,113,113,147,147,172,172,25,25,25],"floor_reached":51,"language":"ENG","playtime":1258,"items_purged":["Rip and Tear"],"score":1201,"play_id":"327230a0-8c0c-4f7a-9f2e-9491d2aa32be","local_time":"20210122142807","is_ascension_mode":true,"campfire_choices":[{"floor":12,"key":"REST"},{"floor":15,"key":"REST"},{"data":"Reprogram","floor":23,"key":"SMITH"},{"data":"Reprogram","floor":25,"key":"SMITH"},{"data":"Skim","floor":27,"key":"SMITH"},{"data":"Seek","floor":32,"key":"SMITH"},{"data":"Steam","floor":40,"key":"SMITH"},{"floor":45,"key":"REST"},{"floor":49,"key":"REST"}],"circlet_count":0,"master_deck":["Gash","Gash","Gash","Gash","Reprogram+1","Steam+1","Steam","Steam","Steam","Skim+1","Go for the Eyes","Reprogram+1","Seek+1","Reprogram+1"],"relics":["Cracked Core","StuffTheSpire:RedRose","Matryoshka","StuffTheSpire:Rhapsscallions","hubris:CrystalStatue","trackpad:AdjectivePendant","aspiration:Nostalgia","PureWater","aspiration:WatcherSkillbook","PreservedInsect","aspiration:TomeofQuesting","trackpad:ByrdBGone","DollysMirror","halation:Prosthetics","halation:EternalFortune","Replay:Rubber Ducky","Blue Doll","StuffTheSpire:Tea","aspiration:SeaSaltIceCream","aspiration:Nostalgia","Iron Core","hubris:SlimyHat"],"acts_visited":["Exordium","TheCity","TheBeyond"],"potions_floor_usage":[8,16,31],"damage_taken":[{"damage":0,"enemies":"Small Slimes","floor":1,"turns":3},{"damage":5,"enemies":"Jaw Worm","floor":5,"turns":2},{"damage":16,"enemies":"Gremlin Nob","floor":6,"turns":3},{"damage":0,"enemies":"2 Louse","floor":7,"turns":2},{"damage":6,"enemies":"3 Sentries","floor":8,"turns":6},{"damage":0,"enemies":"Red Slaver","floor":11,"turns":2},{"damage":0,"enemies":"Blue Slaver","floor":13,"turns":2},{"damage":0,"enemies":"Slime Boss","floor":16,"turns":6},{"damage":3,"enemies":"2 Thieves","floor":18,"turns":3},{"damage":0,"enemies":"3 Byrds","floor":28,"turns":3},{"damage":3,"enemies":"Snecko","floor":29,"turns":3},{"damage":0,"enemies":"3 Cultists","floor":31,"turns":4},{"damage":7,"enemies":"Automaton","floor":33,"turns":5},{"damage":19,"enemies":"3 Darklings","floor":35,"turns":5},{"damage":0,"enemies":"Orb Walker","floor":37,"turns":3},{"damage":3,"enemies":"3 Darklings","floor":41,"turns":5},{"damage":20,"enemies":"R_Hoarder","floor":44,"turns":5},{"damage":0,"enemies":"Reptomancer","floor":46,"turns":5},{"damage":9,"enemies":"infinitespire:MassOfShapes","floor":50,"turns":10}],"seed_played":"3625469877676429665","potions_obtained":[{"floor":1,"key":"Ancient Potion"},{"floor":6,"key":"Explosive Potion"},{"floor":11,"key":"DuplicationPotion"},{"floor":16,"key":"PotionOfCapacity"},{"floor":18,"key":"Milkshake"},{"floor":41,"key":"BlessingOfTheForge"},{"floor":44,"key":"Explosive Potion"}],"is_trial":false,"path_per_floor":["M","?","?","T","M","E","M","E","T","$","M","R","M","$","R","B",null,"M","?","?","?","$","R","$","R","T","R","M","M","AVR","M","R","B",null,"M","$","M","?","?","R","M","$","T","E","R","E","AVR","$","R","B",null],"character_chosen":"DEFECT","items_purchased":["Reprogram","Fire Potion","aspiration:Nostalgia","PreservedInsect","hubris:SlimyHat"],"campfire_rested":4,"item_purchase_floors":[10,10,10,22,48],"current_hp_per_floor":[34,34,23,23,18,7,7,1,1,1,1,25,25,25,49,49,72,69,69,69,69,69,69,69,69,69,69,69,66,66,66,66,59,45,26,26,26,26,29,29,29,29,29,9,24,24,24,24,39,30],"gold":25,"neow_bonus":"","is_daily":false,"chose_seed":false,"campfire_upgraded":5,"win_rate":0.0,"timestamp":1611343687,"path_taken":["M","?","?","?","M","E","M","E","T","$","M","R","M","$","R","BOSS","M","?","?","?","$","R","?","R","T","R","M","?","AVR","M","R","BOSS","M","$","M","?","?","R","M","$","T","E","R","E","AVR","?","R","BOSS"],"items_purchased_type":["Card","Potion","Relic","Relic","Relic"],"build_version":"2020-12-22","purchased_purges":1,"victory":true,"max_hp_per_floor":[75,75,75,75,75,80,80,80,80,80,80,80,80,80,80,80,80,80,80,80,80,80,80,80,80,80,80,80,80,80,80,80,80,45,45,45,45,45,48,48,51,51,51,51,51,51,51,51,51,51],"card_choices":[{"not_picked":["Redo","Leap"],"picked":"Skim","floor":5},{"not_picked":["BasicCrystalCard","Force Field"],"picked":"Go for the Eyes","floor":7},{"not_picked":["Amplify","Meteor Strike"],"picked":"Seek","floor":16}],"player_experience":102996,"relics_obtained":[{"floor":4,"key":"Matryoshka"},{"floor":6,"key":"StuffTheSpire:Rhapsscallions"},{"floor":8,"key":"hubris:CrystalStatue"},{"floor":9,"key":"trackpad:AdjectivePendant"},{"floor":26,"key":"aspiration:TomeofQuesting"},{"floor":26,"key":"trackpad:ByrdBGone"},{"floor":41,"key":"halation:EternalFortune"},{"floor":43,"key":"Replay:Rubber Ducky"},{"floor":44,"key":"Blue Doll"},{"floor":46,"key":"StuffTheSpire:Tea"}],"event_choices":[{"damage_healed":0,"gold_gain":75,"player_choice":"Gather Gold","damage_taken":11,"max_hp_gain":0,"max_hp_loss":0,"event_name":"World of Goop","floor":3,"gold_loss":0},{"damage_healed":0,"gold_gain":0,"player_choice":"Ignored","damage_taken":0,"max_hp_gain":0,"max_hp_loss":0,"event_name":"Vampires","floor":20,"gold_loss":0}],"is_beta":false,"boss_relics":[{"not_picked":["halation:MonkeysPaw","Inserter"],"picked":"aspiration:WatcherSkillbook"},{"not_picked":["hubris:Stopwatch","Philosopher\u0027s Stone"],"picked":"halation:Prosthetics"}],"items_purged_floors":[36],"is_endless":false,"potions_floor_spawned":[1,6,11,16,18,28,41,44],"ascension_level":9}}