{"host":"t7mx8yfj1no5p62f","time":1611291915,"event":{"mods":["BaseMod","Bestiary","Colored Map","Colored Powertips","Minty Spire (QoL Compilation)","Relic Stats","StSLib"],"gold_per_floor":[117,131,131,111,36,36,49,49,49,375,386,403,430,444,444,518,518,528,528,548,0,0,30,48,66,66,66,166,166,218,246,246,325,325,343,343,10,10,10,45,61,61,61,93,118,128,128,160,160,160,160,160,160,51,79,79],"floor_reached":57,"language":"ENG","playtime":3160,"items_purged":["Strike_R","Perfected Strike"],"score":3071,"play_id":"da7b090e-707e-4256-b39d-2f7ce459a330","local_time":"20210122000515","is_ascension_mode":true,"campfire_choices":[{"data":"Inflame","floor":6.0,"key":"SMITH"},{"data":"Heavy Blade","floor":8.0,"key":"SMITH"},{"data":"Inflame","floor":15.0,"key":"SMITH"},{"data":"Corruption","floor":27.0,"key":"SMITH"},{"floor":29.0,"key":"REST"},{"floor":32.0,"key":"REST"},{"data":"Barricade","floor":42.0,"key":"SMITH"},{"data":"Impervious","floor":47.0,"key":"SMITH"},{"floor":49.0,"key":"RECALL"},{"floor":53.0,"key":"DIG"}],"circlet_count":0,"master_deck":["AscendersBane","Defend_R","Defend_R","Defend_R","Defend_R","Bash","Heavy Blade+1","Inflame+1","Sword Boomerang","Feed","Inflame+1","Headbutt","Impervious+1","Uppercut+1","Shrug It Off","Corruption+1","Shrug It Off+1","Flame Barrier+1","Feel No Pain+1","Shrug It Off+1","Thunderclap+1","Clumsy","Double Tap+1","Impervious+1","Clothesline+1","Flame Barrier+1","Rage+1","True Grit+1","Pommel Strike+1","Shockwave+1","Barricade+1","Madness+1","Panacea+1","Jack Of All Trades+1","Exhume+1","Shrug It Off+1","Sentinel+1","Entrench+1","Entrench+1","Warcry+1","True Grit+1","Shrug It Off+1"],"relics":["Cursed Key","HornCleat","Old Coin","Question Card","Philosopher\u0027s Stone","Toxic Egg 2","Prayer Wheel","Ice Cream","Paper Frog","Juzu Bracelet","Astrolabe","Spirit Poop","Toolbox","Anchor","Shovel","Charon\u0027s Ashes","Toy Ornithopter","Sundial","Bag of Preparation"],"acts_visited":["Exordium","TheCity","TheBeyond","TheEnding"],"potions_floor_usage":[56,56],"damage_taken":[{"damage":2.0,"enemies":"Jaw Worm","floor":1.0,"turns":4.0},{"damage":1.0,"enemies":"Cultist","floor":2.0,"turns":3.0},{"damage":0.0,"enemies":"2 Louse","floor":7.0,"turns":1.0},{"damage":2.0,"enemies":"3 Sentries","floor":10.0,"turns":6.0},{"damage":8.0,"enemies":"Exordium Thugs","floor":11.0,"turns":3.0},{"damage":1.0,"enemies":"Looter","floor":12.0,"turns":4.0},{"damage":0.0,"enemies":"Gremlin Nob","floor":13.0,"turns":2.0},{"damage":0.0,"enemies":"2 Fungi Beasts","floor":14.0,"turns":3.0},{"damage":10.0,"enemies":"Slime Boss","floor":16.0,"turns":7.0},{"damage":0.0,"enemies":"Spheric Guardian","floor":18.0,"turns":3.0},{"damage":0.0,"enemies":"Chosen","floor":20.0,"turns":4.0},{"damage":18.0,"enemies":"Slavers","floor":23.0,"turns":6.0},{"damage":23.0,"enemies":"Shelled Parasite and Fungi","floor":24.0,"turns":4.0},{"damage":0.0,"enemies":"Snake Plant","floor":25.0,"turns":4.0},{"damage":0.0,"enemies":"Colosseum Slavers","floor":28.0,"turns":3.0},{"damage":0.0,"enemies":"Colosseum Nobs","floor":28.0,"turns":3.0},{"damage":21.0,"enemies":"Gremlin Leader","floor":31.0,"turns":6.0},{"damage":28.0,"enemies":"Collector","floor":33.0,"turns":6.0},{"damage":0.0,"enemies":"3 Darklings","floor":35.0,"turns":7.0},{"damage":0.0,"enemies":"Giant Head","floor":40.0,"turns":8.0},{"damage":9.0,"enemies":"Orb Walker","floor":41.0,"turns":5.0},{"damage":8.0,"enemies":"Nemesis","floor":44.0,"turns":7.0},{"damage":0.0,"enemies":"Mind Bloom Boss Battle","floor":45.0,"turns":12.0},{"damage":0.0,"enemies":"Sphere and 2 Shapes","floor":46.0,"turns":5.0},{"damage":0.0,"enemies":"Reptomancer","floor":48.0,"turns":6.0},{"damage":6.0,"enemies":"Awakened One","floor":50.0,"turns":21.0},{"damage":0.0,"enemies":"Donu and Deca","floor":51.0,"turns":15.0},{"damage":32,"enemies":"Shield and Spear","floor":55,"turns":12},{"damage":51,"enemies":"The Heart","floor":56,"turns":15}],"seed_played":"8764695201447300472","potions_obtained":[{"floor":1.0,"key":"EntropicBrew"},{"floor":4.0,"key":"EssenceOfSteel"},{"floor":7.0,"key":"PowerPotion"},{"floor":12.0,"key":"Energy Potion"},{"floor":13.0,"key":"BlessingOfTheForge"},{"floor":25.0,"key":"DistilledChaos"},{"floor":28.0,"key":"BlessingOfTheForge"},{"floor":33.0,"key":"GamblersBrew"},{"floor":41.0,"key":"ColorlessPotion"},{"floor":45.0,"key":"Fruit Juice"},{"floor":46.0,"key":"SpeedPotion"}],"is_trial":false,"path_per_floor":["M","M","?","?","$","R","M","R","T","E","M","M","E","M","R","B",null,"M","?","M","$","?","E","M","M","T","R","?","R","T","E","R","B",null,"M","?","$","?","?","E","M","R","T","E","?","M","R","E","R","B","B",null,"R","$","E","B",null],"character_chosen":"IRONCLAD","items_purchased":["Toxic Egg 2","Corruption","Shockwave+1","Toolbox","Barricade","Ancient Potion","True Grit+1"],"campfire_rested":2,"item_purchase_floors":[21,21,37,37,37,54,54],"current_hp_per_floor":[66,65,65,65,65,65,65,65,65,63,58,57,57,60,60,53,76,79,54,57,57,51,36,13,13,13,13,19,50,50,32,64,36,89,89,89,89,79,79,82,76,76,76,71,74,82,82,86,86,83,86,124,124,124,95,54],"gold":79,"neow_bonus":"BOSS_RELIC","is_daily":false,"chose_seed":false,"campfire_upgraded":6,"win_rate":0.0,"timestamp":1611291915,"path_taken":["M","M","?","?","$","R","?","R","T","E","M","M","E","M","R","BOSS","M","?","M","$","?","E","M","?","T","R","?","R","?","E","R","BOSS","M","?","$","?","?","E","M","R","T","E","?","M","R","E","R","BOSS","BOSS","R","$","E","BOSS"],"items_purchased_type":["Relic","Card","Card","Relic","Card","Potion","Card"],"build_version":"2020-12-22","purchased_purges":2,"victory":true,"max_hp_per_floor":[75,75,75,75,75,75,75,75,75,75,78,78,78,81,81,84,84,87,92,95,95,95,98,98,98,98,98,104,104,104,107,107,107,107,107,107,107,107,107,110,113,113,113,116,119,127,127,131,131,134,137,137,137,137,140,140],"relic_stats":{"Shovel":1,"counters":[29,185],"Sundial":[2],"Astrolabe":["Clothesline","Flame Barrier","Rage"],"Prayer Wheel":5,"Charon\u0027s Ashes":[545],"Juzu Bracelet":1,"Bag of Preparation":[2],"Cursed Key":2,"Question Card":26,"obtain_stats":[{"Ice Cream":28,"Astrolabe":34,"Spirit Poop":36,"Charon\u0027s Ashes":45,"Juzu Bracelet":31,"Bag of Preparation":55,"Cursed Key":0,"Question Card":13,"Burning Blood":0,"Old Coin":10,"Anchor":40,"HornCleat":9,"Shovel":44,"Sundial":53,"Toolbox":37,"Philosopher\u0027s Stone":17,"Prayer Wheel":23,"Toxic Egg 2":21,"Toy Ornithopter":48,"Paper Frog":28},{"Ice Cream":16,"Astrolabe":18,"Spirit Poop":19,"Charon\u0027s Ashes":23,"Juzu Bracelet":17,"Bag of Preparation":28,"Cursed Key":0,"Question Card":7,"Burning Blood":0,"Old Coin":4,"Anchor":20,"HornCleat":3,"Shovel":22,"Sundial":27,"Toolbox":19,"Philosopher\u0027s Stone":9,"Prayer Wheel":12,"Toxic Egg 2":11,"Toy Ornithopter":25,"Paper Frog":16},{"Ice Cream":60,"Astrolabe":72,"Spirit Poop":79,"Charon\u0027s Ashes":111,"Juzu Bracelet":66,"Bag of Preparation":170,"Cursed Key":0,"Question Card":23,"Burning Blood":0,"Old Coin":14,"Anchor":87,"HornCleat":8,"Shovel":99,"Sundial":158,"Toolbox":79,"Philosopher\u0027s Stone":33,"Prayer Wheel":46,"Toxic Egg 2":40,"Toy Ornithopter":122,"Paper Frog":60}],"Toy Ornithopter":10},"card_choices":[{"not_picked":["Blood for Blood","Shrug It Off"],"picked":"Heavy Blade","floor":1.0},{"not_picked":["Seeing Red","Burning Pact"],"picked":"Inflame","floor":2.0},{"not_picked":["Clash","Thunderclap"],"picked":"Sword Boomerang","floor":7.0},{"not_picked":["Sword Boomerang","Twin Strike"],"picked":"Feed","floor":10.0},{"not_picked":["Shrug It Off","Spot Weakness"],"picked":"Whirlwind","floor":11.0},{"not_picked":["Clothesline","Wild Strike"],"picked":"Inflame","floor":12.0},{"not_picked":["Flex","Body Slam","Rage"],"picked":"SKIP","floor":13.0},{"not_picked":["Warcry","Clothesline","Iron Wave"],"picked":"Headbutt","floor":14.0},{"not_picked":["Demon Form","Exhume","Limit Break"],"picked":"Impervious","floor":16.0},{"not_picked":["Iron Wave","Searing Blow","Bloodletting"],"picked":"Uppercut+1","floor":18.0},{"not_picked":["Thunderclap+1","Heavy Blade","Anger"],"picked":"Shrug It Off","floor":20.0},{"not_picked":["Flex+1","Fire Breathing","Anger"],"picked":"Shrug It Off+1","floor":23.0},{"not_picked":["Clash","Feed","Twin Strike"],"picked":"Flame Barrier+1","floor":24.0},{"not_picked":["Rage+1","Flex+1","Heavy Blade"],"picked":"Feel No Pain+1","floor":24.0},{"not_picked":["Pommel Strike","Dual Wield+1","Seeing Red+1"],"picked":"Shrug It Off+1","floor":25.0},{"not_picked":["Reckless Charge+1","Wild Strike","Twin Strike"],"picked":"Thunderclap+1","floor":25.0},{"not_picked":["Pommel Strike","Warcry+1","Heavy Blade"],"picked":"Double Tap+1","floor":31.0},{"not_picked":["Barricade","Demon Form","Limit Break+1"],"picked":"Impervious+1","floor":33.0},{"not_picked":["Clash","Evolve","Sever Soul"],"picked":"True Grit+1","floor":35.0},{"not_picked":["Pummel","True Grit+1","Heavy Blade+1"],"picked":"Pommel Strike+1","floor":35.0},{"not_picked":["Enlightenment+1","Bandage Up+1","Purity+1"],"picked":"Madness+1","floor":38.0},{"not_picked":["Good Instincts+1","Dramatic Entrance","Secret Technique+1"],"picked":"Panacea+1","floor":38.0},{"not_picked":["Flash of Steel","Panacea+1","Mind Blast"],"picked":"Jack Of All Trades+1","floor":38.0},{"not_picked":["Offering+1","Heavy Blade","Pommel Strike"],"picked":"Exhume+1","floor":40.0},{"not_picked":["Havoc+1","Fire Breathing","Pommel Strike"],"picked":"Shrug It Off+1","floor":41.0},{"not_picked":["Inflame+1","Armaments+1","Headbutt"],"picked":"Sentinel+1","floor":41.0},{"not_picked":["Headbutt","Sword Boomerang","Power Through+1"],"picked":"Entrench+1","floor":44.0},{"not_picked":["Twin Strike","Clash","Headbutt"],"picked":"Entrench+1","floor":45.0},{"not_picked":["Intimidate+1","Cleave+1","Uppercut+1"],"picked":"Warcry+1","floor":46.0},{"not_picked":["Bludgeon","Anger+1","Intimidate+1","Sword Boomerang"],"picked":"SKIP","floor":46.0},{"not_picked":["Havoc+1","Anger","Uppercut","Immolate"],"picked":"SKIP","floor":48.0},{"not_picked":["Wild Strike","Evolve","Carnage"],"picked":"Shrug It Off+1","floor":55}],"player_experience":1806720,"relics_obtained":[{"floor":9.0,"key":"HornCleat"},{"floor":10.0,"key":"Old Coin"},{"floor":13.0,"key":"Question Card"},{"floor":23.0,"key":"Prayer Wheel"},{"floor":28.0,"key":"Ice Cream"},{"floor":28.0,"key":"Paper Frog"},{"floor":31.0,"key":"Juzu Bracelet"},{"floor":40.0,"key":"Anchor"},{"floor":44.0,"key":"Shovel"},{"floor":45.0,"key":"Charon\u0027s Ashes"},{"floor":48.0,"key":"Toy Ornithopter"},{"floor":53.0,"key":"Sundial"},{"floor":55,"key":"Bag of Preparation"}],"event_choices":[{"damage_healed":0.0,"max_hp_gain":0.0,"max_hp_loss":0.0,"gold_gain":0.0,"cards_transformed":["Strike_R"],"event_name":"Living Wall","player_choice":"Change","floor":3.0,"gold_loss":0.0,"damage_taken":0.0,"cards_obtained":["Perfected Strike"]},{"damage_healed":0.0,"max_hp_gain":0.0,"max_hp_loss":0.0,"gold_gain":0.0,"event_name":"The Woman in Blue","player_choice":"Bought 1 Potion","floor":4.0,"gold_loss":0.0,"damage_taken":0.0},{"damage_healed":0.0,"max_hp_gain":5.0,"max_hp_loss":0.0,"gold_gain":0.0,"event_name":"Forgotten Altar","player_choice":"Shed Blood","floor":19.0,"gold_loss":0.0,"damage_taken":30.0},{"damage_healed":0.0,"max_hp_gain":0.0,"max_hp_loss":0.0,"gold_gain":0.0,"event_name":"Knowing Skull","player_choice":"","floor":22.0,"potions_obtained":[],"gold_loss":0.0,"damage_taken":6.0,"cards_obtained":[]},{"damage_healed":0.0,"max_hp_gain":0.0,"max_hp_loss":0.0,"gold_gain":0.0,"event_name":"Colosseum","player_choice":"Fight","floor":28.0,"gold_loss":0.0,"damage_taken":0.0},{"damage_healed":0.0,"max_hp_gain":0.0,"max_hp_loss":0.0,"gold_gain":0.0,"event_name":"Colosseum","player_choice":"Fought Nobs","floor":28.0,"gold_loss":0.0,"damage_taken":0.0},{"cards_removed":["Clumsy"],"damage_healed":0.0,"max_hp_gain":0.0,"max_hp_loss":0.0,"gold_gain":0.0,"event_name":"Bonfire Elementals","player_choice":"Offered Curse","floor":36.0,"gold_loss":0.0,"damage_taken":0.0,"relics_obtained":["Spirit Poop"]},{"damage_healed":0.0,"max_hp_gain":0.0,"max_hp_loss":0.0,"gold_gain":0.0,"event_name":"SensoryStone","player_choice":"Memory 3","floor":38.0,"gold_loss":0.0,"damage_taken":10.0},{"cards_removed":["Whirlwind"],"damage_healed":0.0,"max_hp_gain":0.0,"max_hp_loss":0.0,"gold_gain":0.0,"event_name":"Falling","player_choice":"Removed Attack","floor":39.0,"gold_loss":0.0,"damage_taken":0.0},{"damage_healed":0.0,"max_hp_gain":0.0,"max_hp_loss":0.0,"gold_gain":0.0,"event_name":"MindBloom","player_choice":"Fight","floor":45.0,"gold_loss":0.0,"damage_taken":0.0}],"is_beta":false,"boss_relics":[{"not_picked":["Runic Dome","Tiny House"],"picked":"Philosopher\u0027s Stone"},{"not_picked":["Busted Crown","Calling Bell"],"picked":"Astrolabe"}],"items_purged_floors":[5,21],"is_endless":false,"potions_floor_spawned":[1,7,12,13,18,25,28,33,41,45,46],"ascension_level":20}}