{"host":"foq4mrde4mssg7vt","time":1611329591,"event":{"mods":["AchievementEnabler","BaseMod","Colored Map","Colored Powertips","Highlight Path","Minty Spire (QoL Compilation)","Relic Stats","everything is the same but u backflip on backflip"],"gold_per_floor":[111,122,69,81,96,129,129,142,166,110,124,124,154,168,168,168,168],"floor_reached":16,"language":"ENG","playtime":552,"items_purged":[],"score":228,"play_id":"0a96564d-71c6-438f-ae28-4ab39878fdce","local_time":"20210122233311","is_ascension_mode":true,"campfire_choices":[{"floor":7,"key":"REST"},{"data":"Defragment","floor":12,"key":"SMITH"},{"floor":15,"key":"REST"}],"circlet_count":0,"master_deck":["AscendersBane","Strike_B","Strike_B","Strike_B","Strike_B","Defend_B","Defend_B+1","Defend_B","Defend_B","Zap+1","Dualcast","Barrage","Sweeping Beam","Cold Snap","Hyperbeam","Defragment+1","Reinforced Body","Conserve Battery","Compile Driver","Chaos"],"relics":["SlaversCollar","War Paint","Blood Vial","Smiling Mask"],"acts_visited":["Exordium"],"potions_floor_usage":[6,16],"damage_taken":[{"damage":2.0,"enemies":"Cultist","floor":1.0,"turns":4.0},{"damage":5.0,"enemies":"2 Louse","floor":2.0,"turns":2.0},{"damage":9.0,"enemies":"Jaw Worm","floor":4.0,"turns":4.0},{"damage":7.0,"enemies":"2 Fungi Beasts","floor":5.0,"turns":4.0},{"damage":35,"enemies":"Gremlin Nob","floor":6,"turns":4},{"damage":5,"enemies":"3 Louse","floor":8,"turns":2},{"damage":0,"enemies":"Looter","floor":11,"turns":3},{"damage":4,"enemies":"Lagavulin","floor":13,"turns":8},{"damage":13,"enemies":"Exordium Thugs","floor":14,"turns":3},{"damage":34,"enemies":"Hexaghost","floor":16,"turns":9}],"seed_played":"456484001195324708","potions_obtained":[{"floor":5.0,"key":"Weak Potion"},{"floor":11,"key":"EntropicBrew"}],"is_trial":false,"path_per_floor":["M","M","$","M","M","E","R","M","T","$","M","R","E","M","R","B"],"character_chosen":"DEFECT","items_purchased":["ColorlessPotion","Conserve Battery"],"campfire_rested":2,"item_purchase_floors":[3,10],"current_hp_per_floor":[62,57,57,48,41,6,27,22,22,22,24,24,22,11,32,0,0],"gold":168,"neow_bonus":"BOSS_RELIC","is_daily":false,"chose_seed":false,"campfire_upgraded":1,"win_rate":0.0,"timestamp":1611329591,"path_taken":["M","M","$","M","M","E","R","M","T","$","M","R","E","M","R","BOSS"],"items_purchased_type":["Potion","Card"],"build_version":"2020-12-22","purchased_purges":0,"victory":false,"max_hp_per_floor":[71,71,71,71,71,71,71,71,71,71,71,71,71,71,71,71,71],"relic_stats":{"Blood Vial":8,"counters":[10,43],"War Paint":["Zap","Defend_B"],"Smiling Mask":0,"obtain_stats":[{"Blood Vial":9,"SlaversCollar":0,"War Paint":6,"Cracked Core":0,"Smiling Mask":13},{"Blood Vial":6,"SlaversCollar":0,"War Paint":5,"Cracked Core":0,"Smiling Mask":8},{"Blood Vial":20,"SlaversCollar":0,"War Paint":18,"Cracked Core":0,"Smiling Mask":31}]},"card_choices":[{"not_picked":["Rebound","Redo"],"picked":"Barrage","floor":1.0},{"not_picked":["BootSequence","Beam Cell"],"picked":"Sweeping Beam","floor":2.0},{"not_picked":["Darkness","Steam"],"picked":"Cold Snap","floor":4.0},{"not_picked":["Sweeping Beam","Conserve Battery"],"picked":"Hyperbeam","floor":5.0},{"not_picked":["Glacier","Force Field"],"picked":"Defragment","floor":6},{"not_picked":["Turbo","Scrape"],"picked":"Reinforced Body","floor":8},{"not_picked":["Reinforced Body","Hologram","Hello World"],"picked":"SKIP","floor":11},{"not_picked":["Recycle","Heatsinks"],"picked":"Compile Driver","floor":13},{"not_picked":["BootSequence","Fusion"],"picked":"Chaos","floor":14}],"player_experience":555013,"relics_obtained":[{"floor":6,"key":"War Paint"},{"floor":9,"key":"Blood Vial"},{"floor":13,"key":"Smiling Mask"}],"event_choices":[],"is_beta":false,"boss_relics":[],"items_purged_floors":[],"is_endless":false,"potions_floor_spawned":[5,11,14],"killed_by":"Hexaghost","ascension_level":20}}