{"host":"etaq29tqikxfqxk8","time":1611332386,"event":{"mods":["AchievementEnabler","BaseMod","Better Third Choice","BetterRewards","Colored Map","Colored Powertips","Minty Spire (QoL Compilation)","Rare Cards Sparkle","Shop Mod","StSLib","SuperFastMode","The Bug Knight","yUi"],"gold_per_floor":[112,112,112,112,133,176,176,176,201,201,18,41,64,88,88,209,209,184,33,33,33,33,33,33,58,58,71,71,86,86,86],"floor_reached":30,"language":"ENG","playtime":1103,"items_purged":[],"score":227,"play_id":"3863ab54-a2c4-4fb5-909b-048bb1662615","local_time":"20210122171946","is_ascension_mode":false,"campfire_choices":[{"floor":8,"key":"REST"},{"data":"Dualcast","floor":10,"key":"SMITH"},{"data":"Zap","floor":15,"key":"SMITH"},{"data":"Storm","floor":23,"key":"SMITH"},{"floor":28,"key":"REST"}],"circlet_count":0,"master_deck":["Strike_B","Strike_B","Strike_B","Strike_B","Defend_B","Defend_B","Defend_B","Defend_B","Zap+1","Dualcast+1","Cold Snap","BootSequence","Storm+1","Static Discharge","Heatsinks","Go for the Eyes","Amplify","Doom and Gloom","Darkness","Go for the Eyes","Steam+1","Darkness"],"relics":["Cracked Core","FossilizedHelix","Golden Idol","NlothsMask","Oddly Smooth Stone","MealTicket","Medical Kit","Philosopher\u0027s Stone","HollowMod:PaleOreRelic","Spirit Poop","White Beast Statue"],"acts_visited":["Exordium","TheCity"],"potions_floor_usage":[],"damage_taken":[{"damage":0,"enemies":"2 Louse","floor":1,"turns":3},{"damage":0,"enemies":"Small Slimes","floor":5,"turns":3},{"damage":33,"enemies":"Lagavulin","floor":6,"turns":10},{"damage":0,"enemies":"Cultist","floor":12,"turns":3},{"damage":0,"enemies":"Exordium Wildlife","floor":13,"turns":3},{"damage":5,"enemies":"Blue Slaver","floor":14,"turns":4},{"damage":44,"enemies":"The Guardian","floor":16,"turns":12},{"damage":24,"enemies":"2 Thieves","floor":18,"turns":5},{"damage":23,"enemies":"3 Byrds","floor":25,"turns":3},{"damage":40,"enemies":"Snecko","floor":27,"turns":7},{"damage":15,"enemies":"Shelled Parasite and Fungi","floor":29,"turns":4},{"damage":18,"enemies":"3 Cultists","floor":30,"turns":3}],"seed_played":"-1648938287080457137","potions_obtained":[{"floor":1,"key":"SpeedPotion"},{"floor":6,"key":"LiquidBronze"},{"floor":14,"key":"Swift Potion"}],"is_trial":false,"path_per_floor":["M","?","?","$","M","E","T","R","T","R","$","M","M","M","R","B",null,"M","$","?","$","?","R","$","M","T","M","R","M","M"],"character_chosen":"DEFECT","items_purchased":["Storm","Medical Kit","HollowMod:PaleOreRelic"],"campfire_rested":2,"item_purchase_floors":[11,11,19],"current_hp_per_floor":[68,68,68,68,68,35,35,55,55,55,68,68,68,63,63,19,68,44,59,59,68,68,68,68,45,45,5,25,10,0,0],"gold":86,"neow_bonus":"ONE_RARE_RELIC","is_daily":false,"chose_seed":false,"campfire_upgraded":3,"win_rate":0.0,"timestamp":1611332386,"path_taken":["M","?","?","$","?","E","?","R","T","R","$","M","M","M","R","BOSS","M","$","?","$","?","R","$","?","T","M","R","M","M"],"items_purchased_type":["Card","Relic","Relic"],"build_version":"2020-12-22","purchased_purges":0,"victory":false,"max_hp_per_floor":[68,68,68,68,68,68,68,68,68,68,68,68,68,68,68,68,68,68,68,68,68,68,68,68,68,68,68,68,68,68,68],"card_choices":[{"not_picked":["Heatsinks","Stack"],"picked":"Cold Snap","floor":1},{"not_picked":["Undo","Streamline","Consume"],"picked":"SKIP","floor":5},{"not_picked":["Seek","Heatsinks"],"picked":"BootSequence","floor":6},{"not_picked":["Stack","Ball Lightning"],"picked":"Static Discharge","floor":12},{"not_picked":["Hologram","Coolheaded"],"picked":"Heatsinks","floor":13},{"not_picked":["Beam Cell","Cold Snap"],"picked":"Go for the Eyes","floor":14},{"not_picked":["Fission","Seek"],"picked":"Amplify","floor":16},{"not_picked":["Streamline","Beam Cell"],"picked":"Doom and Gloom","floor":18},{"not_picked":["Consume+1","Skim"],"picked":"Go for the Eyes","floor":25},{"not_picked":["Hello World+1","Conserve Battery"],"picked":"Steam+1","floor":27},{"not_picked":["Stack","Compile Driver+1"],"picked":"Darkness","floor":29}],"player_experience":38988,"relics_obtained":[{"floor":6,"key":"Oddly Smooth Stone"},{"floor":9,"key":"MealTicket"},{"floor":26,"key":"White Beast Statue"}],"event_choices":[{"damage_healed":0,"gold_gain":0,"player_choice":"Take Wound","damage_taken":0,"relics_obtained":["Golden Idol"],"max_hp_gain":0,"max_hp_loss":0,"event_name":"Golden Idol","floor":2,"gold_loss":0,"cards_obtained":["Injury"]},{"damage_healed":0,"gold_gain":0,"player_choice":"Trade","damage_taken":0,"relics_obtained":["NlothsMask"],"max_hp_gain":0,"max_hp_loss":0,"event_name":"FaceTrader","floor":3,"gold_loss":0},{"damage_healed":0,"gold_gain":0,"player_choice":"Read","damage_taken":0,"max_hp_gain":0,"max_hp_loss":0,"event_name":"The Library","floor":20,"gold_loss":0,"cards_obtained":["Darkness"]},{"cards_removed":["Injury"],"damage_healed":0,"gold_gain":0,"player_choice":"Offered Curse","damage_taken":0,"relics_obtained":["Spirit Poop"],"max_hp_gain":0,"max_hp_loss":0,"event_name":"Bonfire Elementals","floor":22,"gold_loss":0}],"is_beta":false,"boss_relics":[{"not_picked":["Tiny House","Black Star"],"picked":"Philosopher\u0027s Stone"}],"items_purged_floors":[],"is_endless":false,"potions_floor_spawned":[1,6,14,18,27,29],"killed_by":"3 Cultists","ascension_level":0}}