{"host":"ny1uxs7aco9qql8p","time":1611357883,"event":{"mods":["AchievementEnabler","Alarm Clock","BaseMod","Bestiary","Colored Map","Colored Powertips","DeckTracker","Filter the Spire","Highlight Path","Minty Spire (QoL Compilation)","Permanent Neow","Quick Restart","Rare Cards Sparkle","Relic Stats"],"gold_per_floor":[113,113,123,134,148,181,194,226,226,255,267,277,277,31,31,131,131,148,148,148,148,10,10,39,59,59,59,79,95,95,114,114,114,114],"floor_reached":33,"language":"ENG","playtime":14706,"items_purged":[],"score":330,"play_id":"a382ffe5-5de1-4719-8195-1ee48a4b63e1","local_time":"20210122182443","is_ascension_mode":true,"campfire_choices":[{"floor":13.0,"key":"REST"},{"data":"Limit Break","floor":15.0,"key":"SMITH"},{"floor":23.0,"key":"REST"},{"floor":27.0,"key":"REST"},{"floor":30,"key":"RECALL"},{"floor":32,"key":"REST"}],"circlet_count":0,"master_deck":["Strike_R","Strike_R","Strike_R","Strike_R","Strike_R","Defend_R","Defend_R","Defend_R","Defend_R","Bash","Offering","Rampage","Impatience","Bash","Havoc","Rage","Second Wind","Burning Pact","Dual Wield","Limit Break+1","Infernal Blade","Heavy Blade","Blood for Blood","Corruption","Warcry","Feed","Cleave+1","Perfected Strike+1","Hemokinesis+1","Flex+1","Bloodletting"],"relics":["Burning Blood","Bronze Scales","Strawberry","Self Forming Clay","Gambling Chip","Shuriken","Runic Pyramid","Enchiridion","Eternal Feather"],"acts_visited":["Exordium","TheCity"],"potions_floor_usage":[33],"damage_taken":[{"damage":7.0,"enemies":"Jaw Worm","floor":1.0,"turns":3.0},{"damage":6.0,"enemies":"Cultist","floor":3.0,"turns":2.0},{"damage":6.0,"enemies":"2 Louse","floor":4.0,"turns":2.0},{"damage":10.0,"enemies":"Blue Slaver","floor":5.0,"turns":4.0},{"damage":24.0,"enemies":"3 Sentries","floor":6.0,"turns":8.0},{"damage":11.0,"enemies":"Exordium Wildlife","floor":7.0,"turns":4.0},{"damage":6.0,"enemies":"Gremlin Nob","floor":8.0,"turns":2.0},{"damage":38.0,"enemies":"Lagavulin","floor":10.0,"turns":8.0},{"damage":0.0,"enemies":"3 Louse","floor":11.0,"turns":1.0},{"damage":6.0,"enemies":"Looter","floor":12.0,"turns":2.0},{"damage":25.0,"enemies":"Hexaghost","floor":16.0,"turns":7.0},{"damage":19.0,"enemies":"2 Thieves","floor":18.0,"turns":3.0},{"damage":32.0,"enemies":"Gremlin Leader","floor":24.0,"turns":7.0},{"damage":21.0,"enemies":"Spheric Guardian","floor":25.0,"turns":4.0},{"damage":33,"enemies":"Shelled Parasite and Fungi","floor":28,"turns":5},{"damage":6,"enemies":"Centurion and Healer","floor":29,"turns":4},{"damage":6,"enemies":"Snecko","floor":31,"turns":3},{"damage":91,"enemies":"Champ","floor":33,"turns":7}],"seed_played":"3784570454123439899","potions_obtained":[{"floor":1.0,"key":"AttackPotion"},{"floor":4.0,"key":"Energy Potion"},{"floor":6.0,"key":"GamblersBrew"},{"floor":10.0,"key":"Explosive Potion"},{"floor":12.0,"key":"LiquidMemories"},{"floor":24.0,"key":"SpeedPotion"},{"floor":25.0,"key":"Ancient Potion"},{"floor":28,"key":"Block Potion"}],"is_trial":false,"path_per_floor":["M","?","M","M","M","E","M","E","T","E","M","M","R","$","R","B",null,"M","?","?","?","$","R","E","M","T","R","M","M","R","M","R","B"],"character_chosen":"IRONCLAD","items_purchased":["Shuriken","Feed"],"campfire_rested":4,"item_purchase_floors":[14,22],"current_hp_per_floor":[71,71,71,71,67,49,44,51,51,19,25,25,48,48,48,29,79,66,51,35,35,35,60,34,19,19,59,35,35,53,53,87,0,0],"gold":114,"neow_bonus":"THREE_RARE_CARDS","is_daily":false,"chose_seed":false,"campfire_upgraded":1,"win_rate":0.0,"timestamp":1611357883,"path_taken":["M","?","M","M","M","E","M","E","T","E","?","M","R","$","R","BOSS","M","?","?","?","?","R","E","M","T","R","?","M","R","M","R","BOSS"],"items_purchased_type":["Relic","Card"],"build_version":"2020-12-22","purchased_purges":0,"victory":false,"max_hp_per_floor":[72,72,72,72,72,72,72,79,79,79,79,79,79,79,79,79,79,79,84,84,84,84,84,84,84,84,84,87,87,87,87,87,87,87],"relic_stats":{"counters":[18,76],"Self Forming Clay":[99],"Shuriken":[21],"Bronze Scales":[117],"Gambling Chip":[16],"Eternal Feather":51,"obtain_stats":[{"Self Forming Clay":9,"Shuriken":14,"Bronze Scales":6,"Strawberry":8,"Gambling Chip":10,"Enchiridion":20,"Eternal Feather":24,"Burning Blood":0,"Runic Pyramid":17},{"Self Forming Clay":7,"Shuriken":10,"Bronze Scales":5,"Strawberry":7,"Gambling Chip":8,"Enchiridion":12,"Eternal Feather":13,"Burning Blood":0,"Runic Pyramid":11},{"Self Forming Clay":25,"Shuriken":36,"Bronze Scales":19,"Strawberry":25,"Gambling Chip":33,"Enchiridion":46,"Eternal Feather":53,"Burning Blood":0,"Runic Pyramid":43}],"Burning Blood":102},"card_choices":[{"not_picked":["Immolate","Demon Form"],"picked":"Offering","floor":0.0},{"not_picked":["Searing Blow","Cleave"],"picked":"Rampage","floor":1.0},{"not_picked":["Shrug It Off","Ghostly Armor"],"picked":"Havoc","floor":3.0},{"not_picked":["Armaments","Cleave"],"picked":"Rage","floor":4.0},{"not_picked":["Shrug It Off","Ghostly Armor"],"picked":"Second Wind","floor":5.0},{"not_picked":["Clash","Anger"],"picked":"Burning Pact","floor":6.0},{"not_picked":["Clothesline","Pommel Strike"],"picked":"Dual Wield","floor":7.0},{"not_picked":["Sword Boomerang","Flex"],"picked":"Limit Break","floor":8.0},{"not_picked":["Uppercut","True Grit"],"picked":"Infernal Blade","floor":10.0},{"not_picked":["Bloodletting","Iron Wave"],"picked":"Heavy Blade","floor":11.0},{"not_picked":["Iron Wave","Flex"],"picked":"Blood for Blood","floor":12.0},{"not_picked":["Brutality","Bludgeon"],"picked":"Corruption","floor":16.0},{"not_picked":["Anger","Dual Wield"],"picked":"Warcry","floor":18.0},{"not_picked":["Iron Wave","Wild Strike"],"picked":"Cleave+1","floor":24.0},{"not_picked":["Iron Wave","Warcry"],"picked":"Perfected Strike+1","floor":25.0},{"not_picked":["Evolve","Armaments"],"picked":"Hemokinesis+1","floor":28},{"not_picked":["Reckless Charge","Headbutt+1"],"picked":"Flex+1","floor":29},{"not_picked":["Clash","Perfected Strike"],"picked":"Bloodletting","floor":31}],"player_experience":229039,"relics_obtained":[{"floor":6.0,"key":"Bronze Scales"},{"floor":8.0,"key":"Strawberry"},{"floor":9.0,"key":"Self Forming Clay"},{"floor":10.0,"key":"Gambling Chip"},{"floor":20.0,"key":"Enchiridion"},{"floor":24.0,"key":"Eternal Feather"}],"event_choices":[{"damage_healed":0.0,"max_hp_gain":0.0,"max_hp_loss":0.0,"gold_gain":0.0,"event_name":"Match and Keep!","player_choice":"2 cards matched","floor":2.0,"gold_loss":0.0,"damage_taken":0.0,"cards_obtained":["Impatience","Bash"]},{"damage_healed":0.0,"max_hp_gain":5.0,"max_hp_loss":0.0,"gold_gain":0.0,"event_name":"Forgotten Altar","player_choice":"Shed Blood","floor":19.0,"gold_loss":0.0,"damage_taken":20.0},{"damage_healed":0.0,"max_hp_gain":0.0,"max_hp_loss":0.0,"gold_gain":0.0,"event_name":"Cursed Tome","player_choice":"Obtained Book","floor":20.0,"gold_loss":0.0,"damage_taken":16.0},{"damage_healed":0.0,"max_hp_gain":0.0,"max_hp_loss":0.0,"gold_gain":0.0,"event_name":"Ghosts","player_choice":"Ignored","floor":21.0,"gold_loss":0.0,"damage_taken":0.0}],"is_beta":false,"boss_relics":[{"not_picked":["Black Star","Fusion Hammer"],"picked":"Runic Pyramid"}],"items_purged_floors":[],"is_endless":false,"potions_floor_spawned":[1,4,6,10,12,24,25,28],"killed_by":"Champ","ascension_level":1}}