{"host":"b995t17pt6d05w8c","time":1611358074,"event":{"mods":["AchievementEnabler","BaseMod","Colored Map","DeckTracker","Keyboard Shortcuts","Minty Spire (QoL Compilation)","Permanent Neow","SuperFastMode"],"gold_per_floor":[109,109,129,17,34,34,66,66,66,91,10,25,41,61,61,138,138,158,158,158,206,222,222,122,134,134,151,151,162,13,32,32,111,111,129,129,140,151,151,166,192,192,192,203,203,271,23,37,37,37],"floor_reached":51,"language":"KOR","playtime":1372,"items_purged":["Strike_B","Strike_B","Defend_B"],"score":1172,"play_id":"0a109c50-44b5-4047-8706-e86c4ee312ba","local_time":"20210123082754","is_ascension_mode":true,"campfire_choices":[{"data":"Defragment","floor":6.0,"key":"SMITH"},{"data":"Zap","floor":8.0,"key":"SMITH"},{"data":"Sunder","floor":15.0,"key":"SMITH"},{"data":"Heatsinks","floor":23.0,"key":"SMITH"},{"data":"Loop","floor":28.0,"key":"SMITH"},{"data":"Coolheaded","floor":32.0,"key":"SMITH"},{"data":"Echo Form","floor":42.0,"key":"SMITH"},{"data":"Heatsinks","floor":45.0,"key":"SMITH"},{"data":"Defragment","floor":49.0,"key":"SMITH"}],"circlet_count":0,"master_deck":["AscendersBane","Defend_B","Defend_B","Defend_B","Zap+1","Dualcast","Coolheaded+1","Tempest","Heatsinks+1","Defragment+1","Ball Lightning","Self Repair","Heatsinks+1","Loop+1","Sunder+1","Core Surge","Conserve Battery","White Noise","Reboot","Turbo","Stack+1","Capacitor+1","BootSequence","Echo Form+1","Coolheaded+1","Leap+1","Defragment+1","Cold Snap+1","Hologram+1"],"relics":["Cracked Core","NeowsBlessing","Eternal Feather","Meat on the Bone","Tiny Chest","Philosopher\u0027s Stone","Centennial Puzzle","Molten Egg 2","Lantern","Sozu","Toxic Egg 2","Prayer Wheel","Ornamental Fan"],"acts_visited":["TheCity","TheBeyond"],"potions_floor_usage":[],"damage_taken":[{"damage":0.0,"enemies":"Jaw Worm","floor":1.0,"turns":1.0},{"damage":0.0,"enemies":"Cultist","floor":3.0,"turns":1.0},{"damage":0.0,"enemies":"2 Louse","floor":5.0,"turns":1.0},{"damage":24.0,"enemies":"Lagavulin","floor":7.0,"turns":6.0},{"damage":26.0,"enemies":"3 Sentries","floor":10.0,"turns":6.0},{"damage":10.0,"enemies":"Blue Slaver","floor":12.0,"turns":4.0},{"damage":15.0,"enemies":"3 Louse","floor":13.0,"turns":4.0},{"damage":20.0,"enemies":"Gremlin Gang","floor":14.0,"turns":3.0},{"damage":32.0,"enemies":"Slime Boss","floor":16.0,"turns":7.0},{"damage":25.0,"enemies":"Shell Parasite","floor":18.0,"turns":4.0},{"damage":9.0,"enemies":"Chosen","floor":22.0,"turns":3.0},{"damage":29.0,"enemies":"3 Cultists","floor":25.0,"turns":4.0},{"damage":23.0,"enemies":"Centurion and Healer","floor":27.0,"turns":7.0},{"damage":12.0,"enemies":"Sentry and Sphere","floor":29.0,"turns":4.0},{"damage":3.0,"enemies":"3 Cultists","floor":31.0,"turns":4.0},{"damage":50.0,"enemies":"Automaton","floor":33.0,"turns":8.0},{"damage":20.0,"enemies":"3 Darklings","floor":35.0,"turns":5.0},{"damage":19.0,"enemies":"3 Shapes","floor":37.0,"turns":4.0},{"damage":32.0,"enemies":"3 Darklings","floor":38.0,"turns":6.0},{"damage":22.0,"enemies":"Spire Growth","floor":40.0,"turns":5.0},{"damage":20.0,"enemies":"Reptomancer","floor":41.0,"turns":6.0},{"damage":24.0,"enemies":"4 Shapes","floor":44.0,"turns":5.0},{"damage":8.0,"enemies":"3 Darklings","floor":48.0,"turns":4.0},{"damage":47,"enemies":"Donu and Deca","floor":50,"turns":9}],"seed_played":"-2766769962404358222","potions_obtained":[{"floor":3.0,"key":"GamblersBrew"},{"floor":12.0,"key":"EssenceOfSteel"},{"floor":14.0,"key":"Weak Potion"},{"floor":16.0,"key":"Energy Potion"},{"floor":25.0,"key":"Energy Potion"},{"floor":31.0,"key":"Fruit Juice"}],"is_trial":false,"path_per_floor":["M","?","M","$","M","R","E","R","T","E","$","M","M","M","R","B",null,"M","?","?","T","M","R","$","M","T","M","R","M","$","M","R","B",null,"M","?","M","M","?","M","E","R","T","M","R","T","$","M","R","B",null],"character_chosen":"DEFECT","items_purchased":["Heatsinks","Self Repair","Lantern","Defragment","Cold Snap+1"],"campfire_rested":0,"item_purchase_floors":[4,11,30,47,47],"current_hp_per_floor":[64,60,60,60,60,60,36,42,42,28,28,37,41,33,42,22,59,46,46,46,46,44,56,56,39,39,35,44,51,51,55,67,36,62,49,49,49,36,36,33,37,52,52,47,62,62,62,54,69,41],"gold":37,"neow_bonus":"THREE_ENEMY_KILL","is_daily":false,"chose_seed":false,"campfire_upgraded":9,"win_rate":0.0,"timestamp":1611358074,"path_taken":["M","?","?","$","?","R","E","R","T","E","?","M","M","M","R","BOSS","M","?","?","?","M","R","$","M","T","M","R","M","$","M","R","BOSS","M","?","?","M","?","M","E","R","T","M","R","?","$","M","R","BOSS"],"items_purchased_type":["Card","Card","Relic","Card","Card"],"build_version":"2020-12-22","purchased_purges":3,"victory":true,"max_hp_per_floor":[71,71,71,71,71,71,71,71,71,71,71,71,71,71,71,71,71,71,71,71,71,71,71,71,71,71,71,71,71,71,71,71,71,71,71,71,71,71,71,71,76,76,76,76,76,76,76,76,76,76],"card_choices":[{"not_picked":["Conserve Battery","Rebound"],"picked":"Coolheaded","floor":1.0},{"not_picked":["Skim","Static Discharge"],"picked":"Tempest","floor":3.0},{"not_picked":["Compile Driver","Heatsinks"],"picked":"Defragment","floor":5.0},{"not_picked":["Steam","Coolheaded","Lockon"],"picked":"SKIP","floor":7.0},{"not_picked":["Heatsinks","Streamline"],"picked":"Ball Lightning","floor":10.0},{"not_picked":["Redo","Consume"],"picked":"Heatsinks","floor":12.0},{"not_picked":["Gash","Ball Lightning"],"picked":"Loop","floor":13.0},{"not_picked":["Ball Lightning","Steam"],"picked":"Sunder","floor":14.0},{"not_picked":["Seek","Hyperbeam"],"picked":"Core Surge","floor":16.0},{"not_picked":["Go for the Eyes","Compile Driver"],"picked":"Conserve Battery","floor":18.0},{"not_picked":["Ball Lightning","Barrage","Compile Driver"],"picked":"SKIP","floor":22.0},{"not_picked":["Rebound+1","Ball Lightning","Redo"],"picked":"SKIP","floor":25.0},{"not_picked":["Redo+1","Turbo","Hologram"],"picked":"SKIP","floor":27.0},{"not_picked":["Sunder+1","Streamline+1","Sweeping Beam+1"],"picked":"SKIP","floor":29.0},{"not_picked":["Rebound+1","Gash+1"],"picked":"White Noise","floor":31.0},{"not_picked":["All For One+1","Machine Learning"],"picked":"Reboot","floor":33.0},{"not_picked":["Streamline+1","Aggregate+1"],"picked":"Turbo","floor":35.0},{"not_picked":["Leap","Conserve Battery"],"picked":"Stack+1","floor":37.0},{"not_picked":["Barrage+1","Leap"],"picked":"Capacitor+1","floor":38.0},{"not_picked":["Stack","Cold Snap+1"],"picked":"BootSequence","floor":40.0},{"not_picked":["Barrage+1","Turbo+1"],"picked":"Echo Form","floor":41.0},{"not_picked":["Reinforced Body+1","Melter+1"],"picked":"Coolheaded+1","floor":44.0},{"not_picked":["Hologram+1","Rebound+1"],"picked":"Leap+1","floor":44.0},{"not_picked":["Self Repair","Barrage+1"],"picked":"Hologram+1","floor":48.0},{"not_picked":["Rebound+1","Leap+1","Turbo+1"],"picked":"SKIP","floor":48.0}],"player_experience":161420,"relics_obtained":[{"floor":7.0,"key":"Eternal Feather"},{"floor":9.0,"key":"Meat on the Bone"},{"floor":10.0,"key":"Tiny Chest"},{"floor":21.0,"key":"Centennial Puzzle"},{"floor":26.0,"key":"Molten Egg 2"},{"floor":41.0,"key":"Toxic Egg 2"},{"floor":43.0,"key":"Prayer Wheel"},{"floor":46.0,"key":"Ornamental Fan"}],"event_choices":[{"damage_healed":0.0,"max_hp_gain":0.0,"max_hp_loss":0.0,"gold_gain":0.0,"event_name":"The Woman in Blue","player_choice":"Bought 0 Potions","floor":2.0,"gold_loss":0.0,"damage_taken":0.0},{"cards_removed":["Strike_B"],"damage_healed":0.0,"max_hp_gain":0.0,"max_hp_loss":0.0,"gold_gain":0.0,"event_name":"Back to Basics","player_choice":"Elegance","floor":19.0,"gold_loss":0.0,"damage_taken":0.0},{"damage_healed":0.0,"max_hp_gain":0.0,"max_hp_loss":0.0,"gold_gain":0.0,"event_name":"Ghosts","player_choice":"Ignored","floor":20.0,"gold_loss":0.0,"damage_taken":0.0},{"damage_healed":0.0,"max_hp_gain":0.0,"max_hp_loss":0.0,"gold_gain":0.0,"event_name":"Lab","player_choice":"Got Potions","floor":36.0,"gold_loss":0.0,"damage_taken":0.0},{"cards_removed":["Strike_B"],"damage_healed":0.0,"max_hp_gain":0.0,"max_hp_loss":0.0,"gold_gain":0.0,"event_name":"Falling","player_choice":"Removed Attack","floor":39.0,"gold_loss":0.0,"damage_taken":0.0}],"is_beta":false,"boss_relics":[{"not_picked":["Runic Pyramid","Ectoplasm"],"picked":"Philosopher\u0027s Stone"},{"not_picked":["FrozenCore","Black Star"],"picked":"Sozu"}],"items_purged_floors":[4,24,47],"is_endless":false,"potions_floor_spawned":[3,12,14,16,25,31,35,40,48],"ascension_level":15}}