{"host":"ujnw6e0uhhe703dz","time":1611326505,"event":{"mods":["Act Like it!","BaseMod","Beaked The Cultist","Block Reminder","Colored Powertips","Conspire","Friendly Minions","Hubris","Marked Mod","Minty Spire (QoL Compilation)","Relic Stats","SacredBarkPlus","Shop Mod","Spicy Shops","StSLib","The Cursed","The Death Knight","The Necromancer","Transform Curses","Uncapped"],"gold_per_floor":[110,122,122,47,62,96,112,127,127,127,127,146,146,146],"floor_reached":13,"language":"ENG","playtime":905,"items_purged":["TheCursedMod:Strike_TheCursed"],"score":87,"play_id":"6ba6e477-0f59-49f3-95c0-e53d87e1eae6","local_time":"20210122144145","is_ascension_mode":false,"campfire_choices":[{"data":"TheCursedMod:FleshFromBone","floor":10,"key":"SMITH"}],"circlet_count":0,"master_deck":["TheCursedMod:Strike_TheCursed","TheCursedMod:Strike_TheCursed","TheCursedMod:Defend_TheCursed","TheCursedMod:Defend_TheCursed","TheCursedMod:Defend_TheCursed","TheCursedMod:Defend_TheCursed","TheCursedMod:CursedWand","TheCursedMod:CleanUpWorkshop","TheCursedMod:Dregs","TheCursedMod:FleshFromBone","TheCursedMod:HellsGateOpen","TheCursedMod:ReleasedKnowledge","TheCursedMod:CursedAmulet","TheCursedMod:FleshFromBone+1","TheCursedMod:WearCloak","TheCursedMod:SoulCrush","TheCursedMod:PrepareRite"],"relics":["TheCursedMod:BlackMagic101","hubris:Towel","Pantograph","hubris:DisguiseKit"],"acts_visited":["Exordium"],"potions_floor_usage":[6,12,13],"damage_taken":[{"damage":6,"enemies":"Cultist","floor":1,"turns":5},{"damage":1,"enemies":"Jaw Worm","floor":2,"turns":4},{"damage":2,"enemies":"conspire:RoseBush","floor":5,"turns":4},{"damage":32,"enemies":"Lagavulin","floor":6,"turns":14},{"damage":3,"enemies":"2 Fungi Beasts","floor":7,"turns":7},{"damage":7,"enemies":"Looter","floor":8,"turns":4},{"damage":7,"enemies":"Large Slime","floor":12,"turns":9},{"damage":58,"enemies":"Gremlin Nob","floor":13,"turns":5}],"seed_played":"-2000405543917613552","potions_obtained":[{"floor":1,"key":"Swift Potion"},{"floor":7,"key":"Regen Potion"},{"floor":12,"key":"Fire Potion"}],"is_trial":false,"path_per_floor":["M","M","?","$","M","E","M","M","T","R","?","M","E"],"character_chosen":"THE_CURSED","items_purchased":[],"campfire_rested":0,"item_purchase_floors":[],"current_hp_per_floor":[69,68,68,68,66,34,31,24,24,24,24,32,0,0],"gold":146,"neow_bonus":"THREE_CARDS","is_daily":false,"chose_seed":false,"campfire_upgraded":1,"win_rate":0.0,"timestamp":1611326505,"path_taken":["M","M","?","$","M","E","M","M","T","R","?","?","E"],"items_purchased_type":[],"build_version":"2020-12-22","purchased_purges":1,"victory":false,"max_hp_per_floor":[75,75,75,75,75,75,75,75,75,75,75,75,75,75],"relic_stats":{"counters":[8,52],"Pantograph":0,"obtain_stats":[{"TheCursedMod:BlackMagic101":0,"hubris:DisguiseKit":9,"Pantograph":6,"hubris:Towel":3},{"TheCursedMod:BlackMagic101":0,"hubris:DisguiseKit":6,"Pantograph":4,"hubris:Towel":2},{"TheCursedMod:BlackMagic101":0,"hubris:DisguiseKit":38,"Pantograph":27,"hubris:Towel":9}]},"card_choices":[{"not_picked":["TheCursedMod:PrepareRite","TheCursedMod:CircleOfWindfury"],"picked":"TheCursedMod:FleshFromBone","floor":0},{"not_picked":["TheCursedMod:SpitefulPray","TheCursedMod:ReleasedStrength"],"picked":"TheCursedMod:HellsGateOpen","floor":1},{"not_picked":["TheCursedMod:CircleOfWindfury","TheCursedMod:SpitefulStrike"],"picked":"TheCursedMod:ReleasedKnowledge","floor":2},{"not_picked":["TheCursedMod:Torture","TheCursedMod:VitalStrike"],"picked":"TheCursedMod:CursedAmulet","floor":5},{"not_picked":["TheCursedMod:SurpriseAttack","TheCursedMod:SmokeScreen"],"picked":"TheCursedMod:FleshFromBone","floor":6},{"not_picked":["TheCursedMod:CursedMace","TheCursedMod:CursedBlade"],"picked":"TheCursedMod:WearCloak","floor":7},{"not_picked":["TheCursedMod:VitalStrike","TheCursedMod:RapidMovement"],"picked":"TheCursedMod:SoulCrush","floor":8},{"not_picked":["TheCursedMod:TacticalStrike","TheCursedMod:Stigma","beaked:RuinSticks"],"picked":"TheCursedMod:PrepareRite","floor":12}],"player_experience":526793,"relics_obtained":[{"floor":6,"key":"Pantograph"},{"floor":9,"key":"hubris:DisguiseKit"}],"event_choices":[{"cards_removed":["TheCursedMod:Strike_TheCursed"],"damage_healed":0,"gold_gain":0,"player_choice":"Purged","damage_taken":0,"max_hp_gain":0,"max_hp_loss":0,"event_name":"Purifier","floor":11,"gold_loss":0}],"is_beta":false,"boss_relics":[],"items_purged_floors":[4],"is_endless":false,"potions_floor_spawned":[1,7,12],"killed_by":"Gremlin Nob","ascension_level":0}}