{"host":"sc0o2qwpf9j16a4i","time":1611335647,"event":{"mods":["AchievementEnabler","BaseMod","BetterRewards","Block Reminder","Colored Map","Colored Powertips","Custom Start","Highlight Path","Minty Spire (QoL Compilation)","Relic Stats"],"gold_per_floor":[109,127,127,77,77,113,8,48,57,93,127,127,127,127],"floor_reached":13,"language":"ENG","playtime":415,"items_purged":["Strike_B"],"score":101,"play_id":"aef9d975-095b-4aab-be49-0b804394bd24","local_time":"20210122191407","daily_mods":["Cursed Run","Red Cards","Elite Swarm"],"is_ascension_mode":false,"campfire_choices":[],"circlet_count":0,"master_deck":["Strike_B","Strike_B","Defend_B","Defend_B","Defend_B","Zap","Dualcast","Darkness+1","Leap","Regret","Creative AI","Seeing Red","Biased Cognition","Clumsy","Machine Learning","Turbo","Storm"],"relics":["Cursed Key","Darkstone Periapt","Du-Vu Doll","Dead Branch","CeramicFish","Prayer Wheel","Molten Egg 2","Nunchaku"],"acts_visited":["Exordium"],"potions_floor_usage":[10,13],"damage_taken":[{"damage":0,"enemies":"2 Louse","floor":1,"turns":3},{"damage":7,"enemies":"Small Slimes","floor":2,"turns":4},{"damage":11,"enemies":"Lagavulin","floor":6,"turns":6},{"damage":26,"enemies":"3 Sentries","floor":8,"turns":7},{"damage":27,"enemies":"Gremlin Nob","floor":10,"turns":4},{"damage":1,"enemies":"Jaw Worm","floor":11,"turns":3},{"damage":8,"enemies":"Lagavulin","floor":13,"turns":2}],"seed_played":"6710914280987457410","potions_obtained":[{"floor":6,"key":"PowerPotion"},{"floor":10,"key":"Fire Potion"},{"floor":11,"key":"EssenceOfSteel"}],"is_trial":true,"path_per_floor":["M","M","?","?","?","E","$","E","T","E","M","?","E"],"character_chosen":"DEFECT","items_purchased":["Seeing Red"],"campfire_rested":0,"item_purchase_floors":[7],"current_hp_per_floor":[75,68,61,61,67,56,56,30,36,9,8,8,0,0],"gold":127,"neow_bonus":"","is_daily":false,"chose_seed":false,"campfire_upgraded":0,"win_rate":0.0,"timestamp":1611335647,"path_taken":["M","M","?","?","?","E","?","E","T","E","?","?","E"],"items_purchased_type":["Card"],"build_version":"2020-12-22","purchased_purges":1,"victory":false,"max_hp_per_floor":[75,75,75,75,81,81,81,81,87,87,87,87,87,87],"relic_stats":{"Darkstone Periapt":12,"Nunchaku":[0],"counters":[7,29],"Dead Branch":[17],"CeramicFish":63,"Prayer Wheel":1,"Cursed Key":1,"obtain_stats":[{"Darkstone Periapt":0,"Du-Vu Doll":0,"Nunchaku":10,"Dead Branch":5,"CeramicFish":6,"Prayer Wheel":8,"Molten Egg 2":9,"Cursed Key":0},{"Darkstone Periapt":0,"Du-Vu Doll":0,"Nunchaku":5,"Dead Branch":2,"CeramicFish":3,"Prayer Wheel":4,"Molten Egg 2":4,"Cursed Key":0},{"Darkstone Periapt":0,"Du-Vu Doll":0,"Nunchaku":24,"Dead Branch":7,"CeramicFish":13,"Prayer Wheel":20,"Molten Egg 2":20,"Cursed Key":0}]},"card_choices":[{"not_picked":["Clash","Glacier"],"picked":"Darkness","floor":1},{"not_picked":["Gash","Darkness"],"picked":"Leap","floor":2},{"not_picked":["Exhume","Hyperbeam"],"picked":"Creative AI","floor":6},{"not_picked":["Fission","Offering"],"picked":"Biased Cognition","floor":8},{"not_picked":["Brutality","Hyperbeam+1"],"picked":"Machine Learning","floor":10},{"not_picked":["Auto Shields","Wild Strike+1"],"picked":"Turbo","floor":11},{"not_picked":["Rebound+1","Leap"],"picked":"Storm","floor":11}],"player_experience":895613,"relics_obtained":[{"floor":6,"key":"CeramicFish"},{"floor":8,"key":"Prayer Wheel"},{"floor":9,"key":"Molten Egg 2"},{"floor":10,"key":"Nunchaku"}],"event_choices":[{"cards_removed":["Strike_B"],"damage_healed":0,"gold_gain":0,"player_choice":"Card Removal","damage_taken":7,"max_hp_gain":0,"max_hp_loss":0,"event_name":"Golden Wing","floor":3,"gold_loss":0},{"cards_removed":["Defend_B"],"damage_healed":0,"gold_gain":0,"player_choice":"Card Removal","damage_taken":0,"max_hp_gain":0,"max_hp_loss":0,"event_name":"The Cleric","floor":4,"gold_loss":50},{"damage_healed":0,"gold_gain":0,"player_choice":"Box","damage_taken":0,"relics_obtained":["Dead Branch"],"max_hp_gain":0,"max_hp_loss":0,"event_name":"Big Fish","floor":5,"gold_loss":0,"cards_obtained":["Regret"]},{"damage_healed":0,"gold_gain":0,"player_choice":"Grow","damage_taken":0,"max_hp_gain":0,"max_hp_loss":0,"event_name":"Living Wall","floor":12,"gold_loss":0,"cards_upgraded":["Darkness"]}],"is_beta":false,"boss_relics":[],"items_purged_floors":[7],"is_endless":false,"potions_floor_spawned":[6,10,11],"killed_by":"Lagavulin","ascension_level":0}}