{"host":"5wf60zc4jjt9ov65","time":1611346087,"event":{"mods":["AchievementEnabler","BaseMod","Beaked The Cultist","Better Altar","Better Match","Better Note","Better Sensory Stone","Better Skull","Better Third Choice","BetterRewards","Colored Map","Colored Powertips","Downfall","Googly Eyes","Halation","Highlight Path","Hubris","Infinite Spire","Minty Spire (QoL Compilation)","Permanent Neow","Quick Restart","Replay The Spire","StSLib","The Bug Knight","The Construct"],"gold_per_floor":[116,116,140,153,224,224,250,269,341,341,341,355,355,365,365,464,464,478,478,187,197,197,197,215,215,265,265,280,305,320,334,334,432,432,446,446,446,114,114,114,131,231,283,283,308,349,372,372,372,481,481,487,487,487,487,487,487,488,499,522,536,548,560,173,173,173,263,263,279,278,298,298,313,313,159,167,167,186,186,203,242,255,255,344,344,374,374,374,374,414,447,483,483,483,483,548,573,629,682,682,847,847,927,440,489,551,278,278,327,327,350,405,405,405,455,496,496,639,639,689,751,751,842,905,988,1071,461,461,461,461,519,519,519,519,666,666,719,780,834,834,834,834,908,908,986,1059,1059,1153,1153,1153,1153,1347,1347,1347,767,838,982],"floor_reached":158,"language":"ENG","playtime":8253,"items_purged":["Strike_G","Strike_G","Defend_G","Defend_G","Bite","Bite","Neutralize+1","Terror+1","Madness+1"],"score":4366,"play_id":"91276c26-dec4-4d4f-8d07-98c7e7ffd9cc","local_time":"20210122150807","is_ascension_mode":false,"campfire_choices":[{"data":"Discovery","floor":6.0,"key":"SMITH"},{"floor":13.0,"key":"REST"},{"data":"Catalyst","floor":13.0,"key":"SMITH"},{"data":"Noxious Fumes","floor":15.0,"key":"SMITH"},{"data":"hubris:Fate","floor":23.0,"key":"SMITH"},{"data":"Malaise","floor":27.0,"key":"SMITH"},{"data":"Poison Darts","floor":32.0,"key":"SMITH"},{"data":"Madness","floor":40.0,"key":"SMITH"},{"data":"ReplayTheSpireMod:Echoes of Time","floor":44.0,"key":"SMITH"},{"data":"Prepared","floor":49.0,"key":"SMITH"},{"data":"infinitespire:Neurotoxin","floor":57.0,"key":"SMITH"},{"data":"infinitespire:TheBestDefense","floor":66.0,"key":"SMITH"},{"data":"infinitespire:Punishment","floor":74.0,"key":"SMITH"},{"data":"Adrenaline","floor":83.0,"key":"SMITH"},{"data":"ReplayTheSpireMod:Necrosis","floor":95.0,"key":"SMITH"},{"data":"Catalyst","floor":100.0,"key":"SMITH"},{"data":"infinitespire:Punishment","floor":108.0,"key":"SMITH"},{"data":"Footwork","floor":110.0,"key":"SMITH"},{"data":"hubris:InfiniteBlow+38","floor":113.0,"key":"SMITH"},{"floor":117.0,"key":"DIG"},{"data":"hubris:InfiniteBlow+40","floor":132.0,"key":"SMITH"},{"data":"Night Terror","floor":134.0,"key":"SMITH"},{"data":"hubris:InfiniteBlow+60","floor":142.0,"key":"SMITH"},{"data":"hubris:InfiniteBlow+62","floor":147.0,"key":"SMITH"},{"floor":151.0,"key":"DIG"},{"data":"hubris:InfiniteBlow+63","floor":154.0,"key":"SMITH"}],"circlet_count":0,"master_deck":["Defend_G","Defend_G","Survivor+1","Discovery+1","Deadly Poison+1","Deadly Poison+1","Noxious Fumes+1","Catalyst+1","Apotheosis+1","Noxious Fumes+1","Blade Dance+1","Malaise+1","Deadly Poison+1","hubris:Fate+1","Acrobatics+1","Poison Darts+1","Prepared+1","ReplayTheSpireMod:Private Reserves+1","ReplayTheSpireMod:Echoes of Time+1","Catalyst+1","infinitespire:Neurotoxin+1","infinitespire:TheBestDefense+1","Adrenaline+1","infinitespire:Punishment+1","Catalyst+1","Bite","Bite","Bite+1","ReplayTheSpireMod:Necrosis+1","Catalyst+1","hubris:InfiniteBlow+83","Sneak Up+1","infinitespire:Punishment+1","Night Terror+1","hubris:DuctTapeCard"],"relics":["Ring of the Serpent","halation:OrihimeAndHikoboshiSamaAndTears","infinitespire:WardingShard","infinitespire:Magic Flask","Eternal Feather","hubris:MedicalManual","ChewingGum","hubris:Potato","ReplayFunnel","Strawberry","MealTicket","Sozu","ReplayTheSpireMod:ShopPack","HornCleat","WingedGreaves","halation:LettersToHer","Replay:Bandana","construct:WeddingRing","Golden Idol","MawBank","White Beast Statue","halation:YellowSoulGem","Replay:Accelerometer","halation:VictoryRuler","hubris:Icosahedron","construct:ClawGrip","Juzu Bracelet","hubris:SphereOfDissonance","halation:PrussianBluePaint","Replay:WaspNest","beaked:ShinyBauble","infinitespire:EvilPickle","OrangePellets","construct:RocketBooster","hubris:TinFlute","Garlic","hubris:FunFungus","hubris:Backtick","Ice Cream","Orichalcum","Guide Book","Pondfish Scales","Bag of Marbles","Dream Catcher","Mummified Hand","Busted Crown","MutagenicStrength","halation:Toothbrush","Ancient Tea Set","hubris:SlimyHat","halation:Komachan","hubris:DuctTape","hubris:TenFootPole","Pen Nib","bronze:MakeshiftBattery","hubris:Towel","halation:BlackBeret","Sundial","Replay:Baseball","construct:FoamFinger","Iron Hammer","halation:LoveArrow","halation:Jellyphish","Mirror","infinitespire:Lucky Rock"],"acts_visited":["Exordium","TheCity","TheBeyond","Exordium","TheCity","TheBeyond","Exordium","TheCity","TheBeyond","TheEnding"],"potions_floor_usage":[],"damage_taken":[{"damage":0.0,"enemies":"Jaw Worm","floor":1.0,"turns":7.0},{"damage":0.0,"enemies":"2 Louse","floor":4.0,"turns":3.0},{"damage":22.0,"enemies":"Lagavulin","floor":7.0,"turns":6.0},{"damage":0.0,"enemies":"Cultist","floor":8.0,"turns":3.0},{"damage":20.0,"enemies":"Exordium Thugs","floor":12.0,"turns":5.0},{"damage":11.0,"enemies":"Lots of Slimes","floor":14.0,"turns":5.0},{"damage":23.0,"enemies":"Slime Boss","floor":16.0,"turns":7.0},{"damage":1.0,"enemies":"2 Thieves","floor":18.0,"turns":3.0},{"damage":15.0,"enemies":"Spheric Guardian","floor":21.0,"turns":5.0},{"damage":7.0,"enemies":"Centurion and Healer","floor":24.0,"turns":6.0},{"damage":0.0,"enemies":"Cultist and Chosen","floor":28.0,"turns":3.0},{"damage":2.0,"enemies":"Nightmare","floor":29.0,"turns":6.0},{"damage":23.0,"enemies":"3 Cultists","floor":30.0,"turns":4.0},{"damage":0.0,"enemies":"Chosen and Byrds","floor":31.0,"turns":3.0},{"damage":2.0,"enemies":"Champ","floor":33.0,"turns":9.0},{"damage":6.0,"enemies":"3 Darklings","floor":35.0,"turns":5.0},{"damage":11.0,"enemies":"3 Shapes","floor":41.0,"turns":4.0},{"damage":7.0,"enemies":"infinitespire:Three Voidlings","floor":42.0,"turns":3.0},{"damage":0.0,"enemies":"Nightmare_Alpha","floor":42.0,"turns":1.0},{"damage":0.0,"enemies":"Giant Head","floor":45.0,"turns":4.0},{"damage":17.0,"enemies":"3 Darklings","floor":46.0,"turns":4.0},{"damage":0.0,"enemies":"4 Shapes","floor":47.0,"turns":4.0},{"damage":20.0,"enemies":"Replay:Hell Engine","floor":50.0,"turns":8.0},{"damage":0.0,"enemies":"2 Louse","floor":52.0,"turns":1.0},{"damage":0.0,"enemies":"Cultist","floor":58.0,"turns":3.0},{"damage":1.0,"enemies":"Jaw Worm","floor":59.0,"turns":2.0},{"damage":19.0,"enemies":"Nightmare","floor":61.0,"turns":6.0},{"damage":5.0,"enemies":"Fading Forest","floor":67.0,"turns":6.0},{"damage":0.0,"enemies":"3 Byrds","floor":69.0,"turns":1.0},{"damage":0.0,"enemies":"Chosen","floor":70.0,"turns":2.0},{"damage":0.0,"enemies":"Snecko","floor":71.0,"turns":2.0},{"damage":1.0,"enemies":"Centurion and Healer","floor":73.0,"turns":2.0},{"damage":14.0,"enemies":"Shelled Parasite and Fungi","floor":76.0,"turns":2.0},{"damage":0.0,"enemies":"Nightmare","floor":78.0,"turns":3.0},{"damage":0.0,"enemies":"Chosen and Byrds","floor":80.0,"turns":2.0},{"damage":0.0,"enemies":"Book of Stabbing","floor":81.0,"turns":1.0},{"damage":18.0,"enemies":"Centurion and Healer","floor":82.0,"turns":3.0},{"damage":28.0,"enemies":"Pondfish","floor":84.0,"turns":6.0},{"damage":6.0,"enemies":"3 Shapes","floor":86.0,"turns":2.0},{"damage":0.0,"enemies":"Orb Walker","floor":90.0,"turns":1.0},{"damage":0.0,"enemies":"R_Hoarder","floor":91.0,"turns":3.0},{"damage":0.0,"enemies":"4 Shapes","floor":92.0,"turns":3.0},{"damage":0.0,"enemies":"Reptomancer","floor":96.0,"turns":2.0},{"damage":0.0,"enemies":"Transient","floor":97.0,"turns":3.0},{"damage":0.0,"enemies":"2 Orb Walkers","floor":98.0,"turns":3.0},{"damage":0.0,"enemies":"Writhing Mass","floor":99.0,"turns":2.0},{"damage":0.0,"enemies":"infinitespire:MassOfShapes","floor":101.0,"turns":1.0},{"damage":0.0,"enemies":"Cultist","floor":103.0,"turns":1.0},{"damage":0.0,"enemies":"Small Slimes","floor":105.0,"turns":2.0},{"damage":0.0,"enemies":"Gremlin Nob","floor":106.0,"turns":3.0},{"damage":0.0,"enemies":"Lagavulin","floor":109.0,"turns":1.0},{"damage":17.0,"enemies":"3 Sentries","floor":112.0,"turns":3.0},{"damage":0.0,"enemies":"2 Louse","floor":115.0,"turns":1.0},{"damage":0.0,"enemies":"Large Slime","floor":116.0,"turns":2.0},{"damage":0.0,"enemies":"Slime Boss","floor":118.0,"turns":3.0},{"damage":0.0,"enemies":"Chosen","floor":120.0,"turns":2.0},{"damage":0.0,"enemies":"3 Byrds","floor":121.0,"turns":2.0},{"damage":0.0,"enemies":"Cultist and Chosen","floor":123.0,"turns":2.0},{"damage":0.0,"enemies":"Chosen and Byrds","floor":124.0,"turns":3.0},{"damage":0.0,"enemies":"Slavers","floor":125.0,"turns":2.0},{"damage":0.0,"enemies":"Shelled Parasite and Fungi","floor":126.0,"turns":1.0},{"damage":0.0,"enemies":"Book of Stabbing","floor":131.0,"turns":1.0},{"damage":0.0,"enemies":"Champ","floor":135.0,"turns":3.0},{"damage":0.0,"enemies":"3 Shapes","floor":137.0,"turns":2.0},{"damage":0.0,"enemies":"3 Darklings","floor":138.0,"turns":2.0},{"damage":0.0,"enemies":"Writhing Mass","floor":139.0,"turns":3.0},{"damage":0.0,"enemies":"Nemesis","floor":143.0,"turns":3.0},{"damage":0.0,"enemies":"Sphere and 2 Shapes","floor":146.0,"turns":2.0},{"damage":0.0,"enemies":"Nightmare","floor":148.0,"turns":2.0},{"damage":0.0,"enemies":"infinitespire:LordOfFortification","floor":152.0,"turns":1.0},{"damage":0.0,"enemies":"Shield and Spear","floor":156.0,"turns":2.0},{"damage":0,"enemies":"The Heart","floor":157,"turns":6}],"seed_played":"-4976918403108312884","potions_obtained":[{"floor":8.0,"key":"Languid Potion"},{"floor":14.0,"key":"Poison Potion"},{"floor":21.0,"key":"hexamod:SoulburnPotion"},{"floor":30.0,"key":"SteroidPotion"},{"floor":33.0,"key":"champ:CounterPotion"}],"is_trial":false,"path_per_floor":["M","?","?","M","T","R","E","M","T","?","T","M","R","M","R","B",null,"M","?","$","M","AVR","R","M","HB","T","R","M","NM","M","M","R","B",null,"M","AVR","?","$","?","R","M","?","T","R","E","M","M","HB","R","B",null,"M","?","?","?","?","R","M","M","T","NM","?","T","$","?","R","B",null,"M","M","M","?","M","R","$","M","T","NM","AVR","M","E","M","R","B",null,"M","AVR","?","?","M","E","M","$","T","R","E","M","?","M","R","B",null,"M","?","M","?","$","R","E","R","T","E","R","?","M","M","R_BF","B",null,"M","M","?","M","M","E","M","$","T","AVR","?","E","R","?","R","B",null,"M","M","M","?","?","R","E","?","T","M","R","NM","AVR","?","R_BF","B",null,"R","$","E","B",null],"character_chosen":"THE_SILENT","items_purchased":["hubris:Potato","HornCleat","halation:VictoryRuler","Juzu Bracelet","Guide Book","Ancient Tea Set","hubris:SlimyHat","halation:Komachan","halation:Jellyphish","Mirror"],"campfire_rested":1,"item_purchase_floors":[20,38,64,75,107,127,127,127,155,155],"current_hp_per_floor":[70,70,70,70,70,70,48,48,48,48,48,28,58,47,59,36,70,69,69,69,54,54,66,59,35,42,42,42,40,17,17,32,30,42,36,36,36,42,42,42,31,31,31,42,42,40,40,21,42,22,42,42,32,25,25,25,42,42,41,41,23,23,23,38,38,42,42,42,42,42,42,42,42,42,42,42,42,42,42,42,42,24,42,19,42,39,39,42,42,42,42,42,42,42,42,42,42,42,42,42,42,42,42,42,42,42,42,42,42,42,42,25,42,42,42,42,42,42,42,42,42,42,42,42,42,42,45,45,48,48,48,48,48,48,48,48,48,48,48,48,48,48,48,48,48,48,48,48,48,51,51,51,51,51,54,54,54],"gold":982,"neow_bonus":"RANDOM_COLORLESS","is_daily":false,"chose_seed":false,"campfire_upgraded":23,"win_rate":0.0,"timestamp":1611346087,"path_taken":["M","?","?","?","?","R","E","?","T","?","?","M","R","M","R","BOSS","M","?","$","M","AVR","R","M","HB","T","R","M","NM","M","M","R","BOSS","M","AVR","?","$","?","R","M","?","T","R","E","M","M","HB","R","BOSS","M","?","?","?","?","R","?","M","T","NM","?","?","$","?","R","BOSS","M","M","M","?","M","R","?","M","T","NM","AVR","M","E","M","R","BOSS","M","AVR","?","?","M","E","M","$","T","R","E","M","?","M","R","BOSS","M","?","M","?","?","R","E","R","T","E","R","?","M","M","R_BF","BOSS","M","M","?","M","M","E","M","$","T","AVR","?","E","R","?","R","BOSS","M","M","M","?","?","R","E","?","T","M","R","NM","AVR","?","R_BF","BOSS","R","$","E","BOSS"],"items_purchased_type":["Relic","Relic","Relic","Relic","Relic","Relic","Relic","Relic","Relic","Relic"],"build_version":"2020-12-22","purchased_purges":9,"victory":true,"max_hp_per_floor":[70,70,70,70,70,70,70,70,70,70,70,70,70,70,70,70,70,70,70,70,70,70,70,70,35,42,42,42,42,42,42,42,42,42,42,42,42,42,42,42,42,42,42,42,42,42,42,21,42,42,42,42,42,42,42,42,42,42,42,42,42,42,42,42,42,42,42,42,42,42,42,42,42,42,42,42,42,42,42,42,42,42,42,42,42,42,42,42,42,42,42,42,42,42,42,42,42,42,42,42,42,42,42,42,42,42,42,42,42,42,42,42,42,42,42,42,42,42,42,42,42,42,42,42,42,42,45,45,48,48,48,48,48,48,48,48,48,48,48,48,48,48,48,48,48,48,48,48,48,51,51,51,51,51,54,54,54],"card_choices":[{"not_picked":["Dramatic Entrance","Mind Blast"],"picked":"Discovery","floor":0.0},{"not_picked":["Bane","Slice"],"picked":"Deadly Poison","floor":1.0},{"not_picked":["ReplayTheSpireMod:Exploit Weakness","PiercingWail"],"picked":"Deadly Poison","floor":3.0},{"not_picked":["Prepared","Quick Slash"],"picked":"ReplayTheSpireMod:Scrap Shanks","floor":4.0},{"not_picked":["Venomology","Blade Dance"],"picked":"Noxious Fumes","floor":7.0},{"not_picked":["Dagger Throw","Calculated Gamble"],"picked":"Catalyst","floor":8.0},{"not_picked":["Deadly Poison","ReplayTheSpireMod:Speed Training"],"picked":"Noxious Fumes","floor":12.0},{"not_picked":["Finisher","Expertise"],"picked":"Blade Dance","floor":14.0},{"not_picked":["ReplayTheSpireMod:From All Sides","Glass Knife"],"picked":"Malaise","floor":16.0},{"not_picked":["Prepared+1","Backflip"],"picked":"Deadly Poison","floor":18.0},{"not_picked":["Blur","Sucker Punch"],"picked":"Terror","floor":21.0},{"not_picked":["Quick Slash+1","Poisoned Stab"],"picked":"Acrobatics","floor":24.0},{"not_picked":["Expertise","Quick Slash+1"],"picked":"Poison Darts","floor":28.0},{"not_picked":["Poisoned Stab","Blur","Eviscerate"],"picked":"SKIP","floor":29.0},{"not_picked":["Poisoned Stab","Blur","Eviscerate"],"picked":"SKIP","floor":29.0},{"not_picked":["Slice","Bane","Predator+1"],"picked":"SKIP","floor":30.0},{"not_picked":["Dodge and Roll","hubris:SlightOfHand","Bane"],"picked":"SKIP","floor":31.0},{"not_picked":["ReplayTheSpireMod:The Works","Slice+1"],"picked":"Prepared","floor":35.0},{"not_picked":["Magnetism","Blind"],"picked":"Madness","floor":36.0},{"not_picked":["Panacea","Jack Of All Trades"],"picked":"ReplayTheSpireMod:Private Reserves","floor":36.0},{"not_picked":["Deflect","Poisoned Stab","Blade Dance+1"],"picked":"SKIP","floor":41.0},{"not_picked":["infinitespire:Fortify","ReplayTheSpireMod:Book of Names"],"picked":"ReplayTheSpireMod:Echoes of Time","floor":42.0},{"not_picked":["Underhanded Strike+1","Deadly Poison","Flying Knee"],"picked":"SKIP","floor":45.0},{"not_picked":["Sucker Punch+1","Blur+1","hubris:TrickCloak+1"],"picked":"SKIP","floor":46.0},{"not_picked":["Blade Dance","Quick Slash"],"picked":"Catalyst+1","floor":47.0},{"not_picked":["Night Terror","Wraith Form v2"],"picked":"infinitespire:Neurotoxin","floor":50.0},{"not_picked":["Deflect","Dagger Spray","ReplayTheSpireMod:Shiv Toss"],"picked":"SKIP","floor":52.0},{"not_picked":["Escape Plan","All Out Attack","Bane"],"picked":"SKIP","floor":58.0},{"not_picked":["Acrobatics","Dagger Throw","A Thousand Cuts"],"picked":"SKIP","floor":59.0},{"not_picked":["Replay:Fractal Strike","ReplayTheSpireMod:Echoes of Time"],"picked":"infinitespire:TheBestDefense","floor":61.0},{"not_picked":["PiercingWail","Dagger Spray","Prepared"],"picked":"SKIP","floor":61.0},{"not_picked":["A Thousand Cuts","Atom Bomb"],"picked":"Adrenaline","floor":67.0},{"not_picked":["infinitespire:Execution","infinitespire:FutureSight"],"picked":"infinitespire:Punishment","floor":67.0},{"not_picked":["Underhanded Strike","Dagger Spray"],"picked":"Catalyst+1","floor":69.0},{"not_picked":["Dagger Throw","Predator+1","Hidden Blade+1"],"picked":"SKIP","floor":70.0},{"not_picked":["Flying Knee+1","Poisoned Stab","Slice"],"picked":"SKIP","floor":71.0},{"not_picked":["Endless Agony","Doppelganger","All Out Attack"],"picked":"SKIP","floor":73.0},{"not_picked":["hubris:Counter+1","Bane+1","Underhanded Strike+1"],"picked":"SKIP","floor":76.0},{"not_picked":["Predator+1","Calculated Gamble","Slice"],"picked":"SKIP","floor":78.0},{"not_picked":["Choke","Underhanded Strike+1","Deflect+1"],"picked":"SKIP","floor":80.0},{"not_picked":["All Out Attack","Deadly Poison","Flechettes"],"picked":"SKIP","floor":81.0},{"not_picked":["All Out Attack","Deadly Poison","Flechettes"],"picked":"SKIP","floor":81.0},{"not_picked":["Flechettes","Acrobatics","PiercingWail"],"picked":"SKIP","floor":82.0},{"not_picked":["Doppelganger","Wraith Form v2"],"picked":"ReplayTheSpireMod:Necrosis","floor":84.0},{"not_picked":["Terror+1","Prepared+1"],"picked":"Catalyst","floor":86.0},{"not_picked":["Finisher+1","Dodge and Roll"],"picked":"Sneak Up+1","floor":90.0},{"not_picked":["ReplayTheSpireMod:Tripwire+1","Flying Knee+1","Well Laid Plans"],"picked":"SKIP","floor":91.0},{"not_picked":["Slice","Outmaneuver+1","ReplayTheSpireMod:The Works+1"],"picked":"SKIP","floor":92.0},{"not_picked":["A Thousand Cuts","Infinite Blades","Underhanded Strike+1"],"picked":"SKIP","floor":96.0},{"not_picked":["A Thousand Cuts","Infinite Blades","Underhanded Strike+1"],"picked":"SKIP","floor":96.0},{"not_picked":["ReplayTheSpireMod:The Works","ReplayTheSpireMod:Speed Training","Dodge and Roll"],"picked":"SKIP","floor":97.0},{"not_picked":["ReplayTheSpireMod:The Works","ReplayTheSpireMod:Speed Training","Dodge and Roll"],"picked":"SKIP","floor":97.0},{"not_picked":["Sucker Punch","ReplayTheSpireMod:Exploit Weakness+1"],"picked":"ReplayTheSpireMod:Speed Training+1","floor":99.0},{"not_picked":["Underhanded Strike","Dodge and Roll"],"picked":"Footwork","floor":103.0},{"not_picked":["infinitespire:NeuralNetwork","infinitespire:Fortify"],"picked":"infinitespire:Punishment","floor":104.0},{"not_picked":["Leg Sweep","ReplayTheSpireMod:Shiv Toss","Outmaneuver"],"picked":"SKIP","floor":105.0},{"not_picked":["Flying Knee","PiercingWail","Bane"],"picked":"SKIP","floor":109.0},{"not_picked":["Flying Knee","PiercingWail","Bane"],"picked":"SKIP","floor":109.0},{"not_picked":["Slice","Deflect","Sucker Punch"],"picked":"SKIP","floor":112.0},{"not_picked":["Hidden Blade","Dagger Throw","hubris:Sniper"],"picked":"SKIP","floor":115.0},{"not_picked":["Poison Darts","Dodge and Roll","Flechettes"],"picked":"SKIP","floor":116.0},{"not_picked":["Quick Slash"],"picked":"SKIP","floor":120.0},{"not_picked":["Deflect"],"picked":"SKIP","floor":121.0},{"not_picked":["All Out Attack+1"],"picked":"SKIP","floor":123.0},{"not_picked":["PiercingWail"],"picked":"SKIP","floor":124.0},{"not_picked":["Dash"],"picked":"SKIP","floor":125.0},{"not_picked":["ReplayTheSpireMod:Speed Training+1"],"picked":"SKIP","floor":126.0},{"not_picked":["Choke"],"picked":"SKIP","floor":131.0},{"not_picked":["Poisoned Stab+1"],"picked":"SKIP","floor":137.0},{"not_picked":["Flying Knee+1"],"picked":"SKIP","floor":138.0},{"not_picked":["hubris:SlightOfHand+1"],"picked":"SKIP","floor":139.0},{"not_picked":["ReplayTheSpireMod:From All Sides"],"picked":"SKIP","floor":143.0},{"not_picked":["Acrobatics"],"picked":"SKIP","floor":146.0},{"not_picked":["ReplayTheSpireMod:Shiv Toss"],"picked":"SKIP","floor":148.0},{"not_picked":["Bouncing Flask"],"picked":"SKIP","floor":156.0}],"player_experience":110198,"relics_obtained":[{"floor":3.0,"key":"halation:OrihimeAndHikoboshiSamaAndTears"},{"floor":5.0,"key":"infinitespire:WardingShard"},{"floor":7.0,"key":"infinitespire:Magic Flask"},{"floor":9.0,"key":"Eternal Feather"},{"floor":11.0,"key":"hubris:MedicalManual"},{"floor":26.0,"key":"Strawberry"},{"floor":29.0,"key":"MealTicket"},{"floor":42.0,"key":"WingedGreaves"},{"floor":43.0,"key":"halation:LettersToHer"},{"floor":45.0,"key":"Replay:Bandana"},{"floor":60.0,"key":"halation:LettersToHer"},{"floor":60.0,"key":"MawBank"},{"floor":61.0,"key":"White Beast Statue"},{"floor":63.0,"key":"halation:LettersToHer"},{"floor":63.0,"key":"Replay:Accelerometer"},{"floor":77.0,"key":"halation:LettersToHer"},{"floor":77.0,"key":"hubris:SphereOfDissonance"},{"floor":78.0,"key":"halation:PrussianBluePaint"},{"floor":81.0,"key":"beaked:ShinyBauble"},{"floor":91.0,"key":"construct:RocketBooster"},{"floor":94.0,"key":"halation:LettersToHer"},{"floor":94.0,"key":"hubris:TinFlute"},{"floor":96.0,"key":"Garlic"},{"floor":98.0,"key":"hubris:FunFungus"},{"floor":106.0,"key":"Orichalcum"},{"floor":109.0,"key":"Pondfish Scales"},{"floor":111.0,"key":"halation:LettersToHer"},{"floor":111.0,"key":"Bag of Marbles"},{"floor":112.0,"key":"Dream Catcher"},{"floor":117.0,"key":"Mummified Hand"},{"floor":125.0,"key":"halation:Toothbrush"},{"floor":128.0,"key":"halation:LettersToHer"},{"floor":128.0,"key":"hubris:DuctTape"},{"floor":131.0,"key":"Pen Nib"},{"floor":143.0,"key":"halation:BlackBeret"},{"floor":145.0,"key":"Sundial"},{"floor":145.0,"key":"Replay:Baseball"},{"floor":148.0,"key":"construct:FoamFinger"},{"floor":151.0,"key":"Iron Hammer"},{"floor":156.0,"key":"infinitespire:Lucky Rock"}],"event_choices":[{"damage_healed":48.0,"max_hp_gain":0.0,"max_hp_loss":70.0,"gold_gain":0.0,"event_name":"betterThird:BetterShining","player_choice":"Embrace","floor":10.0,"gold_loss":0.0,"damage_taken":0.0},{"damage_healed":0.0,"max_hp_gain":0.0,"max_hp_loss":0.0,"gold_gain":0.0,"event_name":"betterNote:BetterNote","player_choice":"Ignored","floor":19.0,"gold_loss":0.0,"damage_taken":0.0,"cards_obtained":["ConjureBlade"]},{"damage_healed":0.0,"max_hp_gain":0.0,"max_hp_loss":0.0,"gold_gain":0.0,"event_name":"Tomb of Lord Red Mask","player_choice":"Ignored","floor":37.0,"gold_loss":0.0,"damage_taken":0.0},{"damage_healed":0.0,"max_hp_gain":0.0,"max_hp_loss":0.0,"gold_gain":0.0,"event_name":"Mysterious Sphere","player_choice":"Ignored","floor":39.0,"gold_loss":0.0,"damage_taken":0.0},{"damage_healed":0.0,"max_hp_gain":0.0,"max_hp_loss":0.0,"gold_gain":0.0,"event_name":"Golden Idol","player_choice":"Take Damage","floor":53.0,"gold_loss":0.0,"damage_taken":10.0,"relics_obtained":["Golden Idol"]},{"damage_healed":0.0,"max_hp_gain":0.0,"max_hp_loss":0.0,"gold_gain":0.0,"event_name":"betterThird:BetterScrap","player_choice":"Relic ","floor":54.0,"gold_loss":0.0,"damage_taken":7.0,"cards_obtained":["Pummel"]},{"damage_healed":0.0,"max_hp_gain":0.0,"max_hp_loss":0.0,"gold_gain":0.0,"event_name":"betterThird:BetterSerpent","player_choice":"Ignored","floor":55.0,"gold_loss":0.0,"damage_taken":487.0},{"damage_healed":0.0,"max_hp_gain":0.0,"max_hp_loss":0.0,"gold_gain":0.0,"event_name":"Lab","player_choice":"Got Potions","floor":56.0,"gold_loss":0.0,"damage_taken":0.0},{"damage_healed":0.0,"max_hp_gain":0.0,"max_hp_loss":0.0,"gold_gain":0.0,"event_name":"Vampires","player_choice":"Became a vampire (Vial)","floor":72.0,"relics_lost":["Blood Vial"],"gold_loss":0.0,"damage_taken":0.0,"cards_obtained":["Bite","Bite","Bite","Bite","Bite"]},{"damage_healed":0.0,"max_hp_gain":0.0,"max_hp_loss":0.0,"gold_gain":0.0,"event_name":"The Moai Head","player_choice":"Ignored","floor":88.0,"gold_loss":0.0,"damage_taken":0.0},{"damage_healed":0.0,"max_hp_gain":0.0,"max_hp_loss":0.0,"gold_gain":0.0,"event_name":"Mysterious Sphere","player_choice":"Fight","floor":98.0,"gold_loss":0.0,"damage_taken":0.0},{"damage_healed":0.0,"max_hp_gain":0.0,"max_hp_loss":0.0,"gold_gain":0.0,"event_name":"Dead Adventurer","player_choice":"Searched \u00271\u0027 times","floor":106.0,"gold_loss":0.0,"damage_taken":0.0},{"damage_healed":0.0,"max_hp_gain":0.0,"max_hp_loss":0.0,"gold_gain":0.0,"event_name":"Drug Dealer","player_choice":"Inject Mutagens","floor":122.0,"gold_loss":0.0,"damage_taken":0.0,"relics_obtained":["MutagenicStrength"]},{"damage_healed":0.0,"max_hp_gain":0.0,"max_hp_loss":0.0,"gold_gain":0.0,"event_name":"The Woman in Blue","player_choice":"Bought 0 Potions","floor":130.0,"gold_loss":0.0,"damage_taken":0.0},{"damage_healed":0.0,"max_hp_gain":0.0,"max_hp_loss":0.0,"gold_gain":0.0,"event_name":"The Library","player_choice":"Read","floor":133.0,"gold_loss":0.0,"damage_taken":0.0,"cards_obtained":["Night Terror"]},{"damage_healed":0.0,"max_hp_gain":0.0,"max_hp_loss":0.0,"gold_gain":0.0,"event_name":"Upgrade Shrine","player_choice":"Upgraded","floor":140.0,"gold_loss":0.0,"damage_taken":0.0,"cards_upgraded":["ReplayTheSpireMod:Private Reserves"]},{"damage_healed":0.0,"max_hp_gain":0.0,"max_hp_loss":0.0,"gold_gain":0.0,"event_name":"Accursed Blacksmith","player_choice":"Forge","floor":144.0,"gold_loss":0.0,"damage_taken":0.0,"cards_upgraded":["hubris:InfiniteBlow"]},{"cards_removed":["ReplayTheSpireMod:Scrap Shanks"],"damage_healed":0.0,"max_hp_gain":0.0,"max_hp_loss":0.0,"gold_gain":0.0,"event_name":"Falling","player_choice":"Removed Power","floor":150.0,"gold_loss":0.0,"damage_taken":0.0}],"is_beta":false,"boss_relics":[{"not_picked":["Snecko Eye","ReplayTheSpireMod:DimensionalGlitch"],"picked":"ChewingGum"},{"not_picked":["infinitespire:Cupcake","Snecko Scales"],"picked":"Sozu"},{"not_picked":["Tiny House","beaked:MawFillet"],"picked":"construct:WeddingRing"},{"not_picked":["Painkiller Herb","Replay:Ancient Bell"],"picked":"construct:ClawGrip"},{"not_picked":["Empty Cage","halation:SmartPhone"],"picked":"Ring of the Serpent"},{"not_picked":["Replay:Bronze Core","hubris:Stopwatch"],"picked":"hubris:Backtick"},{"not_picked":["hubris:Stopwatch","Painkiller Herb"],"picked":"Busted Crown"},{"not_picked":["Tiny House","halation:MonkeysPaw"],"picked":"bronze:MakeshiftBattery"},{"not_picked":["halation:Prosthetics","Astrolabe"],"picked":"halation:LoveArrow"}],"items_purged_floors":[22,38,64,79,87,107,127,129,155],"is_endless":true,"potions_floor_spawned":[8,14,21,30,33,42,46,47,50,58,67,69,70,71,73,76,78,80,81,82,84,86,90,91,92,96,97,98,99,101,103,105,106,109,112,115,116,118,120,121,123,124,125,126,131,135,137,138,139,143,146,148,152,156,157],"ascension_level":0}}