{"host":"ua86kx5x377bzm1z","time":1611323140,"event":{"mods":["BaseMod","Colored Map","DeckTracker","Infinite Spire","Minty Spire (QoL Compilation)","Replay The Spire","StSLib"],"gold_per_floor":[114,129,140,140,140,140,154,179,229,241,269,286,286,300,300,300,300],"floor_reached":16,"language":"ENG","playtime":1286,"items_purged":[],"score":114,"play_id":"1ad93b99-18b7-4f72-9959-cfd645a69a02","local_time":"20210122144540","is_ascension_mode":false,"campfire_choices":[{"data":"Body Slam","floor":6,"key":"SMITH"},{"data":"Armaments","floor":15,"key":"SMITH"}],"circlet_count":0,"master_deck":["Strike_R","Strike_R","Strike_R","Strike_R","Strike_R","Defend_R","Defend_R+1","Defend_R","Defend_R","Body Slam+1","Metallicize","Armaments+1","Flame Barrier","Flex"],"relics":["Burning Blood","Meat on the Bone","ReplayTheSpireMod:TigerMarble","infinitespire:PuzzleCube","Bronze Scales"],"acts_visited":["Exordium"],"potions_floor_usage":[11,16],"damage_taken":[{"damage":7,"enemies":"2 Louse","floor":1,"turns":3},{"damage":4,"enemies":"Cultist","floor":2,"turns":4},{"damage":4,"enemies":"Jaw Worm","floor":3,"turns":6},{"damage":9,"enemies":"Lots of Slimes","floor":7,"turns":7},{"damage":34,"enemies":"Gremlin Nob","floor":8,"turns":6},{"damage":4,"enemies":"Exordium Wildlife","floor":10,"turns":4},{"damage":8,"enemies":"3 Sentries","floor":11,"turns":8},{"damage":2,"enemies":"Blue Slaver","floor":12,"turns":4},{"damage":2,"enemies":"Looter","floor":14,"turns":3},{"damage":60,"enemies":"Slime Boss","floor":16,"turns":14}],"seed_played":"-4544764707267722024","potions_obtained":[{"floor":3,"key":"Strength Potion"},{"floor":7,"key":"Dexterity Potion"},{"floor":8,"key":"Languid Potion"},{"floor":12,"key":"DistilledChaos"}],"is_trial":false,"path_per_floor":["M","M","M","?","?","R","M","E","T","M","E","M","?","M","R","B"],"character_chosen":"IRONCLAD","items_purchased":[],"campfire_rested":0,"item_purchase_floors":[],"current_hp_per_floor":[79,80,80,80,80,80,77,49,49,51,49,53,53,57,57,0,0],"gold":300,"neow_bonus":"UPGRADE_CARD","is_daily":false,"chose_seed":false,"campfire_upgraded":2,"win_rate":0.0,"timestamp":1611323140,"path_taken":["M","M","M","?","?","R","M","E","T","M","E","M","?","?","R","BOSS"],"items_purchased_type":[],"build_version":"2020-12-13","purchased_purges":0,"victory":false,"max_hp_per_floor":[80,80,80,80,80,80,80,80,80,80,80,80,80,80,80,80,80],"card_choices":[{"not_picked":["Sword Boomerang","Life Link"],"picked":"Body Slam","floor":1},{"not_picked":["Armaments","Perfected Strike"],"picked":"Clash","floor":2},{"not_picked":["ReplayTheSpireMod:LeadingStrike","Flex","Fire Breathing"],"picked":"SKIP","floor":3},{"not_picked":["ReplayTheSpireMod:Strike From Hell","Dual Wield"],"picked":"Metallicize","floor":7},{"not_picked":["Replay:Undeath\u0027s Touch","Rupture"],"picked":"Armaments","floor":8},{"not_picked":["Combust","Perfected Strike","Uppercut"],"picked":"SKIP","floor":10},{"not_picked":["Hemokinesis","Anger"],"picked":"Flame Barrier","floor":11},{"not_picked":["True Grit","Corruption"],"picked":"Flex","floor":12},{"not_picked":["Intimidate","Warcry","Disarm"],"picked":"SKIP","floor":14}],"player_experience":2199,"relics_obtained":[{"floor":5,"key":"Meat on the Bone"},{"floor":8,"key":"ReplayTheSpireMod:TigerMarble"},{"floor":9,"key":"infinitespire:PuzzleCube"},{"floor":11,"key":"Bronze Scales"}],"event_choices":[{"cards_removed":["Clash"],"damage_healed":0,"gold_gain":0,"player_choice":"Forget","damage_taken":0,"max_hp_gain":0,"max_hp_loss":0,"event_name":"Living Wall","floor":4,"gold_loss":0},{"cards_removed":["Bash"],"damage_healed":0,"gold_gain":0,"player_choice":"Purged","damage_taken":0,"max_hp_gain":0,"max_hp_loss":0,"event_name":"Purifier","floor":13,"gold_loss":0}],"is_beta":false,"boss_relics":[],"items_purged_floors":[],"is_endless":false,"potions_floor_spawned":[3,7,8,12],"killed_by":"Slime Boss","ascension_level":0}}