{"host":"q6ff4ns2kep02ti6","time":1611322722,"event":{"mods":["AchievementEnabler","BaseMod","Minty Spire (QoL Compilation)","Relic Stats","StSLib","Unceasing Turn Reminder"],"gold_per_floor":[109,121,196,271,287,287,331,354,408,408,408],"floor_reached":10,"language":"ENG","playtime":441,"items_purged":[],"score":99,"play_id":"2cd9bc0a-8f6d-4b72-9bd7-5d77fc570649","local_time":"20210122143842","is_ascension_mode":true,"campfire_choices":[],"circlet_count":0,"master_deck":["Strike_B","Strike_B","Strike_B","Strike_B","Defend_B","Defend_B","Defend_B","Defend_B","Zap","Dualcast","Core Surge","Leap","Self Repair","Buffer","Defragment"],"relics":["Cracked Core","Golden Idol","InkBottle","Juzu Bracelet"],"acts_visited":["Exordium"],"potions_floor_usage":[7,10],"damage_taken":[{"damage":2,"enemies":"2 Louse","floor":1,"turns":2},{"damage":3,"enemies":"Small Slimes","floor":2,"turns":4},{"damage":0,"enemies":"Cultist","floor":5,"turns":3},{"damage":23,"enemies":"Gremlin Nob","floor":7,"turns":5},{"damage":9,"enemies":"2 Fungi Beasts","floor":8,"turns":4},{"damage":37,"enemies":"3 Sentries","floor":10,"turns":6}],"seed_played":"-4919881594130784321","potions_obtained":[{"floor":2,"key":"Weak Potion"},{"floor":8,"key":"Energy Potion"}],"is_trial":false,"path_per_floor":["M","M","?","?","M","?","E","M","T","E"],"character_chosen":"DEFECT","items_purchased":[],"campfire_rested":0,"item_purchase_floors":[],"current_hp_per_floor":[66,63,52,52,52,52,36,34,34,0,0],"gold":408,"neow_bonus":"ONE_RANDOM_RARE_CARD","is_daily":false,"chose_seed":false,"campfire_upgraded":0,"win_rate":0.0,"timestamp":1611322722,"path_taken":["M","M","?","?","M","?","E","M","T","E"],"items_purchased_type":[],"build_version":"2020-12-22","purchased_purges":0,"victory":false,"max_hp_per_floor":[75,75,75,75,75,69,69,69,69,69,69],"relic_stats":{"counters":[6,24],"Golden Idol":14,"Juzu Bracelet":0,"obtain_stats":[{"Golden Idol":6,"Juzu Bracelet":9,"Cracked Core":0,"InkBottle":7},{"Golden Idol":3,"Juzu Bracelet":5,"Cracked Core":0,"InkBottle":4},{"Golden Idol":9,"Juzu Bracelet":18,"Cracked Core":0,"InkBottle":14}],"InkBottle":[2]},"card_choices":[{"not_picked":["Rebound","Redo"],"picked":"Leap","floor":1},{"not_picked":["Rebound","Rip and Tear","Stack"],"picked":"SKIP","floor":2},{"not_picked":["Barrage","Storm"],"picked":"Self Repair","floor":5},{"not_picked":["Compile Driver","White Noise"],"picked":"Buffer","floor":7},{"not_picked":["Go for the Eyes","Undo"],"picked":"Defragment","floor":8}],"player_experience":999024,"relics_obtained":[{"floor":7,"key":"InkBottle"},{"floor":9,"key":"Juzu Bracelet"}],"event_choices":[{"damage_healed":0,"gold_gain":75,"player_choice":"Gather Gold","damage_taken":11,"max_hp_gain":0,"max_hp_loss":0,"event_name":"World of Goop","floor":3,"gold_loss":0},{"damage_healed":0,"gold_gain":75,"player_choice":"Gained Gold","damage_taken":0,"max_hp_gain":0,"max_hp_loss":0,"event_name":"Golden Wing","floor":4,"gold_loss":0},{"damage_healed":0,"gold_gain":0,"player_choice":"Lose Max HP","damage_taken":0,"relics_obtained":["Golden Idol"],"max_hp_gain":0,"max_hp_loss":6,"event_name":"Golden Idol","floor":6,"gold_loss":0}],"is_beta":false,"boss_relics":[],"items_purged_floors":[],"is_endless":false,"potions_floor_spawned":[2,8],"killed_by":"3 Sentries","ascension_level":9}}