{"host":"vyjryxuuuxkt43k4","time":1611313970,"event":{"mods":["AchievementEnabler","BaseMod","Colored Map","DeckTracker","Keyboard Shortcuts","Minty Spire (QoL Compilation)","Permanent Neow","Quick Restart","StSLib","SuperFastMode","everything is the same but u backflip on backflip"],"gold_per_floor":[15,25,37,54,54,81,81,6,33,33,33],"floor_reached":10,"language":"KOR","playtime":257,"items_purged":["Decay"],"score":102,"play_id":"f4e8ba70-33e8-42c3-9043-c71a861155db","local_time":"20210122201250","is_ascension_mode":true,"campfire_choices":[{"floor":7,"key":"REST"}],"circlet_count":0,"master_deck":["AscendersBane","Strike_G","Strike_G","Strike_G","Strike_G","Strike_G","Defend_G","Defend_G","Defend_G","Defend_G","Defend_G","Survivor","Neutralize","Crippling Poison","Predator","Reflex","Slice","Escape Plan"],"relics":["Ring of the Snake","Peace Pipe","Pen Nib","Potion Belt"],"acts_visited":["Exordium"],"potions_floor_usage":[6,10],"damage_taken":[{"damage":6,"enemies":"Jaw Worm","floor":1,"turns":7},{"damage":0,"enemies":"Cultist","floor":2,"turns":4},{"damage":1,"enemies":"2 Louse","floor":3,"turns":4},{"damage":16,"enemies":"Exordium Wildlife","floor":4,"turns":5},{"damage":44,"enemies":"Gremlin Nob","floor":6,"turns":5},{"damage":39,"enemies":"3 Sentries","floor":10,"turns":8}],"seed_played":"7136680013207234439","potions_obtained":[{"floor":1,"key":"Regen Potion"},{"floor":6,"key":"SkillPotion"}],"is_trial":false,"path_per_floor":["M","M","M","M","?","E","R","$","T","E"],"character_chosen":"THE_SILENT","items_purchased":[],"campfire_rested":1,"item_purchase_floors":[],"current_hp_per_floor":[57,57,56,40,40,10,31,31,31,0,0],"gold":33,"neow_bonus":"ONE_RARE_RELIC","is_daily":false,"chose_seed":false,"campfire_upgraded":0,"win_rate":0.0,"timestamp":1611313970,"path_taken":["M","M","M","M","?","E","R","?","T","E"],"items_purchased_type":[],"build_version":"2020-12-22","purchased_purges":1,"victory":false,"max_hp_per_floor":[70,70,70,70,70,70,70,70,70,70,70],"card_choices":[{"not_picked":["Footwork","PiercingWail"],"picked":"Crippling Poison","floor":1},{"not_picked":["Escape Plan","Prepared"],"picked":"Predator","floor":2},{"not_picked":["Prepared","Concentrate"],"picked":"Reflex","floor":3},{"not_picked":["Bane","Crippling Poison"],"picked":"Slice","floor":4},{"not_picked":["Outmaneuver","Distraction"],"picked":"Escape Plan","floor":6}],"player_experience":227374,"relics_obtained":[{"floor":6,"key":"Pen Nib"},{"floor":9,"key":"Potion Belt"}],"event_choices":[{"damage_healed":0,"gold_gain":0,"player_choice":"Cursed","damage_taken":0,"max_hp_gain":0,"max_hp_loss":0,"event_name":"Wheel of Change","floor":5,"gold_loss":0,"cards_obtained":["Decay"]}],"is_beta":false,"boss_relics":[],"items_purged_floors":[8],"is_endless":false,"potions_floor_spawned":[1,6],"killed_by":"3 Sentries","ascension_level":10}}