{"host":"d61fcf2p3sjwe6yo","time":1611322953,"event":{"mods":["AchievementEnabler","BaseMod","Colored Map","Downfall","Minty Spire (QoL Compilation)","StSLib","SuperFastMode"],"gold_per_floor":[99,114,129,129,129,157,157,57,67,111,295,138,138,160,170,275,284,284,303,327,327,356,356,381,281,321,27,55,68,107,107,128,232,232,132,143,162,226,235,278,302,321,321,400,400,412,443,132,146,146,146,187,135,135,135,135],"floor_reached":57,"language":"ENG","playtime":4263,"items_purged":["downfall:Malfunctioning","Doubt","bronze:Strike"],"score":1883,"play_id":"93e44998-58a1-432a-9be1-c960cd647718","local_time":"20210122164233","is_ascension_mode":true,"campfire_choices":[{"floor":1.0,"key":"RECALL"},{"data":"bronze:Replicate","floor":8.0,"key":"SMITH"},{"data":"bronze:Repair","floor":13,"key":"SMITH"},{"data":"bronze:BurnOut","floor":18,"key":"SMITH"},{"data":"bronze:Mutator","floor":23,"key":"SMITH"},{"data":"bronze:Return","floor":25,"key":"SMITH"},{"data":"bronze:Turbo","floor":35,"key":"SMITH"},{"data":"bronze:BugBarrage","floor":45,"key":"SMITH"},{"floor":54,"key":"REST"}],"circlet_count":0,"master_deck":["AscendersBane","bronze:Strike","bronze:Strike","bronze:Defend","bronze:Defend+1","bronze:Defend","bronze:Defend+1","bronze:Replicate+1","bronze:Goto+1","bronze:MaxOutput","bronze:Repair+1","bronze:Return+1","bronze:Repulsor","bronze:Branch","bronze:BurnOut+1","CurseOfTheBell","bronze:Branch","bronze:ItsAFeature","bronze:Mutator+1","bronze:WildBeam+1","bronze:Turbo+1","bronze:BronzeOrb+1","bronze:Turbo+1","bronze:Break","bronze:Constructor+1","expansioncontent:Chronoboost","bronze:Shield","bronze:OilSpill+1","bronze:BugBarrage+1","bronze:MaxOutput","bronze:Shield","bronze:Turbo","bronze:ItsAFeature+1"],"relics":["bronze:BronzeCore","hexamod:Sixitude","Thread and Needle","downfall:HeartBlessingRed","CeramicFish","Calling Bell","Pen Nib","bronze:CableSpool","Peace Pipe","downfall:HeartBlessingBlue","HornCleat","Slimebound:StickyStick","bronze:DonusWashers","hexamod:BolsterEngine","Lantern","sneckomod:SneckoTalon","downfall:HeartBlessingGreen","bronze:Timepiece","Bag of Preparation","Happy Flower","Mercury Hourglass","Omamori","Chemical X","Blood Vial"],"acts_visited":["Exordium","TheCity","TheBeyond","TheEnding"],"potions_floor_usage":[26,26,26,28,30,33,44,56,56,56,56,56],"damage_taken":[{"damage":8.0,"enemies":"Jaw Worm","floor":2.0,"turns":5.0},{"damage":2.0,"enemies":"Small Slimes","floor":3.0,"turns":4.0},{"damage":34.0,"enemies":"Lagavulin","floor":6.0,"turns":9.0},{"damage":0.0,"enemies":"2 Louse","floor":9.0,"turns":3.0},{"damage":22,"enemies":"3 Sentries","floor":10,"turns":9},{"damage":0,"enemies":"downfall:FleeingMerchant","floor":12,"turns":4},{"damage":1,"enemies":"Large Slime","floor":14,"turns":5},{"damage":3,"enemies":"Exordium Thugs","floor":15,"turns":3},{"damage":20,"enemies":"WA_ARCHETYPE_RETAIN","floor":16,"turns":8},{"damage":29,"enemies":"3 Byrds","floor":19,"turns":8},{"damage":4,"enemies":"Shell Parasite","floor":20,"turns":8},{"damage":31,"enemies":"Shelled Parasite and Fungi","floor":22,"turns":6},{"damage":34,"enemies":"Book of Stabbing","floor":26,"turns":7},{"damage":0,"enemies":"downfall:FleeingMerchant","floor":27,"turns":4},{"damage":6,"enemies":"Gremlin Leader","floor":28,"turns":5},{"damage":5,"enemies":"Centurion and Healer","floor":29,"turns":7},{"damage":6,"enemies":"Book of Stabbing","floor":30,"turns":5},{"damage":11,"enemies":"Snake Plant","floor":32,"turns":4},{"damage":31,"enemies":"DF_ARCHETYPE_CLAW","floor":33,"turns":11},{"damage":0,"enemies":"Orb Walker","floor":36,"turns":3},{"damage":4,"enemies":"3 Darklings","floor":37,"turns":2},{"damage":17,"enemies":"2 Orb Walkers","floor":38,"turns":4},{"damage":0,"enemies":"Nemesis","floor":40,"turns":7},{"damage":0,"enemies":"Transient","floor":42,"turns":5},{"damage":0,"enemies":"downfall:FleeingMerchant","floor":44,"turns":4},{"damage":0,"enemies":"Spire Growth","floor":46,"turns":4},{"damage":0,"enemies":"Giant Head","floor":47,"turns":5},{"damage":0,"enemies":"Sphere and 2 Shapes","floor":49,"turns":1},{"damage":6,"enemies":"SI_POISON_ARCHETYPE","floor":50,"turns":7},{"damage":51,"enemies":"downfall:CharBossMerchant","floor":52,"turns":7},{"damage":7,"enemies":"downfall:NeowBoss","floor":55,"turns":12},{"damage":24,"enemies":"downfall:NeowBossFinal","floor":56,"turns":8}],"seed_played":"-5913530551636636937","potions_obtained":[{"floor":3.0,"key":"Regen Potion"},{"floor":6.0,"key":"ColorlessPotion"},{"floor":15,"key":"SpeedPotion"},{"floor":16,"key":"bronze:BurnAndBuffPotion"},{"floor":19,"key":"DuplicationPotion"},{"floor":26,"key":"bronze:BurnAndBuffPotion"},{"floor":28,"key":"EssenceOfSteel"},{"floor":29,"key":"bronze:CleanCodePotion"},{"floor":32,"key":"Energy Potion"},{"floor":36,"key":"SpeedPotion"},{"floor":40,"key":"hexamod:SoulburnPotion"},{"floor":42,"key":"Dexterity Potion"},{"floor":46,"key":"hexamod:SoulburnPotion"},{"floor":47,"key":"EntropicBrew"}],"is_trial":false,"path_per_floor":["R","M","M","?","?","E","T","R","M","E","?","$","R","M","M","B",null,"R","M","M","?","M","R","T","R","E","$","E","M","E","?","M","B",null,"R","M","M","?","?","E","T","M","T","$","R","M","E","$","M","B",null,"E","$","R","B","B",null],"character_chosen":"THE_AUTOMATON","items_purchased":["bronze:Repulsor","Slimebound:StickyStick","bronze:DonusWashers","bronze:BugBarrage","bronze:MaxOutput","bronze:Shield","Chemical X","bronze:Turbo","PowerPotion"],"campfire_rested":1,"item_purchase_floors":[12,27,27,44,44,44,48,48,53],"current_hp_per_floor":[70,62,60,60,60,41,41,41,48,33,33,40,40,49,56,46,69,69,50,56,42,21,21,21,31,7,17,11,16,10,10,19,8,71,71,91,87,75,75,92,92,92,92,92,92,92,92,92,92,86,91,41,41,68,73,51],"gold":135,"neow_bonus":"TEN_PERCENT_HP_BONUS","is_daily":false,"chose_seed":false,"campfire_upgraded":7,"win_rate":0.0,"timestamp":1611322953,"path_taken":["R","M","M","?","?","E","T","R","M","E","?","$","R","M","M","BOSS","R","M","M","?","M","R","T","R","E","$","E","M","E","?","M","BOSS","R","M","M","?","?","E","T","M","?","$","R","M","E","$","M","BOSS","E","$","R","BOSS","BOSS"],"items_purchased_type":["Card","Relic","Relic","Card","Card","Card","Relic","Card","Potion"],"build_version":"2020-12-22","purchased_purges":3,"victory":true,"max_hp_per_floor":[77,77,77,77,77,77,77,77,77,77,77,77,77,77,77,77,77,77,77,77,82,82,82,82,92,92,92,92,92,92,92,92,92,92,92,92,92,92,92,92,92,92,92,92,92,92,92,92,92,92,92,92,92,92,92,92],"card_choices":[{"not_picked":["bronze:BuggyMess","bronze:Iterate","bronze:CutThrough"],"picked":"SKIP","floor":2.0},{"not_picked":["bronze:Safeguard","bronze:ChildClass"],"picked":"bronze:MaxOutput","floor":3.0},{"not_picked":["bronze:DarkDash","bronze:RecursiveStrike"],"picked":"bronze:Repair","floor":6.0},{"not_picked":["bronze:BitShift","bronze:DelayedSlice","bronze:Iterate"],"picked":"SKIP","floor":9.0},{"not_picked":["bronze:CutThrough","bronze:DelayedSlice"],"picked":"bronze:Return","floor":10},{"not_picked":["bronze:Invalidate","bronze:Fortify","bronze:Shield"],"picked":"SKIP","floor":12},{"not_picked":["bronze:Shield","bronze:DarkDash"],"picked":"bronze:Branch","floor":14},{"not_picked":["bronze:ForceShield","bronze:DelayedSlice","bronze:DarkDash"],"picked":"SKIP","floor":15},{"not_picked":["bronze:Assembly","bronze:Virus"],"picked":"bronze:BurnOut","floor":16},{"not_picked":["bronze:Boost","bronze:Iterate"],"picked":"bronze:Branch","floor":19},{"not_picked":["bronze:Frontload","bronze:WildBeam"],"picked":"bronze:ItsAFeature","floor":20},{"not_picked":["bronze:Philosophize+1","bronze:CutThrough"],"picked":"bronze:Mutator","floor":22},{"not_picked":["bronze:ChosenStrike+1","bronze:Frontload"],"picked":"bronze:WildBeam+1","floor":26},{"not_picked":["bronze:Format","bronze:OilSpill"],"picked":"bronze:Turbo+1","floor":27},{"not_picked":["bronze:Safeguard+1","bronze:Terminator","bronze:DelayedGuard"],"picked":"SKIP","floor":28},{"not_picked":["bronze:Iterate+1","bronze:Constructor","bronze:Turbo"],"picked":"SKIP","floor":29},{"not_picked":["bronze:BuggyMess","bronze:Fortify"],"picked":"bronze:BronzeOrb+1","floor":30},{"not_picked":["bronze:BitShift","bronze:WhirlingStrike"],"picked":"bronze:Turbo","floor":32},{"not_picked":["bronze:Library","bronze:Mutator"],"picked":"bronze:Break","floor":33},{"not_picked":["bronze:Allocate+1","bronze:Flail","bronze:Philosophize+1"],"picked":"SKIP","floor":36},{"not_picked":["bronze:Flail","bronze:DelayedSlice+1","bronze:DigitalCarnage"],"picked":"SKIP","floor":37},{"not_picked":["bronze:FineTuning+1","bronze:DelayedSlice+1"],"picked":"bronze:Constructor+1","floor":38},{"not_picked":["expansioncontent:PolyBeam","expansioncontent:YouAreMine"],"picked":"expansioncontent:Chronoboost","floor":39},{"not_picked":["bronze:Iterate","bronze:FineTuning"],"picked":"bronze:Shield","floor":40},{"not_picked":["bronze:Constructor","bronze:Branch"],"picked":"bronze:OilSpill+1","floor":42},{"not_picked":["bronze:Flail","bronze:GetLatest","bronze:Separator+1"],"picked":"SKIP","floor":44},{"not_picked":["bronze:Separator","bronze:Shield","bronze:GetLatest+1"],"picked":"SKIP","floor":46},{"not_picked":["bronze:TinkerersToolbox","bronze:Frontload+1","bronze:Fortify"],"picked":"SKIP","floor":47},{"not_picked":["bronze:DelayedSlice+1","bronze:Iterate","bronze:Separator"],"picked":"SKIP","floor":49},{"not_picked":["bronze:Break","bronze:Frontload"],"picked":"bronze:ItsAFeature+1","floor":52}],"player_experience":658953,"relics_obtained":[{"floor":6.0,"key":"hexamod:Sixitude"},{"floor":7.0,"key":"Thread and Needle"},{"floor":10,"key":"CeramicFish"},{"floor":17,"key":"Pen Nib"},{"floor":17,"key":"bronze:CableSpool"},{"floor":17,"key":"Peace Pipe"},{"floor":26,"key":"HornCleat"},{"floor":28,"key":"hexamod:BolsterEngine"},{"floor":30,"key":"Lantern"},{"floor":38,"key":"bronze:Timepiece"},{"floor":40,"key":"Bag of Preparation"},{"floor":41,"key":"Happy Flower"},{"floor":43,"key":"Mercury Hourglass"},{"floor":47,"key":"Omamori"},{"floor":52,"key":"Blood Vial"}],"event_choices":[{"damage_healed":0,"gold_gain":0,"player_choice":"Fight","damage_taken":0,"max_hp_gain":0,"max_hp_loss":0,"event_name":"Mysterious Sphere","floor":38,"gold_loss":0}],"is_beta":false,"boss_relics":[{"not_picked":["expansioncontent:StudyCardRelic","SlaversCollar"],"picked":"Calling Bell"},{"not_picked":["SacredBark","Empty Cage"],"picked":"sneckomod:SneckoTalon"}],"items_purged_floors":[12,44,48],"is_endless":false,"potions_floor_spawned":[3,6,15,16,19,26,28,29,32,36,40,42,46,47,52],"ascension_level":10}}