{"host":"jkv7p1g4a08kh4zt","time":1611348302,"event":{"mods":["BaseMod","Downfall","Minty Spire (QoL Compilation)","StSLib"],"gold_per_floor":[0,18,118,131,3,3,81,81,95,10,10,22,22,33,47,142,142,142,162,162,177,177,77,101,117,117,129,160,180,180,180,180,180],"floor_reached":31,"language":"ENG","playtime":1554,"items_purged":["Slimebound:Split"],"score":247,"play_id":"9aad0480-f2ee-4dcb-aad2-22a8288f723a","local_time":"20210122204502","is_ascension_mode":false,"campfire_choices":[{"data":"Slimebound:OozeBath","floor":1,"key":"SMITH"},{"data":"Slimebound:RainOfGoop","floor":6,"key":"SMITH"},{"data":"Slimebound:LivingWall","floor":11,"key":"SMITH"},{"data":"Slimebound:GoopSpray","floor":13,"key":"SMITH"},{"floor":18,"key":"RECALL"},{"floor":23,"key":"REST"},{"data":"Slimebound:RainOfGoop","floor":26,"key":"SMITH"},{"floor":30,"key":"REST"}],"circlet_count":0,"master_deck":["Slimebound:Strike_Slimebound","Slimebound:Strike_Slimebound","Slimebound:Tackle","Slimebound:Defend_Slimebound","Slimebound:Defend_Slimebound","Slimebound:Defend_Slimebound","Slimebound:Defend_Slimebound","Slimebound:CorrosiveSpit","Slimebound:OozeBath+1","Slimebound:HauntingLick","Slimebound:RollThrough","Slimebound:ItLooksTasty","Slimebound:RainOfGoop+1","Slimebound:GoopSpray+1","Slimebound:LivingWall+1","Slimebound:FinishingTackle","Slimebound:SamplingLick","Slimebound:ItLooksTasty","Slimebound:LeechLife","Slimebound:SlimeSlap","Slimebound:ItLooksTasty","Slimebound:AcidTongue","Slimebound:RainOfGoop+1","Slimebound:Schlurp+1","Slimebound:Schlurp","Slimebound:HauntingLick","Slimebound:RainOfGoop"],"relics":["Slimebound:AbsorbEndCombat","Mummified Hand","Black Star","downfall:HeartBlessingRed","Bronze Scales","Dream Catcher","Frozen Egg 2"],"acts_visited":["Exordium","TheCity"],"potions_floor_usage":[16,28,29,31],"damage_taken":[{"damage":6,"enemies":"Jaw Worm","floor":2,"turns":4},{"damage":1,"enemies":"Cultist","floor":4,"turns":4},{"damage":5,"enemies":"downfall:FleeingMerchant","floor":5,"turns":4},{"damage":5,"enemies":"Small Slimes","floor":9,"turns":3},{"damage":0,"enemies":"downfall:FleeingMerchant","floor":10,"turns":4},{"damage":0,"enemies":"3 Louse","floor":12,"turns":3},{"damage":7,"enemies":"2 Fungi Beasts","floor":14,"turns":3},{"damage":0,"enemies":"Blue Slaver","floor":15,"turns":3},{"damage":20,"enemies":"SI_SHIV_ARCHETYPE","floor":16,"turns":9},{"damage":22,"enemies":"Spheric Guardian","floor":19,"turns":5},{"damage":6,"enemies":"Shell Parasite","floor":21,"turns":4},{"damage":24,"enemies":"Cultist and Chosen","floor":25,"turns":5},{"damage":31,"enemies":"Snake Plant","floor":27,"turns":3},{"damage":51,"enemies":"Slavers","floor":28,"turns":4},{"damage":12,"enemies":"Shelled Parasite and Fungi","floor":29,"turns":3},{"damage":46,"enemies":"downfall:Augmenter","floor":31,"turns":4}],"seed_played":"-4018974568429527021","potions_obtained":[{"floor":2,"key":"Explosive Potion"},{"floor":12,"key":"LiquidMemories"},{"floor":14,"key":"EssenceOfSteel"},{"floor":25,"key":"FairyPotion"},{"floor":28,"key":"champ:CounterPotion"}],"is_trial":false,"path_per_floor":["R","M","?","M","$","R","T","?","M","$","R","M","R","M","M","B",null,"R","M","?","M","?","R","T","M","R","M","E","M","R","?"],"character_chosen":"SLIMEBOUND","items_purchased":["Slimebound:RainOfGoop","Slimebound:FinishingTackle","Slimebound:SamplingLick"],"campfire_rested":2,"item_purchase_floors":[5,10,10],"current_hp_per_floor":[65,64,64,65,64,64,64,64,65,65,65,65,65,62,65,55,65,65,47,36,36,36,57,57,41,41,16,13,7,28,0,0,0],"gold":180,"neow_bonus":"THREE_RARE_CARDS","is_daily":false,"chose_seed":false,"campfire_upgraded":5,"win_rate":0.0,"timestamp":1611348302,"path_taken":["R","M","?","M","$","R","T","?","?","$","R","M","R","M","M","BOSS","R","M","?","M","?","R","T","M","R","M","E","M","R","?"],"items_purchased_type":["Card","Card","Card"],"build_version":"2020-12-22","purchased_purges":1,"victory":false,"max_hp_per_floor":[65,65,65,65,65,65,65,65,65,65,65,65,65,65,65,65,65,65,65,70,70,70,70,70,70,70,70,70,70,70,70,70,70],"card_choices":[{"not_picked":["Slimebound:MinionMaster","Slimebound:WasteNot"],"picked":"Slimebound:OozeBath","floor":0},{"not_picked":["Slimebound:SlimeBarrage","Slimebound:GoopTackle"],"picked":"Slimebound:HauntingLick","floor":2},{"not_picked":["Slimebound:Dissolve","Slimebound:SplitMire"],"picked":"Slimebound:RollThrough","floor":4},{"not_picked":["Slimebound:SplitMire","Slimebound:SlimeTap"],"picked":"Slimebound:ItLooksTasty","floor":5},{"not_picked":["Slimebound:LevelUp","Slimebound:SplitMire"],"picked":"Slimebound:GoopSpray","floor":9},{"not_picked":["Slimebound:DuplicatedForm","Slimebound:SlimeBarrage"],"picked":"Slimebound:LivingWall","floor":10},{"not_picked":["Slimebound:Chomp","Slimebound:SplitLeeching"],"picked":"Slimebound:ItLooksTasty","floor":12},{"not_picked":["Slimebound:ComboTackle","Slimebound:SpikyOuterGoop","Slimebound:SplitMire"],"picked":"SKIP","floor":14},{"not_picked":["Slimebound:ComboTackle","Slimebound:SplitAcid"],"picked":"Slimebound:LeechLife","floor":15},{"not_picked":["Slimebound:PrepareCrush","Slimebound:RallyTheTroops"],"picked":"Slimebound:SlimeSlap","floor":16},{"not_picked":["Slimebound:LeadByExample","Slimebound:Chomp"],"picked":"Slimebound:ItLooksTasty","floor":19},{"not_picked":["Slimebound:GrowthPunch+1","Slimebound:LeechEnergy"],"picked":"Slimebound:AcidTongue","floor":21},{"not_picked":["Slimebound:SlimeBarrage","Slimebound:RollThrough"],"picked":"Slimebound:RainOfGoop","floor":25},{"not_picked":["Slimebound:MegaLick","Slimebound:SplitLeeching"],"picked":"Slimebound:Schlurp+1","floor":27},{"not_picked":["Slimebound:SplitLeeching","Slimebound:Grow+1"],"picked":"Slimebound:Schlurp","floor":28},{"not_picked":["Slimebound:FormOfPuddle","Slimebound:SpikyOuterGoop+1"],"picked":"Slimebound:HauntingLick","floor":29},{"not_picked":["Slimebound:Prepare","Slimebound:Repurpose"],"picked":"Slimebound:RainOfGoop","floor":30}],"player_experience":41139,"relics_obtained":[{"floor":7,"key":"Mummified Hand"},{"floor":24,"key":"Bronze Scales"},{"floor":28,"key":"Dream Catcher"},{"floor":28,"key":"Frozen Egg 2"}],"event_choices":[],"is_beta":false,"boss_relics":[{"not_picked":["Runic Pyramid","Velvet Choker"],"picked":"Black Star"}],"items_purged_floors":[5],"is_endless":false,"potions_floor_spawned":[2,12,14,25,28],"killed_by":"downfall:Augmenter","ascension_level":0}}