{"host":"sc0o2qwpf9j16a4i","time":1611322867,"event":{"mods":["AchievementEnabler","BaseMod","BetterRewards","Block Reminder","Colored Map","Colored Powertips","Custom Start","Highlight Path","Minty Spire (QoL Compilation)","Relic Stats"],"gold_per_floor":[116,131,146,221,221,221,254,254,254,277,296,296,327,6,6,79,79,92,107,107,107,39,39,58,58,82,115,132,132,143,197,197,272,272,284,296,19,31,50,84,84,116,116,146,196,196,210,248,248,248,248,248,248,7,34,34,34],"floor_reached":56,"language":"ENG","playtime":3215,"items_purged":["CrushJoints"],"score":2605,"play_id":"fcdf72cb-ebd1-4a14-9e33-02b5e51f3462","local_time":"20210122154107","is_ascension_mode":true,"campfire_choices":[{"floor":6.0,"key":"REST"},{"floor":12.0,"key":"REST"},{"floor":15.0,"key":"REST"},{"data":"Blasphemy","floor":23.0,"key":"SMITH"},{"floor":25.0,"key":"REST"},{"floor":29.0,"key":"REST"},{"floor":32.0,"key":"REST"},{"floor":41,"key":"RECALL"},{"floor":49,"key":"REST"},{"data":"Wish","floor":53,"key":"SMITH"}],"circlet_count":0,"master_deck":["AscendersBane","Eruption+1","Vigilance","Wireheading+1","TalkToTheHand+1","CutThroughFate+1","Sanctity+1","Blasphemy+1","LikeWater+1","Evaluate+1","LessonLearned+1","BattleHymn","Evaluate+1","Establishment","Indignation","LessonLearned+1","DeusExMachina+1","SashWhip+1","Evaluate+1","Meditate+1","Tantrum+1","RitualDagger","ThirdEye","EmptyFist+1","ThirdEye","Protect","WheelKick+1","DevaForm","CrushJoints+1","LikeWater","InnerPeace","TalkToTheHand+1","Wish+1","LikeWater","Wallop+1"],"relics":["PureWater","Vajra","Bronze Scales","Bag of Marbles","Mummified Hand","StrikeDummy","Whetstone","Oddly Smooth Stone","TungstenRod","Pandora\u0027s Box","Nunchaku","Strawberry","Dream Catcher","Blood Vial","Busted Crown","OrangePellets","Pen Nib","Art of War","TeardropLocket","Peace Pipe","Happy Flower","Orichalcum"],"acts_visited":["Exordium","TheCity","TheBeyond","TheEnding"],"potions_floor_usage":[35,38,51,51],"damage_taken":[{"damage":0.0,"enemies":"2 Louse","floor":1.0,"turns":2.0},{"damage":4.0,"enemies":"Small Slimes","floor":2.0,"turns":2.0},{"damage":0.0,"enemies":"Cultist","floor":3.0,"turns":4.0},{"damage":29.0,"enemies":"Lagavulin","floor":7.0,"turns":9.0},{"damage":6.0,"enemies":"Exordium Thugs","floor":11.0,"turns":2.0},{"damage":29.0,"enemies":"3 Sentries","floor":13.0,"turns":7.0},{"damage":0.0,"enemies":"The Guardian","floor":16.0,"turns":9.0},{"damage":3.0,"enemies":"Shell Parasite","floor":18.0,"turns":3.0},{"damage":0.0,"enemies":"Chosen","floor":19.0,"turns":3.0},{"damage":24.0,"enemies":"Shelled Parasite and Fungi","floor":24.0,"turns":4.0},{"damage":32.0,"enemies":"Gremlin Leader","floor":27.0,"turns":4.0},{"damage":0.0,"enemies":"3 Cultists","floor":28.0,"turns":3.0},{"damage":13.0,"enemies":"Cultist and Chosen","floor":30.0,"turns":6.0},{"damage":47,"enemies":"Automaton","floor":33,"turns":10},{"damage":0,"enemies":"Orb Walker","floor":35,"turns":2},{"damage":5,"enemies":"3 Shapes","floor":36,"turns":4},{"damage":0,"enemies":"3 Darklings","floor":38,"turns":3},{"damage":11,"enemies":"Writhing Mass","floor":39,"turns":4},{"damage":0,"enemies":"Giant Head","floor":40,"turns":6},{"damage":27,"enemies":"Nemesis","floor":42,"turns":7},{"damage":23,"enemies":"Giant Head","floor":44,"turns":7},{"damage":0,"enemies":"Mind Bloom Boss Battle","floor":45,"turns":6},{"damage":100015,"enemies":"Sphere and 2 Shapes","floor":47,"turns":6},{"damage":0,"enemies":"Maw","floor":48,"turns":6},{"damage":24,"enemies":"Donu and Deca","floor":50,"turns":10},{"damage":22,"enemies":"Time Eater","floor":51,"turns":9},{"damage":25,"enemies":"Shield and Spear","floor":55,"turns":9},{"damage":45,"enemies":"The Heart","floor":56,"turns":5}],"seed_played":"9069067509122382766","potions_obtained":[{"floor":1.0,"key":"PowerPotion"},{"floor":3.0,"key":"Fruit Juice"},{"floor":7.0,"key":"Swift Potion"},{"floor":16.0,"key":"PowerPotion"},{"floor":24.0,"key":"BottledMiracle"},{"floor":28.0,"key":"Swift Potion"},{"floor":35,"key":"Fruit Juice"},{"floor":36,"key":"FairyPotion"},{"floor":47,"key":"BlessingOfTheForge"},{"floor":48,"key":"EssenceOfSteel"}],"is_trial":false,"path_per_floor":["M","M","M","?","?","R","E","?","T","T","M","R","E","$","R","B",null,"M","M","?","?","?","R","M","R","T","E","M","R","M","T","R","B",null,"M","M","$","M","M","E","R","E","T","E","?","?","M","M","R","B","B",null,"R","$","E","B"],"character_chosen":"WATCHER","items_purchased":["Vajra","Bronze Scales","Wireheading","Bag of Marbles","TungstenRod","OrangePellets","LikeWater","InnerPeace","Happy Flower"],"campfire_rested":7,"item_purchase_floors":[0,0,0,0,14,37,37,37,54],"current_hp_per_floor":[40,36,36,30,30,51,22,22,22,22,16,37,8,8,29,29,62,59,59,59,54,54,54,30,51,58,26,26,50,37,37,61,16,64,71,68,68,70,61,63,63,38,38,17,19,19,25,27,52,30,10,66,66,66,43,0,0],"gold":34,"neow_bonus":"","is_daily":false,"chose_seed":false,"campfire_upgraded":2,"win_rate":0.0,"timestamp":1611322867,"path_taken":["M","M","M","?","?","R","E","?","T","?","M","R","E","?","R","BOSS","M","M","?","?","?","R","M","R","T","E","M","R","?","?","R","BOSS","M","?","?","M","M","E","R","E","T","E","?","?","M","M","R","BOSS","BOSS","R","$","E","BOSS"],"items_purchased_type":["Relic","Relic","Card","Relic","Relic","Relic","Card","Card","Relic"],"build_version":"2020-12-22","purchased_purges":1,"victory":false,"max_hp_per_floor":[68,68,68,73,73,73,73,73,73,73,73,73,73,73,73,73,73,73,73,73,73,73,73,73,73,80,80,80,80,80,80,80,80,80,85,85,85,85,85,85,85,85,85,85,85,85,85,85,85,85,85,85,85,85,85,85,85],"relic_stats":{"Happy Flower":[4],"counters":[40,205],"Pen Nib":[12],"Whetstone":["Eruption","CutThroughFate"],"Orichalcum":[6],"Blood Vial":30,"Peace Pipe":0,"OrangePellets":[15],"Nunchaku":[21],"Dream Catcher":3,"Busted Crown":24,"Mummified Hand":[127],"Bronze Scales":[446],"Pandora\u0027s Box":["LessonLearned","BattleHymn","Evaluate","Establishment","Indignation","LessonLearned","DeusExMachina","SashWhip"],"Art of War":[8],"obtain_stats":[{"Regal Pillow":9,"Vajra":0,"Whetstone":10,"TeardropLocket":44,"Blood Vial":31,"Nunchaku":22,"Dream Catcher":27,"Mummified Hand":7,"Strawberry":0,"Pantograph":0,"MealTicket":14,"Kunai":20,"Potion Belt":7,"Happy Flower":54,"Golden Idol":11,"Blue Candle":12,"Damaru":0,"Oddly Smooth Stone":13,"Pen Nib":40,"Orichalcum":55,"Medical Kit":0,"Peace Pipe":45,"OrangePellets":37,"Busted Crown":34,"Bronze Scales":0,"Snecko Eye":17,"Pandora\u0027s Box":17,"Bag of Marbles":0,"Art of War":42,"PureWater":0,"StrikeDummy":9,"TungstenRod":14},{"Regal Pillow":5,"Vajra":12,"Whetstone":16,"TeardropLocket":33,"Blood Vial":25,"Nunchaku":21,"Dream Catcher":23,"Mummified Hand":16,"Strawberry":0,"Pantograph":0,"MealTicket":7,"Kunai":10,"Potion Belt":5,"Happy Flower":38,"Golden Idol":5,"Blue Candle":6,"Damaru":0,"Oddly Smooth Stone":18,"Pen Nib":31,"Orichalcum":39,"Medical Kit":0,"Peace Pipe":34,"OrangePellets":28,"Busted Crown":26,"Bronze Scales":12,"Snecko Eye":8,"Pandora\u0027s Box":19,"Bag of Marbles":12,"Art of War":32,"PureWater":0,"StrikeDummy":16,"TungstenRod":18},{"Regal Pillow":17,"Vajra":53,"Whetstone":70,"TeardropLocket":154,"Blood Vial":111,"Nunchaku":94,"Dream Catcher":102,"Mummified Hand":70,"Strawberry":0,"Pantograph":0,"MealTicket":24,"Kunai":44,"Potion Belt":17,"Happy Flower":191,"Golden Idol":17,"Blue Candle":21,"Damaru":0,"Oddly Smooth Stone":79,"Pen Nib":140,"Orichalcum":200,"Medical Kit":0,"Peace Pipe":160,"OrangePellets":127,"Busted Crown":121,"Bronze Scales":53,"Snecko Eye":35,"Pandora\u0027s Box":88,"Bag of Marbles":53,"Art of War":147,"PureWater":0,"StrikeDummy":70,"TungstenRod":79}],"TungstenRod":48},"card_choices":[{"not_picked":["EmptyFist","CarveReality"],"picked":"TalkToTheHand","floor":1.0},{"not_picked":["SashWhip","Prostrate"],"picked":"CutThroughFate","floor":2.0},{"not_picked":["Consecrate","ClearTheMind"],"picked":"Sanctity","floor":3.0},{"not_picked":["SandsOfTime","WindmillStrike"],"picked":"Blasphemy","floor":7.0},{"not_picked":["FlurryOfBlows","Halt"],"picked":"LikeWater","floor":11.0},{"not_picked":["Perseverance","Pray"],"picked":"Evaluate","floor":13.0},{"not_picked":["Judgement","Blasphemy"],"picked":"LessonLearned","floor":16.0},{"not_picked":["PathToVictory","ClearTheMind","Evaluate"],"picked":"SKIP","floor":18.0},{"not_picked":["PathToVictory","ClearTheMind"],"picked":"Evaluate","floor":18.0},{"not_picked":["ThirdEye","Vengeance"],"picked":"Meditate","floor":19.0},{"not_picked":["EmptyBody","PathToVictory"],"picked":"ThirdEye","floor":24.0},{"not_picked":["FollowUp","Consecrate"],"picked":"EmptyFist","floor":27.0},{"not_picked":["Alpha","Evaluate"],"picked":"ThirdEye","floor":28.0},{"not_picked":["JustLucky","CrushJoints"],"picked":"Protect","floor":29.0},{"not_picked":["BowlingBash","ClearTheMind"],"picked":"WheelKick","floor":30.0},{"not_picked":["DeusExMachina","Devotion"],"picked":"DevaForm","floor":33},{"not_picked":["Collect+1"],"picked":"SKIP","floor":35},{"not_picked":[],"picked":"CrushJoints+1","floor":36},{"not_picked":[],"picked":"TalkToTheHand+1","floor":38},{"not_picked":["PathToVictory"],"picked":"SKIP","floor":39},{"not_picked":["Collect"],"picked":"SKIP","floor":40},{"not_picked":["SandsOfTime"],"picked":"SKIP","floor":42},{"not_picked":[],"picked":"Wish","floor":44},{"not_picked":[],"picked":"LikeWater","floor":45},{"not_picked":["EmptyBody"],"picked":"SKIP","floor":47},{"not_picked":["CrushJoints"],"picked":"SKIP","floor":48},{"not_picked":[],"picked":"Wallop+1","floor":55}],"player_experience":880242,"relics_obtained":[{"floor":7.0,"key":"Mummified Hand"},{"floor":9.0,"key":"StrikeDummy"},{"floor":10.0,"key":"Whetstone"},{"floor":13.0,"key":"Oddly Smooth Stone"},{"floor":26.0,"key":"Strawberry"},{"floor":27.0,"key":"Dream Catcher"},{"floor":31.0,"key":"Blood Vial"},{"floor":40,"key":"Pen Nib"},{"floor":42,"key":"Art of War"},{"floor":44,"key":"TeardropLocket"},{"floor":45,"key":"Peace Pipe"},{"floor":55,"key":"Orichalcum"}],"event_choices":[{"damage_healed":0.0,"max_hp_gain":0.0,"max_hp_loss":0.0,"gold_gain":75.0,"event_name":"World of Goop","player_choice":"Gather Gold","floor":4.0,"gold_loss":0.0,"damage_taken":11.0},{"damage_healed":0.0,"max_hp_gain":0.0,"max_hp_loss":0.0,"gold_gain":0.0,"event_name":"Living Wall","player_choice":"Grow","floor":5.0,"gold_loss":0.0,"damage_taken":0.0,"cards_upgraded":["TalkToTheHand"]},{"damage_healed":0.0,"max_hp_gain":0.0,"max_hp_loss":0.0,"gold_gain":0.0,"event_name":"Scrap Ooze","player_choice":"Fled","floor":8.0,"gold_loss":0.0,"damage_taken":0.0},{"damage_healed":0.0,"max_hp_gain":0.0,"max_hp_loss":0.0,"gold_gain":0.0,"event_name":"The Library","player_choice":"Read","floor":20.0,"gold_loss":0.0,"damage_taken":0.0,"cards_obtained":["Tantrum"]},{"damage_healed":0.0,"max_hp_gain":0.0,"max_hp_loss":0.0,"gold_gain":0.0,"event_name":"Nest","player_choice":"Joined the Cult","floor":21.0,"gold_loss":0.0,"damage_taken":6.0,"cards_obtained":["RitualDagger"]},{"damage_healed":0.0,"max_hp_gain":0.0,"max_hp_loss":0.0,"gold_gain":0.0,"event_name":"WeMeetAgain","player_choice":"Paid Gold","floor":22.0,"gold_loss":68.0,"damage_taken":0.0,"relics_obtained":["Nunchaku"]},{"damage_healed":0,"gold_gain":0,"player_choice":"Fight","damage_taken":0,"max_hp_gain":0,"max_hp_loss":0,"event_name":"MindBloom","floor":45,"gold_loss":0},{"damage_healed":0,"gold_gain":0,"cards_transformed":["LessonLearned"],"player_choice":"Transformed","damage_taken":0,"max_hp_gain":0,"max_hp_loss":0,"event_name":"Transmorgrifier","floor":46,"gold_loss":0,"cards_obtained":["CrushJoints"]}],"is_beta":false,"boss_relics":[{"not_picked":["Empty Cage","Calling Bell"],"picked":"Pandora\u0027s Box"},{"not_picked":["Tiny House","Astrolabe"],"picked":"Busted Crown"}],"items_purged_floors":[54],"is_endless":false,"potions_floor_spawned":[1,3,7,16,24,28,30,35,36,47,48],"killed_by":"The Heart","ascension_level":20}}