{"host":"p7cjtxxrilhp4dw7","time":1611296415,"event":{"mods":["BaseMod","Block Reminder","Colored Map","Highlight Path","Minty Spire (QoL Compilation)","Replay The Spire","StSLib","The Hierophant"],"gold_per_floor":[110,110,110,127,154,183,183,209,209,209,173,173,173,185,185,289,289,299,30,47,47,47,80,80,80,80],"floor_reached":25,"language":"ENG","playtime":1644,"items_purged":["Defend_G"],"score":375,"play_id":"9b3a9503-d1f2-48dc-9063-c63969e758bd","local_time":"20210121232015","is_ascension_mode":true,"campfire_choices":[{"data":"Neutralize","floor":7,"key":"SMITH"},{"floor":12,"key":"REST"},{"floor":24,"key":"REST"}],"circlet_count":0,"master_deck":["AscendersBane","Strike_G","Strike_G","Defend_G","Defend_G","Survivor","Neutralize+1","Deflect","Slice+1","Dagger Spray","Backstab+1","Flying Knee","ReplayTheSpireMod:Shiv Toss","Backstab","ReplayTheSpireMod:From All Sides","Sneak Up+1","Setup+1","Backstab+1","Cloak And Dagger+1","Cloak And Dagger","Cloak And Dagger","Hidden Blade","Dodge and Roll"],"relics":["NeowsBlessing","Sizzling Blood","Replay:Mystery Machine","Regal Pillow","Kunai","Snack Pack","Astrolabe","Vajra","Gremlin Food"],"acts_visited":["Exordium","TheCity"],"potions_floor_usage":[8,16,18],"damage_taken":[{"damage":0,"enemies":"2 Louse","floor":1,"turns":1},{"damage":0,"enemies":"Jaw Worm","floor":4,"turns":1},{"damage":0,"enemies":"3 Sentries","floor":6,"turns":1},{"damage":54,"enemies":"Lagavulin","floor":8,"turns":10},{"damage":0,"enemies":"Small Slimes","floor":14,"turns":2},{"damage":87,"enemies":"Hexaghost","floor":16,"turns":16},{"damage":6,"enemies":"3 Byrds","floor":18,"turns":6},{"damage":1,"enemies":"2 Thieves","floor":20,"turns":4},{"damage":25,"enemies":"Slavers","floor":23,"turns":5},{"damage":93,"enemies":"Gremlin Leader","floor":25,"turns":10}],"seed_played":"-3199162177300069565","potions_obtained":[{"floor":6,"key":"SkillPotion"},{"floor":8,"key":"Languid Potion"},{"floor":14,"key":"PowerPotion"}],"is_trial":false,"path_per_floor":["M","?","?","M","T","E","R","E","T","?","$","R","?","M","R_BF","B",null,"M","$","M","?","?","E","R","E"],"character_chosen":"THE_SILENT","items_purchased":["ReplayTheSpireMod:Shiv Toss","Vajra","Cloak And Dagger"],"campfire_rested":2,"item_purchase_floors":[11,19,19],"current_hp_per_floor":[63,63,67,71,71,74,74,24,24,24,24,61,61,67,74,11,58,62,62,71,71,71,57,74,0,0],"gold":80,"neow_bonus":"THREE_ENEMY_KILL","is_daily":false,"chose_seed":false,"campfire_upgraded":1,"win_rate":0.0,"timestamp":1611296415,"path_taken":["M","?","?","M","?","E","R","E","T","?","$","R","?","M","R_BF","BOSS","M","$","M","?","?","E","R","E"],"items_purchased_type":["Card","Relic","Card"],"build_version":"2020-12-22","purchased_purges":1,"victory":false,"max_hp_per_floor":[70,70,74,74,74,74,74,74,74,74,74,74,74,74,74,74,74,74,74,74,74,74,74,74,74,74],"card_choices":[{"not_picked":["Hidden Blade","Poisoned Stab"],"picked":"Deflect","floor":1},{"not_picked":["Dodge and Roll","Hidden Blade"],"picked":"Dagger Spray","floor":4},{"not_picked":["Underhanded Strike","Skewer"],"picked":"Backstab","floor":6},{"not_picked":["Fluid Movement","Predator"],"picked":"Flying Knee","floor":8},{"not_picked":["Dodge and Roll","Acrobatics"],"picked":"Backstab","floor":14},{"not_picked":["Doppelganger","Glass Knife"],"picked":"ReplayTheSpireMod:From All Sides","floor":16},{"not_picked":["Sucker Punch","Dodge and Roll"],"picked":"Cloak And Dagger+1","floor":18},{"not_picked":["Flying Knee","ReplayTheSpireMod:Exploit Weakness+1"],"picked":"Hidden Blade","floor":20},{"not_picked":["Poisoned Stab+1","Backflip"],"picked":"Dodge and Roll","floor":23}],"player_experience":552601,"relics_obtained":[{"floor":5,"key":"Replay:Mystery Machine"},{"floor":6,"key":"Regal Pillow"},{"floor":8,"key":"Kunai"},{"floor":9,"key":"Snack Pack"},{"floor":23,"key":"Gremlin Food"}],"event_choices":[{"damage_healed":0,"gold_gain":0,"cards_transformed":["Strike_G"],"player_choice":"Change","damage_taken":0,"max_hp_gain":0,"max_hp_loss":0,"event_name":"Living Wall","floor":2,"gold_loss":0,"cards_obtained":["Slice"]},{"damage_healed":0,"gold_gain":0,"player_choice":"Ignored","damage_taken":0,"max_hp_gain":0,"max_hp_loss":0,"event_name":"Shining Light","floor":10,"gold_loss":0},{"cards_removed":["Strike_G"],"damage_healed":0,"gold_gain":0,"player_choice":"Offered Basic","damage_taken":0,"max_hp_gain":0,"max_hp_loss":0,"event_name":"Bonfire Elementals","floor":13,"gold_loss":0},{"damage_healed":0,"gold_gain":0,"player_choice":"Ignored","damage_taken":0,"max_hp_gain":0,"max_hp_loss":0,"event_name":"Ghosts","floor":21,"gold_loss":0}],"is_beta":false,"boss_relics":[{"not_picked":["Kintsugi","Replay:Wanted Poster"],"picked":"Astrolabe"}],"items_purged_floors":[19],"is_endless":false,"potions_floor_spawned":[6,8,14],"killed_by":"Gremlin Leader","ascension_level":10}}