{"host":"9n6i2vl93jt4o42q","time":1611274250,"event":{"mods":["BaseMod","Minty Spire (QoL Compilation)","Relic Stats"],"gold_per_floor":[115,130,34,47,58,58,83,97,122,122,47,65,84,103,103,177,177,188,24,24,24,34,34,62,62,62],"floor_reached":25,"language":"ENG","playtime":3355,"items_purged":["Strike_G"],"score":450,"play_id":"b4c044ea-3fb2-446e-adb8-1058ed59bbcd","local_time":"20210122011050","is_ascension_mode":true,"campfire_choices":[{"data":"Calculated Gamble","floor":6.0,"key":"SMITH"},{"floor":10.0,"key":"REST"},{"data":"Neutralize","floor":15.0,"key":"SMITH"},{"data":"Well Laid Plans","floor":23,"key":"SMITH"}],"circlet_count":0,"master_deck":["AscendersBane","Strike_G+1","Defend_G+1","Defend_G+1","Defend_G+1","Defend_G+1","Survivor","Neutralize+1","Calculated Gamble+1","Underhanded Strike","Deadly Poison","Eviscerate","Dagger Spray","Deflect","Backflip","Blade Dance","Well Laid Plans+1","Backstab","Slice","Glass Knife","Acrobatics+1","Dagger Throw+1","Storm of Steel+1","Tactician","Shame","PiercingWail+1","Tactician"],"relics":["Ring of the Snake","Centennial Puzzle","Lantern","Astrolabe","Strawberry","Oddly Smooth Stone"],"acts_visited":["Exordium","TheCity"],"potions_floor_usage":[16,18],"damage_taken":[{"damage":3.0,"enemies":"Cultist","floor":1.0,"turns":4.0},{"damage":4.0,"enemies":"Jaw Worm","floor":2.0,"turns":4.0},{"damage":4.0,"enemies":"Small Slimes","floor":4.0,"turns":3.0},{"damage":1.0,"enemies":"2 Fungi Beasts","floor":5.0,"turns":3.0},{"damage":19.0,"enemies":"3 Sentries","floor":7.0,"turns":9.0},{"damage":12.0,"enemies":"3 Louse","floor":8.0,"turns":2.0},{"damage":1.0,"enemies":"Exordium Wildlife","floor":12.0,"turns":2.0},{"damage":0.0,"enemies":"Looter","floor":13.0,"turns":3.0},{"damage":0.0,"enemies":"Blue Slaver","floor":14.0,"turns":2.0},{"damage":8,"enemies":"The Guardian","floor":16,"turns":12},{"damage":11,"enemies":"Shell Parasite","floor":18,"turns":3},{"damage":7,"enemies":"2 Thieves","floor":22,"turns":5},{"damage":51,"enemies":"Slavers","floor":24,"turns":7},{"damage":12,"enemies":"Shelled Parasite and Fungi","floor":25,"turns":3}],"seed_played":"8785784393266581658","potions_obtained":[{"floor":1.0,"key":"PowerPotion"},{"floor":7.0,"key":"Energy Potion"},{"floor":24,"key":"SteroidPotion"}],"is_trial":false,"path_per_floor":["M","M","$","M","M","R","E","M","T","R","?","M","M","M","R","B",null,"M","$","?","?","M","R","E","M"],"character_chosen":"THE_SILENT","items_purchased":["Deadly Poison","Eviscerate","Tactician"],"campfire_rested":1,"item_purchase_floors":[3,3,19],"current_hp_per_floor":[62,58,58,54,53,53,34,22,22,43,43,42,42,42,42,34,63,52,52,59,59,52,52,1,0,0],"gold":62,"neow_bonus":"TEN_PERCENT_HP_BONUS","is_daily":false,"chose_seed":false,"campfire_upgraded":3,"win_rate":0.0,"timestamp":1611274250,"path_taken":["M","?","$","M","M","R","E","M","T","R","?","M","M","M","R","BOSS","M","$","?","?","M","R","E","M"],"items_purchased_type":["Card","Card","Card"],"build_version":"2020-12-22","purchased_purges":1,"victory":false,"max_hp_per_floor":[72,72,72,72,72,72,72,72,72,72,72,72,72,72,72,72,72,72,72,79,79,79,79,79,79,79],"relic_stats":{"Centennial Puzzle":[18],"counters":[14,62],"Astrolabe":["Acrobatics","Dagger Throw","Storm of Steel"],"obtain_stats":[{"Centennial Puzzle":7,"Lantern":9,"Astrolabe":17,"Strawberry":20,"Oddly Smooth Stone":24,"Ring of the Snake":0},{"Centennial Puzzle":5,"Lantern":6,"Astrolabe":10,"Strawberry":11,"Oddly Smooth Stone":13,"Ring of the Snake":0},{"Centennial Puzzle":23,"Lantern":25,"Astrolabe":44,"Strawberry":47,"Oddly Smooth Stone":59,"Ring of the Snake":0}],"Ring of the Snake":[28]},"card_choices":[{"not_picked":["Terror","Underhanded Strike"],"picked":"Calculated Gamble","floor":1.0},{"not_picked":["Poisoned Stab","Prepared"],"picked":"Underhanded Strike","floor":2.0},{"not_picked":["Blur","Riddle With Holes"],"picked":"Dagger Spray","floor":4.0},{"not_picked":["Accuracy","Dagger Spray"],"picked":"Deflect","floor":5.0},{"not_picked":["Flechettes","Poisoned Stab"],"picked":"Backflip","floor":7.0},{"not_picked":["Choke","Quick Slash"],"picked":"Blade Dance","floor":8.0},{"not_picked":["Slice","Quick Slash"],"picked":"Well Laid Plans","floor":12.0},{"not_picked":["All Out Attack","Dagger Spray"],"picked":"Backstab","floor":13.0},{"not_picked":["Sucker Punch","Infinite Blades"],"picked":"Slice","floor":14.0},{"not_picked":["Night Terror","Burst"],"picked":"Glass Knife","floor":16},{"not_picked":["Quick Slash","Heel Hook","Bane"],"picked":"SKIP","floor":18},{"not_picked":["Flechettes","Slice"],"picked":"PiercingWail+1","floor":22},{"not_picked":["Cloak And Dagger","Escape Plan"],"picked":"Tactician","floor":24}],"player_experience":2223074,"relics_obtained":[{"floor":7.0,"key":"Centennial Puzzle"},{"floor":9.0,"key":"Lantern"},{"floor":24,"key":"Oddly Smooth Stone"}],"event_choices":[{"cards_removed":["Strike_G"],"damage_healed":0.0,"max_hp_gain":0.0,"max_hp_loss":0.0,"gold_gain":0.0,"event_name":"The Cleric","player_choice":"Card Removal","floor":11.0,"gold_loss":75.0,"damage_taken":0.0},{"damage_healed":0,"gold_gain":0,"player_choice":"Stole Relic","damage_taken":0,"relics_obtained":["Strawberry"],"max_hp_gain":0,"max_hp_loss":0,"event_name":"Addict","floor":20,"gold_loss":0,"cards_obtained":["Shame"]},{"damage_healed":0,"gold_gain":0,"player_choice":"Simplicity","damage_taken":0,"max_hp_gain":0,"max_hp_loss":0,"event_name":"Back to Basics","floor":21,"gold_loss":0,"cards_upgraded":["Strike_G","Defend_G","Defend_G","Defend_G","Defend_G"]}],"is_beta":false,"boss_relics":[{"not_picked":["SlaversCollar","Ring of the Serpent"],"picked":"Astrolabe"}],"items_purged_floors":[19],"is_endless":false,"potions_floor_spawned":[1,7,8,12,14,24],"killed_by":"Shelled Parasite and Fungi","ascension_level":20}}