{"host":"40gggw0x72bpm5se","time":1611316240,"event":{"mods":["ATMod(°¢èªMod)","Act Like it!","Aspiration","BaseMod","Better Vampires","Colored Map","Conspire","Energized Spire","Friendly Minions","Gensokyo","GungeonMod","GungeonMod Extend","Infinite Spire","Koishi","Library of Ruina","Library of Ruina Extra","Lobotomy","LobotomyExtend","Minty Spire (QoL Compilation)","Quarter Circle Forward PUNCH!","Quick Restart","Reimu£¨²©ÀöÁéÃÎ£©","Relic Stats","Replay The Spire","RumiaBox-Â¶Ã×æ«µÄÉñÃØºÐ×Ó","Shop Mod","Slay the StarCraft II Mod","Spicy Shops","StSLib","TestMod","The Alterego","UnlockEverythingMod","Waifu the Spire","Youmu£¨»êÆÇÑýÃÎ£©","vexMod","¡¾¹¦ÄÜMod¡¿»ìãçÖ®»·ÐÞ¸´²¹¶¡","¡¾ÒÅÎï¿¨ÅÆ¡¿REMEMod","Ä§½ä"],"gold_per_floor":[113,177,198,198,23,23,67,67,113,156,156,191,208,225,225,345,345,365,383,402,418,436,467,488,527,539,560,560],"floor_reached":27,"language":"ZHS","playtime":1355,"items_purged":["Amnesia","RingOfDestiny:InnerFocus"],"score":390,"play_id":"3b3a252d-bbe5-4f25-8694-50d0ac559928","local_time":"20210122195040","is_ascension_mode":true,"campfire_choices":[{"data":"RingOfDestiny:TimingBreath","floor":6.0,"key":"SMITH"},{"data":"RingOfDestiny:LoomingDeath","floor":8.0,"key":"SMITH"},{"data":"RingOfDestiny:BlackFuneral","floor":11.0,"key":"SMITH"},{"floor":15.0,"key":"RECALL"}],"circlet_count":0,"master_deck":["RingOfDestiny:Defend_MB","RingOfDestiny:Strike_MB","RingOfDestiny:Strike_MB","RingOfDestiny:Strike_MB","RingOfDestiny:DeathLeakage","RingOfDestiny:DeathLeakage","RingOfDestiny:DarkShield","RingOfDestiny:GrowBullet","RingOfDestiny:RestraintRing","Writhe","BlackAim","RingOfDestiny:TimingBreath+1","Specialist","infinitespire:FutureSight+1","REME_Flogging+1","AT_ShrugMaster","RingOfDestiny:QuickDraw","RingOfDestiny:OriginBullet","RingOfDestiny:RiteOfOrigin+1","RingOfDestiny:SecretAmmunition","RingOfDestiny:ForgeBullet","RingOfDestiny:LoomingDeath+1","RingOfDestiny:BlackFuneral+1","RingOfDestiny:Prelude","RingOfDestiny:RapidFire","RingOfDestiny:CovertOperation","RingOfDestiny:EtchSpirit+1","RingOfDestiny:VolleyBullet+1","RingOfDestiny:RapidFire","RingOfDestiny:BloodyLeakage+1","RingOfDestiny:Nightmare","RingOfDestiny:NightPendant","RingOfDestiny:Crimson+1","RingOfDestiny:CovertOperation"],"relics":["RingOfDestiny:Flintlock","REME_ComplimentaryCards","AT_ATBox","testmod-TestBox","ReplayTheSpireMod:SealedPack","testmod-Acrobat","Baka","LetterFromLob","DemoMod:WhiteGuonStone","REME_HandOfSuture","Shuriken","qcfpunch:Red_Gi","vexMod:ImprovementManual","AT_SpeedBoots","MawBank","qcfpunch:Unceasing_Flame"],"acts_visited":["Gensokyo:Gensokyo","TheCity"],"potions_floor_usage":[27,27],"damage_taken":[{"damage":5.0,"enemies":"Gensokyo:Gryphon","floor":1.0,"turns":3.0},{"damage":0.0,"enemies":"Gensokyo:Python","floor":2.0,"turns":4.0},{"damage":6.0,"enemies":"Gensokyo:Python","floor":3.0,"turns":3.0},{"damage":22.0,"enemies":"Gensokyo:Aya","floor":7.0,"turns":4.0},{"damage":0.0,"enemies":"Gensokyo:Cirno","floor":10.0,"turns":4.0},{"damage":0.0,"enemies":"Gensokyo:Aya","floor":12.0,"turns":3.0},{"damage":10.0,"enemies":"Gensokyo:2_Kodama","floor":13.0,"turns":4.0},{"damage":6.0,"enemies":"Gensokyo:CorruptedTreant","floor":14.0,"turns":3.0},{"damage":38.0,"enemies":"Gensokyo:Yukari","floor":16.0,"turns":6.0},{"damage":4.0,"enemies":"3 Byrds","floor":18.0,"turns":3.0},{"damage":0.0,"enemies":"Spheric Guardian","floor":19.0,"turns":1.0},{"damage":17.0,"enemies":"Centurion and Healer","floor":20.0,"turns":2.0},{"damage":0.0,"enemies":"Sentry and Sphere","floor":21.0,"turns":2.0},{"damage":7.0,"enemies":"Snake Plant","floor":22.0,"turns":2.0},{"damage":7.0,"enemies":"conspire:Head Lice","floor":23.0,"turns":3.0},{"damage":6.0,"enemies":"3 Cultists","floor":24.0,"turns":4.0},{"damage":16.0,"enemies":"REME_1_Revenger","floor":25.0,"turns":3.0},{"damage":48,"enemies":"Nightmare","floor":27,"turns":7}],"seed_played":"-841659748163262567","potions_obtained":[{"floor":3.0,"key":"BlessingOfTheForge"},{"floor":10.0,"key":"Swift Potion"},{"floor":24.0,"key":"SkillPotion"}],"is_trial":false,"path_per_floor":["M","?","M","?","$","R","E","R","T","E","R","E","M","M","R_BF","B",null,"M","M","M","M","M","E","M","E","T","NM"],"character_chosen":"MagicBullet","items_purchased":[],"campfire_rested":0,"item_purchase_floors":[],"current_hp_per_floor":[93,93,87,100,100,100,78,78,78,78,78,78,68,62,62,36,128,124,124,107,107,100,93,73,45,45,0,0],"gold":560,"neow_bonus":"CURSED_BOSS_RELIC","is_daily":false,"chose_seed":false,"campfire_upgraded":3,"win_rate":0.0,"timestamp":1611316240,"path_taken":["M","?","M","?","?","R","E","R","T","E","R","E","M","M","R_BF","BOSS","M","M","?","M","?","E","M","E","T","NM"],"items_purchased_type":[],"build_version":"2020-12-22","purchased_purges":2,"victory":false,"max_hp_per_floor":[98,128,128,128,128,128,128,128,128,128,128,128,128,128,128,128,128,128,128,128,128,128,128,140,155,155,155,155],"relic_stats":{"counters":[18,61],"Shuriken":[17],"MawBank":24,"obtain_stats":[{"AT_ATBox":0,"testmod-TestBox":0,"RingOfDestiny:Flintlock":0,"ReplayTheSpireMod:SealedPack":0,"DemoMod:GlassGuonStoneRelic":12,"Baka":1,"DemoMod:WhiteGuonStone":7,"MawBank":25,"qcfpunch:Unceasing_Flame":26,"AT_SpeedBoots":23,"Shuriken":10,"testmod-Acrobat":0,"qcfpunch:Red_Gi":12,"REME_HandOfSuture":9,"LetterFromLob":1,"vexMod:ImprovementManual":17,"REME_ComplimentaryCards":0},{"AT_ATBox":0,"testmod-TestBox":0,"RingOfDestiny:Flintlock":0,"ReplayTheSpireMod:SealedPack":0,"DemoMod:GlassGuonStoneRelic":6,"Baka":1,"DemoMod:WhiteGuonStone":4,"MawBank":17,"qcfpunch:Unceasing_Flame":17,"AT_SpeedBoots":15,"Shuriken":5,"testmod-Acrobat":0,"qcfpunch:Red_Gi":6,"REME_HandOfSuture":4,"LetterFromLob":1,"vexMod:ImprovementManual":9,"REME_ComplimentaryCards":0},{"AT_ATBox":0,"testmod-TestBox":0,"RingOfDestiny:Flintlock":0,"ReplayTheSpireMod:SealedPack":0,"DemoMod:GlassGuonStoneRelic":21,"Baka":3,"DemoMod:WhiteGuonStone":14,"MawBank":54,"qcfpunch:Unceasing_Flame":54,"AT_SpeedBoots":47,"Shuriken":18,"testmod-Acrobat":0,"qcfpunch:Red_Gi":21,"REME_HandOfSuture":14,"LetterFromLob":3,"vexMod:ImprovementManual":34,"REME_ComplimentaryCards":0}]},"card_choices":[{"not_picked":["WhiteAim","Dodge"],"picked":"BlackAim","floor":0.0},{"not_picked":["RingOfDestiny:BlackFuneral","RingOfDestiny:Elegance"],"picked":"RingOfDestiny:TimingBreath","floor":0.0},{"not_picked":["Enlightenment","REME_FirmDetermination"],"picked":"Specialist","floor":0.0},{"not_picked":["infinitespire:FinalStrike","infinitespire:Fortify"],"picked":"infinitespire:FutureSight","floor":0.0},{"not_picked":["RingOfDestiny:PressuredBullet","RingOfDestiny:Prelude"],"picked":"RingOfDestiny:QuickDraw","floor":1.0},{"not_picked":["RingOfDestiny:QuickDraw","RingOfDestiny:EtchReflection"],"picked":"RingOfDestiny:OriginBullet","floor":2.0},{"not_picked":["RingOfDestiny:Flash","RingOfDestiny:AmmoRain"],"picked":"RingOfDestiny:RiteOfOrigin","floor":3.0},{"not_picked":["RingOfDestiny:DarkShield","RingOfDestiny:EtchPhantom"],"picked":"RingOfDestiny:SecretAmmunition","floor":7.0},{"not_picked":["RingOfDestiny:FlowerOfDespair","RingOfDestiny:BreakBullet"],"picked":"RingOfDestiny:ForgeBullet","floor":7.0},{"not_picked":["RingOfDestiny:Residual","RingOfDestiny:EtchPhantom"],"picked":"RingOfDestiny:LoomingDeath","floor":7.0},{"not_picked":["RingOfDestiny:InitialBullet","RingOfDestiny:EtchPhantom"],"picked":"RingOfDestiny:BlackFuneral","floor":7.0},{"not_picked":["RingOfDestiny:CurtainOfNight","RingOfDestiny:Strafing"],"picked":"RingOfDestiny:Prelude","floor":10.0},{"not_picked":["RingOfDestiny:Crimson","RingOfDestiny:InitialBullet"],"picked":"RingOfDestiny:RapidFire","floor":12.0},{"not_picked":["RingOfDestiny:Prelude","RingOfDestiny:CurtainOfNight"],"picked":"RingOfDestiny:CovertOperation","floor":13.0},{"not_picked":["RingOfDestiny:OathOfBlood","RingOfDestiny:Crimson"],"picked":"RingOfDestiny:EtchSpirit","floor":14.0},{"not_picked":["RingOfDestiny:PressuredBullet","RingOfDestiny:LoomingDeath"],"picked":"RingOfDestiny:VolleyBullet","floor":16.0},{"not_picked":["RingOfDestiny:PhantasmalAssailants","RingOfDestiny:Prelude+1"],"picked":"RingOfDestiny:RapidFire","floor":18.0},{"not_picked":["RingOfDestiny:DarkShield+1","RingOfDestiny:ForgeBullet+1","RingOfDestiny:InitialBullet+1"],"picked":"SKIP","floor":19.0},{"not_picked":["RingOfDestiny:AmmoRain","RingOfDestiny:InitialBullet"],"picked":"RingOfDestiny:BloodyLeakage+1","floor":20.0},{"not_picked":["RingOfDestiny:EtchReflection","RingOfDestiny:Determination"],"picked":"RingOfDestiny:Nightmare","floor":21.0},{"not_picked":["RingOfDestiny:GrowBullet+1","RingOfDestiny:InnerFocus","RingOfDestiny:Strafing+1"],"picked":"SKIP","floor":22.0},{"not_picked":["RingOfDestiny:VolleyBullet","RingOfDestiny:DoomsdayMark"],"picked":"RingOfDestiny:NightPendant","floor":23.0},{"not_picked":["RingOfDestiny:Underhand+1","RingOfDestiny:OathOfBlood"],"picked":"RingOfDestiny:Crimson+1","floor":24.0},{"not_picked":["RingOfDestiny:AmmoRain","RingOfDestiny:DarkShield"],"picked":"RingOfDestiny:CovertOperation","floor":25.0}],"player_experience":80987,"relics_obtained":[{"floor":1.0,"key":"Baka"},{"floor":1.0,"key":"LetterFromLob"},{"floor":7.0,"key":"DemoMod:WhiteGuonStone"},{"floor":9.0,"key":"REME_HandOfSuture"},{"floor":10.0,"key":"Shuriken"},{"floor":12.0,"key":"qcfpunch:Red_Gi"},{"floor":23.0,"key":"AT_SpeedBoots"},{"floor":25.0,"key":"MawBank"},{"floor":26.0,"key":"qcfpunch:Unceasing_Flame"}],"event_choices":[],"is_beta":false,"boss_relics":[{"not_picked":["testmod-Nine","conspire:SeveredTorchhead"],"picked":"vexMod:ImprovementManual"}],"items_purged_floors":[5,5],"is_endless":false,"potions_floor_spawned":[3,10,12,22,23,24,25],"killed_by":"Nightmare","ascension_level":1}}