{"host":"4ag909k4xupnj24b","time":1611323742,"event":{"mods":["BaseMod","Minty Spire (QoL Compilation)","StSLib"],"gold_per_floor":[113,130,145,21,21,21,35,35,88,102,130,130,130,159,159,232,232,222,222,241,241,31,31,84,84,166,166,179,205,205,32,32,105,105,116,116,134,9,9,21,21,49,75,110,32,59,59,77,77,77,77],"floor_reached":50,"language":"ENG","playtime":2458,"items_purged":["Defend_B","Defend_B"],"score":1057,"play_id":"e3a8e6d6-8f0f-4733-a3a0-8c94f11cd95f","local_time":"20210122055542","is_ascension_mode":true,"campfire_choices":[{"data":"Sunder","floor":6,"key":"SMITH"},{"floor":8,"key":"REST"},{"floor":13,"key":"REST"},{"data":"Barrage","floor":15,"key":"SMITH"},{"data":"Turbo","floor":23,"key":"SMITH"},{"data":"Streamline","floor":25,"key":"SMITH"},{"floor":27,"key":"REST"},{"floor":30,"key":"REST"},{"data":"Go for the Eyes","floor":32,"key":"SMITH"},{"floor":41,"key":"REST"},{"floor":47,"key":"REST"},{"floor":49,"key":"RECALL"}],"circlet_count":0,"master_deck":["AscendersBane","Strike_B+1","Defend_B","Defend_B","Zap+1","Dualcast","Streamline+1","Go for the Eyes+1","Barrage+1","Sunder+1","Cold Snap","Turbo+1","Coolheaded+1","Fission+1","Steam+1","Doom and Gloom+1","Echo Form+1","Consume+1","Reinforced Body+1","Turbo+1","Undo+1","Ball Lightning","Coolheaded+1","Skim+1","Fission+1","Recycle+1","Secret Technique+1","Jack Of All Trades+1","Skim+1","Hologram+1","Chill+1","Loop","Stack+1","Self Repair"],"relics":["Runic Dome","Oddly Smooth Stone","PreservedInsect","Toxic Egg 2","Regal Pillow","Astrolabe","DataDisk","Gremlin Horn","StoneCalendar","Fusion Hammer","Letter Opener","Vajra","TungstenRod"],"acts_visited":["Exordium","TheCity","TheBeyond"],"potions_floor_usage":[11,14,16,33],"damage_taken":[{"damage":0,"enemies":"2 Louse","floor":1,"turns":1},{"damage":2,"enemies":"Jaw Worm","floor":2,"turns":3},{"damage":1,"enemies":"Cultist","floor":3,"turns":3},{"damage":19,"enemies":"3 Louse","floor":7,"turns":3},{"damage":7,"enemies":"Blue Slaver","floor":10,"turns":4},{"damage":6,"enemies":"3 Sentries","floor":11,"turns":3},{"damage":7,"enemies":"Lagavulin","floor":14,"turns":3},{"damage":9,"enemies":"Slime Boss","floor":16,"turns":7},{"damage":18,"enemies":"2 Thieves","floor":18,"turns":4},{"damage":0,"enemies":"Spheric Guardian","floor":20,"turns":3},{"damage":0,"enemies":"Chosen and Byrds","floor":28,"turns":6},{"damage":26,"enemies":"Slavers","floor":29,"turns":3},{"damage":46,"enemies":"Automaton","floor":33,"turns":7},{"damage":13,"enemies":"3 Darklings","floor":35,"turns":4},{"damage":0,"enemies":"3 Shapes","floor":37,"turns":4},{"damage":0,"enemies":"Spire Growth","floor":40,"turns":3},{"damage":0,"enemies":"Giant Head","floor":42,"turns":7},{"damage":45,"enemies":"Nemesis","floor":44,"turns":7},{"damage":0,"enemies":"Reptomancer","floor":46,"turns":3},{"damage":0,"enemies":"4 Shapes","floor":48,"turns":4},{"damage":78,"enemies":"Time Eater","floor":50,"turns":5}],"seed_played":"-3742098565159990938","potions_obtained":[{"floor":2,"key":"Dexterity Potion"},{"floor":7,"key":"PowerPotion"},{"floor":11,"key":"DuplicationPotion"},{"floor":16,"key":"CultistPotion"},{"floor":28,"key":"Weak Potion"},{"floor":35,"key":"SmokeBomb"}],"is_trial":false,"path_per_floor":["M","M","M","$","?","R","M","R","T","M","E","T","R","E","R","B",null,"M","?","M","?","$","R","T","R","T","R","M","E","R","$","R","B",null,"M","?","M","$","?","M","R","E","T","E","$","E","R","M","R","B"],"character_chosen":"DEFECT","items_purchased":["Sunder","PowerPotion","Turbo+1","Undo+1","Skim+1","Hologram+1","Chill+1","Self Repair"],"campfire_rested":6,"item_purchase_floors":[4,4,22,22,31,38,38,45],"current_hp_per_floor":[64,62,61,61,40,40,21,42,42,35,29,29,50,43,43,34,62,44,44,44,44,44,44,44,44,44,71,71,45,71,71,71,25,60,47,42,42,42,32,32,68,68,68,23,23,37,71,71,71,0,0],"gold":77,"neow_bonus":"BOSS_RELIC","is_daily":false,"chose_seed":false,"campfire_upgraded":5,"win_rate":0.0,"timestamp":1611323742,"path_taken":["M","M","M","$","?","R","M","R","T","M","E","?","R","E","R","BOSS","M","?","M","?","$","R","?","R","T","R","?","E","R","$","R","BOSS","M","?","M","$","?","?","R","E","T","E","$","E","R","M","R","BOSS"],"items_purchased_type":["Card","Potion","Card","Card","Card","Card","Card","Card"],"build_version":"2020-12-22","purchased_purges":2,"victory":false,"max_hp_per_floor":[71,71,71,71,71,71,71,71,71,71,71,71,71,71,71,71,71,71,71,71,71,71,71,71,71,71,71,71,71,71,71,71,71,71,71,71,71,71,71,71,71,71,71,71,71,71,71,71,71,71,71],"card_choices":[{"not_picked":["Steam","Undo"],"picked":"Streamline","floor":1},{"not_picked":["Skim","Aggregate"],"picked":"Go for the Eyes","floor":2},{"not_picked":["Hello World","Steam Power"],"picked":"Barrage","floor":3},{"not_picked":["Fusion","Skim"],"picked":"Cold Snap","floor":7},{"not_picked":["Leap","Sunder"],"picked":"Turbo","floor":10},{"not_picked":["Conserve Battery","Rebound","Barrage"],"picked":"SKIP","floor":11},{"not_picked":["Machine Learning","Ball Lightning"],"picked":"Coolheaded+1","floor":14},{"not_picked":["Multi-Cast+1","Amplify+1"],"picked":"Fission+1","floor":16},{"not_picked":["Conserve Battery+1","Auto Shields+1"],"picked":"Consume+1","floor":18},{"not_picked":["Cold Snap","Redo+1","Beam Cell+1"],"picked":"SKIP","floor":20},{"not_picked":["Redo+1","Stack+1"],"picked":"Ball Lightning","floor":28},{"not_picked":["Barrage","Doom and Gloom"],"picked":"Coolheaded+1","floor":29},{"not_picked":["Creative AI","Multi-Cast+1"],"picked":"Fission+1","floor":33},{"not_picked":["Redo+1","Fusion+1"],"picked":"Recycle+1","floor":35},{"not_picked":["Metamorphosis+1","Sadistic Nature"],"picked":"Secret Technique+1","floor":36},{"not_picked":["HandOfGreed","Mind Blast"],"picked":"Jack Of All Trades+1","floor":36},{"not_picked":["Doom and Gloom+1","Cold Snap"],"picked":"Skim+1","floor":37},{"not_picked":["Hello World+1","Hologram+1"],"picked":"Loop","floor":40},{"not_picked":["Machine Learning","Genetic Algorithm+1","Streamline"],"picked":"SKIP","floor":42},{"not_picked":["Recycle+1","Streamline","Stack+1"],"picked":"SKIP","floor":44},{"not_picked":["Recycle+1","Streamline"],"picked":"Stack+1","floor":44},{"not_picked":["Reprogram+1","Fusion+1","Rip and Tear+1"],"picked":"SKIP","floor":46},{"not_picked":["Go for the Eyes+1","Beam Cell+1","Leap+1"],"picked":"SKIP","floor":48}],"player_experience":862883,"relics_obtained":[{"floor":9,"key":"Oddly Smooth Stone"},{"floor":11,"key":"PreservedInsect"},{"floor":12,"key":"Toxic Egg 2"},{"floor":14,"key":"Regal Pillow"},{"floor":24,"key":"DataDisk"},{"floor":26,"key":"Gremlin Horn"},{"floor":29,"key":"StoneCalendar"},{"floor":42,"key":"Letter Opener"},{"floor":44,"key":"Vajra"},{"floor":46,"key":"TungstenRod"}],"event_choices":[{"damage_healed":0,"gold_gain":0,"player_choice":"Entered Light","damage_taken":21,"max_hp_gain":0,"max_hp_loss":0,"event_name":"Shining Light","floor":5,"gold_loss":0,"cards_upgraded":["Strike_B","Zap"]},{"damage_healed":0,"gold_gain":0,"player_choice":"Ignored","damage_taken":0,"max_hp_gain":0,"max_hp_loss":0,"event_name":"Vampires","floor":19,"gold_loss":0},{"damage_healed":0,"gold_gain":0,"player_choice":"Read","damage_taken":0,"max_hp_gain":0,"max_hp_loss":0,"event_name":"The Library","floor":21,"gold_loss":0,"cards_obtained":["Reinforced Body"]},{"damage_healed":0,"gold_gain":0,"player_choice":"Memory 2","damage_taken":5,"max_hp_gain":0,"max_hp_loss":0,"event_name":"SensoryStone","floor":36,"gold_loss":0},{"damage_healed":0,"gold_gain":0,"player_choice":"Damaged","damage_taken":10,"max_hp_gain":0,"max_hp_loss":0,"event_name":"Wheel of Change","floor":39,"gold_loss":0}],"is_beta":false,"boss_relics":[{"not_picked":["Nuclear Battery","Tiny House"],"picked":"Astrolabe"},{"not_picked":["Coffee Dripper","Black Star"],"picked":"Fusion Hammer"}],"items_purged_floors":[22,31],"is_endless":false,"potions_floor_spawned":[2,7,11,16,28,35,48],"killed_by":"Time Eater","ascension_level":15}}