{"host":"och2iitg9ibgz06n","time":1611293317,"event":{"mods":["Abigail Mod","AchievementEnabler","Aspiration","BaseMod","Colored Powertips","Dio Mod","Hubris","Hyrulean Relics","Infinite Spire","Minty Spire (QoL Compilation)","Replay The Spire","Small Relic Pack","StSLib","The Animator","The Bug Knight","The Hierophant","The Jungle","The Saiyan","TheHero","Wandering Minibosses","everything is the same but u backflip on backflip","slay the spire mod where everything is the same but ironclad has a cowboy hat","vexMod"],"gold_per_floor":[117,117,117,135,150,183,183,210,262,262,285,11,11,59,59,181,181,212,238,238,244,244],"floor_reached":21,"language":"ENG","playtime":954,"items_purged":[],"score":224,"play_id":"61291eda-cde9-4079-ae1e-e0144d395d49","local_time":"20210121232837","is_ascension_mode":true,"campfire_choices":[{"floor":7,"key":"REST"},{"floor":10,"key":"REST"},{"floor":13,"key":"REST"},{"floor":15,"key":"REST"}],"circlet_count":0,"master_deck":["Strike_G","Strike_G+1","Strike_G","Strike_G","Defend_G","Defend_G+1","Defend_G","Defend_G","Defend_G","Survivor","Neutralize","Heel Hook","Caltrops+1","Toxin Wave","ReplayTheSpireMod:Speed Training+1","Deflect","Dagger Throw","Backstab","Blade Dance","Toxin Wave","Finisher","infinitespire:Neurotoxin","Footwork","Poisoned Stab"],"relics":["Ring of the Snake","relicPack:OneForAll","Replay:Bandana","infinitespire:Golems Mask","Gremlin Food","DollysMirror","infinitespire:Broken Mirror","SacredBark","StoneCalendar"],"acts_visited":["Exordium","TheCity"],"potions_floor_usage":[6,16],"damage_taken":[{"damage":3,"enemies":"2 Louse","floor":1,"turns":3},{"damage":0,"enemies":"Jaw Worm","floor":4,"turns":3},{"damage":0,"enemies":"Cultist","floor":5,"turns":4},{"damage":29,"enemies":"Gremlin Nob","floor":6,"turns":5},{"damage":29,"enemies":"Lagavulin","floor":8,"turns":10},{"damage":26,"enemies":"Gremlin Nob","floor":14,"turns":4},{"damage":49,"enemies":"Slime Boss","floor":16,"turns":8},{"damage":26,"enemies":"3 Byrds","floor":18,"turns":4},{"damage":22,"enemies":"Spheric Guardian","floor":19,"turns":4},{"damage":30,"enemies":"Shelled Parasite and Fungi","floor":21,"turns":2}],"seed_played":"8212805923086281882","potions_obtained":[{"floor":1,"key":"Strength Potion"},{"floor":8,"key":"Block Potion"},{"floor":14,"key":"Elixir"},{"floor":19,"key":"SteroidPotion"}],"is_trial":false,"path_per_floor":["M","?","?","M","M","E","R","E","T","R","T","$","R","E","R","B",null,"M","M","?","M"],"character_chosen":"THE_SILENT","items_purchased":["Backstab","Blade Dance","DollysMirror"],"campfire_rested":4,"item_purchase_floors":[12,12,12],"current_hp_per_floor":[74,74,74,74,74,45,68,39,39,62,62,62,77,51,74,25,77,51,29,29,0,0],"gold":244,"neow_bonus":"TEN_PERCENT_HP_BONUS","is_daily":false,"chose_seed":false,"campfire_upgraded":0,"win_rate":0.0,"timestamp":1611293317,"path_taken":["M","?","?","M","M","E","R","E","T","R","?","$","R","E","R","BOSS","M","M","?","M"],"items_purchased_type":["Card","Card","Relic"],"build_version":"2020-12-22","purchased_purges":0,"victory":false,"max_hp_per_floor":[77,77,77,77,77,77,77,77,77,77,77,77,77,77,77,77,77,77,77,77,77,77],"card_choices":[{"not_picked":["Sucker Punch","Draining Mist"],"picked":"Heel Hook","floor":1},{"not_picked":["hubris:TrickCloak","Choke"],"picked":"Toxin Wave","floor":4},{"not_picked":["Acrobatics","Dodge and Roll"],"picked":"ReplayTheSpireMod:Speed Training","floor":5},{"not_picked":["Tactician","Skewer"],"picked":"Deflect","floor":6},{"not_picked":["Backflip","Acrobatics"],"picked":"Dagger Throw","floor":8},{"not_picked":["ReplayTheSpireMod:Shiv Toss","Sucker Punch"],"picked":"Finisher","floor":14},{"not_picked":["Poison Darts","Replay:Bag of Tricks"],"picked":"infinitespire:Neurotoxin","floor":16},{"not_picked":["ReplayTheSpireMod:Speed Training","Hidden Blade"],"picked":"Footwork","floor":18},{"not_picked":["Dagger Throw","Dagger Spray"],"picked":"Poisoned Stab","floor":19}],"player_experience":454910,"relics_obtained":[{"floor":6,"key":"Replay:Bandana"},{"floor":8,"key":"infinitespire:Golems Mask"},{"floor":9,"key":"Gremlin Food"},{"floor":14,"key":"infinitespire:Broken Mirror"}],"event_choices":[{"damage_healed":0,"gold_gain":0,"player_choice":"Opened","damage_taken":0,"relics_obtained":["StoneCalendar"],"max_hp_gain":0,"max_hp_loss":0,"event_name":"The Mausoleum","floor":20,"gold_loss":0}],"is_beta":false,"boss_relics":[{"not_picked":["vexMod:FluxCapacitor","infinitespire:Cupcake"],"picked":"SacredBark"}],"items_purged_floors":[],"is_endless":false,"potions_floor_spawned":[1,8,14,19],"killed_by":"Shelled Parasite and Fungi","ascension_level":3}}