{"host":"ekyl8r8j8fco3zlk","time":1611313958,"event":{"mods":["ATMod(∞¢Ë™Mod)","Act Like it!","Arknights The Spire","BaseMod","CapriCore","Decade(Õı–°√˜)","Dota2Spire","Friendly Minions","Gensokyo","Lobotomy","LobotomyExtend","Marisa£®ÏF”Í°°ƒß¿Ì…≥£©","Minty Spire (QoL Compilation)","READ ME - Guardian Mod","Rare Cards Sparkle","Reimu£®≤©¿ˆ¡È√Œ£©","StSLib","The Alterego","The Immortal","The Jungle","TheWitcher","Waifu the Spire","WarShipGirlsR/’ΩΩ¢…Ÿ≈ÆR mod","Yakumo Yukari mod","°æ“≈ŒÔø®≈∆°øREMEMod"],"gold_per_floor":[110,110,138,164,175,202,202,224,224,224,235,264,266,336,336,430,430,434,451,482,273,292,329,329,329,356,394,409,435,435,435,435,543,543,560,560,87,87,95,95,109,136,188,188,200,253,260,302,302,312,312],"floor_reached":52,"language":"ZHS","playtime":2364,"items_purged":[],"score":1006,"play_id":"8cd4769a-db97-4ded-9ab4-05374c0eb2a1","local_time":"20210122191238","is_ascension_mode":false,"campfire_choices":[{"data":"SnafuTest:ArmoredSortie","floor":7,"key":"SMITH"},{"floor":10,"key":"REST"},{"data":"SnafuTest:PhantomMemory","floor":15,"key":"SMITH"},{"data":"SnafuTest:BombDimeritium","floor":24,"key":"SMITH"},{"floor":30,"key":"REST"},{"floor":32,"key":"REST"},{"data":"SnafuTest:FreyaBlessing","floor":40,"key":"SMITH"},{"data":"SnafuTest:SignQuen","floor":44,"key":"SMITH"},{"data":"SnafuTest:PayWeaponSmith","floor":49,"key":"SMITH"}],"circlet_count":0,"master_deck":["SnafuTest:DefaultCommonAttack","SnafuTest:DefaultCommonAttack","SnafuTest:DefaultCommonAttack","SnafuTest:BountyHunt","SnafuTest:DefaultCommonSkill","SnafuTest:DefaultCommonSkill","SnafuTest:DefaultCommonSkill","SnafuTest:SignYrden+1","SnafuTest:BombSamum","Gensokyo:Dawn","AT_IchimonjiDouble","SnafuTest:ArmoredSortie+1","SnafuTest:PayWeaponSmith+1","SnafuTest:SneakKill","SnafuTest:SpellBitingFrost","SnafuTest:PhantomMemory+1","SnafuTest:BombDragonsDream","SnafuTest:BombDimeritium+1","SnafuTest:AssassinOfKings","SnafuTest:Kick","SnafuTest:PowerFireDamnation+1","SnafuTest:Shooting","SnafuTest:SpellCalcinedMetamorphism","SnafuTest:SpellDispellingPush","SnafuTest:SignQuen+1","SnafuTest:BombDancingStar","SnafuTest:Amputation","SnafuTest:FreyaBlessing+1","SnafuTest:Offering+1","REME_HeartOfCthun","SnafuTest:Meditation+1","SnafuTest:UndefeatedNarcissism+1","SnafuTest:SpellArcaneDomain+1"],"relics":["SnafuTest:UnstableMutagenRelic","AT_ATBox","REME_ComplimentaryCards","LetterFromLob","Dota2Spire:Desolator","RuthlessExorcism:ReiMu","Dota2Spire:ArcaneBoots","AT_BellowingDragoncrestRing","Black Star","Pantograph","Du-Vu Doll","Ginger","Dota2Spire:CrimsonGuard","AT_TrinityForce","Dota2Spire:ArmletOfMordiggian","Dota2Spire:EchoSabre","AT_ImmortalShieldbow","Dota2Spire:MantaStyle","Strawberry","Mercury Hourglass","Dota2Spire:EtherealBlade","FossilizedHelix","Potion Belt"],"acts_visited":["Exordium","TheCity","TheBeyond"],"potions_floor_usage":[14,16,22,23,29,33,50,50,50],"damage_taken":[{"damage":3,"enemies":"Cultist","floor":1,"turns":3},{"damage":10,"enemies":"Jaw Worm","floor":3,"turns":4},{"damage":0,"enemies":"2 Louse","floor":4,"turns":2},{"damage":6,"enemies":"Red Slaver","floor":5,"turns":4},{"damage":9,"enemies":"Gremlin Nob","floor":6,"turns":4},{"damage":22,"enemies":"Lagavulin","floor":8,"turns":4},{"damage":0,"enemies":"Gremlin Gang","floor":11,"turns":2},{"damage":7,"enemies":"3 Louse","floor":12,"turns":2},{"damage":0,"enemies":"2 Fungi Beasts","floor":13,"turns":1},{"damage":18,"enemies":"3 Sentries","floor":14,"turns":3},{"damage":20,"enemies":"The Guardian","floor":16,"turns":8},{"damage":8,"enemies":"Shell Parasite","floor":18,"turns":2},{"damage":10,"enemies":"Chosen","floor":19,"turns":2},{"damage":15,"enemies":"Centurion and Healer","floor":20,"turns":4},{"damage":15,"enemies":"Chosen and Byrds","floor":22,"turns":4},{"damage":22,"enemies":"Book of Stabbing","floor":23,"turns":4},{"damage":5,"enemies":"Gremlin Leader","floor":27,"turns":6},{"damage":0,"enemies":"Snecko","floor":28,"turns":3},{"damage":14,"enemies":"Shelled Parasite and Fungi","floor":29,"turns":5},{"damage":25,"enemies":"Collector","floor":33,"turns":8},{"damage":0,"enemies":"Orb Walker","floor":35,"turns":2},{"damage":0,"enemies":"3 Darklings","floor":39,"turns":1},{"damage":0,"enemies":"Jaw Worm Horde","floor":41,"turns":3},{"damage":11,"enemies":"Nemesis","floor":42,"turns":3},{"damage":0,"enemies":"Spire Growth","floor":45,"turns":3},{"damage":0,"enemies":"Reptomancer","floor":46,"turns":2},{"damage":13,"enemies":"Transient","floor":47,"turns":5},{"damage":0,"enemies":"Nemesis","floor":48,"turns":3},{"damage":14,"enemies":"Donu and Deca","floor":50,"turns":5}],"seed_played":"-1375540012457320597","potions_obtained":[{"floor":5,"key":"FairyPotion"},{"floor":11,"key":"Regen Potion"},{"floor":12,"key":"LiquidBronze"},{"floor":13,"key":"REME_GoldPotion"},{"floor":16,"key":"Regen Potion"},{"floor":18,"key":"Swift Potion"},{"floor":27,"key":"Energy Potion"},{"floor":28,"key":"ZuzhouPotion:ReiMu"},{"floor":29,"key":"BlessingOfTheForge"},{"floor":33,"key":"Block Potion"},{"floor":46,"key":"Strength Potion"}],"is_trial":false,"path_per_floor":["M","?","M","M","M","E","R","E","T","R","M","M","M","E","R","B",null,"M","M","M","$","M","E","R","?","T","E","M","M","R","?","R","B",null,"M","?","$","?","M","R","M","E","T","R","M","E","M","E","R","B",null,null],"character_chosen":"THE_WITCHER","items_purchased":["SnafuTest:SpellCalcinedMetamorphism","SnafuTest:SpellDispellingPush","SnafuTest:SignQuen","Dota2Spire:ArmletOfMordiggian","Dota2Spire:EchoSabre","REME_HeartOfCthun"],"campfire_rested":3,"item_purchase_floors":[21,21,21,37,37,37],"current_hp_per_floor":[72,75,65,65,59,50,50,28,28,50,50,43,43,25,25,5,75,67,57,42,42,27,20,20,20,20,15,15,1,23,9,33,33,80,80,80,80,90,90,90,90,79,86,86,86,86,73,73,73,83,83],"gold":312,"neow_bonus":"THREE_CARDS","is_daily":false,"chose_seed":false,"campfire_upgraded":6,"win_rate":0.0,"timestamp":1611313958,"path_taken":["M","?","M","M","M","E","R","E","T","R","M","M","M","E","R","BOSS","M","M","M","$","M","E","R","?","T","E","?","M","R","?","R","BOSS","M","?","$","?","M","R","M","E","T","R","M","E","M","E","R","BOSS"],"items_purchased_type":["Card","Card","Card","Relic","Relic","Card"],"build_version":"2020-12-22","purchased_purges":0,"victory":true,"max_hp_per_floor":[75,75,75,75,75,75,75,75,75,75,75,75,75,75,75,75,75,75,75,75,75,75,75,75,75,75,75,75,75,75,80,80,80,80,80,80,80,90,90,90,90,90,97,97,97,97,97,97,97,97,97],"card_choices":[{"not_picked":["SnafuTest:SpellLifeDrain","SnafuTest:PowerHangmenTree"],"picked":"SnafuTest:BombSamum","floor":0},{"not_picked":["SnafuTest:AncestralRitual","SnafuTest:Siege","SnafuTest:GetPaid"],"picked":"SKIP","floor":1},{"not_picked":["SnafuTest:ShoulderSlam","SnafuTest:WitchHunt"],"picked":"SnafuTest:ArmoredSortie","floor":3},{"not_picked":["SnafuTest:PowerTrialOfGrasses","SnafuTest:PayArmorSmith"],"picked":"SnafuTest:PayWeaponSmith","floor":4},{"not_picked":["SnafuTest:SignQuen","SnafuTest:FlashingEvasion"],"picked":"SnafuTest:SneakKill","floor":5},{"not_picked":["SnafuTest:PaySmithWorkshop","SnafuTest:AncestralRitual"],"picked":"SnafuTest:SpellBitingFrost","floor":6},{"not_picked":["SnafuTest:ShoulderSlam","SnafuTest:PowerMartialMagical","SnafuTest:PayGnomePedlar"],"picked":"SKIP","floor":8},{"not_picked":["SnafuTest:SignQuen","SnafuTest:TrackingSense"],"picked":"SnafuTest:PhantomMemory","floor":11},{"not_picked":["SnafuTest:SpellBitingFrost","SnafuTest:BombNorthernWind"],"picked":"SnafuTest:BombDragonsDream","floor":12},{"not_picked":["SnafuTest:NoPass","SnafuTest:PowerCrimsonRitual"],"picked":"SnafuTest:BombDimeritium","floor":13},{"not_picked":["SnafuTest:PowerCounterAttack","SnafuTest:Offering"],"picked":"SnafuTest:AssassinOfKings","floor":14},{"not_picked":["SnafuTest:PowerMahakam","SnafuTest:MilitaryReview"],"picked":"SnafuTest:GraveDancingPaleFire","floor":16},{"not_picked":["SnafuTest:DesperateRemediation","SnafuTest:SpellTortoise"],"picked":"SnafuTest:Kick","floor":18},{"not_picked":["SnafuTest:PowerAlwaysAWay","SnafuTest:SpellSageOmniscience+1"],"picked":"SnafuTest:PowerFireDamnation+1","floor":19},{"not_picked":["SnafuTest:ExcessiveLevies","SnafuTest:SpellSageOmniscience"],"picked":"SnafuTest:Shooting","floor":20},{"not_picked":["SnafuTest:Oriole","SnafuTest:MCPlayGwent"],"picked":"SnafuTest:BombDancingStar","floor":22},{"not_picked":["SnafuTest:PowerAlwaysOnRoads","SnafuTest:SpellArcaneDomain+1","SnafuTest:PowerTrialOfGrasses"],"picked":"SKIP","floor":23},{"not_picked":["SnafuTest:RecklessBlow","SnafuTest:MCPlayGwent","SnafuTest:Portal"],"picked":"SKIP","floor":27},{"not_picked":["SnafuTest:ArmoredSortie","SnafuTest:SpellGloemGuard","SnafuTest:Kick"],"picked":"SKIP","floor":28},{"not_picked":["SnafuTest:SignYrden","SnafuTest:NoPass"],"picked":"SnafuTest:Amputation","floor":29},{"not_picked":["SnafuTest:MagePersecution","SnafuTest:MilitaryReview"],"picked":"SnafuTest:FreyaBlessing","floor":33},{"not_picked":["SnafuTest:SignAxii","SnafuTest:WeddingDance"],"picked":"SnafuTest:Offering+1","floor":35},{"not_picked":["SnafuTest:FirstAid","SnafuTest:SpellTortoise"],"picked":"SnafuTest:Meditation+1","floor":39},{"not_picked":["SnafuTest:ExcessiveLevies","SnafuTest:BombDancingStar"],"picked":"SnafuTest:UndefeatedNarcissism+1","floor":41},{"not_picked":["SnafuTest:PowerCrimsonRitual","SnafuTest:FirstAid","SnafuTest:RecklessBlow+1"],"picked":"SKIP","floor":42},{"not_picked":["SnafuTest:FlashingEvasion","SnafuTest:SpellLivingArmor+1","SnafuTest:MCPlayGwent+1"],"picked":"SKIP","floor":45},{"not_picked":["SnafuTest:BombMoonDust","SnafuTest:MCSongOfPeace+1","SnafuTest:SpellHellfire"],"picked":"SKIP","floor":46},{"not_picked":["SnafuTest:MCMockAndRun","SnafuTest:PhantomMemory+1","SnafuTest:Meditation"],"picked":"SKIP","floor":47},{"not_picked":["SnafuTest:PayWeaponSmith","SnafuTest:FlashingEvasion"],"picked":"SnafuTest:SpellArcaneDomain+1","floor":48}],"player_experience":686869,"relics_obtained":[{"floor":1,"key":"LetterFromLob"},{"floor":6,"key":"Dota2Spire:Desolator"},{"floor":8,"key":"RuthlessExorcism:ReiMu"},{"floor":9,"key":"Dota2Spire:ArcaneBoots"},{"floor":14,"key":"AT_BellowingDragoncrestRing"},{"floor":23,"key":"Pantograph"},{"floor":23,"key":"Du-Vu Doll"},{"floor":27,"key":"Ginger"},{"floor":27,"key":"Dota2Spire:CrimsonGuard"},{"floor":42,"key":"AT_ImmortalShieldbow"},{"floor":42,"key":"Dota2Spire:MantaStyle"},{"floor":43,"key":"Strawberry"},{"floor":46,"key":"Mercury Hourglass"},{"floor":46,"key":"Dota2Spire:EtherealBlade"},{"floor":48,"key":"FossilizedHelix"},{"floor":48,"key":"Potion Belt"}],"event_choices":[{"damage_healed":0,"gold_gain":0,"player_choice":"Forge","damage_taken":0,"max_hp_gain":0,"max_hp_loss":0,"event_name":"Accursed Blacksmith","floor":25,"gold_loss":0,"cards_upgraded":["SnafuTest:SignYrden"]},{"damage_healed":0,"gold_gain":0,"player_choice":"Shed Blood","damage_taken":19,"max_hp_gain":5,"max_hp_loss":0,"event_name":"Forgotten Altar","floor":31,"gold_loss":0},{"damage_healed":0,"gold_gain":0,"player_choice":"Memory 1","damage_taken":0,"max_hp_gain":0,"max_hp_loss":0,"event_name":"SensoryStone","floor":36,"gold_loss":0},{"cards_removed":["SnafuTest:GraveDancingPaleFire"],"damage_healed":0,"gold_gain":0,"player_choice":"Offered Rare","damage_taken":0,"max_hp_gain":10,"max_hp_loss":0,"event_name":"Bonfire Elementals","floor":38,"gold_loss":0}],"is_beta":false,"boss_relics":[{"not_picked":["Coffee Dripper","Empty Cage"],"picked":"Black Star"},{"not_picked":["AT_MortalBlade","Sozu"],"picked":"AT_TrinityForce"}],"items_purged_floors":[],"is_endless":false,"potions_floor_spawned":[5,11,12,13,16,18,27,28,29,33,39,46,47],"ascension_level":0}}