{"host":"54jr43vd79817238","time":1611323542,"event":{"mods":["100% Spire Juice","ATMod(阿瑾Mod)","Act Like it!","Arknights The Spire","Aspiration","BaseMod","CapriCore","Dota2Spire","Friendly Minions","Gensokyo","Hallownest","Hermit","Jedi Mod","KinomotoSakuraMod(木之本樱)","Koishi","Lobotomy","LobotomyExtend","Mari Mod (Legacy)","Mari\u0027s V1 Patch","Marisa（F雨　魔理沙）","Minty Spire (QoL Compilation)","MostiFishMod","Quarter Circle Forward PUNCH!","Replay The Spire","Robot Space Explorer","RumiaBox-露米娅的神秘盒子","Spicy Shops","StSLib","TestMod","The Dragon Tamer","The Marked","WarShipGirlsR/战舰少女R mod","Yakumo Yukari mod","Youmu（魂魄妖梦）","vexMod","【遗物卡牌】REMEMod"],"gold_per_floor":[113,113,123,136,136,136,111,145,199,199,199,217,217,251,261,281,281,381,381,397,411,411,811,811,811,828,844,844,844,784,784,794,719,719,719,719,719],"floor_reached":35,"language":"ZHS","playtime":2057,"items_purged":[],"score":331,"play_id":"c04d67e6-810b-4644-906f-89786f5c3775","local_time":"20210122215222","is_ascension_mode":true,"metric_token":2327,"campfire_choices":[{"floor":6.0,"key":"RECALL"},{"data":"AT_LightSaberMaster","floor":13.0,"key":"SMITH"},{"floor":17.0,"key":"REST"},{"data":"DTMod:RecklessFlurry","floor":25.0,"key":"SMITH"},{"data":"DTMod:Training","floor":31,"key":"SMITH"},{"floor":34,"key":"REST"}],"dtmod_dragon_data":[14,50,3,-1,14,0],"circlet_count":0,"master_deck":["DTMod:Strike","DTMod:Strike","DTMod:Strike","DTMod:DoubleHit","DTMod:TargetDefense","DTMod:TargetDefense","DTMod:TargetDefense","DTMod:TargetDefense","DTMod:SwitchingTactic","AT_LightSaberMaster+1","DTMod:ComboAttack","DTMod:Training","DTMod:MaximumCharge","DTMod:Harmonize","DTMod:FlameSlash","DTMod:Prediction","DTMod:CrossStep","DTMod:Training","DTMod:Safeguard","DTMod:CleansingStrike","DTMod:Training","DTMod:RecklessFlurry+1","DTMod:Training+1","DTMod:Training+1","DTMod:Adaptation"],"relics":["DTMod:PactStone","DaveBox","REME_ComplimentaryCards","AT_ATBox","EGODaCapo","testmod-AscensionHeart","aspiration:Nostalgia","Sizzling Blood","SynthV:TestCard","Dota2Spire:EtherealBlade","qcfpunch:Broken_Tusk","MagicDraw2","RhineCircuit","jedi:crownofsimplicity","hermit:Momento"],"acts_visited":["Gensokyo:Gensokyo","TheCity"],"potions_floor_usage":[35],"damage_taken":[{"damage":0.0,"enemies":"Gensokyo:Python","floor":1.0,"turns":4.0},{"damage":0.0,"enemies":"Gensokyo:3_Fairies","floor":3.0,"turns":4.0},{"damage":0.0,"enemies":"Gensokyo:Gryphon","floor":4.0,"turns":4.0},{"damage":0.0,"enemies":"Gensokyo:Aya","floor":8.0,"turns":3.0},{"damage":0.0,"enemies":"Gensokyo:CorruptedTreant","floor":12.0,"turns":2.0},{"damage":5.0,"enemies":"Gensokyo:Mamizou","floor":14.0,"turns":5.0},{"damage":0.0,"enemies":"Gensokyo:Gryphon_and_Rabbit","floor":15.0,"turns":4.0},{"damage":0.0,"enemies":"Gensokyo:VengefulSpirit","floor":16.0,"turns":3.0},{"damage":12.0,"enemies":"Gensokyo:Kokoro","floor":18.0,"turns":8.0},{"damage":0.0,"enemies":"Spheric Guardian","floor":20.0,"turns":4.0},{"damage":0.0,"enemies":"Chosen","floor":21.0,"turns":3.0},{"damage":2.0,"enemies":"3 Cultists","floor":26.0,"turns":5.0},{"damage":14.0,"enemies":"Centurion and Healer","floor":27.0,"turns":6.0},{"damage":32,"enemies":"Snecko","floor":32,"turns":6},{"damage":0,"enemies":"Pondfish","floor":35,"turns":8}],"seed_played":"-7572396977703301668","potions_obtained":[{"floor":1.0,"key":"BlessingOfTheForge"},{"floor":8.0,"key":"jedi:tentaclejuice"},{"floor":12.0,"key":"LiquidBronze"},{"floor":18.0,"key":"Dota2Spire:Clarity"},{"floor":21.0,"key":"DistilledChaos"},{"floor":32,"key":"Fire Potion"}],"is_trial":false,"path_per_floor":["M","?","M","M","T","R","?","E","T","PTL","PTL","M","R","E","M","M","R","B",null,"M","M","?","?","$","R","M","M","T","?","?","R","M","?","R","B"],"character_chosen":"THE_DT","items_purchased":[],"campfire_rested":2,"item_purchase_floors":[],"current_hp_per_floor":[49,49,49,49,49,49,49,49,49,49,49,49,49,48,49,49,49,41,49,49,49,49,49,49,49,49,39,39,39,39,39,11,11,25,25,25,25],"gold":719,"neow_bonus":"NOSTALGIA","is_daily":false,"chose_seed":false,"campfire_upgraded":3,"win_rate":0.0,"timestamp":1611323542,"path_taken":["M","?","M","?","?","R","?","E","T","PTL","PTL","M","R","E","M","?","R","BOSS","M","M","?","?","$","R","M","M","T","?","?","R","?","?","R","BOSS"],"items_purchased_type":[],"build_version":"2020-12-22","purchased_purges":0,"victory":false,"max_hp_per_floor":[49,49,49,49,49,49,49,49,49,49,49,49,49,49,49,49,49,49,49,49,49,49,49,49,49,49,49,49,49,49,49,49,49,49,49,49,49],"card_choices":[{"not_picked":["DTMod:BurningForce","DTMod:Cover"],"picked":"DTMod:ComboAttack","floor":1.0},{"not_picked":["DTMod:CleansingStrike","DTMod:GhostSkin","DTMod:MasterPlan","DTMod:SneakAttack"],"picked":"DTMod:Training","floor":3.0},{"not_picked":["DTMod:MasterPlan","DTMod:Threaten","DTMod:Feint","DTMod:Observe"],"picked":"DTMod:MaximumCharge","floor":4.0},{"not_picked":["DTMod:TriAttack","DTMod:OpeningTactic","DTMod:HeadStart","DTMod:ShadowImage"],"picked":"DTMod:Harmonize","floor":8.0},{"not_picked":["DTMod:Conduct","DTMod:Cover","DTMod:RunningTactic","DTMod:MagicField"],"picked":"DTMod:FlameSlash","floor":12.0},{"not_picked":["DTMod:TriAttack","DTMod:Outburst","DTMod:ResonanceForm","DTMod:HeadStart"],"picked":"DTMod:Prediction","floor":14.0},{"not_picked":["DTMod:QuickFly","DTMod:TauntingStrike","DTMod:Feint","DTMod:HeatWave"],"picked":"DTMod:CrossStep","floor":15.0},{"not_picked":["DTMod:GhostSkin","DTMod:QuickFly","DTMod:BuildUp","DTMod:HeatWave"],"picked":"DTMod:Training","floor":16.0},{"not_picked":["DTMod:HeadStart","DTMod:EchoTactic","DTMod:ResonanceForm","DTMod:Harmonize"],"picked":"DTMod:Safeguard","floor":18.0},{"not_picked":["DTMod:BuildUp","DTMod:BalancedStrike","DTMod:BurningForce","DTMod:StarRain"],"picked":"DTMod:CleansingStrike","floor":20.0},{"not_picked":["DTMod:SneakAttack","DTMod:RunningTactic","DTMod:BlazingStrike","DTMod:Coolant"],"picked":"DTMod:Training","floor":21.0},{"not_picked":["DTMod:TagTeam","DTMod:CleansingStrike","DTMod:Conduct","DTMod:Dissolve"],"picked":"DTMod:Training","floor":26.0},{"not_picked":["DTMod:BizarreTactic","DTMod:MasterPlan+1","DTMod:MagicField","DTMod:BurningEnergy"],"picked":"DTMod:Training+1","floor":27.0},{"not_picked":["DTMod:Shift","DTMod:MasterPlan+1","DTMod:BurningEnergy","DTMod:BlazingStrike+1"],"picked":"DTMod:Adaptation","floor":32}],"player_experience":267872,"relics_obtained":[{"floor":1.0,"key":"SynthV:TestCard"},{"floor":8.0,"key":"Dota2Spire:EtherealBlade"},{"floor":9.0,"key":"qcfpunch:Broken_Tusk"},{"floor":14.0,"key":"MagicDraw2"},{"floor":28.0,"key":"jedi:crownofsimplicity"}],"event_choices":[{"damage_healed":0.0,"max_hp_gain":0.0,"max_hp_loss":0.0,"gold_gain":0.0,"event_name":"The Library","player_choice":"Read","floor":22.0,"gold_loss":0.0,"damage_taken":0.0,"cards_obtained":["DTMod:RecklessFlurry"]},{"damage_healed":0.0,"max_hp_gain":0.0,"max_hp_loss":0.0,"gold_gain":400.0,"event_name":"恩洛斯的盘子","player_choice":"Sell","floor":23.0,"relics_lost":["testmod-TestBox"],"gold_loss":0.0,"damage_taken":0.0},{"damage_healed":0.0,"max_hp_gain":0.0,"max_hp_loss":0.0,"gold_gain":0.0,"event_name":"给自己的盒子","player_choice":"Swap Relic","floor":29.0,"relics_lost":["aspiration:Nostalgia"],"gold_loss":0.0,"damage_taken":0.0,"relics_obtained":["aspiration:Nostalgia"]},{"cards_removed":["DTMod:Strike"],"damage_healed":0,"gold_gain":0,"player_choice":"Gave Gold","damage_taken":0,"max_hp_gain":0,"max_hp_loss":0,"event_name":"Beggar","floor":33,"gold_loss":75}],"is_beta":false,"boss_relics":[{"not_picked":["vexMod:MysteryBossChallenge","testmod-Fanaticism"],"picked":"RhineCircuit"}],"items_purged_floors":[],"is_endless":false,"potions_floor_spawned":[1,8,12,18,21,32],"killed_by":"Pondfish","ascension_level":1}}