{"host":"5eh8stjbz3x0wd4z","time":1611302458,"event":{"mods":["BaseMod","Downfall","Hermit","Minty Spire (QoL Compilation)","StSLib","The Cursed"],"gold_per_floor":[113,113,113,41,52,77,77,77,77,93,93,158,158,31,31,31,31],"floor_reached":16,"language":"ENG","playtime":567,"items_purged":[],"score":96,"play_id":"46b7086d-de89-41ed-a558-84133c80ad52","local_time":"20210122000058","is_ascension_mode":false,"campfire_choices":[{"floor":7,"key":"REST"},{"data":"Shrug It Off","floor":13,"key":"SMITH"},{"data":"Double Tap","floor":15,"key":"SMITH"}],"circlet_count":0,"master_deck":["Strike_R","Strike_R","Strike_R","Strike_R","Strike_R","Defend_R","Defend_R","Defend_R","Defend_R","Bash+1","Dropkick","Perfected Strike","Clash","Shrug It Off+1","Body Slam","Armaments","Whirlwind","Shrug It Off","Double Tap+1"],"relics":["Burning Blood","Pen Nib","Letter Opener","Darkstone Periapt"],"acts_visited":["Exordium"],"potions_floor_usage":[],"damage_taken":[{"damage":8,"enemies":"Cultist","floor":1,"turns":5},{"damage":0,"enemies":"2 Louse","floor":5,"turns":2},{"damage":45,"enemies":"3 Sentries","floor":6,"turns":8},{"damage":10,"enemies":"Small Slimes","floor":10,"turns":2},{"damage":14,"enemies":"Gremlin Nob","floor":12,"turns":3},{"damage":68,"enemies":"Hexaghost","floor":16,"turns":9}],"seed_played":"-9043127972311026439","potions_obtained":[{"floor":1,"key":"hexamod:SoulburnPotion"},{"floor":12,"key":"Swift Potion"}],"is_trial":false,"path_per_floor":["M","?","?","$","M","E","R","?","T","M","?","?","R","$","R","B"],"character_chosen":"IRONCLAD","items_purchased":["Perfected Strike","Clash","Shrug It Off","Double Tap"],"campfire_rested":1,"item_purchase_floors":[4,4,14,14],"current_hp_per_floor":[86,86,86,86,88,49,75,80,80,76,76,68,68,68,68,0,0],"gold":31,"neow_bonus":"TEN_PERCENT_HP_BONUS","is_daily":false,"chose_seed":false,"campfire_upgraded":2,"win_rate":0.0,"timestamp":1611302458,"path_taken":["M","?","?","$","M","E","R","?","T","M","?","?","R","$","R","BOSS"],"items_purchased_type":["Card","Card","Card","Card"],"build_version":"2020-12-22","purchased_purges":0,"victory":false,"max_hp_per_floor":[88,88,88,88,88,88,88,93,93,93,93,93,93,93,93,93,93],"card_choices":[{"not_picked":["Carnage","Perfected Strike"],"picked":"Dropkick","floor":1},{"not_picked":["Perfected Strike","Pommel Strike"],"picked":"Shrug It Off","floor":5},{"not_picked":["True Grit","Pommel Strike"],"picked":"Body Slam","floor":6},{"not_picked":["True Grit","Bludgeon"],"picked":"Armaments","floor":10},{"not_picked":["Warcry","Body Slam"],"picked":"Whirlwind","floor":12}],"player_experience":1690,"relics_obtained":[{"floor":6,"key":"Pen Nib"},{"floor":9,"key":"Letter Opener"},{"floor":12,"key":"Darkstone Periapt"}],"event_choices":[{"damage_healed":0,"gold_gain":0,"player_choice":"Ignored","damage_taken":0,"max_hp_gain":0,"max_hp_loss":0,"event_name":"Golden Wing","floor":2,"gold_loss":0},{"damage_healed":0,"gold_gain":0,"player_choice":"Grow","damage_taken":0,"max_hp_gain":0,"max_hp_loss":0,"event_name":"Living Wall","floor":3,"gold_loss":0,"cards_upgraded":["Bash"]},{"damage_healed":0,"gold_gain":0,"player_choice":"Donut","damage_taken":0,"max_hp_gain":5,"max_hp_loss":0,"event_name":"Big Fish","floor":8,"gold_loss":0},{"damage_healed":0,"gold_gain":0,"player_choice":"Ignored","damage_taken":0,"max_hp_gain":0,"max_hp_loss":0,"event_name":"Liars Game","floor":11,"gold_loss":0},{"damage_healed":0,"gold_gain":0,"player_choice":"Searched \u00271\u0027 times","damage_taken":0,"max_hp_gain":0,"max_hp_loss":0,"event_name":"Dead Adventurer","floor":12,"gold_loss":0}],"is_beta":false,"boss_relics":[],"items_purged_floors":[],"is_endless":false,"potions_floor_spawned":[1,12],"killed_by":"Hexaghost","ascension_level":0}}