{"host":"foq4mrde4mssg7vt","time":1611309779,"event":{"mods":["AchievementEnabler","BaseMod","Colored Map","Colored Powertips","Highlight Path","Minty Spire (QoL Compilation)","Relic Stats","everything is the same but u backflip on backflip"],"gold_per_floor":[113,113,124,137,151,178,253,253,253,264,276,301,301,321,321,400,400,410,444,76,94,94,106,106,106],"floor_reached":24,"language":"ENG","playtime":946,"items_purged":[],"score":420,"play_id":"4cf878b8-f13c-48b3-945c-dc1dcf77e326","local_time":"20210122180259","is_ascension_mode":true,"campfire_choices":[{"floor":8.0,"key":"REST"},{"data":"Coolheaded","floor":13.0,"key":"SMITH"},{"data":"Go for the Eyes","floor":15.0,"key":"SMITH"}],"circlet_count":0,"master_deck":["AscendersBane","Strike_B+1","Strike_B+1","Strike_B+1","Strike_B+1","Defend_B+1","Defend_B+1","Defend_B+1","Defend_B+1","Zap","Dualcast","Rip and Tear","Ball Lightning","Compile Driver","Coolheaded+1","Go for the Eyes+1","Stack","Genetic Algorithm","Cold Snap","Streamline","All For One","Barrage","Sweeping Beam+1","The Bomb","Coolheaded","Lockon"],"relics":["Cracked Core","Cables","Question Card","Kunai","Sozu","Red Mask","Oddly Smooth Stone"],"acts_visited":["Exordium","TheCity"],"potions_floor_usage":[16,21,21],"damage_taken":[{"damage":11.0,"enemies":"Jaw Worm","floor":1.0,"turns":4.0},{"damage":7.0,"enemies":"Small Slimes","floor":3.0,"turns":3.0},{"damage":0.0,"enemies":"2 Louse","floor":4.0,"turns":2.0},{"damage":13.0,"enemies":"Blue Slaver","floor":5.0,"turns":2.0},{"damage":18.0,"enemies":"Lagavulin","floor":6.0,"turns":6.0},{"damage":12.0,"enemies":"Large Slime","floor":10.0,"turns":6.0},{"damage":6.0,"enemies":"Looter","floor":11.0,"turns":2.0},{"damage":27.0,"enemies":"Gremlin Nob","floor":12.0,"turns":4.0},{"damage":10.0,"enemies":"3 Louse","floor":14.0,"turns":3.0},{"damage":2,"enemies":"Hexaghost","floor":16,"turns":10},{"damage":13,"enemies":"Shell Parasite","floor":18,"turns":4},{"damage":33,"enemies":"Masked Bandits","floor":19,"turns":5},{"damage":18,"enemies":"3 Byrds","floor":21,"turns":4},{"damage":4,"enemies":"Centurion and Healer","floor":23,"turns":6},{"damage":11,"enemies":"Slavers","floor":24,"turns":3}],"seed_played":"1785761756069227774","potions_obtained":[{"floor":1.0,"key":"FairyPotion"},{"floor":3.0,"key":"FearPotion"},{"floor":4.0,"key":"FocusPotion"},{"floor":12.0,"key":"Regen Potion"},{"floor":16,"key":"FocusPotion"}],"is_trial":false,"path_per_floor":["M","?","M","M","M","E","?","R","T","M","M","E","R","M","R","B",null,"M","?","$","M","?","M","E"],"character_chosen":"DEFECT","items_purchased":["Oddly Smooth Stone","The Bomb"],"campfire_rested":1,"item_purchase_floors":[20,20],"current_hp_per_floor":[60,60,53,53,40,22,11,34,34,22,16,23,23,13,13,11,61,48,15,15,9,9,5,0,0],"gold":106,"neow_bonus":"TEN_PERCENT_HP_BONUS","is_daily":false,"chose_seed":false,"campfire_upgraded":2,"win_rate":0.0,"timestamp":1611309779,"path_taken":["M","?","M","M","M","E","?","R","T","M","M","E","R","M","R","BOSS","M","?","$","M","?","M","E"],"items_purchased_type":["Relic","Card"],"build_version":"2020-12-22","purchased_purges":0,"victory":false,"max_hp_per_floor":[78,78,78,78,78,78,78,78,78,78,78,78,78,78,78,78,78,78,78,78,78,78,78,78,78],"relic_stats":{"Sozu":1,"counters":[15,64],"Kunai":[14],"Question Card":10,"obtain_stats":[{"Sozu":17,"Oddly Smooth Stone":20,"Red Mask":19,"Kunai":12,"Cracked Core":0,"Question Card":9,"Cables":6},{"Sozu":10,"Oddly Smooth Stone":12,"Red Mask":12,"Kunai":8,"Cracked Core":0,"Question Card":5,"Cables":5},{"Sozu":42,"Oddly Smooth Stone":51,"Red Mask":51,"Kunai":29,"Cracked Core":0,"Question Card":17,"Cables":17}],"Cables":[43,19,24,0,0]},"card_choices":[{"not_picked":["Compile Driver","Aggregate"],"picked":"Rip and Tear","floor":1.0},{"not_picked":["Leap","Conserve Battery"],"picked":"Ball Lightning","floor":3.0},{"not_picked":["Ball Lightning","Leap"],"picked":"Compile Driver","floor":4.0},{"not_picked":["Double Energy","Go for the Eyes"],"picked":"Coolheaded","floor":5.0},{"not_picked":["Compile Driver","Ball Lightning"],"picked":"Go for the Eyes","floor":6.0},{"not_picked":["Blizzard","Compile Driver","Machine Learning"],"picked":"Stack","floor":10.0},{"not_picked":["Melter","Go for the Eyes","Sweeping Beam"],"picked":"Genetic Algorithm","floor":11.0},{"not_picked":["FTL","Doom and Gloom","Go for the Eyes"],"picked":"Cold Snap","floor":12.0},{"not_picked":["Hello World","Beam Cell","Redo"],"picked":"Streamline","floor":14.0},{"not_picked":["Buffer","Meteor Strike","Creative AI"],"picked":"All For One","floor":16},{"not_picked":["Redo+1","Reprogram","Darkness+1"],"picked":"Barrage","floor":18},{"not_picked":["Undo","Barrage+1","Static Discharge"],"picked":"Sweeping Beam+1","floor":19},{"not_picked":["Tempest","Barrage","Melter"],"picked":"Coolheaded","floor":21},{"not_picked":["Leap","Genetic Algorithm","Rebound"],"picked":"Lockon","floor":23}],"player_experience":540629,"relics_obtained":[{"floor":6.0,"key":"Cables"},{"floor":9.0,"key":"Question Card"},{"floor":12.0,"key":"Kunai"},{"floor":19,"key":"Red Mask"}],"event_choices":[{"damage_healed":0.0,"max_hp_gain":0.0,"max_hp_loss":0.0,"gold_gain":0.0,"event_name":"The Cleric","player_choice":"Leave","floor":2.0,"gold_loss":0.0,"damage_taken":0.0},{"damage_healed":0.0,"max_hp_gain":0.0,"max_hp_loss":0.0,"gold_gain":75.0,"event_name":"World of Goop","player_choice":"Gather Gold","floor":7.0,"gold_loss":0.0,"damage_taken":11.0},{"damage_healed":0,"gold_gain":0,"player_choice":"Fought Bandits","damage_taken":0,"max_hp_gain":0,"max_hp_loss":0,"event_name":"Masked Bandits","floor":19,"gold_loss":0},{"damage_healed":0,"gold_gain":0,"player_choice":"Simplicity","damage_taken":0,"max_hp_gain":0,"max_hp_loss":0,"event_name":"Back to Basics","floor":22,"gold_loss":0,"cards_upgraded":["Strike_B","Strike_B","Strike_B","Strike_B","Defend_B","Defend_B","Defend_B","Defend_B"]}],"is_beta":false,"boss_relics":[{"not_picked":["Runic Dome","Ectoplasm"],"picked":"Sozu"}],"items_purged_floors":[],"is_endless":false,"potions_floor_spawned":[1,3,4,12,16,19],"killed_by":"Slavers","ascension_level":20}}