{"host":"5gfra4hjb6stk8c2","time":1611359420,"event":{"mods":["BaseMod","Minty Spire (QoL Compilation)","Quick Restart","SuperFastMode"],"gold_per_floor":[19,19,19,29,45,45,80,80,80,114,64,41,41,66,66,166,166,183,183,216,21,37,37,37,37],"floor_reached":24,"language":"ENG","playtime":495,"items_purged":["Strike_P+1"],"score":270,"play_id":"9de00bcf-aaf3-409c-93e1-96ff395f9a5c","local_time":"20210122205020","is_ascension_mode":true,"campfire_choices":[{"data":"Tantrum","floor":6,"key":"SMITH"},{"data":"Halt","floor":8,"key":"SMITH"},{"data":"Prostrate","floor":13,"key":"SMITH"},{"floor":15,"key":"REST"},{"data":"Omniscience","floor":23,"key":"SMITH"}],"circlet_count":0,"master_deck":["Strike_P+1","Strike_P+1","Strike_P+1","Defend_P+1","Vigilance","Tantrum+1","Worship","Halt+1","Prostrate+1","Consecrate","Omniscience+1","FlurryOfBlows","CrushJoints+1"],"relics":["PureWater","Frozen Egg 2","Regal Pillow","White Beast Statue","Centennial Puzzle","Odd Mushroom","Black Star","Red Mask","Membership Card"],"acts_visited":["Exordium","TheCity"],"potions_floor_usage":[16,16,16,18,22,24],"damage_taken":[{"damage":0,"enemies":"Cultist","floor":1,"turns":2},{"damage":0,"enemies":"Small Slimes","floor":4,"turns":2},{"damage":0,"enemies":"2 Louse","floor":5,"turns":1},{"damage":12,"enemies":"3 Sentries","floor":7,"turns":5},{"damage":22,"enemies":"Lagavulin","floor":10,"turns":3},{"damage":0,"enemies":"The Mushroom Lair","floor":14,"turns":3},{"damage":36,"enemies":"Hexaghost","floor":16,"turns":3},{"damage":12,"enemies":"Shell Parasite","floor":18,"turns":4},{"damage":0,"enemies":"Masked Bandits","floor":20,"turns":3},{"damage":14,"enemies":"2 Thieves","floor":22,"turns":3},{"damage":58,"enemies":"Book of Stabbing","floor":24,"turns":2}],"seed_played":"-1142928525621203256","potions_obtained":[{"floor":4,"key":"Weak Potion"},{"floor":10,"key":"SkillPotion"},{"floor":14,"key":"SteroidPotion"},{"floor":16,"key":"LiquidMemories"},{"floor":18,"key":"Regen Potion"},{"floor":20,"key":"GamblersBrew"},{"floor":22,"key":"Ancient Potion"}],"is_trial":false,"path_per_floor":["M","?","?","M","M","R","E","R","T","E","?","$","R","?","R","B",null,"M","?","?","$","M","R","E"],"character_chosen":"WATCHER","items_purchased":["Prostrate","Membership Card"],"campfire_rested":1,"item_purchase_floors":[12,21],"current_hp_per_floor":[65,65,65,65,65,65,53,53,53,31,31,31,31,31,67,31,62,50,50,50,50,36,36,0,0],"gold":37,"neow_bonus":"REMOVE_TWO","is_daily":false,"chose_seed":false,"campfire_upgraded":4,"win_rate":0.0,"timestamp":1611359420,"path_taken":["M","?","?","M","?","R","E","R","T","E","?","$","R","?","R","BOSS","M","?","?","$","M","R","E"],"items_purchased_type":["Card","Relic"],"build_version":"2020-12-22","purchased_purges":1,"victory":false,"max_hp_per_floor":[72,72,72,72,72,72,72,72,72,72,72,72,72,72,72,72,72,72,72,72,72,72,72,72,72],"card_choices":[{"not_picked":["InnerPeace","Protect"],"picked":"Evaluate","floor":1},{"not_picked":["Crescendo","CrushJoints"],"picked":"Tantrum","floor":4},{"not_picked":["Consecrate","FlurryOfBlows"],"picked":"Worship","floor":5},{"not_picked":["Nirvana+1","Crescendo"],"picked":"Halt","floor":7},{"not_picked":["JustLucky","MentalFortress+1","EmptyFist"],"picked":"SKIP","floor":10},{"not_picked":["EmptyFist","CarveReality"],"picked":"Consecrate","floor":14},{"not_picked":["Wish","DeusExMachina"],"picked":"Omniscience","floor":16},{"not_picked":["WreathOfFlame+1","Indignation"],"picked":"FlurryOfBlows","floor":18},{"not_picked":["FlyingSleeves+1","InnerPeace"],"picked":"CrushJoints+1","floor":22}],"player_experience":183735,"relics_obtained":[{"floor":7,"key":"Regal Pillow"},{"floor":9,"key":"White Beast Statue"},{"floor":10,"key":"Centennial Puzzle"},{"floor":14,"key":"Odd Mushroom"},{"floor":20,"key":"Red Mask"}],"event_choices":[{"cards_removed":["Defend_P"],"damage_healed":0,"gold_gain":0,"player_choice":"Forget","damage_taken":0,"max_hp_gain":0,"max_hp_loss":0,"event_name":"Living Wall","floor":2,"gold_loss":0},{"cards_removed":["Evaluate"],"damage_healed":0,"gold_gain":0,"player_choice":"Gave Card","damage_taken":0,"relics_obtained":["Frozen Egg 2"],"max_hp_gain":0,"max_hp_loss":0,"event_name":"WeMeetAgain","floor":3,"gold_loss":0},{"cards_removed":["Eruption"],"damage_healed":0,"gold_gain":0,"player_choice":"Card Removal","damage_taken":0,"max_hp_gain":0,"max_hp_loss":0,"event_name":"The Cleric","floor":11,"gold_loss":50},{"damage_healed":0,"gold_gain":0,"player_choice":"Fought Mushrooms","damage_taken":0,"max_hp_gain":0,"max_hp_loss":0,"event_name":"Mushrooms","floor":14,"gold_loss":0},{"damage_healed":0,"gold_gain":0,"player_choice":"Simplicity","damage_taken":0,"max_hp_gain":0,"max_hp_loss":0,"event_name":"Back to Basics","floor":19,"gold_loss":0,"cards_upgraded":["Strike_P","Strike_P","Strike_P","Strike_P","Defend_P"]},{"damage_healed":0,"gold_gain":0,"player_choice":"Fought Bandits","damage_taken":0,"max_hp_gain":0,"max_hp_loss":0,"event_name":"Masked Bandits","floor":20,"gold_loss":0}],"is_beta":false,"boss_relics":[{"not_picked":["Coffee Dripper","SacredBark"],"picked":"Black Star"}],"items_purged_floors":[21],"is_endless":false,"potions_floor_spawned":[4,10,14,16,18,20,22],"killed_by":"Book of Stabbing","ascension_level":7}}