{"host":"kmq7aw60w430zvtx","time":1611307511,"event":{"mods":["BaseMod","Downfall","GifTheSpireLib","Hermit","Hubris","Minty Spire (QoL Compilation)","StSLib","The Construct","The Cursed","The Hierophant","The Jungle","The Necromancer","The Runesmith"],"gold_per_floor":[111,111,128,303,317,346,346,372,372,382,103,103,103,113,113,217,217,232,199,199,199],"floor_reached":20,"language":"ENG","playtime":719,"items_purged":["Doubt"],"score":221,"play_id":"c428d306-7048-4088-82ac-157f19510fd5","local_time":"20210122102511","is_ascension_mode":true,"campfire_choices":[{"floor":7,"key":"RECALL"},{"data":"Havoc","floor":12,"key":"SMITH"},{"floor":15,"key":"REST"}],"circlet_count":0,"master_deck":["Strike_R","Strike_R","Strike_R","Strike_R","Strike_R","Defend_R","Defend_R","Defend_R","Defend_R","Cleave","Combust","Demon Form","hubris:DuctTapeCard","Reaper","Havoc+1","Rampage","Bash","Blood for Blood","Blind","Pommel Strike","Double Tap","Armaments","Blood for Blood"],"relics":["Burning Blood","Nunchaku","hubris:DuctTape","Blood Vial","Membership Card","PreservedInsect","hubris:TerracottaHorce"],"acts_visited":["Exordium","TheCity"],"potions_floor_usage":[6,8,16],"damage_taken":[{"damage":6,"enemies":"Cultist","floor":1,"turns":3},{"damage":7,"enemies":"Jaw Worm","floor":3,"turns":3},{"damage":0,"enemies":"Small Slimes","floor":5,"turns":3},{"damage":31,"enemies":"Gremlin Nob","floor":6,"turns":4},{"damage":25,"enemies":"Lagavulin","floor":8,"turns":7},{"damage":12,"enemies":"Gremlin Gang","floor":10,"turns":5},{"damage":7,"enemies":"Lots of Slimes","floor":14,"turns":2},{"damage":48,"enemies":"The Guardian","floor":16,"turns":9},{"damage":38,"enemies":"Chosen","floor":18,"turns":5},{"damage":27,"enemies":"2 Thieves","floor":19,"turns":5},{"damage":41,"enemies":"Centurion and Healer","floor":20,"turns":3}],"seed_played":"4602582827219228780","potions_obtained":[{"floor":1,"key":"BlessingOfTheForge"},{"floor":6,"key":"Energy Potion"},{"floor":8,"key":"ElixirPotion"},{"floor":14,"key":"Fire Potion"},{"floor":19,"key":"Weak Potion"}],"is_trial":false,"path_per_floor":["M","?","M","?","M","E","R","E","T","M","$","R","?","M","R","B",null,"M","M","M"],"character_chosen":"IRONCLAD","items_purchased":["Membership Card","PreservedInsect","Rampage"],"campfire_rested":1,"item_purchase_floors":[11,11,11],"current_hp_per_floor":[80,85,84,84,85,60,60,41,41,45,45,45,45,47,72,42,74,50,35,0,0],"gold":199,"neow_bonus":"UPGRADE_CARD","is_daily":false,"chose_seed":false,"campfire_upgraded":1,"win_rate":0.0,"timestamp":1611307511,"path_taken":["M","?","M","?","M","E","R","E","T","M","$","R","?","M","R","BOSS","M","M","?"],"items_purchased_type":["Relic","Relic","Card"],"build_version":"2020-12-22","purchased_purges":1,"victory":false,"max_hp_per_floor":[80,85,85,85,85,85,85,85,85,85,85,85,85,85,85,85,85,85,85,85,85],"card_choices":[{"not_picked":["Intimidate","Shrug It Off"],"picked":"Uppercut","floor":1},{"not_picked":["Inflame","Shrug It Off"],"picked":"Cleave","floor":3},{"not_picked":["Warcry","Sword Boomerang"],"picked":"Combust","floor":5},{"not_picked":["Heavy Blade","Feel No Pain"],"picked":"Demon Form","floor":6},{"not_picked":["Clothesline","Warcry"],"picked":"Reaper","floor":8},{"not_picked":["Pommel Strike","Wild Strike"],"picked":"Havoc","floor":10},{"not_picked":["Shockwave","Combust"],"picked":"Pommel Strike","floor":14},{"not_picked":["Fiend Fire","Exhume"],"picked":"Double Tap","floor":16},{"not_picked":["hubris:CleavingFinish","Twin Strike"],"picked":"Armaments","floor":18},{"not_picked":["Warcry+1","Pommel Strike"],"picked":"Blood for Blood","floor":19}],"player_experience":307775,"relics_obtained":[{"floor":6,"key":"Nunchaku"},{"floor":8,"key":"hubris:DuctTape"},{"floor":9,"key":"Blood Vial"}],"event_choices":[{"damage_healed":0,"gold_gain":0,"player_choice":"Donut","damage_taken":0,"max_hp_gain":5,"max_hp_loss":0,"event_name":"Big Fish","floor":2,"gold_loss":0},{"damage_healed":0,"gold_gain":175,"player_choice":"AGREE","damage_taken":0,"max_hp_gain":0,"max_hp_loss":0,"event_name":"Liars Game","floor":4,"gold_loss":0,"cards_obtained":["Doubt"]},{"damage_healed":0,"gold_gain":0,"player_choice":"3 cards matched","damage_taken":0,"max_hp_gain":0,"max_hp_loss":0,"event_name":"Match and Keep!","floor":13,"gold_loss":0,"cards_obtained":["Bash","Blood for Blood","Blind"]}],"is_beta":false,"boss_relics":[{"not_picked":["Calling Bell","Tiny House"],"picked":"hubris:TerracottaHorce"}],"items_purged_floors":[11],"is_endless":false,"potions_floor_spawned":[1,6,8,14,19],"killed_by":"Centurion and Healer","ascension_level":4}}