{"host":"s41rn2jhghpwfrvz","time":1611345752,"event":{"mods":["BaseMod","Minty Spire (QoL Compilation)","Quick Restart","Relic Stats","SuperFastMode"],"gold_per_floor":[110,126,126,176,188,216,228,263,263,263,281,37,69,81,81,155,155,175,192,192,212,230,230,258,158,158,184,200,211,237,272,272,345,345,359,359,369,369,1368,1398,1398,1425,1425,1436,525,552,583,611,611,611,611,611,611,184,212,212],"floor_reached":57,"language":"ENG","playtime":1782,"items_purged":["Steam","Endless Agony"],"score":4115,"play_id":"3752ad54-81d9-410a-9b57-e32b6bf58c81","local_time":"20210122220232","daily_mods":["SealedDeck","Diverse","DeadlyEvents"],"is_ascension_mode":true,"campfire_choices":[{"data":"Shrug It Off","floor":10.0,"key":"SMITH"},{"data":"Reflex","floor":15.0,"key":"SMITH"},{"data":"Offering","floor":23.0,"key":"SMITH"},{"data":"Tactician","floor":32.0,"key":"SMITH"},{"data":"Acrobatics","floor":41.0,"key":"SMITH"},{"floor":49.0,"key":"RECALL"},{"data":"Panacea","floor":53.0,"key":"SMITH"}],"circlet_count":0,"master_deck":["AscendersBane","Acrobatics+1","White Noise","Expertise","Shrug It Off+1","Body Slam+1","Prepared","Reflex+1","Evolve","Offering+1","Tactician+1","Panacea+1"],"relics":["Burning Blood","Ice Cream","Calipers","TungstenRod","Anchor","Charon\u0027s Ashes","Calling Bell","Bag of Marbles","Pantograph","FossilizedHelix","Tiny Chest","Lizard Tail","Nunchaku","Letter Opener","Omamori","Empty Cage","WingedGreaves","Meat on the Bone","Potion Belt","OrangePellets","Gremlin Horn","Peace Pipe","Whetstone","Smiling Mask","ClockworkSouvenir","Paper Frog","Eternal Feather"],"acts_visited":["Exordium","TheCity","TheBeyond","TheEnding"],"potions_floor_usage":[56,56,56],"damage_taken":[{"damage":7.0,"enemies":"Jaw Worm","floor":1.0,"turns":7.0},{"damage":0.0,"enemies":"2 Louse","floor":2.0,"turns":2.0},{"damage":0.0,"enemies":"Cultist","floor":5.0,"turns":2.0},{"damage":0.0,"enemies":"Lagavulin","floor":6.0,"turns":4.0},{"damage":0.0,"enemies":"Exordium Thugs","floor":7.0,"turns":2.0},{"damage":7.0,"enemies":"3 Sentries","floor":8.0,"turns":6.0},{"damage":0.0,"enemies":"Gremlin Gang","floor":11.0,"turns":2.0},{"damage":0.0,"enemies":"Lagavulin","floor":13.0,"turns":2.0},{"damage":0.0,"enemies":"Large Slime","floor":14.0,"turns":2.0},{"damage":0.0,"enemies":"Hexaghost","floor":16.0,"turns":2.0},{"damage":0.0,"enemies":"Shell Parasite","floor":18.0,"turns":2.0},{"damage":0.0,"enemies":"2 Thieves","floor":19.0,"turns":1.0},{"damage":0.0,"enemies":"Cultist and Chosen","floor":21.0,"turns":1.0},{"damage":0.0,"enemies":"Centurion and Healer","floor":22.0,"turns":1.0},{"damage":0.0,"enemies":"Book of Stabbing","floor":24.0,"turns":1.0},{"damage":0.0,"enemies":"Slavers","floor":27.0,"turns":1.0},{"damage":0.0,"enemies":"Sentry and Sphere","floor":28.0,"turns":1.0},{"damage":0.0,"enemies":"Snake Plant","floor":29.0,"turns":1.0},{"damage":0.0,"enemies":"Book of Stabbing","floor":30.0,"turns":1.0},{"damage":0.0,"enemies":"Slavers","floor":31.0,"turns":1.0},{"damage":0.0,"enemies":"Collector","floor":33.0,"turns":1.0},{"damage":0.0,"enemies":"Orb Walker","floor":35.0,"turns":1.0},{"damage":0.0,"enemies":"3 Darklings","floor":37.0,"turns":1.0},{"damage":0.0,"enemies":"Nemesis","floor":40.0,"turns":1.0},{"damage":0.0,"enemies":"Giant Head","floor":42.0,"turns":1.0},{"damage":0.0,"enemies":"Transient","floor":44.0,"turns":1.0},{"damage":0.0,"enemies":"Nemesis","floor":47.0,"turns":3.0},{"damage":0.0,"enemies":"Giant Head","floor":48.0,"turns":2.0},{"damage":0.0,"enemies":"Time Eater","floor":50.0,"turns":3.0},{"damage":0.0,"enemies":"Awakened One","floor":51.0,"turns":2.0},{"damage":0.0,"enemies":"Shield and Spear","floor":55.0,"turns":1.0},{"damage":0,"enemies":"The Heart","floor":56,"turns":4}],"seed_played":"7246350254077815963","potions_obtained":[{"floor":5.0,"key":"PowerPotion"},{"floor":6.0,"key":"SkillPotion"},{"floor":11.0,"key":"AttackPotion"},{"floor":13.0,"key":"Dexterity Potion"},{"floor":16.0,"key":"PowerPotion"},{"floor":44.0,"key":"SneckoOil"}],"is_trial":true,"path_per_floor":["M","M","?","?","M","E","M","E","T","R","M","$","E","M","R","B",null,"M","M","?","M","M","R","E","$","T","E","M","M","E","E","R","B",null,"M","?","M","$","?","E","R","E","T","M","$","T","E","E","R","B","B",null,"R","$","E","B",null],"character_chosen":"IRONCLAD","items_purchased":["Anchor","OrangePellets","Gremlin Horn","Peace Pipe","SpeedPotion","Panacea","ClockworkSouvenir","Paper Frog"],"campfire_rested":0,"item_purchase_floors":[12,45,45,45,45,45,54,54],"current_hp_per_floor":[67,73,73,66,72,75,75,74,74,74,75,75,75,75,75,75,75,75,75,75,75,75,75,75,75,75,75,75,75,75,75,75,75,75,75,71,71,71,71,71,71,71,71,71,71,71,71,71,71,71,71,71,71,71,71,71],"gold":212,"neow_bonus":"","is_daily":false,"chose_seed":false,"campfire_upgraded":6,"win_rate":0.0,"timestamp":1611345752,"path_taken":["M","M","?","?","M","E","M","E","T","R","M","$","E","M","R","BOSS","M","M","?","M","?","R","E","$","T","E","M","M","?","E","R","BOSS","M","?","M","$","?","E","R","E","T","M","$","?","E","E","R","BOSS","BOSS","R","$","E","BOSS"],"items_purchased_type":["Relic","Relic","Relic","Relic","Potion","Card","Relic","Relic"],"build_version":"2020-12-22","purchased_purges":2,"victory":true,"max_hp_per_floor":[75,75,75,75,75,75,75,75,75,75,75,75,75,75,75,75,75,75,75,75,75,75,75,75,75,75,75,75,75,75,75,75,75,75,75,71,71,71,71,71,71,71,71,71,71,71,71,71,71,71,71,71,71,71,71,71],"relic_stats":{"Gremlin Horn":[4,4],"counters":[32,63],"Eternal Feather":0,"Charon\u0027s Ashes":[364],"Letter Opener":[370],"Whetstone":[],"Smiling Mask":0,"Burning Blood":28,"Peace Pipe":0,"OrangePellets":[2],"Lizard Tail":0,"Nunchaku":[10],"Pantograph":0,"Tiny Chest":1,"obtain_stats":[{"Ice Cream":6,"Calipers":8,"Gremlin Horn":45,"Whetstone":47,"Empty Cage":34,"Smiling Mask":48,"Burning Blood":0,"ClockworkSouvenir":54,"Lizard Tail":26,"Nunchaku":27,"Pantograph":17,"Tiny Chest":24,"WingedGreaves":40,"Paper Frog":54,"Potion Belt":43,"Eternal Feather":55,"Charon\u0027s Ashes":13,"Omamori":31,"Letter Opener":30,"Calling Bell":17,"Peace Pipe":45,"OrangePellets":45,"Anchor":12,"Bag of Marbles":17,"TungstenRod":9,"FossilizedHelix":17,"Meat on the Bone":42},{"Ice Cream":4,"Calipers":6,"Gremlin Horn":26,"Whetstone":27,"Empty Cage":21,"Smiling Mask":28,"Burning Blood":0,"ClockworkSouvenir":30,"Lizard Tail":15,"Nunchaku":16,"Pantograph":10,"Tiny Chest":15,"WingedGreaves":24,"Paper Frog":30,"Potion Belt":25,"Eternal Feather":31,"Charon\u0027s Ashes":8,"Omamori":20,"Letter Opener":19,"Calling Bell":10,"Peace Pipe":26,"OrangePellets":26,"Anchor":7,"Bag of Marbles":10,"TungstenRod":6,"FossilizedHelix":10,"Meat on the Bone":25},{"Ice Cream":15,"Calipers":23,"Gremlin Horn":48,"Whetstone":51,"Empty Cage":43,"Smiling Mask":53,"Burning Blood":0,"ClockworkSouvenir":58,"Lizard Tail":37,"Nunchaku":38,"Pantograph":31,"Tiny Chest":37,"WingedGreaves":46,"Paper Frog":58,"Potion Belt":47,"Eternal Feather":59,"Charon\u0027s Ashes":27,"Omamori":42,"Letter Opener":41,"Calling Bell":31,"Peace Pipe":48,"OrangePellets":48,"Anchor":25,"Bag of Marbles":31,"TungstenRod":23,"FossilizedHelix":31,"Meat on the Bone":47}],"TungstenRod":0,"Meat on the Bone":0},"card_choices":[{"not_picked":["ThirdEye","Headbutt","Prepared"],"picked":"SKIP","floor":1.0},{"not_picked":["ThirdEye","Headbutt"],"picked":"Prepared","floor":1.0},{"not_picked":["Battle Trance","Heatsinks","Steam"],"picked":"SKIP","floor":2.0},{"not_picked":["Iron Wave","Underhanded Strike"],"picked":"Reflex","floor":5.0},{"not_picked":["Redo","SashWhip","Anger"],"picked":"SKIP","floor":6.0},{"not_picked":["Heavy Blade","True Grit","Warcry"],"picked":"SKIP","floor":7.0},{"not_picked":["Inflame","Dagger Spray","Quick Slash"],"picked":"SKIP","floor":8.0},{"not_picked":["Rampage","Slice","Dagger Throw"],"picked":"SKIP","floor":11.0},{"not_picked":["Deadly Poison","Stack"],"picked":"Evolve","floor":13.0},{"not_picked":["BowlingBash","Doppelganger","Well Laid Plans"],"picked":"SKIP","floor":14.0},{"not_picked":["Machine Learning","Glass Knife"],"picked":"Offering","floor":16.0},{"not_picked":["Streamline","Chaos","CrushJoints"],"picked":"SKIP","floor":18.0},{"not_picked":["Adaptation","Hologram+1","BattleHymn"],"picked":"SKIP","floor":19.0},{"not_picked":["Wild Strike","Heavy Blade","LikeWater"],"picked":"SKIP","floor":21.0},{"not_picked":["Underhanded Strike","Ghostly Armor","Aggregate"],"picked":"SKIP","floor":22.0},{"not_picked":["Thunderclap","Flame Barrier+1","Reboot"],"picked":"SKIP","floor":24.0},{"not_picked":["Dagger Throw","Compile Driver","Deflect"],"picked":"SKIP","floor":27.0},{"not_picked":["Terror","Blood for Blood","Anger"],"picked":"SKIP","floor":28.0},{"not_picked":["Clothesline","Underhanded Strike"],"picked":"Tactician","floor":29.0},{"not_picked":["Anger","Whirlwind+1","Masterful Stab+1"],"picked":"SKIP","floor":30.0},{"not_picked":["Storm","BowlingBash","Heatsinks"],"picked":"SKIP","floor":31.0},{"not_picked":["Prepared","Sucker Punch+1","Uppercut+1"],"picked":"SKIP","floor":35.0},{"not_picked":["Ball Lightning","Hologram","Rebound"],"picked":"SKIP","floor":37.0},{"not_picked":["Body Slam","Halt","Coolheaded"],"picked":"SKIP","floor":40.0},{"not_picked":["Deadly Poison","CrushJoints","FlyingSleeves+1"],"picked":"SKIP","floor":42.0},{"not_picked":["Leap+1","SashWhip","Weave+1"],"picked":"SKIP","floor":44.0},{"not_picked":["Cleave","Weave","Crippling Poison"],"picked":"SKIP","floor":47.0},{"not_picked":["Steam","Prepared","Wraith Form v2"],"picked":"SKIP","floor":48.0},{"not_picked":["PiercingWail","ClearTheMind","ThirdEye+1"],"picked":"SKIP","floor":55.0}],"player_experience":1825274,"relics_obtained":[{"floor":6.0,"key":"Ice Cream"},{"floor":8.0,"key":"Calipers"},{"floor":9.0,"key":"TungstenRod"},{"floor":13.0,"key":"Charon\u0027s Ashes"},{"floor":17.0,"key":"Bag of Marbles"},{"floor":17.0,"key":"Pantograph"},{"floor":17.0,"key":"FossilizedHelix"},{"floor":24.0,"key":"Tiny Chest"},{"floor":26.0,"key":"Lizard Tail"},{"floor":27.0,"key":"Nunchaku"},{"floor":30.0,"key":"Letter Opener"},{"floor":31.0,"key":"Omamori"},{"floor":40.0,"key":"WingedGreaves"},{"floor":42.0,"key":"Meat on the Bone"},{"floor":43.0,"key":"Potion Belt"},{"floor":47.0,"key":"Whetstone"},{"floor":48.0,"key":"Smiling Mask"},{"floor":55.0,"key":"Eternal Feather"}],"event_choices":[{"damage_healed":0.0,"max_hp_gain":0.0,"max_hp_loss":0.0,"gold_gain":0.0,"event_name":"Living Wall","player_choice":"Grow","floor":3.0,"gold_loss":0.0,"damage_taken":0.0,"cards_upgraded":["Body Slam"]},{"damage_healed":0.0,"max_hp_gain":0.0,"max_hp_loss":0.0,"gold_gain":50.0,"event_name":"FaceTrader","player_choice":"Touch","floor":4.0,"gold_loss":0.0,"damage_taken":7.0},{"cards_removed":["Warcry"],"damage_healed":5.0,"max_hp_gain":0.0,"max_hp_loss":0.0,"gold_gain":0.0,"event_name":"Bonfire Elementals","player_choice":"Offered Common","floor":20.0,"gold_loss":0.0,"damage_taken":0.0},{"cards_removed":["Warcry"],"damage_healed":5.0,"max_hp_gain":0.0,"max_hp_loss":0.0,"gold_gain":0.0,"event_name":"Bonfire Elementals","player_choice":"Offered Special","floor":20.0,"gold_loss":0.0,"damage_taken":0.0},{"damage_healed":0.0,"max_hp_gain":0.0,"max_hp_loss":4.0,"gold_gain":0.0,"event_name":"Winding Halls","player_choice":"Max HP","floor":36.0,"gold_loss":0.0,"damage_taken":0.0},{"damage_healed":0.0,"max_hp_gain":0.0,"max_hp_loss":0.0,"gold_gain":999.0,"event_name":"MindBloom","player_choice":"Gold","floor":39.0,"gold_loss":0.0,"damage_taken":0.0,"cards_obtained":["Normality","Normality"]}],"is_beta":false,"boss_relics":[{"not_picked":["Ectoplasm","Runic Dome"],"picked":"Calling Bell"},{"not_picked":["Sozu","SacredBark"],"picked":"Empty Cage"}],"items_purged_floors":[12,25],"is_endless":false,"potions_floor_spawned":[5,6,7,11,13,16,18,19,29,31,37,42,44,47],"ascension_level":20}}