{"host":"cw25u8qal1h0d7ia","time":1611318496,"event":{"mods":["BaseMod","Downfall","Minty Spire (QoL Compilation)","StSLib"],"gold_per_floor":[99,119,135,147,147,147,147,147,164,199,99,117,150,150,168,168,168,168],"floor_reached":16,"language":"ENG","playtime":951,"items_purged":[],"score":118,"play_id":"5a2c602c-292d-4041-9368-a41ceb5079da","local_time":"20210122132816","is_ascension_mode":true,"campfire_choices":[{"data":"champ:Taunt","floor":1,"key":"SMITH"},{"floor":8,"key":"RECALL"},{"data":"champ:Execute","floor":11,"key":"SMITH"}],"circlet_count":0,"master_deck":["champ:Strike","champ:Strike","champ:Strike+1","champ:Strike","champ:Defend","champ:Defend","champ:Defend","champ:Defend+1","champ:Execute+1","champ:Taunt+1","champ:CrookedStrike+1","downfall:Malfunctioning","champ:BringItOn"],"relics":["champ:ChampionCrown","Smiling Mask","Mummified Hand","downfall:HeartBlessingRed","Peace Pipe","downfall:BrokenWingStatue"],"acts_visited":["Exordium"],"potions_floor_usage":[16,16,16],"damage_taken":[{"damage":23,"enemies":"Jaw Worm","floor":2,"turns":3},{"damage":11,"enemies":"2 Louse","floor":3,"turns":3},{"damage":10,"enemies":"Small Slimes","floor":4,"turns":4},{"damage":11,"enemies":"3 Louse","floor":9,"turns":4},{"damage":33,"enemies":"Gremlin Nob","floor":10,"turns":5},{"damage":21,"enemies":"Exordium Thugs","floor":12,"turns":5},{"damage":30,"enemies":"3 Sentries","floor":13,"turns":7},{"damage":20,"enemies":"2 Fungi Beasts","floor":15,"turns":3},{"damage":43,"enemies":"IC_STATUS_ARCHETYPE","floor":16,"turns":4}],"seed_played":"-2408596396494591800","potions_obtained":[{"floor":2,"key":"DistilledChaos"},{"floor":10,"key":"Ancient Potion"},{"floor":12,"key":"hexamod:SoulburnPotion"}],"is_trial":false,"path_per_floor":["R","M","M","M","?","?","T","R","M","E","R","M","E","?","M","B"],"character_chosen":"THE_CHAMP","items_purchased":[],"campfire_rested":0,"item_purchase_floors":[],"current_hp_per_floor":[99,96,95,95,88,88,88,88,87,64,64,63,53,53,43,0,0,0],"gold":168,"neow_bonus":"TEN_PERCENT_HP_BONUS","is_daily":false,"chose_seed":false,"campfire_upgraded":2,"win_rate":0.0,"timestamp":1611318496,"path_taken":["R","M","M","M","?","?","T","R","?","E","R","M","E","?","M","BOSS"],"items_purchased_type":[],"build_version":"2020-12-22","purchased_purges":0,"victory":false,"max_hp_per_floor":[99,99,99,99,99,99,99,99,99,99,99,99,99,99,99,99,99,99],"card_choices":[{"not_picked":["champ:Shatter","champ:DeathBlow","champ:FanOfKnives"],"picked":"SKIP","floor":2},{"not_picked":["champ:EnGarde","champ:Shatter"],"picked":"champ:CrookedStrike","floor":3},{"not_picked":["champ:SwordSigil","champ:ShieldSigil","champ:GutPunch"],"picked":"SKIP","floor":4},{"not_picked":["champ:CrookedStrike","champ:SetATrap","champ:Backstep"],"picked":"SKIP","floor":9},{"not_picked":["champ:Encircle","champ:ShieldSigil","champ:BerserkerStyle"],"picked":"SKIP","floor":10},{"not_picked":["champ:SetATrap","champ:ShieldSigil","champ:BerserkersShout"],"picked":"SKIP","floor":12},{"not_picked":["champ:DancingMaster","champ:StanceDance","champ:Circumvent"],"picked":"SKIP","floor":13},{"not_picked":["champ:FocusedBerserking","champ:FaceSlap"],"picked":"champ:BringItOn","floor":15}],"player_experience":665685,"relics_obtained":[{"floor":10,"key":"Mummified Hand"},{"floor":13,"key":"Peace Pipe"}],"event_choices":[{"damage_healed":0,"gold_gain":0,"player_choice":"Success","damage_taken":7,"relics_obtained":["Smiling Mask"],"max_hp_gain":0,"max_hp_loss":0,"event_name":"Scrap Ooze","floor":5,"gold_loss":0}],"is_beta":false,"boss_relics":[],"items_purged_floors":[],"is_endless":false,"potions_floor_spawned":[2,10,12,15],"killed_by":"IC_STATUS_ARCHETYPE","ascension_level":1}}