{"host":"a89ncddexmxn0qqm","time":1611295676,"event":{"mods":["AchievementEnabler","BaseMod","Colored Map","Minty Spire (QoL Compilation)","Rare Cards Sparkle","StSLib","SuperFastMode"],"gold_per_floor":[11,11,26,43,43,43,76,76,123,156,23,46,46,64,64,157,157,180,105,105,105,105],"floor_reached":21,"language":"KOR","playtime":901,"items_purged":[],"score":474,"play_id":"044f4685-d01e-4416-b263-fbeab8457c53","local_time":"20210122150756","is_ascension_mode":true,"campfire_choices":[{"data":"Dual Wield","floor":6.0,"key":"SMITH"},{"floor":8.0,"key":"REST"},{"data":"Armaments","floor":15.0,"key":"SMITH"}],"circlet_count":0,"master_deck":["AscendersBane","Strike_R","Strike_R","Strike_R","Strike_R","Defend_R","Defend_R","Defend_R","Defend_R","Bash","True Grit+1","Dual Wield+1","Perfected Strike","Injury","Shrug It Off","Evolve","Feel No Pain","Sword Boomerang","Second Wind","Parasite","Armaments+1","Demon Form","CurseOfTheBell","Feel No Pain+1","Decay"],"relics":["Burning Blood","Du-Vu Doll","Golden Idol","Lantern","Juzu Bracelet","FossilizedHelix","Calling Bell","Happy Flower","Matryoshka","Peace Pipe"],"acts_visited":["Exordium","TheCity"],"potions_floor_usage":[],"damage_taken":[{"damage":9.0,"enemies":"Jaw Worm","floor":1.0,"turns":4.0},{"damage":12.0,"enemies":"Small Slimes","floor":3.0,"turns":3.0},{"damage":10.0,"enemies":"2 Louse","floor":4.0,"turns":3.0},{"damage":26.0,"enemies":"3 Sentries","floor":7.0,"turns":8.0},{"damage":32.0,"enemies":"Gremlin Nob","floor":10.0,"turns":4.0},{"damage":0.0,"enemies":"Looter","floor":12.0,"turns":2.0},{"damage":3.0,"enemies":"Blue Slaver","floor":14.0,"turns":4.0},{"damage":30.0,"enemies":"Hexaghost","floor":16.0,"turns":10.0},{"damage":11.0,"enemies":"Chosen","floor":18.0,"turns":6.0},{"damage":61,"enemies":"3 Byrds","floor":21,"turns":5}],"seed_played":"-4832212735281715898","potions_obtained":[{"floor":4.0,"key":"Ancient Potion"},{"floor":12.0,"key":"PowerPotion"}],"is_trial":false,"path_per_floor":["M","?","M","M","?","R","E","R","T","E","$","M","?","M","R","B",null,"M","?","?","M"],"character_chosen":"IRONCLAD","items_purchased":["Feel No Pain","Sword Boomerang"],"campfire_rested":1,"item_purchase_floors":[11,11],"current_hp_per_floor":[65,65,59,55,55,55,35,57,57,31,31,37,55,58,58,34,65,60,60,60,0,0],"gold":105,"neow_bonus":"ONE_RARE_RELIC","is_daily":false,"chose_seed":false,"campfire_upgraded":2,"win_rate":0.0,"timestamp":1611295676,"path_taken":["M","?","M","M","?","R","E","R","T","E","$","M","?","M","R","BOSS","M","?","?","M"],"items_purchased_type":["Card","Card"],"build_version":"2020-12-22","purchased_purges":0,"victory":false,"max_hp_per_floor":[75,75,75,75,75,75,75,75,75,75,75,75,75,75,75,75,75,75,75,75,75,75],"card_choices":[{"not_picked":["Thunderclap","Havoc"],"picked":"True Grit","floor":1.0},{"not_picked":["Dark Embrace","Entrench"],"picked":"Dual Wield","floor":3.0},{"not_picked":["Armaments","Body Slam"],"picked":"Perfected Strike","floor":4.0},{"not_picked":["Rage","Berserk"],"picked":"Shrug It Off","floor":7.0},{"not_picked":["Body Slam","Warcry"],"picked":"Evolve","floor":10.0},{"not_picked":["Pummel","Sword Boomerang"],"picked":"Second Wind","floor":12.0},{"not_picked":["Clash","Body Slam"],"picked":"Armaments","floor":14.0},{"not_picked":["Berserk","Fiend Fire"],"picked":"Demon Form","floor":16.0},{"not_picked":["Ghostly Armor","Clash"],"picked":"Feel No Pain+1","floor":18.0}],"player_experience":1840021,"relics_obtained":[{"floor":7.0,"key":"Lantern"},{"floor":9.0,"key":"Juzu Bracelet"},{"floor":10.0,"key":"FossilizedHelix"},{"floor":17.0,"key":"Happy Flower"},{"floor":17.0,"key":"Matryoshka"},{"floor":17.0,"key":"Peace Pipe"}],"event_choices":[{"damage_healed":0.0,"max_hp_gain":0.0,"max_hp_loss":0.0,"gold_gain":0.0,"event_name":"Living Wall","player_choice":"Grow","floor":2.0,"gold_loss":0.0,"damage_taken":0.0,"cards_upgraded":["True Grit"]},{"damage_healed":0.0,"max_hp_gain":0.0,"max_hp_loss":0.0,"gold_gain":0.0,"event_name":"Golden Idol","player_choice":"Take Wound","floor":5.0,"gold_loss":0.0,"damage_taken":0.0,"relics_obtained":["Golden Idol"],"cards_obtained":["Injury"]},{"damage_healed":18.0,"max_hp_gain":0.0,"max_hp_loss":0.0,"gold_gain":0.0,"event_name":"Mushrooms","player_choice":"Healed and dodged fight","floor":13.0,"gold_loss":0.0,"damage_taken":0.0,"cards_obtained":["Parasite"]},{"cards_removed":["Strike_R"],"damage_healed":0.0,"max_hp_gain":0.0,"max_hp_loss":0.0,"gold_gain":0.0,"event_name":"Beggar","player_choice":"Gave Gold","floor":19.0,"gold_loss":75.0,"damage_taken":0.0},{"damage_healed":0.0,"max_hp_gain":0.0,"max_hp_loss":0.0,"gold_gain":0.0,"event_name":"Forgotten Altar","player_choice":"Smashed Altar","floor":20.0,"gold_loss":0.0,"damage_taken":0.0,"cards_obtained":["Decay"]}],"is_beta":false,"boss_relics":[{"not_picked":["Black Blood","Tiny House"],"picked":"Calling Bell"}],"items_purged_floors":[],"is_endless":false,"potions_floor_spawned":[4,12],"killed_by":"3 Byrds","ascension_level":20}}