{"host":"Bilverbakes","time":1611348414,"event":{"mods":["2.2 Compatiblity","AchievementEnabler","BaseMod","Bestiary","Colored Map","Minty Spire (QoL Compilation)","Relic Stats","StSLib","ojb\u0027s Info Mod"],"gold_per_floor":[113,129,129,146,146,174,174,201,271,299,319,319,84,103,103,180,180,198,211,211,223,37,71,71,84,136,170,170,197,117,136,136,213,213,233,233,251,262,117,117,148,148,230,248,248,248,266,294,294,294,294,294,294,75,110,110,110],"floor_reached":56,"language":"ENG","playtime":3054,"items_purged":["Pain","Clumsy","Parasite"],"score":2220,"play_id":"79147a66-351d-438a-aad8-8fceead36e84","local_time":"20210122144654","is_ascension_mode":true,"campfire_choices":[{"data":"Eruption","floor":7.0,"key":"SMITH"},{"floor":12.0,"key":"REST"},{"data":"Meditate","floor":15.0,"key":"SMITH"},{"data":"LikeWater","floor":24.0,"key":"SMITH"},{"data":"TalkToTheHand","floor":28.0,"key":"SMITH"},{"data":"Omniscience","floor":32.0,"key":"SMITH"},{"data":"Vault","floor":40.0,"key":"SMITH"},{"floor":42.0,"key":"REST"},{"floor":46.0,"key":"RECALL"},{"data":"CutThroughFate","floor":49.0,"key":"SMITH"},{"data":"Tantrum","floor":53.0,"key":"SMITH"}],"circlet_count":0,"master_deck":["AscendersBane","Strike_P","Strike_P","Strike_P","Strike_P","Defend_P","Defend_P","Defend_P","Eruption+1","Vigilance+1","LikeWater+1","Sanctity+1","Meditate+1","CarveReality","CutThroughFate+1","TalkToTheHand+1","FlurryOfBlows","Tantrum+1","SandsOfTime","Omniscience+1","TalkToTheHand+1","ClearTheMind+1","Tantrum+1","ThirdEye+1","Conclude+1","Vault+1","FlurryOfBlows+1","WaveOfTheHand","Parasite","Fasting2+1","Halt","Vault"],"relics":["Black Star","Torii","Toy Ornithopter","Ancient Tea Set","Matryoshka","Bronze Scales","Letter Opener","Sundial","The Courier","Orrery","Cursed Key","WarpedTongs","ClockworkSouvenir","Dream Catcher","War Paint","Meat on the Bone","Orichalcum","Molten Egg 2","Shuriken","Anchor","Art of War","Sozu","Bottled Lightning","Darkstone Periapt","MealTicket","Boot","Bird Faced Urn","HornCleat","Akabeko","Mango"],"acts_visited":["Exordium","TheCity","TheBeyond","TheEnding"],"potions_floor_usage":[],"damage_taken":[{"damage":4.0,"enemies":"2 Louse","floor":1.0,"turns":4.0},{"damage":1.0,"enemies":"Cultist","floor":2.0,"turns":4.0},{"damage":0.0,"enemies":"Small Slimes","floor":4.0,"turns":4.0},{"damage":16.0,"enemies":"Gremlin Nob","floor":6.0,"turns":3.0},{"damage":37.0,"enemies":"3 Sentries","floor":8.0,"turns":10.0},{"damage":1.0,"enemies":"Lagavulin","floor":10.0,"turns":6.0},{"damage":1.0,"enemies":"Exordium Thugs","floor":11.0,"turns":4.0},{"damage":1.0,"enemies":"Red Slaver","floor":14.0,"turns":2.0},{"damage":11.0,"enemies":"Hexaghost","floor":16.0,"turns":6.0},{"damage":0.0,"enemies":"Spheric Guardian","floor":18.0,"turns":3.0},{"damage":1.0,"enemies":"2 Thieves","floor":19.0,"turns":4.0},{"damage":4.0,"enemies":"Chosen and Byrds","floor":21.0,"turns":3.0},{"damage":29.0,"enemies":"Gremlin Leader","floor":23.0,"turns":4.0},{"damage":0.0,"enemies":"Sentry and Sphere","floor":25.0,"turns":3.0},{"damage":7.0,"enemies":"Book of Stabbing","floor":27.0,"turns":3.0},{"damage":13.0,"enemies":"Slavers","floor":29.0,"turns":3.0},{"damage":7.0,"enemies":"Snake Plant","floor":31.0,"turns":4.0},{"damage":0.0,"enemies":"Champ","floor":33.0,"turns":6.0},{"damage":0.0,"enemies":"3 Shapes","floor":35.0,"turns":5.0},{"damage":0.0,"enemies":"Orb Walker","floor":37.0,"turns":2.0},{"damage":1.0,"enemies":"Jaw Worm Horde","floor":38.0,"turns":3.0},{"damage":26.0,"enemies":"Reptomancer","floor":41.0,"turns":4.0},{"damage":0.0,"enemies":"Maw","floor":44.0,"turns":4.0},{"damage":0.0,"enemies":"3 Darklings","floor":47.0,"turns":2.0},{"damage":0.0,"enemies":"Nemesis","floor":48.0,"turns":4.0},{"damage":0.0,"enemies":"Awakened One","floor":50.0,"turns":4.0},{"damage":20.0,"enemies":"Time Eater","floor":51.0,"turns":6.0},{"damage":32.0,"enemies":"Shield and Spear","floor":55.0,"turns":4.0},{"damage":58,"enemies":"The Heart","floor":56,"turns":3}],"seed_played":"8448932177880886026","potions_obtained":[{"floor":1.0,"key":"PowerPotion"},{"floor":2.0,"key":"DistilledChaos"},{"floor":8.0,"key":"DistilledChaos"},{"floor":10.0,"key":"Strength Potion"},{"floor":11.0,"key":"SkillPotion"},{"floor":18.0,"key":"Block Potion"},{"floor":21.0,"key":"PowerPotion"},{"floor":25.0,"key":"Energy Potion"},{"floor":33.0,"key":"GamblersBrew"}],"is_trial":false,"path_per_floor":["M","M","?","M","?","E","R","E","T","E","M","R","$","M","R","B",null,"M","M","?","M","$","E","R","M","T","E","R","E","$","M","R","B",null,"M","T","M","M","$","R","E","R","T","M","?","R","M","E","R","B","B",null,"R","$","E","B"],"character_chosen":"WATCHER","items_purchased":["TalkToTheHand","FlurryOfBlows","Orrery","ClockworkSouvenir","FlurryOfBlows+1","HornCleat"],"campfire_rested":2,"item_purchase_floors":[13,13,13,22,39,54],"current_hp_per_floor":[57,56,56,56,56,40,40,8,8,12,11,31,31,30,30,24,57,62,66,66,62,62,38,38,38,38,43,43,42,42,35,35,35,60,60,60,60,64,64,64,38,57,63,63,63,63,63,63,63,69,53,67,67,71,53,0,0],"gold":110,"neow_bonus":"BOSS_RELIC","is_daily":false,"chose_seed":false,"campfire_upgraded":8,"win_rate":0.0,"timestamp":1611348414,"path_taken":["M","M","?","M","?","E","R","E","T","E","M","R","$","?","R","BOSS","M","?","?","M","$","E","R","M","T","E","R","E","?","?","R","BOSS","M","?","M","?","?","R","E","R","T","M","?","R","?","E","R","BOSS","BOSS","R","$","E","BOSS"],"items_purchased_type":["Card","Card","Relic","Relic","Card","Relic"],"build_version":"2020-12-18","purchased_purges":3,"victory":false,"max_hp_per_floor":[68,68,68,68,68,68,68,68,68,68,68,68,68,68,68,68,68,68,68,68,68,68,68,68,68,68,68,68,68,68,68,68,68,68,68,68,68,68,65,65,65,65,71,71,71,71,71,71,71,71,71,71,71,71,85,85,85],"relic_stats":{"Darkstone Periapt":6,"Torii":15,"counters":[29,117],"Letter Opener":[105],"War Paint":["Sanctity","Vigilance"],"Orichalcum":[24],"Cursed Key":3,"Boot":[0],"WarpedTongs":[66],"Sozu":4,"Dream Catcher":1,"Sundial":[4],"Shuriken":[39],"Bronze Scales":[274],"Bird Faced Urn":[14],"MealTicket":4,"Black Star":9,"Art of War":[3],"obtain_stats":[{"Darkstone Periapt":41,"Torii":6,"Mango":55,"Ancient Tea Set":8,"Cursed Key":17,"Boot":48,"ClockworkSouvenir":22,"Sozu":34,"Dream Catcher":23,"Matryoshka":8,"HornCleat":54,"Sundial":10,"MealTicket":41,"The Courier":10,"Letter Opener":9,"War Paint":23,"Orichalcum":26,"Akabeko":55,"WarpedTongs":20,"Anchor":29,"Shuriken":27,"Bronze Scales":9,"Bird Faced Urn":48,"Orrery":13,"Molten Egg 2":27,"Black Star":0,"Art of War":29,"Bottled Lightning":36,"PureWater":0,"Toy Ornithopter":6,"Meat on the Bone":26},{"Darkstone Periapt":22,"Torii":4,"Mango":28,"Ancient Tea Set":5,"Cursed Key":9,"Boot":25,"ClockworkSouvenir":12,"Sozu":18,"Dream Catcher":13,"Matryoshka":5,"HornCleat":27,"Sundial":6,"MealTicket":22,"The Courier":6,"Letter Opener":5,"War Paint":13,"Orichalcum":14,"Akabeko":28,"WarpedTongs":11,"Anchor":16,"Shuriken":15,"Bronze Scales":5,"Bird Faced Urn":25,"Orrery":7,"Molten Egg 2":15,"Black Star":0,"Art of War":16,"Bottled Lightning":19,"PureWater":0,"Toy Ornithopter":4,"Meat on the Bone":14},{"Darkstone Periapt":90,"Torii":15,"Mango":114,"Ancient Tea Set":25,"Cursed Key":43,"Boot":100,"ClockworkSouvenir":53,"Sozu":76,"Dream Catcher":57,"Matryoshka":25,"HornCleat":110,"Sundial":31,"MealTicket":90,"The Courier":31,"Letter Opener":25,"War Paint":57,"Orichalcum":60,"Akabeko":114,"WarpedTongs":50,"Anchor":66,"Shuriken":63,"Bronze Scales":25,"Bird Faced Urn":100,"Orrery":35,"Molten Egg 2":63,"Black Star":0,"Art of War":66,"Bottled Lightning":81,"PureWater":0,"Toy Ornithopter":15,"Meat on the Bone":60}],"Toy Ornithopter":35,"Meat on the Bone":24},"card_choices":[{"not_picked":["Wireheading","Consecrate"],"picked":"LikeWater","floor":1.0},{"not_picked":["Perseverance","JustLucky"],"picked":"Sanctity","floor":2.0},{"not_picked":["Halt","WaveOfTheHand","ThirdEye"],"picked":"SKIP","floor":4.0},{"not_picked":["Sanctity","Collect"],"picked":"Meditate","floor":6.0},{"not_picked":["Collect","SpiritShield"],"picked":"CarveReality","floor":8.0},{"not_picked":["SashWhip","ForeignInfluence","Wireheading"],"picked":"SKIP","floor":10.0},{"not_picked":["SignatureMove","BowlingBash"],"picked":"CutThroughFate","floor":11.0},{"not_picked":["Devotion","ThirdEye"],"picked":"Tantrum","floor":13.0},{"not_picked":["JustLucky","Worship"],"picked":"SandsOfTime","floor":13.0},{"not_picked":["Weave","EmptyFist","Protect"],"picked":"SKIP","floor":14.0},{"not_picked":["LessonLearned","Alpha"],"picked":"Omniscience","floor":16.0},{"not_picked":["EmptyBody","FlurryOfBlows"],"picked":"TalkToTheHand+1","floor":18.0},{"not_picked":["Perseverance","PathToVictory"],"picked":"ClearTheMind+1","floor":19.0},{"not_picked":["Alpha","EmptyBody","ClearTheMind+1"],"picked":"SKIP","floor":21.0},{"not_picked":["ClearTheMind","Prostrate"],"picked":"Tantrum+1","floor":23.0},{"not_picked":["CutThroughFate","Collect","FlyingSleeves+1"],"picked":"SKIP","floor":25.0},{"not_picked":["ClearTheMind","ReachHeaven+1"],"picked":"ThirdEye+1","floor":27.0},{"not_picked":["Meditate+1","CutThroughFate+1"],"picked":"Conclude+1","floor":29.0},{"not_picked":["LikeWater","ClearTheMind","PathToVictory"],"picked":"SKIP","floor":31.0},{"not_picked":["Devotion","Ragnarok+1"],"picked":"Vault","floor":33.0},{"not_picked":["CutThroughFate+1","EmptyFist+1","FlyingSleeves+1"],"picked":"SKIP","floor":35.0},{"not_picked":["PathToVictory+1","Crescendo","ThirdEye+1"],"picked":"SKIP","floor":37.0},{"not_picked":["EmptyBody","Evaluate","Crescendo+1"],"picked":"SKIP","floor":38.0},{"not_picked":["ClearTheMind","CrushJoints+1","EmptyBody"],"picked":"SKIP","floor":41.0},{"not_picked":["ThirdEye","Crescendo"],"picked":"WaveOfTheHand","floor":42.0},{"not_picked":["SignatureMove+1","CutThroughFate+1"],"picked":"Fasting2+1","floor":44.0},{"not_picked":["BattleHymn","Indignation","ThirdEye"],"picked":"SKIP","floor":47.0},{"not_picked":["ThirdEye","ClearTheMind"],"picked":"Halt","floor":48.0},{"not_picked":["Indignation","CutThroughFate+1"],"picked":"Vault","floor":55.0}],"player_experience":772367,"relics_obtained":[{"floor":6.0,"key":"Torii"},{"floor":6.0,"key":"Toy Ornithopter"},{"floor":8.0,"key":"Ancient Tea Set"},{"floor":8.0,"key":"Matryoshka"},{"floor":9.0,"key":"Bronze Scales"},{"floor":9.0,"key":"Letter Opener"},{"floor":10.0,"key":"Sundial"},{"floor":10.0,"key":"The Courier"},{"floor":23.0,"key":"Dream Catcher"},{"floor":23.0,"key":"War Paint"},{"floor":26.0,"key":"Meat on the Bone"},{"floor":26.0,"key":"Orichalcum"},{"floor":27.0,"key":"Molten Egg 2"},{"floor":27.0,"key":"Shuriken"},{"floor":29.0,"key":"Anchor"},{"floor":29.0,"key":"Art of War"},{"floor":36.0,"key":"Bottled Lightning"},{"floor":41.0,"key":"Darkstone Periapt"},{"floor":41.0,"key":"MealTicket"},{"floor":48.0,"key":"Boot"},{"floor":48.0,"key":"Bird Faced Urn"},{"floor":55.0,"key":"Akabeko"},{"floor":55.0,"key":"Mango"}],"event_choices":[{"damage_healed":0.0,"max_hp_gain":0.0,"max_hp_loss":0.0,"gold_gain":0.0,"event_name":"Liars Game","player_choice":"Ignored","floor":3.0,"gold_loss":0.0,"damage_taken":0.0},{"cards_removed":["Defend_P"],"damage_healed":0.0,"max_hp_gain":0.0,"max_hp_loss":0.0,"gold_gain":0.0,"event_name":"Wheel of Change","player_choice":"Card Removal","floor":5.0,"gold_loss":0.0,"damage_taken":0.0},{"damage_healed":0.0,"max_hp_gain":0.0,"max_hp_loss":0.0,"gold_gain":0.0,"event_name":"Accursed Blacksmith","player_choice":"Rummage","floor":20.0,"gold_loss":0.0,"damage_taken":0.0,"relics_obtained":["WarpedTongs"],"cards_obtained":["Pain"]},{"damage_healed":0.0,"max_hp_gain":0.0,"max_hp_loss":0.0,"gold_gain":0.0,"event_name":"SecretPortal","player_choice":"Ignored","floor":45.0,"gold_loss":0.0,"damage_taken":0.0}],"is_beta":true,"boss_relics":[{"not_picked":["Velvet Choker","SacredBark"],"picked":"Cursed Key"},{"not_picked":["Astrolabe","Calling Bell"],"picked":"Sozu"}],"items_purged_floors":[22,30,39],"is_endless":false,"potions_floor_spawned":[1,2,8,10,11,18,21,25,33,38,44,47,55],"killed_by":"The Heart","ascension_level":20}}