{"host":"ao4lxi9bhtts409i","time":1611324623,"event":{"mods":["AchievementEnabler","BaseMod","Colored Map","Colored Powertips","Minty Spire (QoL Compilation)","SuperFastMode"],"gold_per_floor":[14,32,47,66,80,80,99,127,152,152,164,195,207,239,251,361,373,399,137,137,137,137,137,169,169,169,169,94,108,125,145,145,249,249,261,21,40,40,56,56,87,87,87,121,171,205,205,223,223,223,223,223,46,73,73,73],"floor_reached":55,"language":"ENG","playtime":2939,"items_purged":["Strike_B","Writhe"],"score":918,"play_id":"f82759af-5ecf-4449-9a67-c10a1532c74c","local_time":"20210122151023","is_ascension_mode":true,"campfire_choices":[{"floor":6,"key":"REST"},{"floor":10,"key":"REST"},{"data":"Electrodynamics","floor":13,"key":"SMITH"},{"data":"Gash","floor":15,"key":"SMITH"},{"data":"Beam Cell","floor":23,"key":"SMITH"},{"data":"Self Repair","floor":25,"key":"SMITH"},{"data":"Go for the Eyes","floor":27,"key":"SMITH"},{"data":"Defragment","floor":32,"key":"SMITH"},{"data":"Buffer","floor":40,"key":"SMITH"},{"data":"Zap","floor":42,"key":"SMITH"},{"floor":49,"key":"RECALL"},{"data":"Lockon","floor":52,"key":"SMITH"}],"circlet_count":0,"master_deck":["Strike_B","Strike_B","Defend_B","Defend_B","Defend_B+1","Zap+1","Dualcast","Coolheaded","All For One","Sunder","Go for the Eyes+1","Go for the Eyes","Steam+1","Genetic Algorithm","Leap","Rainbow","Beam Cell+1","Electrodynamics+1","Gash+1","Reboot","Cold Snap+1","Turbo","Self Repair+1","Go for the Eyes+1","Defragment+1","Gash","Undo+1","Turbo+1","Buffer+1","Conserve Battery+1","Redo+1","Redo+1","Loop+1","Lockon+1","Metamorphosis+1","Defragment+1","Loop+1","Coolheaded+1"],"relics":["FrozenCore","Incense Burner","PreservedInsect","MawBank","War Paint","Toy Ornithopter","Toxic Egg 2","MealTicket","TungstenRod","Runic Pyramid","Mummified Hand","Anchor","Bag of Marbles","Prayer Wheel","Potion Belt","Blue Candle"],"acts_visited":["Exordium","TheCity","TheBeyond","TheEnding"],"potions_floor_usage":[8,8,8,24,33,33,41,41,41,41,41,55],"damage_taken":[{"damage":10,"enemies":"2 Louse","floor":1,"turns":3},{"damage":7,"enemies":"Jaw Worm","floor":2,"turns":3},{"damage":0,"enemies":"Small Slimes","floor":3,"turns":2},{"damage":27,"enemies":"Exordium Wildlife","floor":4,"turns":4},{"damage":1,"enemies":"Large Slime","floor":5,"turns":5},{"damage":16,"enemies":"Lots of Slimes","floor":7,"turns":4},{"damage":0,"enemies":"Lagavulin","floor":8,"turns":5},{"damage":6,"enemies":"Looter","floor":11,"turns":3},{"damage":6,"enemies":"3 Sentries","floor":12,"turns":3},{"damage":0,"enemies":"3 Louse","floor":14,"turns":2},{"damage":45,"enemies":"Hexaghost","floor":16,"turns":13},{"damage":0,"enemies":"Chosen","floor":18,"turns":4},{"damage":40,"enemies":"Slavers","floor":24,"turns":6},{"damage":6,"enemies":"Shell Parasite","floor":29,"turns":7},{"damage":10,"enemies":"Snake Plant","floor":30,"turns":5},{"damage":6,"enemies":"Snecko","floor":31,"turns":6},{"damage":29,"enemies":"Collector","floor":33,"turns":11},{"damage":13,"enemies":"Orb Walker","floor":35,"turns":5},{"damage":0,"enemies":"3 Darklings","floor":37,"turns":4},{"damage":21,"enemies":"Maw","floor":39,"turns":9},{"damage":38,"enemies":"Reptomancer","floor":41,"turns":6},{"damage":0,"enemies":"Giant Head","floor":44,"turns":9},{"damage":0,"enemies":"Mind Bloom Boss Battle","floor":45,"turns":7},{"damage":0,"enemies":"Nemesis","floor":46,"turns":7},{"damage":23,"enemies":"Jaw Worm Horde","floor":48,"turns":4},{"damage":41,"enemies":"Donu and Deca","floor":50,"turns":10},{"damage":32,"enemies":"Shield and Spear","floor":54,"turns":6},{"damage":70,"enemies":"The Heart","floor":55,"turns":12}],"seed_played":"500149577281761344","potions_obtained":[{"floor":1,"key":"CultistPotion"},{"floor":3,"key":"EssenceOfDarkness"},{"floor":4,"key":"Dexterity Potion"},{"floor":16,"key":"Swift Potion"},{"floor":18,"key":"Ancient Potion"},{"floor":29,"key":"FearPotion"},{"floor":30,"key":"EssenceOfDarkness"},{"floor":31,"key":"FocusPotion"},{"floor":39,"key":"EntropicBrew"},{"floor":45,"key":"FairyPotion"}],"is_trial":false,"path_per_floor":["M","M","M","M","M","R","M","E","T","R","M","E","R","M","R","B",null,"M","$","?","?","T","R","E","R","T","R","$","M","M","M","R","B",null,"M","$","M","$","M","R","E","R","T","E","?","E","?","M","R","B",null,"R","$","E","B"],"character_chosen":"DEFECT","items_purchased":["War Paint","Turbo","Defragment","Mummified Hand","Ancient Potion"],"campfire_rested":2,"item_purchase_floors":[19,19,28,36,53],"current_hp_per_floor":[65,58,58,31,30,52,36,36,36,58,52,46,46,46,46,1,75,75,75,75,75,75,75,47,47,47,47,62,66,66,70,70,61,75,72,75,75,75,64,64,57,57,57,67,75,75,75,52,52,21,75,75,75,43,0,0],"gold":73,"neow_bonus":"TRANSFORM_TWO_CARDS","is_daily":false,"chose_seed":false,"campfire_upgraded":9,"win_rate":0.0,"timestamp":1611324623,"path_taken":["M","M","M","M","M","R","M","E","T","R","M","E","R","M","R","BOSS","M","$","?","?","?","R","E","R","T","R","$","M","M","M","R","BOSS","M","$","M","$","M","R","E","R","T","E","?","E","?","M","R","BOSS","R","$","E","BOSS"],"items_purchased_type":["Relic","Card","Card","Relic","Potion"],"build_version":"2020-12-22","purchased_purges":2,"victory":false,"max_hp_per_floor":[75,75,75,75,75,75,75,75,75,75,75,75,75,75,75,75,75,75,75,75,75,75,75,75,75,75,75,75,75,75,75,75,75,75,75,75,75,75,75,75,75,75,75,75,75,75,75,75,75,75,75,75,75,75,75,75],"card_choices":[{"not_picked":["Blizzard","Undo"],"picked":"Sunder","floor":1},{"not_picked":["Darkness","Skim"],"picked":"Go for the Eyes","floor":2},{"not_picked":["Hologram","Turbo"],"picked":"Go for the Eyes","floor":3},{"not_picked":["Steam Power","Tempest"],"picked":"Steam","floor":4},{"not_picked":["Turbo","Sweeping Beam"],"picked":"Genetic Algorithm","floor":5},{"not_picked":["Auto Shields","Streamline"],"picked":"Leap","floor":7},{"not_picked":["Stack","Auto Shields"],"picked":"Rainbow","floor":8},{"not_picked":["Recycle","Doom and Gloom"],"picked":"Beam Cell","floor":11},{"not_picked":["Coolheaded","Sweeping Beam"],"picked":"Electrodynamics","floor":12},{"not_picked":["Leap","Reprogram"],"picked":"Gash","floor":14},{"not_picked":["Fission","Meteor Strike"],"picked":"Reboot","floor":16},{"not_picked":["Rip and Tear+1","Consume"],"picked":"Cold Snap+1","floor":18},{"not_picked":["Stack+1","Hello World"],"picked":"Go for the Eyes+1","floor":24},{"not_picked":["Chill+1","Beam Cell"],"picked":"Gash","floor":29},{"not_picked":["Chill+1","Aggregate+1"],"picked":"Undo+1","floor":30},{"not_picked":["Rebound","Storm"],"picked":"Turbo+1","floor":31},{"not_picked":["Hyperbeam","Rainbow+1"],"picked":"Buffer","floor":33},{"not_picked":["Turbo+1","Chaos+1"],"picked":"Conserve Battery+1","floor":35},{"not_picked":["Compile Driver","Rebound"],"picked":"Redo+1","floor":37},{"not_picked":["Sweeping Beam+1","White Noise+1"],"picked":"Redo+1","floor":39},{"not_picked":["White Noise+1","Barrage","Reprogram+1"],"picked":"SKIP","floor":41},{"not_picked":["Heatsinks+1","Beam Cell","Streamline"],"picked":"SKIP","floor":44},{"not_picked":["Turbo+1","Beam Cell+1"],"picked":"Loop+1","floor":45},{"not_picked":["Reinforced Body+1","Go for the Eyes"],"picked":"Lockon","floor":46},{"not_picked":["Trip+1","Transmutation+1"],"picked":"Metamorphosis+1","floor":47},{"not_picked":["Gash+1","Leap+1"],"picked":"Defragment+1","floor":48},{"not_picked":["Streamline+1","Barrage+1"],"picked":"Loop+1","floor":48},{"not_picked":["Double Energy+1","Sunder+1"],"picked":"Coolheaded+1","floor":54}],"player_experience":237795,"relics_obtained":[{"floor":8,"key":"Incense Burner"},{"floor":9,"key":"PreservedInsect"},{"floor":12,"key":"MawBank"},{"floor":22,"key":"Toxic Egg 2"},{"floor":24,"key":"MealTicket"},{"floor":26,"key":"TungstenRod"},{"floor":41,"key":"Anchor"},{"floor":44,"key":"Bag of Marbles"},{"floor":45,"key":"Prayer Wheel"},{"floor":46,"key":"Potion Belt"},{"floor":54,"key":"Blue Candle"}],"event_choices":[{"damage_healed":0,"gold_gain":0,"player_choice":"Read","damage_taken":0,"max_hp_gain":0,"max_hp_loss":0,"event_name":"The Library","floor":20,"gold_loss":0,"cards_obtained":["Self Repair"]},{"damage_healed":0,"gold_gain":0,"player_choice":"Opened","damage_taken":0,"relics_obtained":["Toy Ornithopter"],"max_hp_gain":0,"max_hp_loss":0,"event_name":"The Mausoleum","floor":21,"gold_loss":0,"cards_obtained":["Writhe"]},{"damage_healed":0,"gold_gain":0,"player_choice":"Fight","damage_taken":0,"max_hp_gain":0,"max_hp_loss":0,"event_name":"MindBloom","floor":45,"gold_loss":0},{"damage_healed":0,"gold_gain":0,"player_choice":"Memory 1","damage_taken":0,"max_hp_gain":0,"max_hp_loss":0,"event_name":"SensoryStone","floor":47,"gold_loss":0}],"is_beta":false,"boss_relics":[{"not_picked":["Calling Bell","Philosopher\u0027s Stone"],"picked":"FrozenCore"},{"not_picked":["SacredBark","Coffee Dripper"],"picked":"Runic Pyramid"}],"items_purged_floors":[19,53],"is_endless":false,"potions_floor_spawned":[1,3,4,16,18,29,30,31,39,45],"killed_by":"The Heart","ascension_level":2}}