{"host":"4pckc3u5mqcilakq","time":1611315855,"event":{"mods":["AchievementEnabler","BaseMod","Colored Map","Colored Powertips","Highlight Path","Minty Spire (QoL Compilation)"],"gold_per_floor":[117,117,131,156,156,156,174,210,210,229,265,303,346,359,359,359,359],"floor_reached":16,"language":"ENG","playtime":751,"items_purged":[],"score":191,"play_id":"055016f2-be70-4895-966d-36b003b55186","local_time":"20210122144415","is_ascension_mode":true,"campfire_choices":[{"data":"Deadly Poison","floor":6,"key":"SMITH"},{"floor":15,"key":"REST"}],"circlet_count":0,"master_deck":["Strike_G","Strike_G","Strike_G","Strike_G","Strike_G","Defend_G","Defend_G","Defend_G","Defend_G","Survivor","Neutralize","CurseOfTheBell","Poisoned Stab","Deadly Poison+1","Dagger Throw","Accuracy","Storm of Steel","Deadly Poison","Dagger Throw","Blade Dance"],"relics":["Calling Bell","Vajra","InkBottle","Tough Bandages","Golden Idol","Blue Candle","Gambling Chip","Odd Mushroom","PreservedInsect"],"acts_visited":["Exordium"],"potions_floor_usage":[11,12,12],"damage_taken":[{"damage":4,"enemies":"Jaw Worm","floor":1,"turns":4},{"damage":12,"enemies":"Small Slimes","floor":3,"turns":3},{"damage":0,"enemies":"Cultist","floor":4,"turns":3},{"damage":1,"enemies":"Looter","floor":7,"turns":3},{"damage":27,"enemies":"3 Sentries","floor":8,"turns":8},{"damage":0,"enemies":"Blue Slaver","floor":10,"turns":2},{"damage":15,"enemies":"Lagavulin","floor":11,"turns":5},{"damage":0,"enemies":"The Mushroom Lair","floor":12,"turns":1},{"damage":0,"enemies":"3 Sentries","floor":13,"turns":6},{"damage":3,"enemies":"Lots of Slimes","floor":14,"turns":4},{"damage":31,"enemies":"Slime Boss","floor":16,"turns":3}],"seed_played":"1340590569283608191","potions_obtained":[{"floor":7,"key":"SteroidPotion"},{"floor":8,"key":"Swift Potion"},{"floor":10,"key":"Explosive Potion"},{"floor":14,"key":"Swift Potion"}],"is_trial":false,"path_per_floor":["M","?","M","M","?","R","M","E","T","M","E","?","E","M","R","B"],"character_chosen":"THE_SILENT","items_purchased":[],"campfire_rested":1,"item_purchase_floors":[],"current_hp_per_floor":[59,59,47,47,47,47,46,19,19,19,4,4,4,1,20,0,0],"gold":359,"neow_bonus":"BOSS_RELIC","is_daily":false,"chose_seed":false,"campfire_upgraded":1,"win_rate":0.0,"timestamp":1611315855,"path_taken":["M","?","M","M","?","R","M","E","T","?","E","?","E","M","R","BOSS"],"items_purchased_type":[],"build_version":"2020-12-22","purchased_purges":0,"victory":false,"max_hp_per_floor":[70,65,65,65,65,65,65,65,65,65,65,65,65,65,65,65,65],"card_choices":[{"not_picked":["Flying Knee","Distraction"],"picked":"Poisoned Stab","floor":1},{"not_picked":["Masterful Stab","Setup"],"picked":"Deadly Poison","floor":3},{"not_picked":["Skewer","Underhanded Strike"],"picked":"Dagger Throw","floor":4},{"not_picked":["Caltrops","Finisher"],"picked":"Accuracy","floor":7},{"not_picked":["PiercingWail","Sucker Punch"],"picked":"Storm of Steel","floor":8},{"not_picked":["Finisher","Deflect","Slice"],"picked":"SKIP","floor":10},{"not_picked":["Bane","Doppelganger","Quick Slash"],"picked":"SKIP","floor":11},{"not_picked":["Outmaneuver","Finisher"],"picked":"Deadly Poison","floor":12},{"not_picked":["Escape Plan","Masterful Stab"],"picked":"Dagger Throw","floor":13},{"not_picked":["Phantasmal Killer","Poisoned Stab"],"picked":"Blade Dance","floor":14}],"player_experience":181631,"relics_obtained":[{"floor":0,"key":"Vajra"},{"floor":0,"key":"InkBottle"},{"floor":0,"key":"Tough Bandages"},{"floor":8,"key":"Blue Candle"},{"floor":9,"key":"Gambling Chip"},{"floor":12,"key":"Odd Mushroom"},{"floor":13,"key":"PreservedInsect"}],"event_choices":[{"damage_healed":0,"gold_gain":0,"player_choice":"Lose Max HP","damage_taken":0,"relics_obtained":["Golden Idol"],"max_hp_gain":0,"max_hp_loss":5,"event_name":"Golden Idol","floor":2,"gold_loss":0},{"cards_removed":["Defend_G"],"damage_healed":0,"gold_gain":0,"player_choice":"Purged","damage_taken":0,"max_hp_gain":0,"max_hp_loss":0,"event_name":"Purifier","floor":5,"gold_loss":0},{"damage_healed":0,"gold_gain":0,"player_choice":"Fought Mushrooms","damage_taken":0,"max_hp_gain":0,"max_hp_loss":0,"event_name":"Mushrooms","floor":12,"gold_loss":0}],"is_beta":false,"boss_relics":[],"items_purged_floors":[],"is_endless":false,"potions_floor_spawned":[7,8,10,14],"killed_by":"Slime Boss","ascension_level":6}}