{"host":"k7udt7atmcuzf6l0","time":1611309682,"event":{"mods":["AchievementEnabler","BaseMod","Colored Map","Colored Powertips","Highlight Path","Minty Spire (QoL Compilation)","Quick Restart","Rare Cards Sparkle","StSLib","UnlockEverythingMod"],"gold_per_floor":[118,135,135,149,119,158,158,179,179,179,179,222,240,278,278,398,461,486,486,509,534,557,557,570,589,658,658,658,339,339,339,339,464,464,489,109,130,80,105,105,138,138,215,249,262,281,314,329,329,329],"floor_reached":51,"language":"ZHT","playtime":2126,"items_purged":["Clash","Pommel Strike"],"score":899,"play_id":"41b4d7f1-6dc9-47c0-9b2a-2a5ba3ff91ae","local_time":"20210122180122","is_ascension_mode":false,"campfire_choices":[{"data":"Armaments","floor":7.0,"key":"SMITH"},{"data":"True Grit","floor":11.0,"key":"SMITH"},{"data":"Body Slam","floor":15.0,"key":"SMITH"},{"data":"Corruption","floor":23.0,"key":"SMITH"},{"data":"Dark Embrace","floor":27.0,"key":"SMITH"},{"data":"Enlightenment","floor":30.0,"key":"SMITH"},{"data":"Discovery","floor":32.0,"key":"SMITH"},{"data":"Barricade","floor":40,"key":"SMITH"},{"data":"Entrench","floor":42,"key":"SMITH"},{"floor":49,"key":"REST"}],"circlet_count":0,"master_deck":["Strike_R","Strike_R+1","Strike_R","Strike_R","Strike_R","Defend_R","Defend_R","Defend_R+1","Defend_R","Bash+1","Discovery+1","Armaments+1","True Grit+1","Brutality","Body Slam+1","Flame Barrier","Shockwave","Corruption+1","Dark Embrace+1","Armaments+1","Shrug It Off","Ghostly Armor+1","Bloodletting+1","Enlightenment+1","Barricade+1","True Grit+1","Dark Embrace","Entrench+1","Warcry+1","Battle Trance","Flame Barrier"],"relics":["Burning Blood","Golden Idol","Whetstone","Boot","Mercury Hourglass","Odd Mushroom","Tiny House","Gremlin Horn","MutagenicStrength","Blood Vial","Philosopher\u0027s Stone","Orichalcum","StoneCalendar","Kunai","Lantern","White Beast Statue"],"acts_visited":["Exordium","TheCity","TheBeyond"],"potions_floor_usage":[44,44,45,47,50],"damage_taken":[{"damage":0.0,"enemies":"Small Slimes","floor":1.0,"turns":3.0},{"damage":0.0,"enemies":"Cultist","floor":2.0,"turns":2.0},{"damage":6.0,"enemies":"Jaw Worm","floor":4.0,"turns":3.0},{"damage":47.0,"enemies":"Gremlin Nob","floor":6.0,"turns":5.0},{"damage":2.0,"enemies":"Lots of Slimes","floor":8.0,"turns":3.0},{"damage":23.0,"enemies":"Lagavulin","floor":12.0,"turns":4.0},{"damage":11.0,"enemies":"Looter","floor":13.0,"turns":3.0},{"damage":0.0,"enemies":"The Mushroom Lair","floor":14.0,"turns":3.0},{"damage":19.0,"enemies":"Hexaghost","floor":16.0,"turns":7.0},{"damage":37.0,"enemies":"Spheric Guardian","floor":18.0,"turns":6.0},{"damage":15.0,"enemies":"Shell Parasite","floor":20.0,"turns":5.0},{"damage":22.0,"enemies":"Snake Plant","floor":21.0,"turns":4.0},{"damage":26.0,"enemies":"Cultist and Chosen","floor":22.0,"turns":6.0},{"damage":11.0,"enemies":"3 Cultists","floor":24.0,"turns":6.0},{"damage":19.0,"enemies":"Snake Plant","floor":25.0,"turns":4.0},{"damage":28.0,"enemies":"Automaton","floor":33.0,"turns":7.0},{"damage":5,"enemies":"Orb Walker","floor":35,"turns":3},{"damage":13,"enemies":"3 Shapes","floor":37,"turns":4},{"damage":4,"enemies":"Maw","floor":39,"turns":3},{"damage":13,"enemies":"Giant Head","floor":41,"turns":4},{"damage":0,"enemies":"Reptomancer","floor":44,"turns":2},{"damage":60,"enemies":"4 Shapes","floor":45,"turns":5},{"damage":28,"enemies":"Writhing Mass","floor":46,"turns":3},{"damage":0,"enemies":"Giant Head","floor":47,"turns":3},{"damage":1,"enemies":"Jaw Worm Horde","floor":48,"turns":5},{"damage":64,"enemies":"Time Eater","floor":50,"turns":8}],"seed_played":"4181424905292596247","potions_obtained":[{"floor":4.0,"key":"Ancient Potion"},{"floor":5.0,"key":"Swift Potion"},{"floor":5.0,"key":"LiquidMemories"},{"floor":10.0,"key":"EntropicBrew"},{"floor":10.0,"key":"FairyPotion"},{"floor":10.0,"key":"BloodPotion"},{"floor":12.0,"key":"Fruit Juice"},{"floor":13.0,"key":"Fire Potion"},{"floor":14.0,"key":"Explosive Potion"},{"floor":16.0,"key":"CultistPotion"},{"floor":17.0,"key":"Fruit Juice"},{"floor":20.0,"key":"EntropicBrew"},{"floor":22.0,"key":"Dexterity Potion"},{"floor":24.0,"key":"LiquidBronze"},{"floor":44,"key":"Fruit Juice"},{"floor":46,"key":"BloodPotion"},{"floor":47,"key":"Block Potion"},{"floor":48,"key":"Energy Potion"}],"is_trial":false,"path_per_floor":["M","M","?","M","?","E","R","M","T","?","R","E","M","?","R","B",null,"M","?","M","M","M","R","M","M","T","R","?","$","R","?","R","B",null,"M","$","M","$","M","R","E","R","T","E","M","M","E","M","R","B",null],"character_chosen":"IRONCLAD","items_purchased":["Enlightenment","Blood Vial","Dark Embrace","Orichalcum","SpeedPotion","Block Potion"],"campfire_rested":1,"item_purchase_floors":[29,29,36,36,36,38],"current_hp_per_floor":[80,80,60,60,60,19,19,23,23,23,23,22,22,28,28,15,90,64,64,55,39,19,19,14,30,30,30,30,30,30,61,61,41,95,95,95,88,88,92,92,87,87,87,95,46,26,54,61,91,35],"gold":329,"neow_bonus":"RANDOM_COLORLESS","is_daily":false,"chose_seed":false,"campfire_upgraded":9,"win_rate":0.0,"timestamp":1611309682,"path_taken":["M","M","?","M","?","E","R","?","T","?","R","E","?","?","R","BOSS","M","?","M","M","M","R","M","M","T","R","?","$","R","?","R","BOSS","M","$","M","$","M","R","E","R","T","E","M","M","E","M","R","BOSS"],"items_purchased_type":["Card","Relic","Card","Relic","Potion","Potion"],"build_version":"2020-12-22","purchased_purges":2,"victory":true,"max_hp_per_floor":[80,80,80,80,80,80,80,80,80,80,80,80,85,85,85,85,90,95,95,95,95,95,95,95,95,95,95,95,95,95,95,95,95,95,95,95,95,95,95,95,95,95,95,95,100,100,100,100,100,100],"card_choices":[{"not_picked":["Impatience","Panacea"],"picked":"Discovery","floor":0.0},{"not_picked":["Shrug It Off","True Grit"],"picked":"Armaments","floor":1.0},{"not_picked":["Shrug It Off","Headbutt"],"picked":"Clash","floor":2.0},{"not_picked":["Heavy Blade","Blood for Blood"],"picked":"True Grit","floor":4.0},{"not_picked":["Armaments","Headbutt"],"picked":"Pommel Strike","floor":6.0},{"not_picked":["Heavy Blade","Evolve"],"picked":"Brutality","floor":8.0},{"not_picked":["Sentinel","Cleave"],"picked":"Body Slam","floor":12.0},{"not_picked":["Heavy Blade","Pummel"],"picked":"Flame Barrier","floor":13.0},{"not_picked":["Barricade","Anger"],"picked":"Shockwave","floor":14.0},{"not_picked":["Immolate","Juggernaut"],"picked":"Corruption","floor":16.0},{"not_picked":["Intimidate","True Grit"],"picked":"Dark Embrace","floor":17.0},{"not_picked":["Cleave","Perfected Strike","Heavy Blade+1"],"picked":"SKIP","floor":18.0},{"not_picked":["Disarm","Sentinel"],"picked":"Armaments+1","floor":20.0},{"not_picked":["Perfected Strike","Pommel Strike"],"picked":"Shrug It Off","floor":21.0},{"not_picked":["Sword Boomerang+1","Armaments+1"],"picked":"Ghostly Armor+1","floor":22.0},{"not_picked":["Carnage","Pummel"],"picked":"Bloodletting+1","floor":24.0},{"not_picked":["Thunderclap","Rupture","Cleave"],"picked":"SKIP","floor":25.0},{"not_picked":["Limit Break","Corruption"],"picked":"Barricade","floor":33.0},{"not_picked":["Wild Strike+1","Shrug It Off"],"picked":"True Grit+1","floor":35},{"not_picked":["Rupture+1","Anger+1"],"picked":"Entrench","floor":37},{"not_picked":["Rupture","Armaments","Anger"],"picked":"SKIP","floor":39},{"not_picked":["Flame Barrier","Pommel Strike"],"picked":"Warcry+1","floor":41},{"not_picked":["Clothesline","Hemokinesis"],"picked":"Battle Trance","floor":44},{"not_picked":["Reckless Charge","Flex+1"],"picked":"Flame Barrier","floor":45},{"not_picked":["Cleave+1","True Grit","Clash+1"],"picked":"SKIP","floor":46},{"not_picked":["Blood for Blood+1","Clash","Searing Blow+1"],"picked":"SKIP","floor":47},{"not_picked":["Flex","Twin Strike+1","Thunderclap"],"picked":"SKIP","floor":48}],"player_experience":98739,"relics_obtained":[{"floor":6.0,"key":"Whetstone"},{"floor":9.0,"key":"Boot"},{"floor":12.0,"key":"Mercury Hourglass"},{"floor":14.0,"key":"Odd Mushroom"},{"floor":26.0,"key":"Gremlin Horn"},{"floor":41,"key":"StoneCalendar"},{"floor":43,"key":"Kunai"},{"floor":44,"key":"Lantern"},{"floor":47,"key":"White Beast Statue"}],"event_choices":[{"damage_healed":0.0,"max_hp_gain":0.0,"max_hp_loss":0.0,"gold_gain":0.0,"event_name":"Golden Idol","player_choice":"Take Damage","floor":3.0,"gold_loss":0.0,"damage_taken":20.0,"relics_obtained":["Golden Idol"]},{"damage_healed":0.0,"max_hp_gain":0.0,"max_hp_loss":0.0,"gold_gain":0.0,"event_name":"The Woman in Blue","player_choice":"Bought 2 Potions","floor":5.0,"gold_loss":0.0,"damage_taken":0.0},{"damage_healed":0.0,"max_hp_gain":0.0,"max_hp_loss":0.0,"gold_gain":0.0,"event_name":"Lab","player_choice":"Got Potions","floor":10.0,"gold_loss":0.0,"damage_taken":0.0},{"damage_healed":0.0,"max_hp_gain":0.0,"max_hp_loss":0.0,"gold_gain":0.0,"event_name":"Mushrooms","player_choice":"Fought Mushrooms","floor":14.0,"gold_loss":0.0,"damage_taken":0.0},{"damage_healed":0.0,"max_hp_gain":0.0,"max_hp_loss":0.0,"gold_gain":0.0,"event_name":"Beggar","player_choice":"Ignored","floor":19.0,"gold_loss":0.0,"damage_taken":0.0},{"damage_healed":0.0,"max_hp_gain":0.0,"max_hp_loss":0.0,"gold_gain":0.0,"event_name":"Drug Dealer","player_choice":"Inject Mutagens","floor":28.0,"gold_loss":0.0,"damage_taken":0.0,"relics_obtained":["MutagenicStrength"]},{"damage_healed":31.0,"max_hp_gain":0.0,"max_hp_loss":0.0,"gold_gain":0.0,"event_name":"The Library","player_choice":"Heal","floor":31.0,"gold_loss":0.0,"damage_taken":0.0}],"is_beta":false,"boss_relics":[{"not_picked":["Empty Cage","Runic Dome"],"picked":"Tiny House"},{"not_picked":["Cursed Key","Astrolabe"],"picked":"Philosopher\u0027s Stone"}],"items_purged_floors":[29,36],"is_endless":false,"potions_floor_spawned":[4,12,13,14,16,20,22,24,44,46,47,48],"ascension_level":0}}