{"host":"9jkzatiwan7o33sr","time":1611289814,"event":{"mods":["A Magickal Journey","AchievementEnabler","Act Like it!","Aspiration","BaseMod","Colored Map","Colored Powertips","Conspire","Downfall","Duelist Mod","GifTheSpireLib","Hallownest","Hermit","Hubris","Infinite Spire","Marisa????????","Mimic Mod","Minty Spire (QoL Compilation)","StSLib","Stuff the Spire","Td1madao Mod","The Animator","The Bug Knight","The Construct","The Cursed","The Disciple","The Elementalist","The Factory","The Hierophant","The Jungle","The Mystic","The Necromancer","The Poker Player","The Runesmith","The Servant 0.9.4","The Witch","[IsaacMod]????"],"gold_per_floor":[110,27,46,46,46,46,46,62,138,138,163,88,138,155,155,259,259,244,254,32,82,82,82],"floor_reached":22,"language":"ENG","playtime":1605,"items_purged":["infinitespire:Pacifist","animator:Curse_Greed"],"score":200,"play_id":"05d8de9e-4660-4587-9a1d-b14428a6cec1","local_time":"20210122053014","is_ascension_mode":true,"campfire_choices":[{"data":"Wish","floor":6,"key":"SMITH"},{"data":"ClearTheMind","floor":10,"key":"SMITH"},{"floor":15,"key":"REST"}],"circlet_count":0,"master_deck":["Strike_P","Strike_P","Strike_P","Strike_P","Defend_P","Defend_P","Defend_P","Defend_P","Eruption","Vigilance","Wish+1","Swift Strike","ClearTheMind+1","Halt","DevaForm","InnerPeace","BattleHymn","Alpha","FollowUp+1","EmptyBody+1","Nirvana","CutThroughFate"],"relics":["HushsDoor","GuppysHead","conspire:SpecialSausage","downfall:ExtraCursedKey","infinitespire:Bottled Soul","infinitespire:Beetle Shell","Tiny Chest","Busted Crown"],"acts_visited":["Exordium","TheCity"],"potions_floor_usage":[11],"damage_taken":[{"damage":9,"enemies":"2 Louse","floor":1,"turns":2},{"damage":2,"enemies":"Jaw Worm","floor":3,"turns":3},{"damage":0,"enemies":"Small Slimes","floor":8,"turns":3},{"damage":15,"enemies":"Lagavulin","floor":11,"turns":9},{"damage":11,"enemies":"conspire:MimicChest","floor":13,"turns":10},{"damage":6,"enemies":"Exordium Thugs","floor":14,"turns":5},{"damage":25,"enemies":"Slime Boss","floor":16,"turns":11},{"damage":17,"enemies":"2 Thieves","floor":18,"turns":4},{"damage":22,"enemies":"Spheric Guardian","floor":19,"turns":4},{"damage":0,"enemies":"Cultist and Chosen","floor":22,"turns":1}],"seed_played":"-8474299974533219334","potions_obtained":[{"floor":1,"key":"ColorlessPotion"},{"floor":3,"key":"FairyPotion"},{"floor":8,"key":"Strength Potion"},{"floor":13,"key":"FearPotion"},{"floor":19,"key":"Fire Potion"}],"is_trial":false,"path_per_floor":["M","$","M","?","?","R","$","M","T","R","E","$","?","M","R","B",null,"M","M","$","?","M"],"character_chosen":"WATCHER","items_purchased":["Swift Strike","Nirvana","CutThroughFate"],"campfire_rested":1,"item_purchase_floors":[2,20,20],"current_hp_per_floor":[63,63,61,61,61,61,61,61,61,61,46,46,35,29,50,25,72,55,33,33,33,33,33],"gold":82,"neow_bonus":"BOSS_RELIC","is_daily":false,"chose_seed":false,"campfire_upgraded":2,"win_rate":0.0,"timestamp":1611289814,"path_taken":["M","$","M","?","?","R","$","?","T","R","E","$","?","M","R","BOSS","M","M","$","?","?"],"items_purchased_type":["Card","Card","Card"],"build_version":"2020-12-22","purchased_purges":2,"victory":false,"max_hp_per_floor":[72,72,72,72,72,72,72,72,72,72,72,72,72,72,72,72,72,72,72,72,72,72,72],"card_choices":[{"not_picked":["JustLucky","Conclude"],"picked":"Wish","floor":1},{"not_picked":["EmptyMind","MentalFortress"],"picked":"ClearTheMind","floor":3},{"not_picked":["Meditate","Adaptation"],"picked":"Halt","floor":8},{"not_picked":["Crescendo","Wireheading"],"picked":"DevaForm","floor":11},{"not_picked":["CutThroughFate","Prostrate"],"picked":"InnerPeace","floor":13},{"not_picked":["Crescendo","SashWhip"],"picked":"BattleHymn","floor":14},{"not_picked":["LessonLearned","MasterReality"],"picked":"Alpha","floor":16},{"not_picked":[],"picked":"FollowUp+1","floor":18},{"not_picked":[],"picked":"EmptyBody+1","floor":19}],"player_experience":610872,"relics_obtained":[{"floor":9,"key":"infinitespire:Bottled Soul"},{"floor":11,"key":"infinitespire:Beetle Shell"},{"floor":13,"key":"Tiny Chest"}],"event_choices":[{"damage_healed":0,"gold_gain":0,"player_choice":"Ignored","damage_taken":0,"max_hp_gain":0,"max_hp_loss":0,"event_name":"Liars Game","floor":4,"gold_loss":0}],"is_beta":false,"boss_relics":[{"not_picked":["StuffTheSpire:RunicHypercube","VioletLotus"],"picked":"Busted Crown"},{"not_picked":[]}],"items_purged_floors":[12,20],"is_endless":false,"potions_floor_spawned":[1,3,8,13,16,19],"killed_by":"Cultist and Chosen","ascension_level":2}}