{"host":"srk2drlvga69hbot","time":1611304992,"event":{"mods":["BaseMod","Colored Map","Colored Powertips","Highlight Path","Minty Spire (QoL Compilation)","Quick Restart","Rare Cards Sparkle","Relic Stats"],"gold_per_floor":[112,112,126,126,136,463,93,122,122,122,135,35,35,51,51,156,206,226,226,41,41,52,52,52,52,78,92,107,107,120,150,150,249,249,261,261,285,12,29,29,44,94,147,174,174,174,194,194,194],"floor_reached":48,"language":"ZHS","playtime":3172,"items_purged":["Strike_R","Strike_R","Discovery"],"score":636,"play_id":"60a6ac83-9e7e-4e00-88ed-7b180c1398bc","local_time":"20210122164312","is_ascension_mode":true,"campfire_choices":[{"data":"Rampage","floor":10,"key":"SMITH"},{"data":"True Grit","floor":13,"key":"SMITH"},{"data":"Pommel Strike","floor":15,"key":"SMITH"},{"data":"Secret Weapon","floor":23,"key":"SMITH"},{"data":"Headbutt","floor":25,"key":"SMITH"},{"floor":32,"key":"REST"},{"data":"Deep Breath","floor":40,"key":"SMITH"}],"circlet_count":0,"master_deck":["Strike_R","Strike_R","Strike_R","Defend_R+1","Defend_R","Bash","Pommel Strike+1","Dropkick","Thunderclap","Carnage","Rampage+1","Double Tap","Headbutt+1","Clash","Secret Weapon+1","Offering","Sword Boomerang","Rampage+1","Headbutt+1","Shrug It Off+1","Deep Breath+1"],"relics":["Burning Blood","Old Coin","Dead Branch","Eternal Feather","InkBottle","Nloth\u0027s Gift","Tiny Chest","Lantern","Philosopher\u0027s Stone","Oddly Smooth Stone","Pen Nib","Du-Vu Doll","Red Skull","Champion Belt","Calipers"],"acts_visited":["Exordium","TheCity","TheBeyond"],"potions_floor_usage":[8,16,33,33,33,44,47],"damage_taken":[{"damage":6,"enemies":"Jaw Worm","floor":1,"turns":4},{"damage":5,"enemies":"Small Slimes","floor":3,"turns":3},{"damage":0,"enemies":"Cultist","floor":5,"turns":2},{"damage":10,"enemies":"Gremlin Nob","floor":6,"turns":3},{"damage":42,"enemies":"Lagavulin","floor":8,"turns":4},{"damage":6,"enemies":"Exordium Thugs","floor":11,"turns":4},{"damage":1,"enemies":"2 Fungi Beasts","floor":14,"turns":2},{"damage":29,"enemies":"Slime Boss","floor":16,"turns":5},{"damage":24,"enemies":"2 Thieves","floor":18,"turns":4},{"damage":18,"enemies":"3 Byrds","floor":22,"turns":4},{"damage":17,"enemies":"Snake Plant","floor":27,"turns":3},{"damage":0,"enemies":"Centurion and Healer","floor":28,"turns":4},{"damage":20,"enemies":"Chosen and Byrds","floor":30,"turns":5},{"damage":41,"enemies":"Book of Stabbing","floor":31,"turns":3},{"damage":49,"enemies":"Champ","floor":33,"turns":7},{"damage":2,"enemies":"3 Shapes","floor":35,"turns":3},{"damage":6,"enemies":"Orb Walker","floor":39,"turns":2},{"damage":10,"enemies":"4 Shapes","floor":41,"turns":3},{"damage":0,"enemies":"Mind Bloom Boss Battle","floor":42,"turns":4},{"damage":80,"enemies":"Nemesis","floor":44,"turns":5},{"damage":10,"enemies":"3 Darklings","floor":47,"turns":5},{"damage":23,"enemies":"Reptomancer","floor":48,"turns":2}],"seed_played":"5958909998753541522","potions_obtained":[{"floor":6,"key":"AttackPotion"},{"floor":11,"key":"LiquidMemories"},{"floor":14,"key":"GamblersBrew"},{"floor":17,"key":"Dexterity Potion"},{"floor":27,"key":"HeartOfIron"},{"floor":31,"key":"Strength Potion"},{"floor":33,"key":"Explosive Potion"},{"floor":35,"key":"Regen Potion"},{"floor":42,"key":"GamblersBrew"},{"floor":47,"key":"Strength Potion"}],"is_trial":false,"path_per_floor":["M","?","M","?","M","E","$","E","T","R","M","$","R","M","R","B",null,"M","?","$","?","M","R","?","R","T","M","M","?","M","E","R","B",null,"M","?","T","$","M","R","M","?","T","E","?","T","M","E"],"character_chosen":"IRONCLAD","items_purchased":["Dead Branch","Secret Weapon","Pen Nib"],"campfire_rested":1,"item_purchase_floors":[7,20,38],"current_hp_per_floor":[80,85,85,85,85,81,81,45,45,51,51,51,57,62,68,45,90,72,72,72,72,60,69,69,78,78,67,73,73,59,24,63,20,90,90,90,90,90,90,90,86,90,90,16,16,16,12,0,0],"gold":194,"neow_bonus":"RANDOM_COLORLESS","is_daily":false,"chose_seed":false,"campfire_upgraded":6,"win_rate":0.0,"timestamp":1611304992,"path_taken":["M","?","M","?","M","E","$","E","T","R","?","$","R","M","R","BOSS","M","?","$","?","?","R","?","R","T","M","?","?","M","E","R","BOSS","M","?","?","?","M","R","M","?","T","E","?","?","M","E"],"items_purchased_type":["Relic","Card","Relic"],"build_version":"2020-12-22","purchased_purges":3,"victory":false,"max_hp_per_floor":[80,85,85,85,85,85,85,85,85,85,85,85,85,85,85,85,90,90,90,90,90,90,90,90,90,90,90,90,90,90,90,90,90,90,90,90,90,90,90,90,90,90,90,90,90,90,90,90,90],"relic_stats":{"counters":[22,81],"Dead Branch":[39],"Eternal Feather":48,"Tiny Chest":2,"Pen Nib":[7],"Nloth\u0027s Gift":6,"Champion Belt":[12],"obtain_stats":[{"Lantern":31,"Tiny House":17,"Calipers":46,"Dead Branch":7,"Oddly Smooth Stone":37,"Eternal Feather":8,"Pen Nib":38,"Burning Blood":0,"Old Coin":6,"Du-Vu Doll":42,"Tiny Chest":26,"Philosopher\u0027s Stone":34,"Nloth\u0027s Gift":21,"Champion Belt":44,"InkBottle":9,"Red Skull":43},{"Lantern":14,"Tiny House":8,"Calipers":20,"Dead Branch":4,"Oddly Smooth Stone":16,"Eternal Feather":5,"Pen Nib":16,"Burning Blood":0,"Old Coin":4,"Du-Vu Doll":19,"Tiny Chest":10,"Philosopher\u0027s Stone":15,"Nloth\u0027s Gift":9,"Champion Belt":20,"InkBottle":5,"Red Skull":19},{"Lantern":50,"Tiny House":27,"Calipers":74,"Dead Branch":12,"Oddly Smooth Stone":60,"Eternal Feather":16,"Pen Nib":60,"Burning Blood":0,"Old Coin":12,"Du-Vu Doll":69,"Tiny Chest":35,"Philosopher\u0027s Stone":57,"Nloth\u0027s Gift":31,"Champion Belt":74,"InkBottle":16,"Red Skull":69}],"Burning Blood":113,"InkBottle":[24]},"card_choices":[{"not_picked":["Forethought","Panacea"],"picked":"Discovery","floor":0},{"not_picked":["Anger","Flame Barrier"],"picked":"Pommel Strike","floor":1},{"not_picked":["Body Slam","Twin Strike"],"picked":"Dropkick","floor":3},{"not_picked":["Twin Strike","Metallicize"],"picked":"Carnage","floor":5},{"not_picked":["Carnage","Flame Barrier","Cleave"],"picked":"SKIP","floor":6},{"not_picked":["Armaments","Sentinel"],"picked":"Rampage","floor":8},{"not_picked":["Intimidate","Flex"],"picked":"True Grit","floor":11},{"not_picked":["Heavy Blade","Cleave","Clothesline"],"picked":"SKIP","floor":14},{"not_picked":["Barricade","Berserk"],"picked":"Double Tap","floor":16},{"not_picked":["Uppercut","Body Slam"],"picked":"Headbutt","floor":17},{"not_picked":["Carnage","Dark Embrace"],"picked":"Clash","floor":18},{"not_picked":["Clothesline+1","Carnage"],"picked":"Offering","floor":22},{"not_picked":["Armaments+1","Feed","Fire Breathing"],"picked":"SKIP","floor":27},{"not_picked":["Wild Strike","Limit Break","Warcry"],"picked":"SKIP","floor":28},{"not_picked":["Anger","Ghostly Armor"],"picked":"Headbutt+1","floor":30},{"not_picked":["Body Slam","Cleave","Fiend Fire"],"picked":"SKIP","floor":31},{"not_picked":["Perfected Strike+1","Heavy Blade+1"],"picked":"Shrug It Off+1","floor":35},{"not_picked":["Dramatic Entrance","Chrysalis"],"picked":"Deep Breath","floor":36},{"not_picked":["Iron Wave","Wild Strike","Cleave"],"picked":"SKIP","floor":39},{"not_picked":["Sword Boomerang","Exhume","Twin Strike+1"],"picked":"SKIP","floor":41},{"not_picked":["Juggernaut","Dropkick+1","Flex"],"picked":"SKIP","floor":44},{"not_picked":["Burning Pact+1","Clothesline","Whirlwind+1"],"picked":"SKIP","floor":47}],"player_experience":128617,"relics_obtained":[{"floor":6,"key":"Old Coin"},{"floor":8,"key":"Eternal Feather"},{"floor":9,"key":"InkBottle"},{"floor":26,"key":"Tiny Chest"},{"floor":31,"key":"Lantern"},{"floor":37,"key":"Oddly Smooth Stone"},{"floor":42,"key":"Du-Vu Doll"},{"floor":43,"key":"Red Skull"},{"floor":44,"key":"Champion Belt"},{"floor":46,"key":"Calipers"}],"event_choices":[{"damage_healed":0,"gold_gain":0,"player_choice":"Donut","damage_taken":0,"max_hp_gain":5,"max_hp_loss":0,"event_name":"Big Fish","floor":2,"gold_loss":0},{"damage_healed":0,"gold_gain":0,"cards_transformed":["Defend_R"],"player_choice":"Transformed","damage_taken":0,"max_hp_gain":0,"max_hp_loss":0,"event_name":"Transmorgrifier","floor":4,"gold_loss":0,"cards_obtained":["Thunderclap"]},{"damage_healed":0,"gold_gain":0,"player_choice":"Ignored","damage_taken":0,"max_hp_gain":0,"max_hp_loss":0,"event_name":"Vampires","floor":19,"gold_loss":0},{"damage_healed":0,"gold_gain":0,"player_choice":"Traded Relic","damage_taken":0,"relics_obtained":["Nloth\u0027s Gift"],"max_hp_gain":0,"max_hp_loss":0,"event_name":"N\u0027loth","floor":21,"relics_lost":["Tiny House"],"gold_loss":0},{"damage_healed":0,"gold_gain":0,"cards_transformed":["Defend_R"],"player_choice":"Transformed","damage_taken":0,"max_hp_gain":0,"max_hp_loss":0,"event_name":"Transmorgrifier","floor":24,"gold_loss":0,"cards_obtained":["Sword Boomerang"]},{"damage_healed":0,"gold_gain":0,"player_choice":"Copied","damage_taken":0,"max_hp_gain":0,"max_hp_loss":0,"event_name":"Duplicator","floor":29,"gold_loss":0,"cards_obtained":["Rampage"]},{"damage_healed":0,"gold_gain":0,"player_choice":"Memory 1","damage_taken":0,"max_hp_gain":0,"max_hp_loss":0,"event_name":"SensoryStone","floor":36,"gold_loss":0},{"damage_healed":0,"gold_gain":0,"player_choice":"Fight","damage_taken":0,"max_hp_gain":0,"max_hp_loss":0,"event_name":"MindBloom","floor":42,"gold_loss":0},{"cards_removed":["True Grit"],"damage_healed":0,"gold_gain":0,"player_choice":"Removed Skill","damage_taken":0,"max_hp_gain":0,"max_hp_loss":0,"event_name":"Falling","floor":45,"gold_loss":0}],"is_beta":false,"boss_relics":[{"not_picked":["Calling Bell","Ectoplasm"],"picked":"Tiny House"},{"not_picked":["SlaversCollar","Mark of Pain"],"picked":"Philosopher\u0027s Stone"}],"items_purged_floors":[7,12,38],"is_endless":false,"potions_floor_spawned":[6,11,14,27,28,31,33,35,42,47],"killed_by":"Reptomancer","ascension_level":4}}