{"host":"tm3ghj8mno6gwywm","time":1611336228,"event":{"mods":["2.2 Compatiblity","AchievementEnabler","Bard","BaseMod","Beaked The Cultist","Better Third Choice","Colored Map","Colored Powertips","Conspire","Downfall","Glutton Mod","GungeonMod","Halation","Hermit","Hubris","Infinite Spire","Jorbs\u0027s Wanderer Trilogy","Mad Scientist","Marisa????????","Marked Mod","Mimic Mod","Minty Spire (QoL Compilation)","Potionbrewer","Quick Restart","Replay The Spire","Shade Mod","Shop Mod","Somnambulant","Spicy Shops","StSLib","SuperFastMode","The Bug Knight","The Construct","The Cursed","The Disciple","The Hierophant","The IronCluck","The Judge","The Jungle","The Necromancer","The Runesmith","The Servant 0.9.4","egg"],"gold_per_floor":[111,129,204,218,231,260,292,308,334,118,118,293,306,306,306,406,406,421,463,474,491,491,491],"floor_reached":22,"language":"ENG","playtime":855,"items_purged":[],"score":238,"play_id":"2b994069-6c8b-49aa-8eb5-95564138abcf","local_time":"20210122122348","is_ascension_mode":false,"campfire_choices":[{"floor":11,"key":"REST"},{"floor":15,"key":"RECALL"}],"circlet_count":0,"master_deck":["Strike_G","Strike_G","Strike_G","Strike_G+1","Strike_G","Defend_G","Defend_G","Defend_G","Defend_G","Defend_G","Survivor","Neutralize","Underhanded Strike+1","ReplayTheSpireMod:Shiv Toss+1","Dagger Throw+1","Hidden Blade+1","ReplayTheSpireMod:Speed Training+1","Hidden Blade+1","Blade Dance+1","Hidden Blade+1","Doubt","ReplayTheSpireMod:Speed Training+1","Die Die Die+1","ReplayTheSpireMod:The Works+1","Deflect+1","Blade Dance+1","Expertise+1"],"relics":["Ring of the Snake","Membership Card","Quantum Egg","Frozen Egg 2","Toxic Egg 2","Molten Egg 2","Black Star","Mummified Hand","Lizard Tail","WingedGreaves","Replay:Ringing Soul","Gremlin Food","hubris:TenFootPole","Membership Card","hexamod:BolsterEngine","Oddly Smooth Stone","infinitespire:Broken Mirror","construct:WeddingRing"],"acts_visited":["Exordium","TheCity"],"potions_floor_usage":[6],"damage_taken":[{"damage":0,"enemies":"Small Slimes","floor":1,"turns":2},{"damage":0,"enemies":"2 Louse","floor":2,"turns":5},{"damage":0,"enemies":"Jaw Worm","floor":4,"turns":3},{"damage":1,"enemies":"Red Slaver","floor":5,"turns":4},{"damage":22,"enemies":"HollowMod:MossKnight","floor":6,"turns":9},{"damage":37,"enemies":"conspire:MimicChest","floor":7,"turns":6},{"damage":22,"enemies":"conspire:2 RoseBushes","floor":8,"turns":8},{"damage":1,"enemies":"Large Slime","floor":13,"turns":5},{"damage":33,"enemies":"Slime Boss","floor":16,"turns":8},{"damage":21,"enemies":"Chosen","floor":18,"turns":5},{"damage":1,"enemies":"Shell Parasite","floor":20,"turns":6},{"damage":9,"enemies":"Snake Plant","floor":21,"turns":5},{"damage":29,"enemies":"3 Cultists","floor":22,"turns":4}],"seed_played":"-4131840309074387448","potions_obtained":[{"floor":2,"key":"hexamod:SoulburnPotion"},{"floor":4,"key":"SpeedPotion"},{"floor":6,"key":"potionbrewer:ToxicPotion"},{"floor":7,"key":"Elixir"},{"floor":14,"key":"potionbrewer:InfectionPotion"},{"floor":14,"key":"Ancient Potion"}],"is_trial":false,"path_per_floor":["M","M","?","M","M","E","?","M","T","$","R","?","M","?","R","B",null,"M","?","M","M","M"],"character_chosen":"THE_SILENT","items_purchased":["Membership Card","hexamod:BolsterEngine","Oddly Smooth Stone","infinitespire:Broken Mirror"],"campfire_rested":1,"item_purchase_floors":[10,10,10,10],"current_hp_per_floor":[70,70,59,59,58,39,5,24,24,24,47,50,52,52,52,22,88,70,73,75,69,40,40],"gold":491,"neow_bonus":"THREE_CARDS","is_daily":false,"chose_seed":false,"campfire_upgraded":0,"win_rate":0.0,"timestamp":1611336228,"path_taken":["M","M","?","M","M","E","?","?","T","$","R","?","M","?","R","BOSS","M","?","M","M","?"],"items_purchased_type":["Relic","Relic","Relic","Relic"],"build_version":"2020-12-22","purchased_purges":0,"victory":false,"max_hp_per_floor":[70,70,70,70,70,73,76,79,79,79,79,82,85,85,85,88,88,91,94,97,100,100,100],"card_choices":[{"not_picked":["Cloak And Dagger","Terror"],"picked":"Underhanded Strike","floor":0},{"not_picked":["Flying Knee+1","Blade Dance+1"],"picked":"ReplayTheSpireMod:Shiv Toss+1","floor":1},{"not_picked":["PiercingWail+1","conspire:PoisonWeapons+1"],"picked":"Dagger Throw+1","floor":2},{"not_picked":["Dash+1","Bane+1"],"picked":"Hidden Blade+1","floor":4},{"not_picked":["Heel Hook+1","Deflect+1"],"picked":"ReplayTheSpireMod:Speed Training+1","floor":5},{"not_picked":["Atom Bomb+1","Prepared+1"],"picked":"Hidden Blade+1","floor":6},{"not_picked":["Dagger Spray+1","Poisoned Stab+1"],"picked":"Blade Dance+1","floor":7},{"not_picked":["Escape Plan+1","ReplayTheSpireMod:Shiv Toss+1"],"picked":"Hidden Blade+1","floor":8},{"not_picked":["Dagger Throw+1","ReplayTheSpireMod:Exploit Weakness+1"],"picked":"ReplayTheSpireMod:Speed Training+1","floor":13},{"not_picked":["Poison Darts+1","Unload+1"],"picked":"Die Die Die+1","floor":16},{"not_picked":["Toxin Wave+1","Endless Agony+1"],"picked":"ReplayTheSpireMod:The Works+1","floor":18},{"not_picked":["Acrobatics+1","ReplayTheSpireMod:The Works+1"],"picked":"Deflect+1","floor":19},{"not_picked":["Outmaneuver+1","Dodge and Roll+1"],"picked":"Blade Dance+1","floor":20},{"not_picked":["Quick Slash+1","Blade Dance+1"],"picked":"Expertise+1","floor":21}],"player_experience":828978,"relics_obtained":[{"floor":6,"key":"Replay:Ringing Soul"},{"floor":6,"key":"Gremlin Food"},{"floor":7,"key":"hubris:TenFootPole"}],"event_choices":[{"damage_healed":0,"gold_gain":75,"player_choice":"Gold","damage_taken":11,"max_hp_gain":0,"max_hp_loss":0,"event_name":"betterThird:BetterGoop","floor":3,"gold_loss":0},{"damage_healed":0,"gold_gain":175,"player_choice":"AGREE","damage_taken":118,"max_hp_gain":0,"max_hp_loss":0,"event_name":"betterThird:BetterSerpent","floor":12,"gold_loss":0},{"damage_healed":0,"gold_gain":0,"player_choice":"Got Potions","damage_taken":0,"max_hp_gain":0,"max_hp_loss":0,"event_name":"Lab","floor":14,"gold_loss":0}],"is_beta":false,"boss_relics":[{"not_picked":["conspire:RunicOctahedron","halation:Risk"],"picked":"construct:WeddingRing"}],"items_purged_floors":[],"is_endless":false,"potions_floor_spawned":[2,4,6,7,8,18],"killed_by":"3 Cultists","ascension_level":0}}