{"host":"bf9sa99gaumonoeu","time":1611335559,"event":{"mods":["AchievementEnabler","Act Like it!","Aspiration","BaseMod","Bestiary","Block Reminder","Colored Map","Colored Powertips","Friendly Minions","Gensokyo","GifTheSpireLib","Googly Eyes","Hallownest","Hermit","Highlight Path","Jorbs\u0027s Wanderer Trilogy","KinomotoSakuraMod(????)","Koishi","Marisa????????","Minty Spire (QoL Compilation)","Rare Cards Sparkle","Relic Stats","Spire Arcade","StSLib","The Administrix","The Animator","The Bug Knight","The Construct","The Cursed","The Hierophant","The Mystic","The Necromancer","The Poker Player","The Runesmith","The Senshi","The Servant 0.9.4","ojb\u0027s Info Mod"],"gold_per_floor":[112,127,144,158,177,177,197,197,271,299,299,325,153,163,163,239,239,251,53,53,53,63,63,94,94,94,109,143,43,54,54,54,125,125,135,135,54,54,68,95,95,130,180,180,197,197,0,32,32,32,32],"floor_reached":50,"language":"ENG","playtime":4575,"items_purged":["Strike_G","Strike_G"],"score":1231,"play_id":"64749c0c-d032-4836-b503-4054490288df","local_time":"20210122151239","is_ascension_mode":true,"campfire_choices":[{"floor":6.0,"key":"REST"},{"data":"Skewer","floor":8.0,"key":"SMITH"},{"floor":11.0,"key":"REST"},{"data":"Leg Sweep","floor":15.0,"key":"SMITH"},{"data":"Adrenaline","floor":23.0,"key":"SMITH"},{"floor":25.0,"key":"REST"},{"floor":32,"key":"REST"},{"data":"Concentrate","floor":41,"key":"SMITH"},{"data":"Acrobatics","floor":46,"key":"SMITH"},{"floor":49,"key":"RECALL"}],"circlet_count":0,"master_deck":["AscendersBane","Strike_G","Defend_G","Defend_G","Defend_G","Defend_G","Survivor","Neutralize","Bane","Dagger Spray","Skewer+1","Leg Sweep+1","Dash","Heel Hook","Die Die Die","Backflip","Endless Agony","Terror","Adrenaline+1","Bouncing Flask","Master of Strategy","Noxious Fumes","Eviscerate","Eviscerate+1","Acrobatics+1","Expertise","Predator","Finisher+1","Concentrate+1","Blade Dance","Backflip","Quick Slash","Reflex","Acrobatics","Hallownest:curseDreamersLament","PanicButton","Blade Dance","Outmaneuver+1"],"relics":["SacredBark","StrikeDummy","Shuriken","aspiration:Lifesprig","Cursed Key","PreservedInsect","Calipers","aspiration:RitualStick","Runesmith:UraniumAnvil","The Courier","Pantograph","Red Mask","Regal Pillow"],"acts_visited":["Exordium","TheCity","TheBeyond"],"potions_floor_usage":[33,39,42,50],"damage_taken":[{"damage":6.0,"enemies":"2 Louse","floor":1.0,"turns":3.0},{"damage":7.0,"enemies":"Jaw Worm","floor":2.0,"turns":5.0},{"damage":7.0,"enemies":"Cultist","floor":3.0,"turns":5.0},{"damage":6.0,"enemies":"2 Fungi Beasts","floor":4.0,"turns":4.0},{"damage":2.0,"enemies":"Blue Slaver","floor":5.0,"turns":5.0},{"damage":9.0,"enemies":"Large Slime","floor":7.0,"turns":7.0},{"damage":26.0,"enemies":"3 Sentries","floor":10.0,"turns":9.0},{"damage":24.0,"enemies":"Lagavulin","floor":12.0,"turns":6.0},{"damage":1.0,"enemies":"Exordium Thugs","floor":14.0,"turns":2.0},{"damage":8.0,"enemies":"Hexaghost","floor":16.0,"turns":8.0},{"damage":1.0,"enemies":"Chosen","floor":18.0,"turns":3.0},{"damage":0.0,"enemies":"3 Byrds","floor":22.0,"turns":4.0},{"damage":47.0,"enemies":"Gremlin Leader","floor":24.0,"turns":5.0},{"damage":0.0,"enemies":"Snake Plant","floor":27.0,"turns":2.0},{"damage":19.0,"enemies":"Book of Stabbing","floor":28.0,"turns":3.0},{"damage":23,"enemies":"Centurion and Healer","floor":30,"turns":4},{"damage":6,"enemies":"Champ","floor":33,"turns":9},{"damage":14,"enemies":"3 Darklings","floor":35,"turns":4},{"damage":6,"enemies":"3 Shapes","floor":39,"turns":4},{"damage":13,"enemies":"Nemesis","floor":40,"turns":3},{"damage":0,"enemies":"Giant Head","floor":42,"turns":4},{"damage":3,"enemies":"3 Darklings","floor":45,"turns":3},{"damage":7,"enemies":"Nemesis","floor":48,"turns":5},{"damage":61,"enemies":"Donu and Deca","floor":50,"turns":4}],"seed_played":"2829992122664293405","potions_obtained":[{"floor":3.0,"key":"Swift Potion"},{"floor":7.0,"key":"GamblersBrew"},{"floor":10.0,"key":"Weak Potion"},{"floor":14.0,"key":"LiquidBronze"},{"floor":16.0,"key":"FairyPotion"},{"floor":22.0,"key":"FearPotion"},{"floor":27.0,"key":"EntropicBrew"},{"floor":33,"key":"Ancient Potion"},{"floor":39,"key":"Strength Potion"}],"is_trial":false,"path_per_floor":["M","M","M","M","M","R","M","R","T","E","R","E","$","M","R","B",null,"M","$","?","?","M","R","E","R","T","M","E","$","M","?","R","B",null,"M","?","$","?","M","E","R","E","T","?","M","R","?","E","R","B"],"character_chosen":"THE_SILENT","items_purchased":["Endless Agony","Dexterity Potion","Master of Strategy","Blade Dance","Backflip"],"campfire_rested":4,"item_purchase_floors":[13,13,19,37,37],"current_hp_per_floor":[53,46,39,33,31,50,41,41,41,15,34,10,10,9,9,1,50,49,49,49,49,49,49,2,21,21,21,2,2,30,13,32,26,56,42,62,62,66,60,47,47,47,47,42,39,39,39,32,32,0,0],"gold":32,"neow_bonus":"BOSS_RELIC","is_daily":false,"chose_seed":false,"campfire_upgraded":5,"win_rate":0.0,"timestamp":1611335559,"path_taken":["M","M","M","M","M","R","M","R","T","E","R","E","$","M","R","BOSS","M","$","?","?","M","R","E","R","T","M","E","?","M","?","R","BOSS","M","?","$","?","?","E","R","E","T","?","M","R","?","E","R","BOSS"],"items_purchased_type":["Card","Potion","Card","Card","Card"],"build_version":"2020-12-22","purchased_purges":2,"victory":false,"max_hp_per_floor":[66,66,66,66,66,66,66,66,66,66,66,66,66,66,66,66,66,66,66,66,66,66,66,66,66,66,66,66,66,66,66,66,66,66,66,66,66,66,66,66,66,66,66,66,66,66,66,66,66,66,66],"relic_stats":{"Regal Pillow":0,"counters":[24,111],"Shuriken":[47],"Pantograph":25,"PreservedInsect":273,"Cursed Key":1,"obtain_stats":[{"aspiration:Lifesprig":12,"Regal Pillow":48,"Calipers":28,"SacredBark":0,"PreservedInsect":24,"The Courier":40,"Cursed Key":17,"aspiration:RitualStick":31,"Shuriken":10,"Pantograph":42,"Runesmith:UraniumAnvil":34,"Red Mask":47,"StrikeDummy":9,"Ring of the Snake":0},{"aspiration:Lifesprig":8,"Regal Pillow":23,"Calipers":15,"SacredBark":0,"PreservedInsect":13,"The Courier":20,"Cursed Key":10,"aspiration:RitualStick":16,"Shuriken":7,"Pantograph":21,"Runesmith:UraniumAnvil":17,"Red Mask":22,"StrikeDummy":6,"Ring of the Snake":0},{"aspiration:Lifesprig":44,"Regal Pillow":107,"Calipers":71,"SacredBark":0,"PreservedInsect":66,"The Courier":95,"Cursed Key":54,"aspiration:RitualStick":75,"Shuriken":38,"Pantograph":99,"Runesmith:UraniumAnvil":84,"Red Mask":102,"StrikeDummy":29,"Ring of the Snake":0}],"aspiration:RitualStick":[0]},"card_choices":[{"not_picked":["Distraction","Sucker Punch"],"picked":"Bane","floor":1.0},{"not_picked":["Leg Sweep","Deflect"],"picked":"Dagger Spray","floor":2.0},{"not_picked":["Well Laid Plans","Distraction"],"picked":"Skewer","floor":3.0},{"not_picked":["Quick Slash","Dodge and Roll"],"picked":"Leg Sweep","floor":4.0},{"not_picked":["Quick Slash","Crippling Poison"],"picked":"Dash","floor":5.0},{"not_picked":["Bane","Flechettes"],"picked":"Heel Hook","floor":7.0},{"not_picked":["Doppelganger","Distraction"],"picked":"Die Die Die","floor":10.0},{"not_picked":["Dagger Throw","Masterful Stab"],"picked":"Backflip","floor":12.0},{"not_picked":["Dodge and Roll","Calculated Gamble"],"picked":"Terror","floor":14.0},{"not_picked":["Wraith Form v2","Burst"],"picked":"Adrenaline","floor":16.0},{"not_picked":["Dagger Spray","Flying Knee"],"picked":"Bouncing Flask","floor":18.0},{"not_picked":["Predator","Slice"],"picked":"Eviscerate+1","floor":22.0},{"not_picked":["Infinite Blades","Dodge and Roll"],"picked":"Acrobatics","floor":24.0},{"not_picked":["Terror","Backflip"],"picked":"Expertise","floor":27.0},{"not_picked":["Die Die Die","Flechettes"],"picked":"Predator","floor":28.0},{"not_picked":["Heel Hook","Cloak And Dagger"],"picked":"Finisher+1","floor":30},{"not_picked":["Crippling Poison","Choke"],"picked":"Concentrate","floor":35},{"not_picked":["Poisoned Stab","Backflip"],"picked":"Quick Slash","floor":39},{"not_picked":["aspiration:Lunge","Sucker Punch+1"],"picked":"Reflex","floor":40},{"not_picked":["Sucker Punch+1","Blade Dance+1"],"picked":"Acrobatics","floor":42},{"not_picked":["Chrysalis","Trip"],"picked":"PanicButton","floor":44},{"not_picked":["PiercingWail+1","Slice"],"picked":"Blade Dance","floor":45},{"not_picked":["Dagger Spray","Outmaneuver+1","Poisoned Stab"],"picked":"SKIP","floor":48},{"not_picked":["Dagger Spray","Poisoned Stab"],"picked":"Outmaneuver+1","floor":48}],"player_experience":1115352,"relics_obtained":[{"floor":9.0,"key":"StrikeDummy"},{"floor":10.0,"key":"Shuriken"},{"floor":12.0,"key":"aspiration:Lifesprig"},{"floor":24.0,"key":"PreservedInsect"},{"floor":28.0,"key":"Calipers"},{"floor":40,"key":"The Courier"},{"floor":42,"key":"Pantograph"},{"floor":48,"key":"Regal Pillow"}],"event_choices":[{"damage_healed":0.0,"max_hp_gain":0.0,"max_hp_loss":0.0,"gold_gain":0.0,"cards_transformed":["Strike_G","Defend_G"],"event_name":"Drug Dealer","player_choice":"Became Test Subject","floor":20.0,"gold_loss":0.0,"damage_taken":0.0,"cards_obtained":["Noxious Fumes","Eviscerate"]},{"cards_removed":["Strike_G"],"damage_healed":0.0,"max_hp_gain":0.0,"max_hp_loss":0.0,"gold_gain":0.0,"event_name":"Bonfire Elementals","player_choice":"Offered Basic","floor":21.0,"gold_loss":0.0,"damage_taken":0.0},{"damage_healed":4,"gold_gain":0,"player_choice":"Full Heal","damage_taken":0,"max_hp_gain":0,"max_hp_loss":0,"event_name":"Wheel of Change","floor":38,"gold_loss":0},{"damage_healed":0,"gold_gain":0,"player_choice":"Memory 2","damage_taken":5,"max_hp_gain":0,"max_hp_loss":0,"event_name":"SensoryStone","floor":44,"gold_loss":0},{"damage_healed":0,"gold_gain":0,"player_choice":"Paid","damage_taken":0,"relics_obtained":["Red Mask"],"max_hp_gain":0,"max_hp_loss":0,"event_name":"Tomb of Lord Red Mask","floor":47,"gold_loss":197}],"is_beta":false,"boss_relics":[{"not_picked":["Snecko Eye","Sozu"],"picked":"Cursed Key"},{"not_picked":["aspiration:DefectSkillbook","Runic Dome"],"picked":"Runesmith:UraniumAnvil"}],"items_purged_floors":[13,29],"is_endless":false,"potions_floor_spawned":[3,7,10,14,16,18,22,27,33,39,40],"killed_by":"Donu and Deca","ascension_level":20}}