{"host":"Bilverbakes","time":1611342698,"event":{"mods":["2.2 Compatiblity","AchievementEnabler","BaseMod","Bestiary","Colored Map","Minty Spire (QoL Compilation)","Relic Stats","StSLib","ojb\u0027s Info Mod"],"gold_per_floor":[109,184,198,198,212,259,259,18,44,73,73,89,124,124,124,217,217,242,242,267,282,298,332,332,83,107,121,132,159,159,203,203,286,286,302,318,318,366,366,366,404,424,424,193,193,220,72,93,93,93,93,93],"floor_reached":51,"language":"ENG","playtime":2464,"items_purged":["Strike_B+1"],"score":1516,"play_id":"9f75d4bd-1ece-49d8-9b9f-52667d00dc5e","local_time":"20210122131138","is_ascension_mode":true,"campfire_choices":[{"floor":7.0,"key":"REST"},{"data":"Electrodynamics","floor":11.0,"key":"SMITH"},{"floor":15.0,"key":"REST"},{"data":"Loop","floor":30,"key":"SMITH"},{"floor":32,"key":"REST"},{"floor":40,"key":"REST"},{"floor":45,"key":"RECALL"},{"data":"Static Discharge","floor":49,"key":"SMITH"}],"circlet_count":0,"master_deck":["AscendersBane","Strike_B+1","Defend_B+1","Defend_B+1","Defend_B","Defend_B","Zap","Dualcast","Loop+1","Rip and Tear","Beam Cell","Ball Lightning","Hologram","Electrodynamics+1","Compile Driver","Steam","BootSequence","Reboot","Genetic Algorithm","Tempest","Chill","Coolheaded","Static Discharge+1","Lockon","Chaos+1","Conserve Battery+1","Compile Driver","Biased Cognition","Force Field","Fission","Chaos+1","Hologram+1"],"relics":["Cracked Core","Dream Catcher","Strawberry","PreservedInsect","Bag of Preparation","Whetstone","Mercury Hourglass","Bloody Idol","Velvet Choker","Anchor","Runic Capacitor","MealTicket","Omamori","CeramicFish","Calling Bell","Regal Pillow","Cables","Peace Pipe","Dead Branch","Akabeko","Juzu Bracelet","DollysMirror"],"acts_visited":["Exordium","TheCity","TheBeyond"],"potions_floor_usage":[23,23,33,33,38,46,48,51],"damage_taken":[{"damage":0.0,"enemies":"2 Louse","floor":1.0,"turns":2.0},{"damage":7.0,"enemies":"Small Slimes","floor":3.0,"turns":3.0},{"damage":12.0,"enemies":"Jaw Worm","floor":5.0,"turns":3.0},{"damage":10.0,"enemies":"Lagavulin","floor":6.0,"turns":5.0},{"damage":2.0,"enemies":"3 Sentries","floor":10.0,"turns":2.0},{"damage":7.0,"enemies":"Large Slime","floor":12.0,"turns":3.0},{"damage":8.0,"enemies":"Gremlin Nob","floor":13.0,"turns":3.0},{"damage":36.0,"enemies":"The Guardian","floor":16.0,"turns":10.0},{"damage":0.0,"enemies":"Spheric Guardian","floor":18.0,"turns":3.0},{"damage":12.0,"enemies":"Chosen","floor":20.0,"turns":3.0},{"damage":0.0,"enemies":"3 Cultists","floor":21.0,"turns":4.0},{"damage":7.0,"enemies":"Snecko","floor":22.0,"turns":4.0},{"damage":5,"enemies":"Slavers","floor":23,"turns":2},{"damage":8,"enemies":"Chosen and Byrds","floor":27,"turns":4},{"damage":0,"enemies":"Snake Plant","floor":28,"turns":3},{"damage":7,"enemies":"Gremlin Leader","floor":29,"turns":3},{"damage":3,"enemies":"Slavers","floor":31,"turns":2},{"damage":40,"enemies":"Automaton","floor":33,"turns":8},{"damage":0,"enemies":"3 Shapes","floor":35,"turns":3},{"damage":0,"enemies":"Orb Walker","floor":36,"turns":3},{"damage":46,"enemies":"2 Orb Walkers","floor":38,"turns":4},{"damage":48,"enemies":"Reptomancer","floor":41,"turns":5},{"damage":0,"enemies":"Sphere and 2 Shapes","floor":42,"turns":4},{"damage":0,"enemies":"Nemesis","floor":46,"turns":3},{"damage":9,"enemies":"Transient","floor":48,"turns":6},{"damage":19,"enemies":"Donu and Deca","floor":50,"turns":7},{"damage":48,"enemies":"Awakened One","floor":51,"turns":3}],"seed_played":"6337664525073519823","potions_obtained":[{"floor":1.0,"key":"Dexterity Potion"},{"floor":5.0,"key":"ColorlessPotion"},{"floor":20.0,"key":"ColorlessPotion"},{"floor":21.0,"key":"EssenceOfDarkness"},{"floor":23,"key":"FairyPotion"},{"floor":27,"key":"DistilledChaos"},{"floor":28,"key":"PowerPotion"},{"floor":35,"key":"Block Potion"},{"floor":41,"key":"LiquidMemories"},{"floor":42,"key":"BlessingOfTheForge"},{"floor":46,"key":"EssenceOfDarkness"}],"is_trial":false,"path_per_floor":["M","?","M","?","M","E","R","$","T","E","R","M","E","?","R","B",null,"M","?","M","M","M","E","?","$","T","M","M","E","R","E","R","B",null,"M","M","?","?","?","R","E","M","T","$","R","E","$","M","R","B","B"],"character_chosen":"DEFECT","items_purchased":["Electrodynamics","PreservedInsect","Runic Capacitor","Static Discharge","Fission","DollysMirror"],"campfire_rested":4,"item_purchase_floors":[8,8,25,25,44,47],"current_hp_per_floor":[64,53,46,25,13,10,33,33,33,31,31,24,16,16,37,1,54,54,54,42,42,35,30,30,30,35,32,37,35,35,42,63,33,62,67,71,67,26,26,61,23,28,28,48,48,53,67,67,67,48,0,0],"gold":93,"neow_bonus":"RANDOM_COMMON_RELIC","is_daily":false,"chose_seed":false,"campfire_upgraded":3,"win_rate":0.0,"timestamp":1611342698,"path_taken":["M","?","M","?","M","E","R","?","T","E","R","M","E","?","R","BOSS","M","?","M","M","M","E","?","$","T","M","M","E","R","E","R","BOSS","M","M","?","?","?","R","E","?","T","$","R","E","$","M","R","BOSS","BOSS"],"items_purchased_type":["Card","Relic","Relic","Card","Card","Relic"],"build_version":"2020-12-18","purchased_purges":1,"victory":false,"max_hp_per_floor":[71,71,71,71,71,78,78,78,78,78,78,78,78,71,71,71,71,71,71,71,71,71,71,71,71,71,71,71,71,71,71,71,71,71,71,71,67,67,67,67,67,67,67,67,67,67,67,67,67,67,67,67],"relic_stats":{"Regal Pillow":15,"counters":[27,104],"CeramicFish":54,"Dead Branch":[40],"PreservedInsect":295,"Bag of Preparation":[46],"Juzu Bracelet":0,"Whetstone":["Strike_B","Strike_B"],"Mercury Hourglass":[363],"Cables":[32,20,8,3,1],"Peace Pipe":0,"Dream Catcher":4,"Bloody Idol":88,"MealTicket":29,"obtain_stats":[{"Regal Pillow":34,"Golden Idol":14,"CeramicFish":31,"Dead Branch":38,"Velvet Choker":17,"PreservedInsect":8,"Bag of Preparation":9,"Runic Capacitor":25,"Omamori":29,"Juzu Bracelet":46,"Whetstone":10,"Akabeko":41,"Mercury Hourglass":13,"Cables":34,"Calling Bell":34,"Peace Pipe":34,"Dream Catcher":0,"Anchor":23,"DollysMirror":47,"Strawberry":6,"Bloody Idol":24,"MealTicket":26,"Cracked Core":0},{"Regal Pillow":18,"Golden Idol":7,"CeramicFish":17,"Dead Branch":21,"Velvet Choker":8,"PreservedInsect":4,"Bag of Preparation":4,"Runic Capacitor":13,"Omamori":16,"Juzu Bracelet":24,"Whetstone":5,"Akabeko":22,"Mercury Hourglass":7,"Cables":18,"Calling Bell":18,"Peace Pipe":18,"Dream Catcher":0,"Anchor":13,"DollysMirror":24,"Strawberry":4,"Bloody Idol":13,"MealTicket":13,"Cracked Core":0},{"Regal Pillow":66,"Golden Idol":21,"CeramicFish":58,"Dead Branch":76,"Velvet Choker":31,"PreservedInsect":13,"Bag of Preparation":13,"Runic Capacitor":46,"Omamori":56,"Juzu Bracelet":88,"Whetstone":15,"Akabeko":81,"Mercury Hourglass":21,"Cables":66,"Calling Bell":66,"Peace Pipe":66,"Dream Catcher":0,"Anchor":46,"DollysMirror":88,"Strawberry":13,"Bloody Idol":46,"MealTicket":46,"Cracked Core":0}]},"card_choices":[{"not_picked":["Hello World","Self Repair"],"picked":"Loop","floor":1.0},{"not_picked":["Cold Snap","Turbo"],"picked":"Rip and Tear","floor":3.0},{"not_picked":["Capacitor","Loop"],"picked":"Beam Cell","floor":5.0},{"not_picked":["Leap","Thunder Strike"],"picked":"Ball Lightning","floor":6.0},{"not_picked":["Sweeping Beam","Stack"],"picked":"Hologram","floor":7.0},{"not_picked":["Skim","Rebound"],"picked":"Compile Driver","floor":10.0},{"not_picked":["Streamline","Recycle"],"picked":"Steam","floor":12.0},{"not_picked":["Amplify","Beam Cell"],"picked":"BootSequence","floor":13.0},{"not_picked":["Thunder Strike","Creative AI"],"picked":"Reboot","floor":16.0},{"not_picked":["Melter+1","Double Energy"],"picked":"Genetic Algorithm","floor":18.0},{"not_picked":["Conserve Battery","Reinforced Body"],"picked":"Coolheaded","floor":20.0},{"not_picked":["Conserve Battery","Rebound+1","Streamline"],"picked":"SKIP","floor":21.0},{"not_picked":["Compile Driver","Conserve Battery","Redo"],"picked":"SKIP","floor":22.0},{"not_picked":["BootSequence","Redo","Thunder Strike"],"picked":"SKIP","floor":23},{"not_picked":["Static Discharge","Streamline"],"picked":"Lockon","floor":27},{"not_picked":["Streamline","Reinforced Body"],"picked":"Chaos+1","floor":28},{"not_picked":["Genetic Algorithm","Aggregate"],"picked":"Conserve Battery+1","floor":29},{"not_picked":["Ball Lightning+1","Cold Snap"],"picked":"Compile Driver","floor":31},{"not_picked":["Meteor Strike","Creative AI"],"picked":"Biased Cognition","floor":33},{"not_picked":["Steam","BootSequence","Melter"],"picked":"SKIP","floor":35},{"not_picked":["Reprogram","Sweeping Beam","Streamline"],"picked":"SKIP","floor":36},{"not_picked":["Steam+1","Redo"],"picked":"Force Field","floor":41},{"not_picked":["Blizzard","Redo","Stack+1"],"picked":"SKIP","floor":42},{"not_picked":["Machine Learning","Double Energy","Rebound"],"picked":"SKIP","floor":46},{"not_picked":["Storm","Force Field"],"picked":"Hologram+1","floor":48}],"player_experience":768056,"relics_obtained":[{"floor":6.0,"key":"Strawberry"},{"floor":9.0,"key":"Bag of Preparation"},{"floor":10.0,"key":"Whetstone"},{"floor":13.0,"key":"Mercury Hourglass"},{"floor":23,"key":"Anchor"},{"floor":26,"key":"MealTicket"},{"floor":29,"key":"Omamori"},{"floor":31,"key":"CeramicFish"},{"floor":34,"key":"Regal Pillow"},{"floor":34,"key":"Cables"},{"floor":34,"key":"Peace Pipe"},{"floor":38,"key":"Dead Branch"},{"floor":41,"key":"Akabeko"},{"floor":46,"key":"Juzu Bracelet"}],"event_choices":[{"damage_healed":0.0,"max_hp_gain":0.0,"max_hp_loss":0.0,"gold_gain":75.0,"event_name":"World of Goop","player_choice":"Gather Gold","floor":2.0,"gold_loss":0.0,"damage_taken":11.0},{"damage_healed":0.0,"max_hp_gain":0.0,"max_hp_loss":0.0,"gold_gain":0.0,"event_name":"Shining Light","player_choice":"Entered Light","floor":4.0,"gold_loss":0.0,"damage_taken":21.0,"cards_upgraded":["Defend_B","Defend_B"]},{"damage_healed":0.0,"max_hp_gain":0.0,"max_hp_loss":7.0,"gold_gain":0.0,"event_name":"Golden Idol","player_choice":"Lose Max HP","floor":14.0,"gold_loss":0.0,"damage_taken":0.0,"relics_obtained":["Golden Idol"]},{"damage_healed":0.0,"max_hp_gain":0.0,"max_hp_loss":0.0,"gold_gain":0.0,"cards_transformed":["Strike_B","Strike_B"],"event_name":"Drug Dealer","player_choice":"Became Test Subject","floor":19.0,"gold_loss":0.0,"damage_taken":0.0,"cards_obtained":["Tempest","Chill"]},{"damage_healed":0,"gold_gain":0,"player_choice":"Gave Idol","damage_taken":0,"relics_obtained":["Bloody Idol"],"max_hp_gain":0,"max_hp_loss":0,"event_name":"Forgotten Altar","floor":24,"relics_lost":["Golden Idol"],"gold_loss":0},{"damage_healed":0,"gold_gain":0,"player_choice":"Max HP","damage_taken":0,"max_hp_gain":0,"max_hp_loss":4,"event_name":"Winding Halls","floor":37,"gold_loss":0},{"damage_healed":0,"gold_gain":0,"player_choice":"Fight","damage_taken":0,"max_hp_gain":0,"max_hp_loss":0,"event_name":"Mysterious Sphere","floor":38,"gold_loss":0},{"damage_healed":0,"gold_gain":0,"player_choice":"0 cards matched","damage_taken":0,"max_hp_gain":0,"max_hp_loss":0,"event_name":"Match and Keep!","floor":39,"gold_loss":0,"cards_obtained":[]}],"is_beta":true,"boss_relics":[{"not_picked":["Black Star","Nuclear Battery"],"picked":"Velvet Choker"},{"not_picked":["Empty Cage","Inserter"],"picked":"Calling Bell"}],"items_purged_floors":[44],"is_endless":false,"potions_floor_spawned":[1,5,20,21,23,27,28,35,41,42,46],"killed_by":"Awakened One","ascension_level":20}}