{"host":"pesfwaef25r60kxm","time":1611334674,"event":{"mods":["Ascension Reborn","BaseMod","Challenge The Spire","Colored Powertips","Friendly Minions","Hunter 猎人","Kiyohime（清姬）","KomeijiMod","Minty Spire (QoL Compilation)","Prisma Mod","Quick Restart","Replay The Spire","RumiaBox-露米娅的神秘盒子","Shop Mod","StSLib","Td1madao Mod","The Bladedancer","The Construct","The Cursed","The Hierophant","The IronCluck","The Poker Player","[IsaacMod]以撒尖塔","vexMod"],"gold_per_floor":[117,134,144,178,178,178,178],"floor_reached":6,"language":"ZHS","playtime":194,"items_purged":[],"score":40,"play_id":"9b30d085-d924-47fd-ac5a-a1a2b54ac6cf","local_time":"20210123005754","is_ascension_mode":false,"campfire_choices":[],"circlet_count":0,"master_deck":["hierophant:Strike_Hierophant+1","hierophant:Strike_Hierophant+1","hierophant:Strike_Hierophant+1","hierophant:Strike_Hierophant+1","hierophant:Punish+1","hierophant:Defend_Hierophant+1","hierophant:Defend_Hierophant+1","hierophant:Defend_Hierophant+1","hierophant:Defend_Hierophant+1","hierophant:ChurchCoffers+1","BettingIsNotGood","hierophant:MorningPrayer","hierophant:Zeal"],"relics":["hierophant:PropheticMaskRelic","HushsDoor","AnarchistCookbook","NeowsBlessing","AddBug","SecretRecord","SecretRecord"],"acts_visited":["Exordium"],"potions_floor_usage":[6],"damage_taken":[{"damage":0,"enemies":"Cultist","floor":1,"turns":1},{"damage":0,"enemies":"Jaw Worm","floor":2,"turns":1},{"damage":0,"enemies":"Small Slimes","floor":3,"turns":1},{"damage":7,"enemies":"Exordium Wildlife","floor":4,"turns":3},{"damage":0,"enemies":"Looter","floor":5,"turns":1},{"damage":101,"enemies":"3 Sentries","floor":6,"turns":4}],"seed_played":"6261066221781466265","potions_obtained":[{"floor":1,"key":"construct:ShiftPotion"},{"floor":4,"key":"Regen Potion"},{"floor":5,"key":"JyouchiReiPotion"}],"is_trial":false,"path_per_floor":["M","M","M","M","M","E"],"character_chosen":"HIEROPHANT","items_purchased":[],"campfire_rested":0,"item_purchase_floors":[],"current_hp_per_floor":[75,75,75,68,68,0,0],"gold":178,"neow_bonus":"THREE_ENEMY_KILL","is_daily":false,"chose_seed":false,"campfire_upgraded":0,"win_rate":0.0,"timestamp":1611334674,"path_taken":["M","M","M","M","M","E"],"items_purchased_type":[],"build_version":"2020-12-22","purchased_purges":0,"victory":false,"max_hp_per_floor":[75,75,75,75,75,75,75],"card_choices":[{"not_picked":[],"picked":"BettingIsNotGood","floor":0},{"not_picked":["hierophant:RepressedViolence","hierophant:SolarFlare","hierophant:Purify"],"picked":"SKIP","floor":1},{"not_picked":["hierophant:RustyCrate","hierophant:Sermon"],"picked":"hierophant:MorningPrayer","floor":2},{"not_picked":["hierophant:PassingBell","hierophant:DisplayOfPower","hierophant:ThreeLashes"],"picked":"SKIP","floor":3},{"not_picked":["hierophant:HammerAndAnvil","hierophant:OrnateBuckler"],"picked":"hierophant:Zeal","floor":4},{"not_picked":["hierophant:MintersHammer","hierophant:RepressedViolence","hierophant:Empathy"],"picked":"SKIP","floor":5}],"player_experience":157818,"relics_obtained":[{"floor":1,"key":"AddBug"},{"floor":2,"key":"SecretRecord"}],"event_choices":[],"is_beta":false,"boss_relics":[],"items_purged_floors":[],"is_endless":false,"potions_floor_spawned":[1,4,5],"killed_by":"3 Sentries","ascension_level":0}}