{"host":"sc0o2qwpf9j16a4i","time":1611337685,"event":{"mods":["AchievementEnabler","BaseMod","BetterRewards","Block Reminder","Colored Map","Colored Powertips","Custom Start","Highlight Path","Minty Spire (QoL Compilation)","Relic Stats"],"gold_per_floor":[113,113,137,137,157,157,192,192,192,192,207,242,285,324,324,449,449,464,92,106,125,125,163,21,55,100,135,158,193,208,232,232,362,362,375,187,202,82,106,140,140,160,183,183,483,483,497,533,533,533],"floor_reached":51,"language":"ENG","playtime":2021,"items_purged":["Injury"],"score":1240,"play_id":"f969ead3-cab5-4788-94fc-d9b83ceb8c3e","local_time":"20210122194805","daily_mods":["Draft","Vintage","DeadlyEvents"],"is_ascension_mode":false,"campfire_choices":[{"data":"TalkToTheHand","floor":6,"key":"SMITH"},{"data":"Establishment","floor":8,"key":"SMITH"},{"data":"Wallop","floor":15,"key":"SMITH"},{"data":"TalkToTheHand","floor":32,"key":"SMITH"},{"data":"MentalFortress","floor":41,"key":"SMITH"},{"floor":46,"key":"DIG"},{"floor":49,"key":"DIG"}],"circlet_count":0,"master_deck":["Protect","Adaptation","CrushJoints","SashWhip","Protect+1","Evaluate","FearNoEvil","Tantrum","EmptyMind+1","CarveReality","TalkToTheHand+1","CutThroughFate","Tantrum","Protect","Wallop+1","Establishment+1","ThirdEye+1","Protect+1","Omniscience+1","TalkToTheHand+1","TalkToTheHand+1","FlurryOfBlows","Finesse+1","Crescendo+1","LikeWater","ThirdEye+1","Sanctity+1","SpiritShield+1","MentalFortress+1","Bandage Up+1","Nirvana"],"relics":["PureWater","Matryoshka","Golden Idol","Toxic Egg 2","Boot","Shuriken","Bag of Preparation","Omamori","Mummified Hand","Peace Pipe","Kunai","Nunchaku","GoldenEye","Black Star","Singing Bowl","DollysMirror","Dream Catcher","Letter Opener","Mercury Hourglass","War Paint","Lantern","Bird Faced Urn","Darkstone Periapt","Damaru","The Courier","Centennial Puzzle","Blood Vial","Pantograph","Potion Belt","Bronze Scales","Regal Pillow","Busted Crown","Strawberry","Happy Flower","Shovel","Pen Nib","Toy Ornithopter","PreservedInsect","Blue Candle","Ancient Tea Set","Art of War","Smiling Mask","Molten Egg 2","Pocketwatch","Vajra","Bottled Tornado"],"acts_visited":["Exordium","TheCity","TheBeyond"],"potions_floor_usage":[23,40,47,50,50],"damage_taken":[{"damage":0,"enemies":"Small Slimes","floor":1,"turns":2},{"damage":8,"enemies":"Jaw Worm","floor":3,"turns":2},{"damage":0,"enemies":"2 Louse","floor":5,"turns":2},{"damage":15,"enemies":"3 Sentries","floor":7,"turns":5},{"damage":0,"enemies":"Blue Slaver","floor":11,"turns":3},{"damage":0,"enemies":"Gremlin Nob","floor":12,"turns":2},{"damage":0,"enemies":"Lagavulin","floor":13,"turns":4},{"damage":0,"enemies":"3 Sentries","floor":14,"turns":2},{"damage":0,"enemies":"The Guardian","floor":16,"turns":7},{"damage":0,"enemies":"Spheric Guardian","floor":18,"turns":3},{"damage":0,"enemies":"2 Thieves","floor":20,"turns":2},{"damage":0,"enemies":"Shelled Parasite and Fungi","floor":21,"turns":3},{"damage":3,"enemies":"Gremlin Leader","floor":23,"turns":3},{"damage":0,"enemies":"Book of Stabbing","floor":25,"turns":3},{"damage":0,"enemies":"Gremlin Leader","floor":27,"turns":4},{"damage":0,"enemies":"Cultist and Chosen","floor":28,"turns":3},{"damage":0,"enemies":"Slavers","floor":29,"turns":2},{"damage":0,"enemies":"Snake Plant","floor":30,"turns":3},{"damage":0,"enemies":"Centurion and Healer","floor":31,"turns":3},{"damage":5,"enemies":"Champ","floor":33,"turns":5},{"damage":10,"enemies":"3 Darklings","floor":35,"turns":4},{"damage":0,"enemies":"Orb Walker","floor":37,"turns":2},{"damage":0,"enemies":"Sphere and 2 Shapes","floor":39,"turns":3},{"damage":0,"enemies":"Nemesis","floor":40,"turns":5},{"damage":0,"enemies":"3 Darklings","floor":42,"turns":3},{"damage":0,"enemies":"Spire Growth","floor":47,"turns":3},{"damage":0,"enemies":"Giant Head","floor":48,"turns":5},{"damage":0,"enemies":"Awakened One","floor":50,"turns":8}],"seed_played":"1928827408628027559","potions_obtained":[{"floor":7,"key":"Block Potion"},{"floor":11,"key":"Ambrosia"},{"floor":14,"key":"SmokeBomb"},{"floor":18,"key":"Explosive Potion"},{"floor":23,"key":"Block Potion"},{"floor":29,"key":"LiquidBronze"},{"floor":40,"key":"Regen Potion"},{"floor":42,"key":"Regen Potion"},{"floor":47,"key":"DistilledChaos"}],"is_trial":true,"path_per_floor":["M","?","M","?","M","R","E","R","T","?","M","E","E","E","R","B",null,"M","$","M","M","?","E","$","E","T","E","M","E","M","M","R","B",null,"M","$","M","$","M","E","R","M","T","?","?","R","M","E","R","B",null],"character_chosen":"WATCHER","items_purchased":["TalkToTheHand","DollysMirror","FlurryOfBlows","Finesse+1","LikeWater","MentalFortress","Happy Flower","Pen Nib"],"campfire_rested":0,"item_purchase_floors":[19,19,19,19,24,36,36,38],"current_hp_per_floor":[72,72,64,64,64,64,49,49,49,37,37,37,37,37,37,37,72,72,72,72,72,72,69,69,71,71,74,74,74,74,74,74,69,74,71,71,75,75,81,83,83,83,83,77,77,77,87,87,87,87],"gold":533,"neow_bonus":"","is_daily":false,"chose_seed":false,"campfire_upgraded":5,"win_rate":0.0,"timestamp":1611337685,"path_taken":["M","?","M","?","M","R","E","R","T","?","M","E","?","E","R","BOSS","M","$","M","M","?","E","$","?","T","E","M","E","M","M","R","BOSS","M","$","M","$","M","E","R","M","T","?","?","R","M","E","R","BOSS"],"items_purchased_type":["Card","Relic","Card","Card","Card","Card","Relic","Relic"],"build_version":"2020-12-22","purchased_purges":1,"victory":true,"max_hp_per_floor":[72,72,72,72,72,72,72,72,72,72,72,72,72,72,72,72,72,72,72,72,72,72,72,72,74,74,74,74,74,74,74,74,74,74,81,81,81,81,81,83,83,83,83,87,87,87,87,87,87,87],"relic_stats":{"Darkstone Periapt":0,"Regal Pillow":0,"Singing Bowl":8,"Bag of Preparation":[48],"Boot":[107],"Smiling Mask":0,"Blood Vial":6,"Nunchaku":[25],"Dream Catcher":0,"Centennial Puzzle":[6],"Shovel":2,"Mummified Hand":[74],"Pantograph":0,"Kunai":[56],"Happy Flower":[9],"counters":[28,96],"Golden Idol":203,"Blue Candle":[0],"Pen Nib":[9],"PreservedInsect":125,"Letter Opener":[165],"War Paint":["Protect","EmptyMind"],"GoldenEye":[64],"Mercury Hourglass":[227],"Peace Pipe":0,"Busted Crown":10,"Shuriken":[57],"Bird Faced Urn":[17],"Bronze Scales":[93],"Black Star":6,"Art of War":[0],"obtain_stats":[{"Darkstone Periapt":26,"Lantern":25,"Regal Pillow":31,"Singing Bowl":18,"Vajra":48,"Bag of Preparation":9,"Bottled Tornado":49,"Boot":5,"Ancient Tea Set":42,"Smiling Mask":46,"Blood Vial":28,"Nunchaku":13,"Dream Catcher":20,"Centennial Puzzle":27,"Matryoshka":1,"Shovel":37,"Mummified Hand":10,"DollysMirror":19,"Pantograph":29,"Strawberry":35,"Kunai":12,"Toxic Egg 2":3,"Potion Belt":29,"Happy Flower":36,"Golden Idol":2,"Blue Candle":40,"Damaru":26,"The Courier":27,"Pen Nib":38,"PreservedInsect":40,"Omamori":9,"Letter Opener":21,"War Paint":23,"GoldenEye":14,"Mercury Hourglass":23,"Peace Pipe":11,"Busted Crown":34,"Shuriken":7,"Bird Faced Urn":25,"Bronze Scales":30,"Molten Egg 2":47,"Black Star":17,"Art of War":43,"PureWater":0,"Toy Ornithopter":39,"Pocketwatch":48},{"Darkstone Periapt":14,"Lantern":14,"Regal Pillow":19,"Singing Bowl":10,"Vajra":27,"Bag of Preparation":4,"Bottled Tornado":27,"Boot":3,"Ancient Tea Set":25,"Smiling Mask":25,"Blood Vial":16,"Nunchaku":7,"Dream Catcher":11,"Centennial Puzzle":15,"Matryoshka":1,"Shovel":22,"Mummified Hand":4,"DollysMirror":10,"Pantograph":17,"Strawberry":21,"Kunai":6,"Toxic Egg 2":2,"Potion Belt":17,"Happy Flower":21,"Golden Idol":1,"Blue Candle":24,"Damaru":14,"The Courier":15,"Pen Nib":22,"PreservedInsect":24,"Omamori":4,"Letter Opener":12,"War Paint":13,"GoldenEye":8,"Mercury Hourglass":13,"Peace Pipe":5,"Busted Crown":20,"Shuriken":4,"Bird Faced Urn":14,"Bronze Scales":18,"Molten Egg 2":26,"Black Star":9,"Art of War":25,"PureWater":0,"Toy Ornithopter":23,"Pocketwatch":27},{"Darkstone Periapt":43,"Lantern":43,"Regal Pillow":58,"Singing Bowl":32,"Vajra":88,"Bag of Preparation":11,"Bottled Tornado":88,"Boot":6,"Ancient Tea Set":80,"Smiling Mask":80,"Blood Vial":50,"Nunchaku":20,"Dream Catcher":34,"Centennial Puzzle":47,"Matryoshka":2,"Shovel":69,"Mummified Hand":11,"DollysMirror":32,"Pantograph":52,"Strawberry":67,"Kunai":16,"Toxic Egg 2":4,"Potion Belt":52,"Happy Flower":67,"Golden Idol":2,"Blue Candle":77,"Damaru":43,"The Courier":47,"Pen Nib":69,"PreservedInsect":77,"Omamori":11,"Letter Opener":37,"War Paint":40,"GoldenEye":22,"Mercury Hourglass":40,"Peace Pipe":14,"Busted Crown":63,"Shuriken":11,"Bird Faced Urn":43,"Bronze Scales":55,"Molten Egg 2":83,"Black Star":29,"Art of War":80,"PureWater":0,"Toy Ornithopter":72,"Pocketwatch":88}],"Toy Ornithopter":0,"Pocketwatch":[0]},"card_choices":[{"not_picked":["FollowUp","Prostrate"],"picked":"Protect","floor":0},{"not_picked":["WreathOfFlame","PathToVictory"],"picked":"Adaptation","floor":0},{"not_picked":["FollowUp","Consecrate"],"picked":"CrushJoints","floor":0},{"not_picked":["Evaluate","FlyingSleeves"],"picked":"SashWhip","floor":0},{"not_picked":["ClearTheMind","SashWhip"],"picked":"Protect","floor":0},{"not_picked":["Fasting2","JustLucky"],"picked":"Evaluate","floor":0},{"not_picked":["JustLucky","ThirdEye"],"picked":"FearNoEvil","floor":0},{"not_picked":["EmptyMind","PathToVictory"],"picked":"Tantrum","floor":0},{"not_picked":["Tantrum","JustLucky"],"picked":"ReachHeaven","floor":0},{"not_picked":["WheelKick","EmptyBody"],"picked":"EmptyMind","floor":0},{"not_picked":["ReachHeaven","SashWhip"],"picked":"CarveReality","floor":0},{"not_picked":["Fasting2","Consecrate"],"picked":"TalkToTheHand","floor":0},{"not_picked":["Consecrate","Prostrate"],"picked":"CutThroughFate","floor":0},{"not_picked":["BowlingBash","SignatureMove"],"picked":"Tantrum","floor":0},{"not_picked":["Tantrum","PathToVictory"],"picked":"Protect","floor":0},{"not_picked":["Evaluate+1","Conclude"],"picked":"Establishment","floor":7},{"not_picked":["SashWhip","JustLucky","ForeignInfluence+1"],"picked":"SKIP","floor":12},{"not_picked":["CrushJoints","Protect+1"],"picked":"ThirdEye+1","floor":13},{"not_picked":["FollowUp","Perseverance+1"],"picked":"Protect+1","floor":14},{"not_picked":["Scrawl+1","LessonLearned"],"picked":"Omniscience+1","floor":16},{"not_picked":["FlyingSleeves","Halt+1"],"picked":"Crescendo+1","floor":23},{"not_picked":["EmptyFist","Prostrate+1","SandsOfTime"],"picked":"Singing Bowl","floor":25},{"not_picked":["FlyingSleeves","FollowUp+1"],"picked":"ThirdEye+1","floor":27},{"not_picked":["Judgement+1","CrushJoints"],"picked":"Sanctity+1","floor":29},{"not_picked":["Alpha+1","DeusExMachina+1"],"picked":"SpiritShield+1","floor":33},{"not_picked":["Pray+1"],"picked":"Singing Bowl","floor":40},{"not_picked":["Blind+1"],"picked":"Singing Bowl","floor":44},{"not_picked":[],"picked":"Bandage Up+1","floor":44},{"not_picked":["Dramatic Entrance"],"picked":"Singing Bowl","floor":44},{"not_picked":[],"picked":"Nirvana","floor":48}],"player_experience":896028,"relics_obtained":[{"floor":1,"key":"Matryoshka"},{"floor":3,"key":"Toxic Egg 2"},{"floor":5,"key":"Boot"},{"floor":7,"key":"Shuriken"},{"floor":9,"key":"Bag of Preparation"},{"floor":9,"key":"Omamori"},{"floor":11,"key":"Peace Pipe"},{"floor":12,"key":"Kunai"},{"floor":13,"key":"Nunchaku"},{"floor":14,"key":"GoldenEye"},{"floor":18,"key":"Singing Bowl"},{"floor":20,"key":"Dream Catcher"},{"floor":21,"key":"Letter Opener"},{"floor":23,"key":"Mercury Hourglass"},{"floor":23,"key":"War Paint"},{"floor":25,"key":"Lantern"},{"floor":25,"key":"Bird Faced Urn"},{"floor":26,"key":"Darkstone Periapt"},{"floor":26,"key":"Damaru"},{"floor":27,"key":"The Courier"},{"floor":27,"key":"Centennial Puzzle"},{"floor":28,"key":"Blood Vial"},{"floor":29,"key":"Pantograph"},{"floor":29,"key":"Potion Belt"},{"floor":30,"key":"Bronze Scales"},{"floor":31,"key":"Regal Pillow"},{"floor":35,"key":"Strawberry"},{"floor":37,"key":"Shovel"},{"floor":39,"key":"Toy Ornithopter"},{"floor":40,"key":"PreservedInsect"},{"floor":40,"key":"Blue Candle"},{"floor":42,"key":"Ancient Tea Set"},{"floor":43,"key":"Art of War"},{"floor":46,"key":"Smiling Mask"},{"floor":47,"key":"Molten Egg 2"},{"floor":48,"key":"Pocketwatch"},{"floor":48,"key":"Vajra"},{"floor":49,"key":"Bottled Tornado"}],"event_choices":[{"damage_healed":0,"gold_gain":0,"player_choice":"Take Wound","damage_taken":0,"relics_obtained":["Golden Idol"],"max_hp_gain":0,"max_hp_loss":0,"event_name":"Golden Idol","floor":2,"gold_loss":0,"cards_obtained":["Injury"]},{"damage_healed":0,"gold_gain":0,"cards_transformed":["ReachHeaven"],"player_choice":"Change","damage_taken":0,"max_hp_gain":0,"max_hp_loss":0,"event_name":"Living Wall","floor":4,"gold_loss":0,"cards_obtained":["Wallop"]},{"damage_healed":0,"gold_gain":0,"player_choice":"Success","damage_taken":12,"relics_obtained":["Mummified Hand"],"max_hp_gain":0,"max_hp_loss":0,"event_name":"Scrap Ooze","floor":10,"gold_loss":0},{"damage_healed":0,"gold_gain":0,"player_choice":"Bought 0 Potions","damage_taken":0,"max_hp_gain":0,"max_hp_loss":0,"event_name":"The Woman in Blue","floor":22,"gold_loss":0},{"damage_healed":0,"gold_gain":0,"player_choice":"Memory 3","damage_taken":10,"max_hp_gain":0,"max_hp_loss":0,"event_name":"SensoryStone","floor":44,"gold_loss":0},{"damage_healed":0,"gold_gain":300,"player_choice":"Gold","damage_taken":0,"max_hp_gain":0,"max_hp_loss":0,"event_name":"Wheel of Change","floor":45,"gold_loss":0}],"is_beta":false,"boss_relics":[{"not_picked":["Sozu","Tiny House"],"picked":"Black Star"},{"not_picked":["Cursed Key","HolyWater"],"picked":"Busted Crown"}],"items_purged_floors":[24],"is_endless":false,"potions_floor_spawned":[7,11,14,18,23,28,29,40,42,47],"ascension_level":0}}