{"host":"42xf941fomyavgzy","time":1611312682,"event":{"mods":["BaseMod","Colored Map","HololiveMod","KinomotoSakuraMod(–Ø”V–{?)","Minty Spire (QoL Compilation)","Shop Mod","StSLib","SuperFastMode","The Cursed"],"gold_per_floor":[113,129,140,39,114,114,139,150,150,178,196,196,212,212,212,311,311,321,338,338,349,366,366,398,348,348,348,348],"floor_reached":27,"language":"JPN","playtime":1430,"items_purged":[],"score":369,"play_id":"f6a8a210-9902-4c2a-a7d4-0ebdad4d72fa","local_time":"20210122195122","is_ascension_mode":true,"campfire_choices":[{"data":"FearNoEvil","floor":6,"key":"SMITH"},{"floor":12,"key":"REST"},{"data":"BattleHymn","floor":15,"key":"SMITH"},{"data":"Establishment","floor":23,"key":"SMITH"}],"circlet_count":0,"master_deck":["Strike_P","Strike_P","Strike_P","Strike_P","Defend_P","Defend_P","Defend_P","Defend_P","Eruption","Vigilance","FearNoEvil+1","FlurryOfBlows","BattleHymn+1","BowlingBash","Establishment+1","Perseverance","Alpha","FlurryOfBlows","Prostrate","Devotion+1","Meditate","Conclude","FlurryOfBlows+1","DevaForm+1","FollowUp+1"],"relics":["PureWater","Pocketwatch","Bottled Lightning","Frozen Egg 2","Akabeko","Hololive_Finger","FossilizedHelix","HornCleat"],"acts_visited":["Exordium","TheCity"],"potions_floor_usage":[18,24],"damage_taken":[{"damage":0,"enemies":"Jaw Worm","floor":1,"turns":1},{"damage":0,"enemies":"2 Louse","floor":2,"turns":2},{"damage":0,"enemies":"Cultist","floor":3,"turns":2},{"damage":17,"enemies":"3 Sentries","floor":7,"turns":6},{"damage":5,"enemies":"3 Louse","floor":8,"turns":2},{"damage":21,"enemies":"Lagavulin","floor":10,"turns":5},{"damage":1,"enemies":"Red Slaver","floor":11,"turns":4},{"damage":3,"enemies":"Blue Slaver","floor":13,"turns":4},{"damage":0,"enemies":"Slime Boss","floor":16,"turns":4},{"damage":0,"enemies":"Spheric Guardian","floor":18,"turns":3},{"damage":14,"enemies":"2 Thieves","floor":19,"turns":4},{"damage":0,"enemies":"Centurion and Healer","floor":21,"turns":4},{"damage":16,"enemies":"Sentry and Sphere","floor":22,"turns":4},{"damage":55,"enemies":"Slavers","floor":24,"turns":5},{"damage":6,"enemies":"Chosen and Byrds","floor":27,"turns":1}],"seed_played":"-6028583259554132240","potions_obtained":[{"floor":8,"key":"Ancient Potion"},{"floor":10,"key":"SteroidPotion"},{"floor":11,"key":"FearPotion"},{"floor":16,"key":"BottledMiracle"},{"floor":19,"key":"DuplicationPotion"}],"is_trial":false,"path_per_floor":["M","M","M","$","?","R","E","M","T","E","M","R","M","?","R","B",null,"M","M","?","M","M","R","E","?","T","M"],"character_chosen":"WATCHER","items_purchased":["FairyPotion"],"campfire_rested":1,"item_purchase_floors":[4],"current_hp_per_floor":[72,72,72,72,61,61,44,39,39,18,17,38,35,35,35,35,63,63,49,72,72,56,56,1,1,1,0,0],"gold":348,"neow_bonus":"THREE_CARDS","is_daily":false,"chose_seed":false,"campfire_upgraded":3,"win_rate":0.0,"timestamp":1611312682,"path_taken":["M","M","M","$","?","R","E","M","T","E","M","R","M","?","R","BOSS","M","?","?","M","M","R","E","?","T","M"],"items_purchased_type":["Potion"],"build_version":"2020-12-22","purchased_purges":0,"victory":false,"max_hp_per_floor":[72,72,72,72,72,72,72,72,72,72,72,72,72,72,72,72,72,72,72,72,72,72,72,72,72,72,72,72],"card_choices":[{"not_picked":["FlyingSleeves","FlurryOfBlows"],"picked":"FearNoEvil","floor":0},{"not_picked":["FlyingSleeves","Crescendo"],"picked":"FlurryOfBlows","floor":1},{"not_picked":["CarveReality","Protect"],"picked":"BattleHymn","floor":2},{"not_picked":["Halt","Wireheading"],"picked":"BowlingBash","floor":3},{"not_picked":["Halt","Study"],"picked":"Establishment","floor":7},{"not_picked":["FlyingSleeves","Halt"],"picked":"Perseverance","floor":8},{"not_picked":["EmptyBody","EmptyFist"],"picked":"Alpha","floor":10},{"not_picked":["FearNoEvil","EmptyBody"],"picked":"FlurryOfBlows","floor":11},{"not_picked":["Consecrate","BowlingBash"],"picked":"Prostrate","floor":13},{"not_picked":["SpiritShield","MasterReality+1"],"picked":"Devotion+1","floor":16},{"not_picked":["CutThroughFate","CrushJoints"],"picked":"Meditate","floor":18},{"not_picked":["ThirdEye","FlurryOfBlows+1"],"picked":"Conclude","floor":19},{"not_picked":["Prostrate","ClearTheMind"],"picked":"FlurryOfBlows+1","floor":21},{"not_picked":["FollowUp+1","ThirdEye+1"],"picked":"DevaForm+1","floor":22},{"not_picked":["FlyingSleeves","Conclude"],"picked":"FollowUp+1","floor":24}],"player_experience":417387,"relics_obtained":[{"floor":7,"key":"Pocketwatch"},{"floor":9,"key":"Bottled Lightning"},{"floor":10,"key":"Frozen Egg 2"},{"floor":24,"key":"FossilizedHelix"},{"floor":26,"key":"HornCleat"}],"event_choices":[{"damage_healed":0,"gold_gain":75,"player_choice":"Gather Gold","damage_taken":11,"max_hp_gain":0,"max_hp_loss":0,"event_name":"World of Goop","floor":5,"gold_loss":0},{"damage_healed":0,"gold_gain":0,"player_choice":"Gave Potion","damage_taken":0,"relics_obtained":["Akabeko"],"max_hp_gain":0,"max_hp_loss":0,"event_name":"WeMeetAgain","floor":14,"gold_loss":0},{"damage_healed":24,"gold_gain":0,"player_choice":"Heal","damage_taken":0,"max_hp_gain":0,"max_hp_loss":0,"event_name":"The Library","floor":20,"gold_loss":0},{"damage_healed":0,"gold_gain":0,"player_choice":"Bet on Owner","damage_taken":0,"max_hp_gain":0,"max_hp_loss":0,"event_name":"The Joust","floor":25,"gold_loss":50}],"is_beta":false,"boss_relics":[{"not_picked":["Ectoplasm","Sozu"],"picked":"Hololive_Finger"}],"items_purged_floors":[],"is_endless":false,"potions_floor_spawned":[8,10,11,16,19,21],"killed_by":"Chosen and Byrds","ascension_level":5}}