{"host":"6xsbn6ynqlzwllfm","time":1611324063,"event":{"mods":["2.2 Compatiblity","BaseMod","Bestiary","Colored Map","Colored Powertips","Curses Come First","Highlight Path","Keyboard Shortcuts","Minty Spire (QoL Compilation)","Quick Restart","Relic Stats","Slay the Relics Exporter","StSLib","SuperFastMode"],"gold_per_floor":[115,190,206,222,222,250,250,260,285,295,326,3,23,35,35,107,107,119,152,163,163,163,163],"floor_reached":22,"language":"ENG","playtime":686,"items_purged":["Strike_R"],"score":446,"play_id":"44af0923-0828-4522-886d-31e1a4c4c117","local_time":"20210122090103","is_ascension_mode":true,"campfire_choices":[{"floor":7.0,"key":"REST"},{"data":"True Grit","floor":15.0,"key":"SMITH"}],"circlet_count":0,"master_deck":["AscendersBane","Strike_R","Strike_R","Strike_R","Strike_R","Defend_R","Defend_R","Defend_R","Defend_R","Bash+1","Wild Strike","True Grit+1","Wild Strike","Cleave","Iron Wave","Headbutt","Immolate","Shrug It Off","Pommel Strike","Sword Boomerang","Dark Embrace","Feed","Feel No Pain","Disarm"],"relics":["Sozu","Pen Nib","Lantern","Centennial Puzzle","Brimstone","SlaversCollar","Red Mask","Nilry\u0027s Codex"],"acts_visited":["Exordium","TheCity"],"potions_floor_usage":[],"damage_taken":[{"damage":4.0,"enemies":"Small Slimes","floor":1.0,"turns":3.0},{"damage":0.0,"enemies":"2 Louse","floor":3.0,"turns":3.0},{"damage":0.0,"enemies":"Cultist","floor":4.0,"turns":2.0},{"damage":35.0,"enemies":"Lagavulin","floor":6.0,"turns":6.0},{"damage":8.0,"enemies":"Blue Slaver","floor":8.0,"turns":3.0},{"damage":8.0,"enemies":"Exordium Thugs","floor":10.0,"turns":4.0},{"damage":0.0,"enemies":"Gremlin Nob","floor":11.0,"turns":2.0},{"damage":2.0,"enemies":"3 Louse","floor":13.0,"turns":2.0},{"damage":0.0,"enemies":"Looter","floor":14.0,"turns":1.0},{"damage":20.0,"enemies":"Hexaghost","floor":16.0,"turns":5.0},{"damage":0.0,"enemies":"Spheric Guardian","floor":18.0,"turns":3.0},{"damage":26.0,"enemies":"Masked Bandits","floor":19.0,"turns":3.0},{"damage":0.0,"enemies":"Chosen","floor":20.0,"turns":3.0},{"damage":17,"enemies":"Centurion and Healer","floor":22,"turns":2}],"seed_played":"5592512403952664380","potions_obtained":[],"is_trial":false,"path_per_floor":["M","?","M","M","?","E","R","M","T","M","E","$","M","M","R","B",null,"M","?","M","?","M"],"character_chosen":"IRONCLAD","items_purchased":["Brimstone","Shrug It Off","Pommel Strike"],"campfire_rested":1,"item_purchase_floors":[12,12,12],"current_hp_per_floor":[64,53,53,53,53,18,40,32,32,24,24,24,22,22,22,2,57,60,34,37,16,0,0],"gold":163,"neow_bonus":"BOSS_RELIC","is_daily":false,"chose_seed":false,"campfire_upgraded":1,"win_rate":0.0,"timestamp":1611324063,"path_taken":["M","?","M","M","?","E","R","M","T","M","E","$","M","M","R","BOSS","M","?","M","?","M"],"items_purchased_type":["Relic","Card","Card"],"build_version":"2020-12-22","purchased_purges":1,"victory":false,"max_hp_per_floor":[75,75,75,75,75,75,75,75,75,75,75,75,75,75,75,75,75,78,78,81,81,81,81],"relic_stats":{"Sozu":5,"Centennial Puzzle":[12],"counters":[14,42],"Pen Nib":[6],"obtain_stats":[{"Sozu":0,"SlaversCollar":17,"Lantern":9,"Centennial Puzzle":11,"Brimstone":12,"Nilry\u0027s Codex":21,"Pen Nib":6,"Red Mask":19,"Burning Blood":0},{"Sozu":0,"SlaversCollar":10,"Lantern":5,"Centennial Puzzle":7,"Brimstone":7,"Nilry\u0027s Codex":13,"Pen Nib":4,"Red Mask":12,"Burning Blood":0},{"Sozu":0,"SlaversCollar":31,"Lantern":17,"Centennial Puzzle":23,"Brimstone":23,"Nilry\u0027s Codex":40,"Pen Nib":14,"Red Mask":37,"Burning Blood":0}]},"card_choices":[{"not_picked":["Havoc","Searing Blow"],"picked":"Wild Strike","floor":1.0},{"not_picked":["Iron Wave","Blood for Blood"],"picked":"True Grit","floor":3.0},{"not_picked":["Shrug It Off","Searing Blow"],"picked":"Wild Strike","floor":4.0},{"not_picked":["Wild Strike","True Grit"],"picked":"Cleave","floor":6.0},{"not_picked":["Armaments","Rupture"],"picked":"Iron Wave","floor":8.0},{"not_picked":["Second Wind","Clash"],"picked":"Headbutt","floor":10.0},{"not_picked":["Inflame","Armaments"],"picked":"Immolate","floor":11.0},{"not_picked":["Havoc","Flex"],"picked":"Sword Boomerang","floor":13.0},{"not_picked":["Entrench","Clothesline"],"picked":"Dark Embrace","floor":14.0},{"not_picked":["Fiend Fire","Demon Form"],"picked":"Feed","floor":16.0},{"not_picked":["Reckless Charge","Perfected Strike"],"picked":"Feel No Pain","floor":18.0},{"not_picked":["Armaments","Cleave"],"picked":"Disarm","floor":20.0}],"player_experience":1077640,"relics_obtained":[{"floor":6.0,"key":"Pen Nib"},{"floor":9.0,"key":"Lantern"},{"floor":11.0,"key":"Centennial Puzzle"},{"floor":19.0,"key":"Red Mask"},{"floor":21.0,"key":"Nilry\u0027s Codex"}],"event_choices":[{"damage_healed":0.0,"max_hp_gain":0.0,"max_hp_loss":0.0,"gold_gain":75.0,"event_name":"World of Goop","player_choice":"Gather Gold","floor":2.0,"gold_loss":0.0,"damage_taken":11.0},{"damage_healed":0.0,"max_hp_gain":0.0,"max_hp_loss":0.0,"gold_gain":0.0,"event_name":"Upgrade Shrine","player_choice":"Upgraded","floor":5.0,"gold_loss":0.0,"damage_taken":0.0,"cards_upgraded":["Bash"]},{"damage_healed":0.0,"max_hp_gain":0.0,"max_hp_loss":0.0,"gold_gain":0.0,"event_name":"Masked Bandits","player_choice":"Fought Bandits","floor":19.0,"gold_loss":0.0,"damage_taken":0.0},{"damage_healed":0.0,"max_hp_gain":0.0,"max_hp_loss":0.0,"gold_gain":0.0,"event_name":"Cursed Tome","player_choice":"Obtained Book","floor":21.0,"gold_loss":0.0,"damage_taken":21.0}],"is_beta":false,"boss_relics":[{"not_picked":["Coffee Dripper","Runic Dome"],"picked":"SlaversCollar"}],"items_purged_floors":[12],"is_endless":false,"potions_floor_spawned":[3,4,10,13,16],"killed_by":"Centurion and Healer","ascension_level":20}}