{"host":"dn6kke80v5f7isus","time":1611290317,"event":{"mods":["AchievementEnabler","Act Like it!","BaseMod","Colored Powertips","Custom Start","Defuse TimeMaze Blight","Duelist Mod","Gremlin Skip","Highlight Path","Hubris","Infinite Spire","Minty Spire (QoL Compilation)","Rare Cards Sparkle","Replay The Spire","StSLib","Uncapped"],"gold_per_floor":[144,144,69,69,81,81,113,132,132,151,151,165,198,212,212,309,309,326,326,251,278,278,304,304,319,319,347,347,364,391,407,407,512,512,524,524,27,37,50,75,86,86,86,86,100,100,100],"floor_reached":46,"language":"ENG","playtime":2077,"items_purged":["theDuelist:ArmoredZombie","theDuelist:ZombieCorpse"],"score":725,"play_id":"df30564e-912d-43d2-8247-f8b3e17fca85","local_time":"20210121233837","is_ascension_mode":true,"campfire_choices":[{"data":"theDuelist:SoulAbsorbingBone","floor":6,"key":"SMITH"},{"data":"theDuelist:Gozuki","floor":11,"key":"SMITH"},{"data":"theDuelist:ShallowGrave","floor":15,"key":"SMITH"},{"data":"theDuelist:ZombieMaster","floor":24,"key":"SMITH"},{"floor":32,"key":"DIG"},{"floor":42,"key":"REST"}],"circlet_count":0,"master_deck":["theDuelist:Pumpking","theDuelist:ZombieCorpse","theDuelist:ZombieCorpse","theDuelist:ZombieCorpse","theDuelist:ArmoredZombie+1","theDuelist:ClownZombie","theDuelist:PatricianDarkness","theDuelist:ShallowGrave+1","theDuelist:SkullConductor","theDuelist:TutanMask","theDuelist:Gozuki+1","theDuelist:OniGamiCombo","theDuelist:MonsterReborn+1","theDuelist:GhostrickMansion","theDuelist:VampireFraulein","theDuelist:SouleatingOviraptor"],"relics":["theDuelist:MillenniumPuzzle","theDuelist:CardPoolRelic","theDuelist:CardPoolBasicRelic","theDuelist:BoosterPackPoolRelic","theDuelist:CardPoolAddRelic","theDuelist:CardPoolMinusRelic","theDuelist:CardPoolSaveRelic","theDuelist:CardPoolOptionsRelic","NeowsBlessing","theDuelist:DuelistLetterOpener","Eternal Feather","Strawberry","theDuelist:MillenniumArmor","Centennial Puzzle","hubris:BallOfYels","Durian","Replay:Accelerometer","theDuelist:VampiricPendant","Gremlin Horn","theDuelist:MutatorToken","Melange","infinitespire:BottledMercury","hubris:64BitClover","theDuelist:ZoneToken","War Paint"],"acts_visited":["Exordium","TheCity","TheBeyond"],"potions_floor_usage":[13,13,16,16,30,33,33,41],"damage_taken":[{"damage":0,"enemies":"Small Slimes","floor":1,"turns":1},{"damage":0,"enemies":"Jaw Worm","floor":5,"turns":1},{"damage":0,"enemies":"3 Sentries","floor":7,"turns":1},{"damage":0,"enemies":"2 Louse","floor":8,"turns":3},{"damage":0,"enemies":"Exordium Wildlife","floor":10,"turns":3},{"damage":6,"enemies":"Blue Slaver","floor":12,"turns":2},{"damage":0,"enemies":"Gremlin Nob","floor":13,"turns":3},{"damage":0,"enemies":"Looter","floor":14,"turns":3},{"damage":23,"enemies":"Hexaghost","floor":16,"turns":6},{"damage":2,"enemies":"Shell Parasite","floor":18,"turns":4},{"damage":19,"enemies":"Gremlin Leader","floor":23,"turns":6},{"damage":2,"enemies":"Chosen","floor":25,"turns":3},{"damage":8,"enemies":"Book of Stabbing","floor":27,"turns":4},{"damage":4,"enemies":"Centurion and Healer","floor":29,"turns":6},{"damage":0,"enemies":"Nightmare","floor":30,"turns":7},{"damage":0,"enemies":"Shelled Parasite and Fungi","floor":31,"turns":3},{"damage":51,"enemies":"Automaton","floor":33,"turns":9},{"damage":0,"enemies":"3 Darklings","floor":35,"turns":1},{"damage":2,"enemies":"Orb Walker","floor":38,"turns":2},{"damage":1,"enemies":"Maw","floor":39,"turns":5},{"damage":53,"enemies":"Nemesis","floor":40,"turns":7},{"damage":38,"enemies":"Writhing Mass","floor":41,"turns":6},{"damage":10,"enemies":"Sphere and 2 Shapes","floor":45,"turns":1},{"damage":0,"enemies":"Maw","floor":46,"turns":1}],"seed_played":"-1159436723900130991","potions_obtained":[{"floor":1,"key":"Weak Potion"},{"floor":10,"key":"Regen Potion"},{"floor":13,"key":"theDuelist:Bonebrew"},{"floor":14,"key":"theDuelist:FireBottle"},{"floor":29,"key":"BlessingOfTheForge"},{"floor":30,"key":"Block Potion"},{"floor":31,"key":"Weak Potion"},{"floor":39,"key":"GamblersBrew"}],"is_trial":false,"path_per_floor":["M","?","$","?","M","R","E","M","T","M","R","M","E","M","R","B",null,"M","?","?","T","$","E","R","M","T","E","?","M","NM","M","R","B",null,"M","?","$","M","M","E","M","R","T","?","M","M"],"character_chosen":"THE_DUELIST","items_purchased":["Melange","infinitespire:BottledMercury"],"campfire_rested":1,"item_purchase_floors":[37,37],"current_hp_per_floor":[80,80,80,74,74,74,74,74,81,81,87,81,87,87,87,64,87,85,85,85,85,85,66,72,70,75,67,61,79,82,82,91,40,102,102,102,102,110,109,56,18,60,60,60,50,50,50],"gold":100,"neow_bonus":"THREE_ENEMY_KILL","is_daily":false,"chose_seed":false,"campfire_upgraded":4,"win_rate":0.0,"timestamp":1611290317,"path_taken":["M","?","$","?","M","R","E","M","T","?","R","M","E","M","R","BOSS","M","?","?","?","$","E","R","M","T","E","?","?","NM","M","R","BOSS","M","?","?","M","?","E","M","R","T","?","M","M"],"items_purchased_type":["Relic","Relic"],"build_version":"2020-12-22","purchased_purges":2,"victory":false,"max_hp_per_floor":[80,80,80,80,80,80,80,80,87,87,87,87,87,87,87,87,87,87,87,87,87,87,87,87,87,92,92,92,102,102,102,102,102,102,102,102,102,112,112,112,112,112,112,112,112,112,112],"card_choices":[{"not_picked":["theDuelist:WightLady","theDuelist:NecroworldBanshee","theDuelist:Polymerization","theDuelist:BattleFusion","theDuelist:VampireVamp"],"picked":"SKIP","floor":1},{"not_picked":["theDuelist:Wasteland","theDuelist:PyramidWonders","theDuelist:Mausoleum"],"picked":"theDuelist:SoulAbsorbingBone","floor":5},{"not_picked":["theDuelist:ShiranuiSwordmaster","theDuelist:BurningSkullHead","theDuelist:PMCaptor","theDuelist:BookTaiyou","theDuelist:DarkCreator"],"picked":"SKIP","floor":7},{"not_picked":["theDuelist:Zombina","theDuelist:VampireLady","theDuelist:Polymerization","theDuelist:MayakashiWinter","theDuelist:MammothGraveyard"],"picked":"SKIP","floor":8},{"not_picked":["theDuelist:GhostrickSkeleton","theDuelist:VampireVamp","theDuelist:RegenMummy","theDuelist:Pumpking"],"picked":"theDuelist:Gozuki","floor":10},{"not_picked":["theDuelist:MayakashiReturn","theDuelist:GhostrickMansion","theDuelist:DimensionFusion","theDuelist:PyramidWonders"],"picked":"theDuelist:OniGamiCombo","floor":12},{"not_picked":["theDuelist:VendreadBattlelord","theDuelist:RevendreadEvolution","theDuelist:Gashadokuro","theDuelist:FusionWeapon","theDuelist:MayakashiReturn"],"picked":"SKIP","floor":13},{"not_picked":["theDuelist:CorrodingShark","theDuelist:FlameGhost","theDuelist:ShiranuiSpectralsword","theDuelist:PMCaptor","theDuelist:FossilDragon"],"picked":"SKIP","floor":14},{"not_picked":["theDuelist:UltraPolymerization","theDuelist:MayakashiWinter","theDuelist:InstantFusion","theDuelist:FusionGuard"],"picked":"theDuelist:MonsterReborn","floor":16},{"not_picked":["theDuelist:VampireKingdom","theDuelist:EndlessDecay+1","theDuelist:AntiFusionDevice","theDuelist:Wasteland"],"picked":"theDuelist:GhostrickMansion","floor":18},{"not_picked":["theDuelist:VendreadStriges","theDuelist:InstantFusion"],"picked":"theDuelist:ZombieMaster","floor":23},{"not_picked":["theDuelist:FossilDragon","theDuelist:FossilKnight","theDuelist:FossilSkullConvoy","theDuelist:Skullgios","theDuelist:FossilSkullbuggy+1"],"picked":"SKIP","floor":25},{"not_picked":["theDuelist:FuryFire+1","theDuelist:MagicalGhost","theDuelist:OneForOne+1","theDuelist:RedMedicine+1"],"picked":"theDuelist:DestructPotion","floor":27},{"not_picked":["theDuelist:VampireLady","theDuelist:SkullConductor","theDuelist:AshBlossom","theDuelist:VendreadCore"],"picked":"theDuelist:SkullServant","floor":29},{"not_picked":["theDuelist:CorrodingShark","theDuelist:RebornZombie","theDuelist:ShiranuiSwordmaster+1","theDuelist:SkullFlame","theDuelist:FossilDragon"],"picked":"SKIP","floor":30},{"not_picked":["theDuelist:VampireGrace","theDuelist:VendreadStriges","theDuelist:VendreadBattlelord+1","theDuelist:GhostrickYeti","theDuelist:GhostrickWarwolf"],"picked":"SKIP","floor":31},{"not_picked":["theDuelist:DimensionBurial+1","theDuelist:MagicalGhost","theDuelist:OneForOne+1","theDuelist:BloodSucker"],"picked":"theDuelist:DestructPotion","floor":35},{"not_picked":["theDuelist:Relinkuriboh+1","theDuelist:RebornZombie+1","theDuelist:ShiranuiSpectralsword+1","theDuelist:FossilDragon"],"picked":"theDuelist:GlowUpBloom+1","floor":38},{"not_picked":["theDuelist:DimensionBurial+1","theDuelist:FuryFire+1","theDuelist:MagicalGhost+1","theDuelist:OneForOne+2","theDuelist:DestructPotion+1"],"picked":"SKIP","floor":39},{"not_picked":["theDuelist:DimensionBurial+1","theDuelist:FuryFire+1","theDuelist:MagicalGhost+1","theDuelist:OneForOne+2","theDuelist:DestructPotion+1"],"picked":"SKIP","floor":39},{"not_picked":["theDuelist:NecroworldBanshee+1","theDuelist:IlBlud+1","theDuelist:RedEyesZombie+1","theDuelist:PrematureBurial+1","theDuelist:NecroFusion+1"],"picked":"SKIP","floor":40},{"not_picked":["theDuelist:LichLord+1","theDuelist:GhostrickSkeleton","theDuelist:DoubleCoston+1","theDuelist:ImmortalRuler"],"picked":"theDuelist:VampireFraulein","floor":41},{"not_picked":["theDuelist:Skelesaurus","theDuelist:FossilSkullKing+1","theDuelist:Chewbone","theDuelist:GigastoneOmega"],"picked":"theDuelist:SouleatingOviraptor","floor":45}],"player_experience":592564,"relics_obtained":[{"floor":7,"key":"Eternal Feather"},{"floor":9,"key":"Strawberry"},{"floor":13,"key":"theDuelist:MillenniumArmor"},{"floor":21,"key":"Centennial Puzzle"},{"floor":23,"key":"hubris:BallOfYels"},{"floor":26,"key":"Durian"},{"floor":27,"key":"Replay:Accelerometer"},{"floor":30,"key":"Gremlin Horn"},{"floor":32,"key":"theDuelist:MutatorToken"},{"floor":40,"key":"hubris:64BitClover"},{"floor":43,"key":"War Paint"}],"event_choices":[{"damage_healed":0,"gold_gain":0,"player_choice":"Leave","duelist":true,"damage_taken":0,"max_hp_gain":0,"max_hp_loss":0,"event_name":"Egyptian Village","floor":2,"gold_loss":0},{"damage_healed":0,"gold_gain":0,"player_choice":"Dig - random Duelist relic","duelist":true,"damage_taken":0,"max_hp_gain":0,"max_hp_loss":0,"event_name":"Aknamkanon\u0027s Tomb","floor":4,"gold_loss":0},{"cards_removed":["theDuelist:ArmoredZombie"],"damage_healed":0,"gold_gain":0,"player_choice":"Gave Gold","damage_taken":0,"max_hp_gain":0,"max_hp_loss":0,"event_name":"Beggar","floor":20,"gold_loss":75},{"damage_healed":0,"gold_gain":0,"player_choice":"Dig - random Duelist relic","duelist":true,"damage_taken":0,"max_hp_gain":0,"max_hp_loss":0,"event_name":"Aknamkanon\u0027s Tomb","floor":28,"gold_loss":0},{"cards_removed":["theDuelist:ZombieCorpse"],"damage_healed":0,"gold_gain":0,"player_choice":"Offered Basic","damage_taken":0,"max_hp_gain":0,"max_hp_loss":0,"event_name":"Bonfire Elementals","floor":36,"gold_loss":0},{"damage_healed":0,"gold_gain":0,"player_choice":"Traded Zombie Corpse for Pumpking","duelist":true,"damage_taken":0,"max_hp_gain":0,"max_hp_loss":0,"event_name":"Card Trader","floor":44,"gold_loss":0}],"is_beta":false,"boss_relics":[{"not_picked":["hubris:CrackedHourglass","ReplayTheSpireMod:SealedPack","Replay:Drink Me"]},{"not_picked":["Runic Pyramid","Kintsugi","hubris:RunicObelisk"]}],"items_purged_floors":[3,37],"is_endless":true,"potions_floor_spawned":[1,10,13,14,29,30,31,39],"killed_by":"Maw","ascension_level":1}}