{"host":"nnxvcju6x1qybncj","time":1611336121,"event":{"mods":["BaseMod","Block Reminder","Curses Come First","Custom Start","Dark Map","Displayed Cursed Tome","Downfall","Evolution","Jorbs\u0027s Wanderer Trilogy","Minty Spire (QoL Compilation)","Quick Restart","Relic Stats","StSLib"],"gold_per_floor":[117,117,134,147,160,160,160,160,238,238,267,267,134,149,149,149,149],"floor_reached":16,"language":"ENG","playtime":554,"items_purged":["Zap"],"score":200,"play_id":"e8754718-0e89-41d2-ab68-bc408026d537","local_time":"20210122182201","is_ascension_mode":true,"campfire_choices":[{"data":"Reprogram","floor":8,"key":"SMITH"},{"floor":10,"key":"REST"},{"floor":12,"key":"REST"},{"data":"Hologram","floor":15,"key":"SMITH"}],"circlet_count":0,"master_deck":["AscendersBane","Ball Lightning","Cold Snap","Strike_B","Strike_B","Defend_B","Defend_B","Defend_B","Defend_B","Dualcast","Echo Form+1","Undo+1","Reprogram+1","Go for the Eyes","Steam","Parasite","Gash","Hologram+1"],"relics":["Cracked Core","EVO:Axolotl","Mercury Hourglass","Potion Belt"],"acts_visited":["Exordium"],"potions_floor_usage":[16,16,16],"damage_taken":[{"damage":11,"enemies":"Small Slimes","floor":1,"turns":3},{"damage":7,"enemies":"2 Louse","floor":3,"turns":3},{"damage":0,"enemies":"Jaw Worm","floor":4,"turns":5},{"damage":6,"enemies":"Looter","floor":5,"turns":3},{"damage":20,"enemies":"3 Sentries","floor":11,"turns":7},{"damage":13,"enemies":"Blue Slaver","floor":14,"turns":4},{"damage":49,"enemies":"Slime Boss","floor":16,"turns":7}],"seed_played":"-9070188252000004722","potions_obtained":[{"floor":1,"key":"bronze:BurnAndBuffPotion"},{"floor":3,"key":"Dexterity Potion"},{"floor":11,"key":"SpeedPotion"}],"is_trial":false,"path_per_floor":["M","?","M","M","M","?","?","R","T","R","E","R","$","M","R","B"],"character_chosen":"DEFECT","items_purchased":["Hologram"],"campfire_rested":2,"item_purchase_floors":[13],"current_hp_per_floor":[53,53,46,46,40,19,36,36,36,57,37,58,58,45,45,0,0],"gold":149,"neow_bonus":"ONE_RANDOM_RARE_CARD","is_daily":false,"chose_seed":false,"campfire_upgraded":2,"win_rate":0.0,"timestamp":1611336121,"path_taken":["M","?","M","M","M","?","?","R","T","R","E","R","$","M","R","BOSS"],"items_purchased_type":["Card"],"build_version":"2020-12-22","purchased_purges":1,"victory":false,"max_hp_per_floor":[71,71,71,71,71,71,71,71,71,71,71,71,71,71,71,71,71],"relic_stats":{"counters":[7,32],"obtain_stats":[{"Potion Belt":11,"EVO:Axolotl":0,"Cracked Core":0,"Mercury Hourglass":9},{"Potion Belt":5,"EVO:Axolotl":0,"Cracked Core":0,"Mercury Hourglass":4},{"Potion Belt":21,"EVO:Axolotl":0,"Cracked Core":0,"Mercury Hourglass":14}],"Mercury Hourglass":[81]},"card_choices":[{"not_picked":["White Noise","Leap"],"picked":"Undo","floor":1},{"not_picked":["Sweeping Beam","Static Discharge"],"picked":"Reprogram","floor":3},{"not_picked":["Doom and Gloom","Redo"],"picked":"Go for the Eyes","floor":4},{"not_picked":["Barrage","Capacitor"],"picked":"Steam","floor":5},{"not_picked":["Electrodynamics","Turbo"],"picked":"Gash","floor":11},{"not_picked":["Hello World","Sweeping Beam","Storm"],"picked":"SKIP","floor":14}],"player_experience":706911,"relics_obtained":[{"floor":9,"key":"Mercury Hourglass"},{"floor":11,"key":"Potion Belt"}],"event_choices":[{"damage_healed":0,"gold_gain":0,"player_choice":"Ignored","damage_taken":0,"max_hp_gain":0,"max_hp_loss":0,"event_name":"Liars Game","floor":2,"gold_loss":0},{"damage_healed":0,"gold_gain":0,"player_choice":"Entered Light","damage_taken":21,"max_hp_gain":0,"max_hp_loss":0,"event_name":"Shining Light","floor":6,"gold_loss":0,"cards_upgraded":["Echo Form","Undo"]},{"damage_healed":17,"gold_gain":0,"player_choice":"Healed and dodged fight","damage_taken":0,"max_hp_gain":0,"max_hp_loss":0,"event_name":"Mushrooms","floor":7,"gold_loss":0,"cards_obtained":["Parasite"]}],"is_beta":false,"boss_relics":[],"items_purged_floors":[13],"is_endless":false,"potions_floor_spawned":[1,3,4,11],"killed_by":"Slime Boss","ascension_level":20}}