{"host":"o5jvvi5yapo90aia","time":1611301491,"event":{"mods":["BaseMod","CapriCore","Minty Spire (QoL Compilation)","MostiFishMod","Prisma Mod","Spicy Shops","StSLib","TestMod","The Immortal","Yakumo Yukari mod","【人物mod】游戏王New YuGiOh mod","【功能Mod】Neow奖励"],"gold_per_floor":[114,134,134,149,164,197,197,233,233,268,282,303,328,369,369,459,459,478,315,339,366,281,332,358,414,437,474,474,499,499,508,508,623,632,662,683,692,847,1014,1201,1201,1151,1151,1327,1327,1475,1443,1620,1620,1759,1898,1898,1898,1857,2043,2197],"floor_reached":57,"language":"ZHS","playtime":1749,"items_purged":["Strike_P","Defend_P","Defend_P+1","Vigilance"],"score":3918,"play_id":"5ec5a0ca-4f70-45a1-b838-f9480784fba0","local_time":"20210122154451","is_ascension_mode":true,"campfire_choices":[{"data":"Strike_P","floor":7.0,"key":"PURGE"},{"data":"Eruption","floor":15.0,"key":"PURGE"},{"data":"Strike_P","floor":28.0,"key":"PURGE"},{"data":"Strike_P","floor":32.0,"key":"PURGE"},{"data":"Defend_P","floor":41,"key":"PURGE"},{"floor":45,"key":"RECALL"},{"data":"Defend_P+1","floor":49,"key":"PURGE"},{"data":"SignatureMove+1","floor":53,"key":"PURGE"}],"circlet_count":0,"master_deck":["AscendersBane","MostiFishMod:Speedup","Tantrum+1","Adaptation","InnerPeace+1","DeusExMachina+1","MentalFortress","Necronomicurse","MostiFishMod:CyberBuddha+1","MostiFishMod:SephirahHod+1","testmod-PulseDistributor","Fasting2","Master of Strategy+1","testmod-TemporaryDeletion","MostiFishMod:Adaptation+1","FearNoEvil"],"relics":["DaveBox","testmod-TestBox","SlaversCollar","BionicSphere","testmod-EqualTreatment","SynthV:TestCard","Golden Idol","Happy Flower","Mango","White Beast Statue","Toxic Egg 2","Lantern","testmod-PortableAltar","DiscerningMonocle","Medical Kit","Pen Nib","testmod-Acrobat","CeramicFish","testmod-Antiphasic","Blood Vial","Ornamental Fan","testmod-Hope","testmod-LifeArmor","Necronomicon","MostiFishMod:Hod","Smiling Mask","Sundial","Dream Catcher","BrkXgEgg","MetatronsCube","Whetstone","War Paint","TeardropLocket","Art of War","Membership Card","Mummified Hand","Omamori","Boot","MostiFishMod:AdaptiveDefenses","Damaru","Anchor","Eternal Feather","BirthdayGift-Tetrahedron","testmod-OneHitWonder","Orrery","TungstenRod"],"acts_visited":["Exordium","TheCity","TheBeyond","TheEnding"],"potions_floor_usage":[33,33,56],"damage_taken":[{"damage":4.0,"enemies":"Cultist","floor":1.0,"turns":4.0},{"damage":0.0,"enemies":"Jaw Worm","floor":2.0,"turns":4.0},{"damage":0.0,"enemies":"Small Slimes","floor":4.0,"turns":3.0},{"damage":0.0,"enemies":"Looter","floor":5.0,"turns":4.0},{"damage":0.0,"enemies":"3 Sentries","floor":6.0,"turns":4.0},{"damage":0.0,"enemies":"Lagavulin","floor":8.0,"turns":5.0},{"damage":7.0,"enemies":"3 Sentries","floor":10.0,"turns":4.0},{"damage":0.0,"enemies":"2 Fungi Beasts","floor":11.0,"turns":3.0},{"damage":0.0,"enemies":"Large Slime","floor":12.0,"turns":3.0},{"damage":0.0,"enemies":"Looter","floor":13.0,"turns":3.0},{"damage":0.0,"enemies":"Gremlin Nob","floor":14.0,"turns":3.0},{"damage":14.0,"enemies":"The Guardian","floor":16.0,"turns":6.0},{"damage":3.0,"enemies":"Chosen","floor":18.0,"turns":3.0},{"damage":3.0,"enemies":"2 Thieves","floor":20.0,"turns":3.0},{"damage":3.0,"enemies":"3 Cultists","floor":21.0,"turns":3.0},{"damage":14.0,"enemies":"Gremlin Leader","floor":23.0,"turns":3.0},{"damage":2.0,"enemies":"Chosen and Byrds","floor":24.0,"turns":3.0},{"damage":7.0,"enemies":"Slavers","floor":25.0,"turns":2.0},{"damage":1.0,"enemies":"Gremlin Leader","floor":27.0,"turns":3.0},{"damage":1.0,"enemies":"Cultist and Chosen","floor":29.0,"turns":3.0},{"damage":0,"enemies":"Automaton","floor":33,"turns":2},{"damage":0,"enemies":"Orb Walker","floor":35,"turns":1},{"damage":0,"enemies":"3 Shapes","floor":36,"turns":1},{"damage":0,"enemies":"Sphere and 2 Shapes","floor":38,"turns":3},{"damage":1,"enemies":"Transient","floor":39,"turns":5},{"damage":0,"enemies":"Reptomancer","floor":40,"turns":2},{"damage":0,"enemies":"Giant Head","floor":44,"turns":2},{"damage":0,"enemies":"Maw","floor":46,"turns":2},{"damage":0,"enemies":"Reptomancer","floor":48,"turns":2},{"damage":0,"enemies":"Awakened One","floor":50,"turns":3},{"damage":0,"enemies":"Donu and Deca","floor":51,"turns":1},{"damage":0,"enemies":"Shield and Spear","floor":55,"turns":1},{"damage":0,"enemies":"The Heart","floor":56,"turns":5}],"seed_played":"8153451526545073265","potions_obtained":[{"floor":2.0,"key":"Weak Potion"},{"floor":5.0,"key":"EntropicBrew"},{"floor":14.0,"key":"DuplicationPotion"},{"floor":16.0,"key":"StancePotion"},{"floor":23.0,"key":"Fruit Juice"},{"floor":24.0,"key":"Weak Potion"},{"floor":25.0,"key":"GamblersBrew"},{"floor":27.0,"key":"Strength Potion"},{"floor":33,"key":"SpeedPotion"},{"floor":35,"key":"Strength Potion"}],"is_trial":false,"path_per_floor":["M","M","?","M","M","E","R","E","T","E","M","M","M","E","R","B",null,"M","$","M","M","?","E","M","E","T","E","R","M","?","?","R","B",null,"M","M","?","M","M","E","R","$","T","E","R","M","$","E","R","B","B",null,"R","$","E","B",null],"character_chosen":"WATCHER","items_purchased":["DiscerningMonocle","Medical Kit","Pen Nib","testmod-Acrobat","CeramicFish","testmod-Antiphasic","Sundial","Dream Catcher","BrkXgEgg","MetatronsCube","Whetstone","War Paint","Membership Card","Mummified Hand","Omamori","Boot","MostiFishMod:AdaptiveDefenses","Master of Strategy+1","testmod-TemporaryDeletion","Anchor","Eternal Feather","BirthdayGift-Tetrahedron","testmod-OneHitWonder","Orrery","FearNoEvil","SkillPotion"],"campfire_rested":0,"item_purchase_floors":[19,19,19,19,19,19,42,42,42,42,42,42,47,47,47,47,47,47,47,54,54,54,54,54,54,54],"current_hp_per_floor":[57,58,35,36,37,38,38,53,53,46,47,48,49,50,50,38,71,70,70,69,68,68,63,65,62,62,65,65,68,68,47,47,49,65,67,68,57,59,60,62,62,62,61,60,59,58,57,56,55,54,53,52,51,50,49,48],"gold":2197,"neow_bonus":"BOSS_RELIC","is_daily":false,"chose_seed":false,"campfire_upgraded":0,"win_rate":0.0,"timestamp":1611301491,"path_taken":["M","M","?","M","M","E","R","E","T","E","M","M","M","E","R","BOSS","M","$","M","M","?","E","M","E","T","E","R","M","?","?","R","BOSS","M","M","?","M","M","E","R","$","T","E","R","M","$","E","R","BOSS","BOSS","R","$","E","BOSS"],"items_purchased_type":["Relic","Relic","Relic","Relic","Relic","Relic","Relic","Relic","Relic","Relic","Relic","Relic","Relic","Relic","Relic","Relic","Relic","Card","Card","Relic","Relic","Relic","Relic","Relic","Card","Potion"],"build_version":"2020-12-22","purchased_purges":4,"victory":true,"max_hp_per_floor":[68,68,68,68,68,68,68,82,82,82,82,82,82,82,82,82,82,81,80,79,78,77,81,80,79,78,77,76,75,74,73,72,71,70,69,68,67,66,65,64,63,62,61,60,59,58,57,56,55,54,53,52,51,50,49,48],"card_choices":[{"not_picked":["Protect","Study","EmptyBody"],"picked":"SKIP","floor":1.0},{"not_picked":["FearNoEvil","Protect","SignatureMove","Prostrate"],"picked":"MostiFishMod:Speedup","floor":2.0},{"not_picked":["MostiFishMod:Speedup","ClearTheMind","Halt","FollowUp","Consecrate"],"picked":"SKIP","floor":4.0},{"not_picked":["MostiFishMod:Speedup","ClearTheMind","Halt","FollowUp","Consecrate"],"picked":"SKIP","floor":4.0},{"not_picked":["FlyingSleeves","FollowUp","FlurryOfBlows","ConjureBlade"],"picked":"Tantrum","floor":5.0},{"not_picked":["Protect","FlyingSleeves","FlurryOfBlows","WheelKick"],"picked":"SignatureMove","floor":6.0},{"not_picked":["MostiFishMod:KamiSmash","FlurryOfBlows","Indignation","PathToVictory"],"picked":"Adaptation","floor":8.0},{"not_picked":["Prostrate+1","MostiFishMod:Minus+1","CrushJoints","MostiFishMod:LegendTransform","Nirvana"],"picked":"SKIP","floor":10.0},{"not_picked":["ClearTheMind+1","Prostrate+1","Adaptation","Protect+1","EmptyFist"],"picked":"SKIP","floor":11.0},{"not_picked":["Adaptation","Study","Evaluate+1","WaveOfTheHand+1","JustLucky"],"picked":"SKIP","floor":12.0},{"not_picked":["MostiFishMod:StarHerder","Crescendo+1","SashWhip","EmptyMind+1"],"picked":"InnerPeace+1","floor":13.0},{"not_picked":["FlyingSleeves","Adaptation","EmptyBody+1","MostiFishMod:OutWit","CarveReality"],"picked":"SKIP","floor":14.0},{"not_picked":["DevaForm","MostiFishMod:Moonprays+1","MostiFishMod:Dust","Judgement+1"],"picked":"DeusExMachina+1","floor":16.0},{"not_picked":["CrushJoints","Halt+1","Tantrum+1","Meditate+1","BowlingBash+1"],"picked":"SKIP","floor":18.0},{"not_picked":["SashWhip+1","Study","FlyingSleeves","MostiFishMod:Minus+1","Swivel+1"],"picked":"SKIP","floor":20.0},{"not_picked":["WaveOfTheHand+1","MostiFishMod:PathToVictory+1","EmptyMind+1","JustLucky","WreathOfFlame+1"],"picked":"SKIP","floor":21.0},{"not_picked":["Wallop","Protect+1","Weave","FollowUp","WaveOfTheHand+1"],"picked":"SKIP","floor":23.0},{"not_picked":["Protect+1","JustLucky","Prostrate+1","Wallop","SignatureMove"],"picked":"SKIP","floor":24.0},{"not_picked":["MostiFishMod:FlowState+1","CutThroughFate","Scrawl+1","Evaluate+1"],"picked":"MentalFortress","floor":25.0},{"not_picked":["Sanctity+1","Prostrate+1","BowlingBash","PathToVictory+1","SashWhip+1"],"picked":"SKIP","floor":27.0},{"not_picked":["WindmillStrike","Adaptation","MostiFishMod:Clarity+1","JustLucky+1","EmptyFist+1"],"picked":"SKIP","floor":29.0},{"not_picked":["MostiFishMod:OutWit","MostiFishMod:StarWish+1","Ragnarok","SpiritShield+1"],"picked":"MostiFishMod:CyberBuddha+1","floor":33},{"not_picked":["MostiFishMod:LegendTransform","SashWhip+1","ThirdEye+1","FlyingSleeves","ForeignInfluence+1"],"picked":"SKIP","floor":35},{"not_picked":["MostiFishMod:Nomercy","CutThroughFate","JustLucky+1","EmptyFist","Protect+1"],"picked":"SKIP","floor":36},{"not_picked":["Panacea+1","testmod-HeadAttack+1","Apotheosis+1","Trip+1"],"picked":"testmod-PulseDistributor","floor":37},{"not_picked":["DeceiveReality+1","FlyingSleeves","Nirvana","Evaluate+1","EmptyBody+1"],"picked":"SKIP","floor":38},{"not_picked":["ThirdEye+1","Swivel+1","EmptyMind+1","Tantrum","Worship+1"],"picked":"SKIP","floor":39},{"not_picked":["MostiFishMod:Unraveling+1","SignatureMove","FlurryOfBlows","BowlingBash+1"],"picked":"Fasting2","floor":40},{"not_picked":["FlyingSleeves","ForeignInfluence+1","MostiFishMod:Nomercy","Crescendo+1","Alpha+1"],"picked":"SKIP","floor":44},{"not_picked":["FlurryOfBlows","Collect+1","FlyingSleeves","CrushJoints","BowlingBash"],"picked":"SKIP","floor":46},{"not_picked":["Halt+1","Fasting2","Tantrum","EmptyMind+1"],"picked":"MostiFishMod:Adaptation+1","floor":48},{"not_picked":["MostiFishMod:StarWish+1","Perseverance+1","CutThroughFate","MostiFishMod:Speedup","SashWhip"],"picked":"SKIP","floor":55}],"player_experience":1485693,"relics_obtained":[{"floor":1.0,"key":"SynthV:TestCard"},{"floor":6.0,"key":"Happy Flower"},{"floor":8.0,"key":"Mango"},{"floor":9.0,"key":"White Beast Statue"},{"floor":10.0,"key":"Toxic Egg 2"},{"floor":14.0,"key":"Lantern"},{"floor":23.0,"key":"Ornamental Fan"},{"floor":25.0,"key":"testmod-Hope"},{"floor":27.0,"key":"testmod-LifeArmor"},{"floor":31.0,"key":"Necronomicon"},{"floor":40,"key":"Smiling Mask"},{"floor":43,"key":"TeardropLocket"},{"floor":44,"key":"Art of War"},{"floor":48,"key":"Damaru"},{"floor":55,"key":"TungstenRod"}],"event_choices":[{"damage_healed":0.0,"max_hp_gain":0.0,"max_hp_loss":0.0,"gold_gain":0.0,"event_name":"Golden Idol","player_choice":"Take Damage","floor":3.0,"gold_loss":0.0,"damage_taken":23.0,"relics_obtained":["Golden Idol"]},{"damage_healed":0.0,"max_hp_gain":0.0,"max_hp_loss":0.0,"gold_gain":0.0,"event_name":"Addict","player_choice":"Obtained Relic","floor":22.0,"gold_loss":85.0,"damage_taken":0.0,"relics_obtained":["Blood Vial"]},{"damage_healed":0.0,"max_hp_gain":0.0,"max_hp_loss":0.0,"gold_gain":0.0,"event_name":"Vampires","player_choice":"Ignored","floor":30.0,"gold_loss":0.0,"damage_taken":0.0},{"damage_healed":0.0,"max_hp_gain":0.0,"max_hp_loss":0.0,"gold_gain":0.0,"event_name":"Cursed Tome","player_choice":"Obtained Book","floor":31.0,"gold_loss":0.0,"damage_taken":21.0},{"damage_healed":0,"gold_gain":0,"player_choice":"Memory 3","damage_taken":10,"max_hp_gain":0,"max_hp_loss":0,"event_name":"SensoryStone","floor":37,"gold_loss":0}],"is_beta":false,"boss_relics":[{"not_picked":["testmod-DreamHouse","NightmareShop"],"picked":"testmod-PortableAltar"},{"not_picked":["ShadowXiaoBlade","testmod-SaigiyounoYou"],"picked":"MostiFishMod:Hod"}],"items_purged_floors":[19,42,47,54],"is_endless":false,"potions_floor_spawned":[2,5,10,11,12,13,14,16,18,20,21,23,24,25,27,29,33,35,36,38,39,40,44,46,48,55],"ascension_level":20}}