{"host":"h2gxemxa99wv6yfu","time":1611288710,"event":{"mods":["BaseMod","Block Reminder","Colored Powertips","Friendly Minions","Highlight Path","Infinite Spire","Minty Spire (QoL Compilation)","Permanent Neow","Quick Restart","Relic Stats","Replay The Spire","Shop Mod","StSLib"],"gold_per_floor":[112,169,186,201,219,250,267,267,317,317,317,317,317,317,78,105,105,212,212,235,235,267,6,33,86,86,132,132,175,183,183],"floor_reached":30,"language":"ENG","playtime":895,"items_purged":["Defend_R"],"score":325,"play_id":"dc23ed92-b310-43cc-8324-5f93add6cce1","local_time":"20210121221150","is_ascension_mode":true,"campfire_choices":[{"data":"Limit Break","floor":8.0,"key":"SMITH"},{"data":"Metallicize","floor":10.0,"key":"SMITH"},{"floor":17.0,"key":"REST"}],"circlet_count":0,"master_deck":["Strike_R","Strike_R","Strike_R","Strike_R","Defend_R","Defend_R","Defend_R","Bash","Limit Break+1","Heavy Blade","Inflame","Spot Weakness","Metallicize+1","Twin Strike","Offering","Feed","Sword Boomerang"],"relics":["Burning Blood","Replay:PocketPolymizer","Replay:Bandana","Bottled Tornado","Busted Crown","Philosopher\u0027s Stone","Bottled Flame","infinitespire:EmpoweringShard","Unceasing Top"],"acts_visited":["Exordium","TheCity"],"potions_floor_usage":[22,25,27],"damage_taken":[{"damage":3.0,"enemies":"2 Louse","floor":1.0,"turns":4.0},{"damage":2.0,"enemies":"Jaw Worm","floor":3.0,"turns":3.0},{"damage":6.0,"enemies":"Cultist","floor":4.0,"turns":3.0},{"damage":22.0,"enemies":"Red Slaver","floor":5.0,"turns":4.0},{"damage":34.0,"enemies":"Gremlin Nob","floor":6.0,"turns":5.0},{"damage":0.0,"enemies":"Gremlin Gang","floor":7.0,"turns":5.0},{"damage":19.0,"enemies":"Large Slime","floor":16.0,"turns":4.0},{"damage":12.0,"enemies":"Fading Forest","floor":18.0,"turns":11.0},{"damage":20,"enemies":"2 Thieves","floor":20,"turns":3},{"damage":8,"enemies":"Spheric Guardian","floor":22,"turns":3},{"damage":22,"enemies":"Snake Plant","floor":24,"turns":2},{"damage":27,"enemies":"Book of Stabbing","floor":25,"turns":3},{"damage":14,"enemies":"Replay:Snechameleon","floor":27,"turns":6},{"damage":15,"enemies":"Cultist and Chosen","floor":29,"turns":3},{"damage":16,"enemies":"Centurion and Healer","floor":30,"turns":1}],"seed_played":"6065746085050242759","potions_obtained":[{"floor":5.0,"key":"BlessingOfTheForge"},{"floor":6.0,"key":"Swift Potion"},{"floor":7.0,"key":"Weak Potion"},{"floor":18.0,"key":"Fire Potion"},{"floor":22,"key":"Weak Potion"},{"floor":29,"key":"BloodPotion"}],"is_trial":false,"path_per_floor":["M","?","M","M","M","E","M","R","T","R","?","PTL","PTL","T","$","M","R","B",null,"M","AVR","M","$","M","E","$","E","T","M","M"],"character_chosen":"IRONCLAD","items_purchased":["Offering","Bottled Flame"],"campfire_rested":1,"item_purchase_floors":[15,23],"current_hp_per_floor":[72,72,72,72,56,28,34,34,34,34,34,34,34,34,34,21,42,60,72,61,61,62,62,46,28,28,20,20,14,0,0],"gold":183,"neow_bonus":"THREE_RARE_CARDS","is_daily":false,"chose_seed":false,"campfire_upgraded":2,"win_rate":0.0,"timestamp":1611288710,"path_taken":["M","?","M","M","M","E","M","R","T","R","?","PTL","PTL","?","$","M","R","BOSS","M","AVR","?","$","M","E","?","E","T","M","?"],"items_purchased_type":["Card","Relic"],"build_version":"2020-12-22","purchased_purges":1,"victory":false,"max_hp_per_floor":[72,72,72,72,72,72,72,72,72,72,72,72,72,72,72,72,72,72,72,75,75,78,78,78,81,81,81,81,84,84,84],"relic_stats":{"Busted Crown":12,"counters":[15,60],"obtain_stats":[{"Replay:Bandana":9,"Bottled Flame":23,"Replay:PocketPolymizer":6,"Busted Crown":19,"Philosopher\u0027s Stone":21,"infinitespire:EmpoweringShard":25,"Bottled Tornado":14,"Burning Blood":0,"Unceasing Top":27},{"Replay:Bandana":6,"Bottled Flame":10,"Replay:PocketPolymizer":5,"Busted Crown":8,"Philosopher\u0027s Stone":9,"infinitespire:EmpoweringShard":12,"Bottled Tornado":6,"Burning Blood":0,"Unceasing Top":13},{"Replay:Bandana":24,"Bottled Flame":45,"Replay:PocketPolymizer":19,"Busted Crown":39,"Philosopher\u0027s Stone":42,"infinitespire:EmpoweringShard":50,"Bottled Tornado":24,"Burning Blood":0,"Unceasing Top":56}],"Burning Blood":77,"Unceasing Top":[2]},"card_choices":[{"not_picked":["Replay:Many Hands","Immolate"],"picked":"Limit Break","floor":0.0},{"not_picked":["Perfected Strike","Uppercut"],"picked":"Heavy Blade","floor":1.0},{"not_picked":["Sword Boomerang","Dark Embrace"],"picked":"Inflame","floor":3.0},{"not_picked":["Thunderclap","Clothesline","Pommel Strike"],"picked":"SKIP","floor":4.0},{"not_picked":["Rage","Intimidate"],"picked":"Spot Weakness","floor":5.0},{"not_picked":["ReplayTheSpireMod:Strike From Hell","Pommel Strike","Corruption"],"picked":"SKIP","floor":6.0},{"not_picked":["Heavy Blade","Headbutt"],"picked":"Metallicize","floor":7.0},{"not_picked":["ReplayReversal","Combust","Life Link"],"picked":"SKIP","floor":16.0},{"not_picked":["Fiend Fire","Bludgeon"],"picked":"Feed","floor":18.0},{"not_picked":[],"picked":"Sword Boomerang","floor":20},{"not_picked":["Body Slam"],"picked":"SKIP","floor":22},{"not_picked":["ReplayTheSpireMod:Strike From Hell"],"picked":"SKIP","floor":24},{"not_picked":["Clothesline"],"picked":"SKIP","floor":25},{"not_picked":["Seeing Red"],"picked":"SKIP","floor":27},{"not_picked":["Hemokinesis"],"picked":"SKIP","floor":29}],"player_experience":29630,"relics_obtained":[{"floor":6.0,"key":"Replay:PocketPolymizer"},{"floor":9.0,"key":"Replay:Bandana"},{"floor":14.0,"key":"Bottled Tornado"},{"floor":25,"key":"infinitespire:EmpoweringShard"},{"floor":27,"key":"Unceasing Top"}],"event_choices":[{"damage_healed":0.0,"max_hp_gain":0.0,"max_hp_loss":0.0,"gold_gain":57.0,"event_name":"Golden Wing","player_choice":"Gained Gold","floor":2.0,"gold_loss":0.0,"damage_taken":0.0}],"is_beta":false,"boss_relics":[{"not_picked":["Replay:Drink Me","Kintsugi"],"picked":"Busted Crown"}],"items_purged_floors":[15],"is_endless":false,"potions_floor_spawned":[5,6,7,18,20,22,29],"killed_by":"Centurion and Healer","ascension_level":2}}