{"host":"12g8pzxdn4uh7yby","time":1611359994,"event":{"mods":["AchievementEnabler","BaseMod","Colored Map","Highlight Path","Minty Spire (QoL Compilation)","Relic Stats","StSLib"],"gold_per_floor":[112,122,122,22,97,126,140,140,140],"floor_reached":8,"playtime":391,"items_purged":[],"score":59,"play_id":"24c808f5-1052-4664-93a4-7f7101a778e9","local_time":"20210122165954","is_ascension_mode":true,"campfire_choices":[],"circlet_count":0,"master_deck":["Strike_B","Strike_B","Strike_B","Strike_B","Defend_B","Defend_B","Defend_B","Defend_B","Zap","Dualcast","Beam Cell","Consume","Meteor Strike","Turbo","Conserve Battery"],"relics":["Fusion Hammer","The Courier","Vajra"],"acts_visited":["Exordium"],"potions_floor_usage":[8],"damage_taken":[{"damage":1,"enemies":"Jaw Worm","floor":1,"turns":3},{"damage":7,"enemies":"Small Slimes","floor":2,"turns":3},{"damage":39,"enemies":"Lagavulin","floor":6,"turns":8},{"damage":7,"enemies":"2 Louse","floor":7,"turns":2},{"damage":6,"enemies":"Gremlin Nob","floor":8,"turns":2}],"seed_played":"7180602192641115860","potions_obtained":[{"floor":6,"key":"SteroidPotion"},{"floor":7,"key":"Explosive Potion"}],"is_trial":false,"path_per_floor":["M","M","?","$","?","E","M","E"],"character_chosen":"DEFECT","items_purchased":["Meteor Strike","Turbo"],"campfire_rested":0,"item_purchase_floors":[4,4],"current_hp_per_floor":[74,67,60,60,49,10,3,0,0],"gold":140,"neow_bonus":"BOSS_RELIC","is_daily":false,"chose_seed":false,"campfire_upgraded":0,"win_rate":0.0,"timestamp":1611359994,"path_taken":["M","M","?","$","?","E","M","E"],"items_purchased_type":["Card","Card"],"build_version":"2020-12-13","purchased_purges":0,"victory":false,"max_hp_per_floor":[75,75,75,75,75,75,75,75,75],"relic_stats":{"counters":[5,18],"obtain_stats":[{"Vajra":6,"Fusion Hammer":0,"The Courier":3,"Cracked Core":0},{"Vajra":3,"Fusion Hammer":0,"The Courier":2,"Cracked Core":0},{"Vajra":14,"Fusion Hammer":0,"The Courier":6,"Cracked Core":0}]},"card_choices":[{"not_picked":["Turbo","Hologram"],"picked":"Beam Cell","floor":1},{"not_picked":["White Noise","Compile Driver"],"picked":"Consume","floor":2},{"not_picked":["Chill","Reprogram"],"picked":"Conserve Battery","floor":6},{"not_picked":["Force Field","Doom and Gloom","Storm"],"picked":"SKIP","floor":7},{"not_picked":["Force Field","Doom and Gloom","Storm"],"picked":"SKIP","floor":7}],"player_experience":68901,"relics_obtained":[{"floor":6,"key":"Vajra"}],"event_choices":[{"damage_healed":0,"gold_gain":0,"player_choice":"Success","damage_taken":7,"relics_obtained":["The Courier"],"max_hp_gain":0,"max_hp_loss":0,"event_name":"Scrap Ooze","floor":3,"gold_loss":0},{"damage_healed":0,"gold_gain":75,"player_choice":"Gather Gold","damage_taken":11,"max_hp_gain":0,"max_hp_loss":0,"event_name":"World of Goop","floor":5,"gold_loss":0}],"is_beta":false,"boss_relics":[],"items_purged_floors":[],"is_endless":false,"potions_floor_spawned":[6,7],"killed_by":"Gremlin Nob","ascension_level":1}}