{"host":"2yqfi47fogfu1ic4","time":1611335651,"event":{"mods":["AchievementEnabler","BaseMod","Colored Map","Colored Powertips","Highlight Path","Minty Spire (QoL Compilation)","Permanent Neow","Relic Stats","StSLib"],"gold_per_floor":[365,365,15,15,15,15,38,38,38,63,63,77,77,115,115,115,115],"floor_reached":16,"language":"DEU","playtime":573,"items_purged":["Strike_G"],"score":246,"play_id":"e9fcdc8c-a5f3-46e8-9c54-e32d47090735","local_time":"20210122181411","is_ascension_mode":true,"campfire_choices":[{"data":"Blade Dance","floor":6.0,"key":"SMITH"},{"data":"Dagger Throw","floor":8.0,"key":"SMITH"},{"data":"Blade Dance","floor":13.0,"key":"SMITH"},{"data":"Neutralize","floor":15.0,"key":"SMITH"}],"circlet_count":0,"master_deck":["AscendersBane","Strike_G","Strike_G","Strike_G","Strike_G","Defend_G","Defend_G","Defend_G","Defend_G","Defend_G","Survivor","Neutralize+1","Blade Dance+1","Dagger Throw+1","Eviscerate+1","Blade Dance+1","Backflip"],"relics":["Ring of the Snake","Nunchaku","HornCleat","Golden Idol","Tough Bandages","Sundial"],"acts_visited":["Exordium"],"potions_floor_usage":[],"damage_taken":[{"damage":5.0,"enemies":"Jaw Worm","floor":1.0,"turns":5.0},{"damage":0.0,"enemies":"2 Louse","floor":7.0,"turns":4.0},{"damage":0.0,"enemies":"Small Slimes","floor":10.0,"turns":2.0},{"damage":0.0,"enemies":"Exordium Wildlife","floor":12.0,"turns":3.0},{"damage":0.0,"enemies":"Gremlin Nob","floor":14.0,"turns":3.0},{"damage":21,"enemies":"Hexaghost","floor":16,"turns":9}],"seed_played":"1663738251836061813","potions_obtained":[{"floor":1.0,"key":"SkillPotion"}],"is_trial":false,"path_per_floor":["M","?","$","?","?","R","M","R","T","M","?","M","R","E","R","B"],"character_chosen":"THE_SILENT","items_purchased":["HornCleat"],"campfire_rested":0,"item_purchase_floors":[3],"current_hp_per_floor":[39,21,21,21,21,21,21,21,21,21,21,21,21,21,21,0,0],"gold":115,"neow_bonus":"TWO_FIFTY_GOLD","is_daily":false,"chose_seed":false,"campfire_upgraded":4,"win_rate":0.0,"timestamp":1611335651,"path_taken":["M","?","$","?","?","R","M","R","T","?","?","M","R","E","R","BOSS"],"items_purchased_type":["Relic"],"build_version":"2020-12-22","purchased_purges":1,"victory":false,"max_hp_per_floor":[66,66,66,66,60,60,60,60,60,60,60,60,60,60,60,60,60],"relic_stats":{"Nunchaku":[7],"Tough Bandages":[18],"counters":[6,26],"Golden Idol":21,"Sundial":[2],"obtain_stats":[{"Nunchaku":2,"Tough Bandages":9,"HornCleat":3,"Golden Idol":5,"Sundial":14,"Ring of the Snake":0},{"Nunchaku":1,"Tough Bandages":2,"HornCleat":1,"Golden Idol":1,"Sundial":5,"Ring of the Snake":0},{"Nunchaku":5,"Tough Bandages":9,"HornCleat":5,"Golden Idol":5,"Sundial":17,"Ring of the Snake":0}],"Ring of the Snake":[12]},"card_choices":[{"not_picked":["Dagger Throw","Calculated Gamble"],"picked":"Blade Dance","floor":1.0},{"not_picked":["Underhanded Strike","Riddle With Holes"],"picked":"Dagger Throw","floor":7.0},{"not_picked":["Poisoned Stab","Distraction"],"picked":"Eviscerate","floor":10.0},{"not_picked":["Flying Knee","Quick Slash"],"picked":"Blade Dance","floor":12.0},{"not_picked":["Outmaneuver","Flying Knee"],"picked":"Backflip","floor":14.0}],"player_experience":1582098,"relics_obtained":[{"floor":9.0,"key":"Tough Bandages"},{"floor":14.0,"key":"Sundial"}],"event_choices":[{"damage_healed":0.0,"max_hp_gain":0.0,"max_hp_loss":0.0,"gold_gain":0.0,"event_name":"Scrap Ooze","player_choice":"Success","floor":2.0,"gold_loss":0.0,"damage_taken":18.0,"relics_obtained":["Nunchaku"]},{"damage_healed":0.0,"max_hp_gain":0.0,"max_hp_loss":0.0,"gold_gain":0.0,"event_name":"Liars Game","player_choice":"Ignored","floor":4.0,"gold_loss":0.0,"damage_taken":0.0},{"damage_healed":0.0,"max_hp_gain":0.0,"max_hp_loss":6.0,"gold_gain":0.0,"event_name":"Golden Idol","player_choice":"Lose Max HP","floor":5.0,"gold_loss":0.0,"damage_taken":0.0,"relics_obtained":["Golden Idol"]},{"damage_healed":0.0,"max_hp_gain":0.0,"max_hp_loss":0.0,"gold_gain":0.0,"event_name":"Living Wall","player_choice":"Grow","floor":11.0,"gold_loss":0.0,"damage_taken":0.0,"cards_upgraded":["Eviscerate"]}],"is_beta":false,"boss_relics":[],"items_purged_floors":[3],"is_endless":false,"potions_floor_spawned":[1],"killed_by":"Hexaghost","ascension_level":20}}