{"host":"njruw0b0uprlitpx","time":1611300191,"event":{"mods":["2.2 Compatiblity","Bartender","BaseMod","Better Altar","Better Match","Better Note","Better Sensory Stone","Better Skull","Better Third Choice","BetterRewards","Block Reminder","Colored Map","Colored Powertips","Energized Spire","Hermit","Jedi Mod","Keyboard Shortcuts","Minty Spire (QoL Compilation)","Quick Restart","Rare Cards Sparkle","Relic Stats","Replay The Spire","SacredBarkPlus","Spicy Shops","StSLib","SuperFastMode","The Blackbeard","The Bug Knight","The Construct","The Dragon Tamer","The Forsaken","The Mystic"],"gold_per_floor":[118,45,63,63,63,63,94,94,121,137,172,183,183,218,218,297,297,314,314,314,314,329,329,363,381,381,381,415,21,34,49,49,123,123,135,135,152,152,152,183,196,196,196,28,61,11,37,56,56,56],"floor_reached":51,"language":"ENG","playtime":1752,"items_purged":["Hallucinations","Defend_Bartender"],"score":2384,"play_id":"f52bb181-b98b-4af8-a976-29752acf5996","local_time":"20210122012311","is_ascension_mode":true,"campfire_choices":[{"data":"Dolphin_Blow","floor":4,"key":"SMITH"},{"data":"Bitters","floor":6,"key":"SMITH"},{"data":"Meteodrive","floor":8,"key":"SMITH"},{"data":"Vortex","floor":13,"key":"SMITH"},{"data":"Cross","floor":15,"key":"SMITH"},{"data":"OpoOpo_Form","floor":23,"key":"SMITH"},{"floor":27,"key":"REST"},{"data":"Vortex","floor":32,"key":"SMITH"},{"data":"Cold_Blooded","floor":39,"key":"SMITH"},{"data":"Power_Up_Punch","floor":49,"key":"SMITH"}],"circlet_count":0,"master_deck":["AscendersBane","Strike_Bartender","Strike_Bartender","Strike_Bartender","Strike_Bartender","Defend_Bartender","Defend_Bartender","Defend_Bartender","Somersault","Perfect_Balance","Meteodrive+1","Feint","Free_Pour","Free_Pour","Bitters+1","Dolphin_Blow+1","Ripple","Sucker_Punch","Vortex+","Axe_Heel_Kick","Cross+1","ThreeSidedStar","Moonsault_Kick","Glare","hermit:Deadeye","OpoOpo_Form+1","Vortex+","Ball_Of_Ice+1","Surge+1","Cold_Blooded+1","RockBreaker","AscendersBane","Raptor_Form+1","Dart","Cross+1","Power_Up_Punch+1"],"relics":["Sneakers","TungstenRod","jedi:arcanewood","Choco_Feather","ReplayTheSpireMod:TigerMarble","Unceasing Top","PreservedInsect","Lantern","ReplayTheSpireMod:CursedCoin","Ring of Fury","ReplayTheSpireMod:Ring of Collecting","Replay:Bottled Flurry","Smiling Mask","theForsaken:Lifeblossom","Bag of Preparation","Sozu","Bloody Idol","Incense Burner","Divine Protection","MealTicket","Bottled Tornado","HandDrill","energizedSpire:NeverEndingSparkler","Anchor","Centennial Puzzle","Lee\u0027s Waffle","jedi:heavyjacket","Mummified Hand"],"acts_visited":["Exordium","TheCity","TheBeyond"],"potions_floor_usage":[0,7,16],"damage_taken":[{"damage":0,"enemies":"Cultist","floor":1,"turns":3},{"damage":0,"enemies":"Jaw Worm","floor":3,"turns":5},{"damage":0,"enemies":"Lagavulin","floor":7,"turns":3},{"damage":0,"enemies":"Small Slimes","floor":10,"turns":1},{"damage":0,"enemies":"3 Sentries","floor":11,"turns":2},{"damage":0,"enemies":"2 Fungi Beasts","floor":12,"turns":2},{"damage":0,"enemies":"Gremlin Nob","floor":14,"turns":1},{"damage":15,"enemies":"The Guardian","floor":16,"turns":7},{"damage":0,"enemies":"Spheric Guardian","floor":18,"turns":1},{"damage":0,"enemies":"2 Thieves","floor":22,"turns":2},{"damage":5,"enemies":"Book of Stabbing","floor":24,"turns":3},{"damage":8,"enemies":"Snake Plant","floor":25,"turns":2},{"damage":0,"enemies":"Slavers","floor":28,"turns":1},{"damage":0,"enemies":"Centurion and Healer","floor":30,"turns":2},{"damage":0,"enemies":"Chosen and Byrds","floor":31,"turns":2},{"damage":0,"enemies":"Automaton","floor":33,"turns":6},{"damage":3,"enemies":"3 Shapes","floor":35,"turns":2},{"damage":0,"enemies":"Orb Walker","floor":37,"turns":2},{"damage":0,"enemies":"R_Hoarder","floor":40,"turns":3},{"damage":0,"enemies":"Spire Growth","floor":41,"turns":3},{"damage":0,"enemies":"Giant Head","floor":45,"turns":2},{"damage":0,"enemies":"R_Hoarder","floor":47,"turns":2},{"damage":0,"enemies":"Transient","floor":48,"turns":5},{"damage":0,"enemies":"Awakened One","floor":50,"turns":7}],"seed_played":"4608850522632629931","potions_obtained":[{"floor":3,"key":"Weak Potion"},{"floor":10,"key":"ColorlessPotion"}],"is_trial":false,"path_per_floor":["M","$","M","R","?","R","E","R","T","M","E","M","R","E","R","B",null,"M","?","?","?","M","R","E","M","T","R","E","$","M","M","R","B",null,"M","?","M","?","R","E","M","?","T","$","E","$","E","M","R","B",null],"character_chosen":"BARTENDER","items_purchased":["TungstenRod","Perfect_Balance","jedi:arcanewood","EntropicBrew","Meteodrive","ReplayTheSpireMod:TigerMarble","Feint","PreservedInsect","Lantern","Free_Pour","ReplayTheSpireMod:CursedCoin","Dolphin_Blow","Ripple","Bottled Tornado","HandDrill","Lee\u0027s Waffle"],"campfire_rested":1,"item_purchase_floors":[0,0,0,0,0,0,0,0,0,0,2,2,2,29,29,44],"current_hp_per_floor":[59,59,59,59,59,59,59,59,59,59,63,65,65,65,65,50,61,61,61,61,26,39,39,44,44,44,63,65,65,65,65,65,65,65,65,65,65,62,62,65,65,62,62,69,69,69,69,69,69,69],"gold":56,"neow_bonus":"","is_daily":false,"chose_seed":false,"campfire_upgraded":9,"win_rate":0.0,"timestamp":1611300191,"path_taken":["M","$","M","?","?","R","E","R","T","M","E","M","R","E","R","BOSS","M","?","?","?","?","R","E","?","T","R","E","$","M","M","R","BOSS","M","?","M","?","?","E","?","?","T","$","E","?","E","M","R","BOSS"],"items_purchased_type":["Relic","Card","Relic","Potion","Card","Relic","Card","Relic","Relic","Card","Relic","Card","Card","Relic","Relic","Relic"],"build_version":"2020-12-22","purchased_purges":2,"victory":true,"max_hp_per_floor":[65,65,65,65,65,65,65,65,65,65,65,65,65,65,65,65,65,65,65,65,65,65,65,65,65,65,65,65,65,65,65,65,65,65,65,65,65,65,65,65,65,62,62,69,69,69,69,69,69,69],"relic_stats":{"Lee\u0027s Waffle":7,"counters":[50,162],"PreservedInsect":655,"Bag of Preparation":[34],"Smiling Mask":75,"Sozu":9,"Centennial Puzzle":[0],"Mummified Hand":[10],"Bloody Idol":25,"MealTicket":0,"HandDrill":[6],"obtain_stats":[{"Ice Cream":24,"Golden Egg":43,"Whetstone":39,"construct:ClockworkPhoenix":0,"HollowMod:StagPassRelic":6,"Ring of Searing":31,"Centennial Puzzle":43,"DollysMirror":29,"Prayer Wheel":0,"Replay:Bottled Flurry":44,"Kunai":7,"HollowMod:PaleOreRelic":9,"Replay:Wax Seal":48,"Happy Flower":4,"ReplayTheSpireMod:CursedCoin":45,"Replay:Grab Bag":17,"HollowMod:JonisBlessing":4,"Oddly Smooth Stone":14,"Pen Nib":8,"Question Card":26,"jedi:heavyjacket":45,"Replay:Baseball":26,"energizedSpire:NeverEndingSparkler":34,"Pandora\u0027s Box":17,"ReplayTheSpireMod:DimensionalGlitch":34,"Meat on the Bone":3,"Mango":39,"theForsaken:Lifeblossom":0,"StoneCalendar":37,"jedi:Pinwheel":43,"jedi:archwizardhat":3,"ClockworkSouvenir":5,"Replay:Rubber Ducky":9,"energizedSpire:CursedPentagram":17,"Mummified Hand":47,"Pantograph":27,"Genji_Glove":11,"jedi:matchstick":30,"energizedSpire:HugeHouse":17,"Chemical X":37,"Ring of Panic":31,"BargainBundle":0,"construct:ClawGrip":17,"Lee\u0027s Waffle":44,"ReplayTheSpireMod:Ninjato":0,"The Courier":10,"jedi:crownofsimplicity":45,"Medical Kit":37,"White Beast Statue":0,"Anchor":29,"Turnip":41,"Membership Card":0,"jedi:arcanewood":4,"FossilizedHelix":38,"TungstenRod":0},{"Ice Cream":30,"Golden Egg":40,"Whetstone":38,"construct:ClockworkPhoenix":0,"HollowMod:StagPassRelic":20,"Ring of Searing":9,"Centennial Puzzle":46,"DollysMirror":33,"Prayer Wheel":17,"Replay:Bottled Flurry":41,"Kunai":3,"HollowMod:PaleOreRelic":21,"Replay:Wax Seal":16,"Happy Flower":18,"ReplayTheSpireMod:CursedCoin":41,"Replay:Grab Bag":25,"HollowMod:JonisBlessing":18,"Oddly Smooth Stone":24,"Pen Nib":21,"Question Card":31,"jedi:heavyjacket":47,"Replay:Baseball":9,"energizedSpire:NeverEndingSparkler":10,"Pandora\u0027s Box":5,"ReplayTheSpireMod:DimensionalGlitch":36,"Meat on the Bone":1,"Mango":13,"theForsaken:Lifeblossom":17,"StoneCalendar":38,"jedi:Pinwheel":13,"jedi:archwizardhat":18,"ClockworkSouvenir":2,"Replay:Rubber Ducky":3,"energizedSpire:CursedPentagram":25,"Mummified Hand":48,"Pantograph":32,"Genji_Glove":4,"jedi:matchstick":34,"energizedSpire:HugeHouse":25,"Chemical X":11,"Ring of Panic":9,"BargainBundle":17,"construct:ClawGrip":25,"Lee\u0027s Waffle":46,"ReplayTheSpireMod:Ninjato":17,"The Courier":4,"jedi:crownofsimplicity":41,"Medical Kit":11,"White Beast Statue":17,"Anchor":33,"Turnip":39,"Membership Card":17,"jedi:arcanewood":18,"FossilizedHelix":12,"TungstenRod":17},{"Ice Cream":92,"Golden Egg":126,"Whetstone":121,"construct:ClockworkPhoenix":0,"HollowMod:StagPassRelic":59,"Ring of Searing":29,"Centennial Puzzle":146,"DollysMirror":103,"Prayer Wheel":50,"Replay:Bottled Flurry":131,"Kunai":8,"HollowMod:PaleOreRelic":63,"Replay:Wax Seal":45,"Happy Flower":52,"ReplayTheSpireMod:CursedCoin":131,"Replay:Grab Bag":77,"HollowMod:JonisBlessing":52,"Oddly Smooth Stone":71,"Pen Nib":63,"Question Card":96,"jedi:heavyjacket":148,"Replay:Baseball":29,"energizedSpire:NeverEndingSparkler":34,"Pandora\u0027s Box":18,"ReplayTheSpireMod:DimensionalGlitch":117,"Meat on the Bone":2,"Mango":40,"theForsaken:Lifeblossom":50,"StoneCalendar":121,"jedi:Pinwheel":40,"jedi:archwizardhat":52,"ClockworkSouvenir":4,"Replay:Rubber Ducky":8,"energizedSpire:CursedPentagram":77,"Mummified Hand":150,"Pantograph":100,"Genji_Glove":12,"jedi:matchstick":106,"energizedSpire:HugeHouse":77,"Chemical X":36,"Ring of Panic":29,"BargainBundle":50,"construct:ClawGrip":77,"Lee\u0027s Waffle":146,"ReplayTheSpireMod:Ninjato":50,"The Courier":12,"jedi:crownofsimplicity":131,"Medical Kit":36,"White Beast Statue":50,"Anchor":103,"Turnip":123,"Membership Card":50,"jedi:arcanewood":52,"FossilizedHelix":38,"TungstenRod":50}],"TungstenRod":12,"Unceasing Top":[0]},"card_choices":[{"not_picked":["Foot_Thrust","Fading_Blow"],"picked":"Bitters","floor":1},{"not_picked":["Feint","Fight_Dirty"],"picked":"Sucker_Punch","floor":3},{"not_picked":["Bloodbath_Bartender","Blizzard_Spikes","Step_Of_The_Wind"],"picked":"SKIP","floor":7},{"not_picked":["Dancing_Jab","Sucker_Punch"],"picked":"Vortex","floor":10},{"not_picked":["Phantom_Blow","Snap_Punch"],"picked":"Axe_Heel_Kick","floor":11},{"not_picked":["Sucker_Punch","Press_Forward"],"picked":"Cross","floor":12},{"not_picked":["Foot_Thrust","Center_Self"],"picked":"ThreeSidedStar","floor":14},{"not_picked":["Windup","Combo_Master"],"picked":"Moonsault_Kick","floor":16},{"not_picked":["Meteodrive","Fight_Dirty"],"picked":"Glare","floor":18},{"not_picked":["Well_Drinks","Phantom_Blow"],"picked":"OpoOpo_Form","floor":22},{"not_picked":["Meditate","Glare"],"picked":"Vortex","floor":24},{"not_picked":["Bouncer","Dragonkick","Feint"],"picked":"SKIP","floor":25},{"not_picked":["Stick_and_Move","Waterkick"],"picked":"Ball_Of_Ice+1","floor":28},{"not_picked":["Feint","OpoOpo_Form"],"picked":"Surge+1","floor":30},{"not_picked":["Scoop","Step_Of_The_Wind","Feint"],"picked":"SKIP","floor":31},{"not_picked":["High_Tide","Butterfly_Float"],"picked":"Cold_Blooded","floor":33},{"not_picked":["With_A_Twist","Tornado_Kick"],"picked":"RockBreaker","floor":35},{"not_picked":["Dancing_Jab","Press_Forward","Meteodrive"],"picked":"SKIP","floor":37},{"not_picked":["Mirage","Press_Forward+1","Sucker_Punch"],"picked":"SKIP","floor":40},{"not_picked":["Mirage+1","ThreeSidedStar"],"picked":"Dart","floor":41},{"not_picked":["Storage","Rope_A_Dope+1"],"picked":"Cross+1","floor":45},{"not_picked":["Stick_and_Move","On_The_Rocks+1"],"picked":"Power_Up_Punch","floor":47},{"not_picked":["Vortex","Bitters","Blizzard_Spikes"],"picked":"SKIP","floor":48}],"player_experience":1773951,"relics_obtained":[{"floor":5,"key":"Ring of Fury"},{"floor":5,"key":"ReplayTheSpireMod:Ring of Collecting"},{"floor":7,"key":"Replay:Bottled Flurry"},{"floor":9,"key":"Smiling Mask"},{"floor":11,"key":"theForsaken:Lifeblossom"},{"floor":14,"key":"Bag of Preparation"},{"floor":24,"key":"Incense Burner"},{"floor":26,"key":"Divine Protection"},{"floor":28,"key":"MealTicket"},{"floor":40,"key":"Anchor"},{"floor":43,"key":"Centennial Puzzle"},{"floor":45,"key":"jedi:heavyjacket"},{"floor":47,"key":"Mummified Hand"}],"event_choices":[{"cards_removed":["Moonsault_Kick"],"damage_healed":0,"gold_gain":0,"player_choice":"Take \u0026 Give","damage_taken":0,"max_hp_gain":0,"max_hp_loss":0,"event_name":"betterNote:BetterNote","floor":19,"gold_loss":0,"cards_obtained":["hermit:Deadeye"]},{"damage_healed":0,"gold_gain":0,"player_choice":" Idol ","damage_taken":36,"relics_obtained":["Bloody Idol"],"max_hp_gain":61,"max_hp_loss":26,"event_name":"betterAltar:BetterAltar","floor":21,"potions_obtained":[],"relics_lost":[],"gold_loss":0},{"damage_healed":0,"gold_gain":3,"player_choice":"3","damage_taken":0,"max_hp_gain":0,"max_hp_loss":0,"event_name":"betterStone:BetterStone","floor":36,"gold_loss":0,"cards_obtained":["Raptor_Form"]},{"damage_healed":0,"gold_gain":0,"player_choice":"Bought 0 Potions","damage_taken":0,"max_hp_gain":0,"max_hp_loss":0,"event_name":"The Woman in Blue","floor":38,"gold_loss":0},{"damage_healed":0,"gold_gain":0,"player_choice":"Max HP","damage_taken":0,"max_hp_gain":0,"max_hp_loss":3,"event_name":"Winding Halls","floor":42,"gold_loss":0}],"is_beta":false,"boss_relics":[{"not_picked":["Replay:Ancient Bell","energizedSpire:SpiderWeb"],"picked":"Sozu"},{"not_picked":["Runic Pyramid","energizedSpire:RedRose"],"picked":"energizedSpire:NeverEndingSparkler"}],"items_purged_floors":[29,46],"is_endless":false,"potions_floor_spawned":[3,10,14,18,22,24,25,31,40,45,47,48],"ascension_level":16}}