{"host":"lnt5dzsuhru0aonl","time":1611324399,"event":{"mods":["2.2 Compatiblity","BaseMod","Colored Map","Colored Powertips","DeckTracker","Keyboard Shortcuts","Minty Spire (QoL Compilation)","Permanent Neow","Rare Cards Sparkle","StSLib","SuperFastMode","everything is the same but u backflip on backflip"],"gold_per_floor":[113,113,26,36,51,51,83,83,83,93,93,122,142,142,142,219,269,282,28,28,30,30,61,61,61,85,3,3,3,3],"floor_reached":29,"language":"KOR","playtime":738,"items_purged":["Strike_R"],"score":498,"play_id":"4d5d904b-45c7-4e17-9778-67255c38b84c","local_time":"20210122230639","is_ascension_mode":true,"campfire_choices":[{"data":"Body Slam","floor":8.0,"key":"SMITH"},{"data":"Armaments","floor":15.0,"key":"SMITH"},{"data":"Entrench","floor":24,"key":"SMITH"}],"circlet_count":0,"master_deck":["AscendersBane","Strike_R","Strike_R","Strike_R","Defend_R","Defend_R","Defend_R","Defend_R","Bash","Pommel Strike+1","Feel No Pain","Armaments+1","Body Slam+1","Pommel Strike","Dropkick","Shrug It Off","Offering","Entrench+1","Ghostly Armor+1","Power Through","Evolve"],"relics":["Burning Blood","NeowsBlessing","Lizard Tail","Ornamental Fan","Tiny Chest","Ancient Tea Set","Tiny House","Membership Card","Happy Flower","Enchiridion","Mercury Hourglass","Du-Vu Doll","Nunchaku"],"acts_visited":["Exordium","TheCity"],"potions_floor_usage":[],"damage_taken":[{"damage":0.0,"enemies":"2 Louse","floor":1.0,"turns":1.0},{"damage":0.0,"enemies":"Cultist","floor":4.0,"turns":1.0},{"damage":0.0,"enemies":"Small Slimes","floor":5.0,"turns":1.0},{"damage":23.0,"enemies":"3 Sentries","floor":7.0,"turns":13.0},{"damage":3.0,"enemies":"2 Fungi Beasts","floor":10.0,"turns":4.0},{"damage":33.0,"enemies":"Lagavulin","floor":12.0,"turns":10.0},{"damage":8.0,"enemies":"Blue Slaver","floor":13.0,"turns":4.0},{"damage":49.0,"enemies":"The Guardian","floor":16.0,"turns":14.0},{"damage":6.0,"enemies":"Spheric Guardian","floor":18.0,"turns":1.0},{"damage":14.0,"enemies":"2 Thieves","floor":21.0,"turns":5.0},{"damage":7,"enemies":"Book of Stabbing","floor":23,"turns":4},{"damage":13,"enemies":"Snecko","floor":29,"turns":2}],"seed_played":"5454278826732561645","potions_obtained":[{"floor":1.0,"key":"Energy Potion"},{"floor":4.0,"key":"LiquidBronze"},{"floor":7.0,"key":"SpeedPotion"},{"floor":12.0,"key":"Strength Potion"},{"floor":17.0,"key":"Energy Potion"},{"floor":21.0,"key":"DuplicationPotion"}],"is_trial":false,"path_per_floor":["M","?","$","M","M","$","E","R","T","M","?","E","M","?","R","B",null,"M","$","?","M","?","E","R","T","T","$","?","M"],"character_chosen":"IRONCLAD","items_purchased":["Feel No Pain","Membership Card","Happy Flower","Evolve"],"campfire_rested":0,"item_purchase_floors":[3,19,19,27],"current_hp_per_floor":[74,74,74,75,75,75,58,58,58,61,66,39,37,11,11,9,67,67,67,67,59,38,37,37,37,37,37,12,0,0],"gold":3,"neow_bonus":"THREE_ENEMY_KILL","is_daily":false,"chose_seed":false,"campfire_upgraded":3,"win_rate":0.0,"timestamp":1611324399,"path_taken":["M","?","$","M","?","?","E","R","T","?","?","E","M","?","R","BOSS","M","$","?","M","?","E","R","?","T","$","?","M"],"items_purchased_type":["Card","Relic","Relic","Card"],"build_version":"2020-12-22","purchased_purges":1,"victory":false,"max_hp_per_floor":[75,75,75,75,75,75,75,75,75,75,80,80,80,80,80,80,85,85,85,85,85,85,85,85,85,85,85,90,90,90],"card_choices":[{"not_picked":["Rage","Armaments"],"picked":"Pommel Strike","floor":1.0},{"not_picked":["Rampage","Cleave"],"picked":"Armaments","floor":4.0},{"not_picked":["Heavy Blade","Flex"],"picked":"Body Slam","floor":5.0},{"not_picked":["Intimidate","Berserk"],"picked":"Pommel Strike","floor":7.0},{"not_picked":["Armaments","Clash"],"picked":"Dropkick","floor":10.0},{"not_picked":["Body Slam","True Grit"],"picked":"Shrug It Off","floor":12.0},{"not_picked":["Rage","Combust","Sword Boomerang"],"picked":"SKIP","floor":13.0},{"not_picked":["Berserk","Brutality"],"picked":"Offering","floor":16.0},{"not_picked":["Perfected Strike","Body Slam"],"picked":"Entrench","floor":17.0},{"not_picked":["Shrug It Off","Evolve+1"],"picked":"Ghostly Armor+1","floor":18.0},{"not_picked":["Sentinel+1","Blood for Blood"],"picked":"Power Through","floor":21.0},{"not_picked":["Cleave","Clash","Rupture+1"],"picked":"SKIP","floor":23}],"player_experience":729300,"relics_obtained":[{"floor":7.0,"key":"Lizard Tail"},{"floor":9.0,"key":"Ornamental Fan"},{"floor":12.0,"key":"Tiny Chest"},{"floor":22,"key":"Enchiridion"},{"floor":23,"key":"Mercury Hourglass"},{"floor":25,"key":"Du-Vu Doll"},{"floor":26,"key":"Nunchaku"}],"event_choices":[{"cards_removed":["Strike_R"],"damage_healed":0.0,"max_hp_gain":0.0,"max_hp_loss":0.0,"gold_gain":0.0,"event_name":"Wheel of Change","player_choice":"Card Removal","floor":2.0,"gold_loss":0.0,"damage_taken":0.0},{"damage_healed":0.0,"max_hp_gain":5.0,"max_hp_loss":0.0,"gold_gain":0.0,"event_name":"Big Fish","player_choice":"Donut","floor":11.0,"gold_loss":0.0,"damage_taken":0.0},{"damage_healed":0.0,"max_hp_gain":0.0,"max_hp_loss":0.0,"gold_gain":0.0,"event_name":"Scrap Ooze","player_choice":"Success","floor":14.0,"gold_loss":0.0,"damage_taken":26.0,"relics_obtained":["Ancient Tea Set"]},{"damage_healed":0.0,"max_hp_gain":0.0,"max_hp_loss":0.0,"gold_gain":0.0,"event_name":"Vampires","player_choice":"Ignored","floor":20.0,"gold_loss":0.0,"damage_taken":0.0},{"damage_healed":0,"gold_gain":0,"player_choice":"Obtained Book","damage_taken":21,"max_hp_gain":0,"max_hp_loss":0,"event_name":"Cursed Tome","floor":22,"gold_loss":0},{"damage_healed":0,"gold_gain":0,"player_choice":"Shed Blood","damage_taken":30,"max_hp_gain":5,"max_hp_loss":0,"event_name":"Forgotten Altar","floor":28,"gold_loss":0}],"is_beta":false,"boss_relics":[{"not_picked":["Cursed Key","Runic Dome"],"picked":"Tiny House"}],"items_purged_floors":[27],"is_endless":false,"potions_floor_spawned":[1,4,7,12,21],"killed_by":"Snecko","ascension_level":20}}