{"host":"pmmuxs046gii331m","time":1611336118,"event":{"mods":["AchievementEnabler","BaseMod","Colored Powertips","Downfall","Gold Saver","Minty Spire (QoL Compilation)","Permanent Neow","Quick Restart","StSLib"],"gold_per_floor":[580,590,590,296,310,340,340,355,382,402,453,467,167,0,18,115,115,115,134,152,149,149,166,218,250,275,301,313,358,370,402,433,550,562,574,596,275,307,319,131,131,131,143,162,178,178,178,198,218,218,218,253,27,27,27,27,27,27],"floor_reached":56,"language":"ENG","playtime":11152,"items_purged":["Guardian:Defend_Guardian","Guardian:Strike_Guardian","Guardian:Strike_Guardian","Guardian:Strike_Guardian","Guardian:Planning"],"score":787,"play_id":"f1b2a26e-9940-4e23-82d3-37f9938de96e","local_time":"20210122122158","is_ascension_mode":false,"campfire_choices":[{"floor":1,"key":"RECALL"},{"data":"Guardian:BodySlam","floor":13,"key":"SMITH"},{"data":"Guardian:Suspension","floor":18,"key":"SMITH"},{"data":"Guardian:SentryBeam","floor":28,"key":"SMITH"},{"data":"Guardian:ChargeCore","floor":30,"key":"SMITH"},{"data":"Guardian:PrimingBeam","floor":35,"key":"SMITH"},{"data":"Guardian:TemporalStrike","floor":47,"key":"SMITH"},{"floor":54,"key":"REST"}],"circlet_count":0,"master_deck":["Guardian:Defend_Guardian","Guardian:Defend_Guardian","Guardian:Defend_Guardian","Guardian:CurlUp","Guardian:TwinSlam+1","Guardian:PiercingHide+1","Guardian:TemporalShield","Guardian:Recover","Guardian:RollAttack","Guardian:BodySlam+1","Guardian:PrimingBeam+1","Guardian:TemporalStrike+1","Guardian:Suspension+1","Guardian:ExploitGems","Guardian:ChargeCore+1","Guardian:SentryBeam+1","Guardian:PrismaticBeam+1"],"relics":["Guardian:ModeShifter","Happy Flower","Regal Pillow","Shuriken","Bronze Scales","downfall:HeartBlessingRed","downfall:HeartBlessingGreen","downfall:HeartBlessingBlue","Busted Crown","ClockworkSouvenir","MawBank","Boot","SlaversCollar","Meat on the Bone","Pear","Mummified Hand"],"acts_visited":["Exordium","TheCity","TheBeyond","TheEnding"],"potions_floor_usage":[6,6,15,16,16,21,21,21,33,33,50,50,50],"damage_taken":[{"damage":1,"enemies":"Cultist","floor":2,"turns":4},{"damage":0,"enemies":"downfall:FleeingMerchant","floor":4,"turns":4},{"damage":3,"enemies":"Jaw Worm","floor":5,"turns":5},{"damage":7,"enemies":"3 Sentries","floor":6,"turns":18},{"damage":0,"enemies":"2 Louse","floor":8,"turns":2},{"damage":3,"enemies":"Lagavulin","floor":9,"turns":7},{"damage":0,"enemies":"Gremlin Gang","floor":10,"turns":4},{"damage":3,"enemies":"2 Fungi Beasts","floor":12,"turns":3},{"damage":0,"enemies":"downfall:FleeingMerchant","floor":14,"turns":4},{"damage":0,"enemies":"Blue Slaver","floor":15,"turns":2},{"damage":14,"enemies":"WA_ARCHETYPE_RETAIN","floor":16,"turns":5},{"damage":0,"enemies":"Spheric Guardian","floor":19,"turns":3},{"damage":15,"enemies":"Cultist and Chosen","floor":20,"turns":6},{"damage":0,"enemies":"downfall:FleeingMerchant","floor":21,"turns":4},{"damage":0,"enemies":"Snecko","floor":23,"turns":4},{"damage":0,"enemies":"Centurion and Healer","floor":25,"turns":5},{"damage":9,"enemies":"Snake Plant","floor":26,"turns":4},{"damage":7,"enemies":"Shelled Parasite and Fungi","floor":27,"turns":3},{"damage":16,"enemies":"Slavers","floor":29,"turns":4},{"damage":0,"enemies":"Centurion and Healer","floor":31,"turns":4},{"damage":0,"enemies":"Snake Plant","floor":32,"turns":2},{"damage":17,"enemies":"IC_MUSHROOM_ARCHETYPE","floor":33,"turns":4},{"damage":10,"enemies":"3 Darklings","floor":36,"turns":3},{"damage":4,"enemies":"Orb Walker","floor":38,"turns":2},{"damage":17,"enemies":"3 Darklings","floor":43,"turns":4},{"damage":0,"enemies":"Jaw Worm Horde","floor":44,"turns":4},{"damage":12,"enemies":"Maw","floor":45,"turns":7},{"damage":0,"enemies":"Sphere and 2 Shapes","floor":48,"turns":4},{"damage":0,"enemies":"Spire Growth","floor":49,"turns":3},{"damage":22,"enemies":"SI_POISON_ARCHETYPE","floor":50,"turns":7},{"damage":93,"enemies":"downfall:CharBossMerchant","floor":52,"turns":12},{"damage":28,"enemies":"downfall:NeowBoss","floor":55,"turns":25},{"damage":99,"enemies":"downfall:NeowBossFinal","floor":56,"turns":15}],"seed_played":"-1483588970098785543","potions_obtained":[{"floor":2,"key":"Block Potion"},{"floor":5,"key":"GamblersBrew"},{"floor":12,"key":"AttackPotion"},{"floor":15,"key":"Fruit Juice"},{"floor":16,"key":"AttackPotion"},{"floor":19,"key":"GamblersBrew"},{"floor":20,"key":"Fire Potion"},{"floor":25,"key":"SteroidPotion"},{"floor":27,"key":"bronze:BurnAndBuffPotion"},{"floor":32,"key":"Strength Potion"},{"floor":36,"key":"bronze:BurnAndBuffPotion"},{"floor":38,"key":"Weak Potion"},{"floor":44,"key":"SteroidPotion"},{"floor":48,"key":"ColorlessPotion"}],"is_trial":false,"path_per_floor":["R","M","?","$","M","E","T","M","E","M","T","M","R","$","M","B",null,"R","M","M","$","?","M","T","M","M","M","R","E","R","M","M","B",null,"R","M","?","M","?","$","T","?","M","M","M","?","R","M","M","B",null,"E","$","R","B","B"],"character_chosen":"GUARDIAN","items_purchased":["Guardian:TemporalShield","Happy Flower","champ:CounterPotion","ClockworkSouvenir","Guardian:Gem_Red","Guardian:Gem_Cyan","Guardian:Gem_Lightblue"],"campfire_rested":1,"item_purchase_floors":[4,4,14,21,21,40,53],"current_hp_per_floor":[80,79,79,79,76,69,69,69,66,66,66,63,73,73,78,64,95,95,95,80,80,80,80,80,80,71,64,64,48,48,48,48,31,95,95,85,107,103,103,103,103,113,96,96,84,84,84,84,84,62,117,36,36,86,70,0,0,0],"gold":27,"neow_bonus":"UPGRADE_CARD","is_daily":false,"chose_seed":false,"campfire_upgraded":6,"win_rate":0.0,"timestamp":1611336118,"path_taken":["R","M","?","$","M","E","T","M","E","M","?","?","R","?","M","BOSS","R","M","M","$","?","M","T","?","M","M","R","E","R","M","M","BOSS","R","M","?","M","?","$","T","?","?","M","M","?","R","M","M","BOSS","E","$","R","BOSS","BOSS"],"items_purchased_type":["Card","Relic","Potion","Relic","Card","Card","Card"],"build_version":"2020-12-22","purchased_purges":5,"victory":false,"max_hp_per_floor":[80,80,80,80,80,80,80,80,80,80,80,80,90,90,95,95,95,95,95,95,95,95,95,95,95,95,95,95,95,95,95,95,95,95,95,95,107,107,107,107,107,117,117,117,117,117,117,117,117,117,117,117,117,117,117,117,117,117],"card_choices":[{"not_picked":["Guardian:ShieldSpikes","Guardian:RollAttack"],"picked":"Guardian:Gem_Cyan","floor":2},{"not_picked":["Guardian:VentSteam","Guardian:Repulse"],"picked":"Guardian:PiercingHide","floor":4},{"not_picked":["Guardian:CrystalBeam","Guardian:Orbwalk"],"picked":"Guardian:Recover","floor":5},{"not_picked":["Guardian:Planning","Guardian:BaubleBeam"],"picked":"Guardian:PrimingBeam","floor":6},{"not_picked":["Guardian:ChargeCore","Guardian:Reroute"],"picked":"Guardian:RollAttack","floor":8},{"not_picked":["Guardian:Suspension","Guardian:RollAttack"],"picked":"Guardian:BodySlam","floor":9},{"not_picked":["Guardian:Repulse","Guardian:CrystalBeam"],"picked":"Guardian:PrimingBeam","floor":10},{"not_picked":["Guardian:Incinerate","Guardian:Planning"],"picked":"Guardian:TemporalStrike","floor":12},{"not_picked":["Guardian:Recover","Guardian:VentSteam"],"picked":"Guardian:Gem_Green","floor":14},{"not_picked":["Guardian:WalkerClaw","Guardian:Gem_Cyan"],"picked":"Guardian:Suspension","floor":15},{"not_picked":["Guardian:GemFinder","Guardian:StasisEngine"],"picked":"Guardian:ExploitGems","floor":16},{"not_picked":[],"picked":"Guardian:Gem_Lightblue","floor":19},{"not_picked":[],"picked":"Guardian:Gem_Lightblue","floor":20},{"not_picked":["Guardian:ShieldSpikes"],"picked":"SKIP","floor":21},{"not_picked":[],"picked":"Guardian:Planning","floor":23},{"not_picked":[],"picked":"Guardian:ChargeCore","floor":25},{"not_picked":["Guardian:ChargeCore+1"],"picked":"SKIP","floor":26},{"not_picked":[],"picked":"Guardian:SentryBeam","floor":27},{"not_picked":["Guardian:MultiBeam+1"],"picked":"SKIP","floor":29},{"not_picked":[],"picked":"Guardian:PrismaticBeam+1","floor":31},{"not_picked":["Guardian:PrismaticBeam+1"],"picked":"SKIP","floor":32},{"not_picked":["Guardian:Planning"],"picked":"SKIP","floor":36},{"not_picked":[],"picked":"Guardian:Gem_Cyan","floor":38},{"not_picked":["Guardian:WalkerClaw"],"picked":"SKIP","floor":43},{"not_picked":["Guardian:TimeCapacitor"],"picked":"SKIP","floor":44},{"not_picked":["Guardian:Harden"],"picked":"SKIP","floor":45},{"not_picked":["Guardian:PiercingHide"],"picked":"SKIP","floor":48},{"not_picked":[],"picked":"Guardian:Gem_Purple","floor":49},{"not_picked":["Guardian:RefractedBeam"],"picked":"SKIP","floor":52}],"player_experience":365520,"relics_obtained":[{"floor":6,"key":"Regal Pillow"},{"floor":7,"key":"Shuriken"},{"floor":9,"key":"Bronze Scales"},{"floor":24,"key":"MawBank"},{"floor":29,"key":"Boot"},{"floor":41,"key":"Meat on the Bone"},{"floor":42,"key":"Pear"},{"floor":52,"key":"Mummified Hand"}],"event_choices":[{"cards_removed":["Guardian:PrimingBeam"],"damage_healed":0,"gold_gain":0,"player_choice":"Removed Attack","damage_taken":0,"max_hp_gain":0,"max_hp_loss":0,"event_name":"Falling","floor":39,"gold_loss":0},{"damage_healed":0,"gold_gain":0,"player_choice":"Ignored","damage_taken":0,"max_hp_gain":0,"max_hp_loss":0,"event_name":"Mysterious Sphere","floor":46,"gold_loss":0}],"is_beta":false,"boss_relics":[{"not_picked":["Tiny House","Coffee Dripper"],"picked":"Busted Crown"},{"not_picked":["Guardian:StasisSlotReductionRelic","Fusion Hammer"],"picked":"SlaversCollar"}],"items_purged_floors":[4,14,21,40,53],"is_endless":false,"potions_floor_spawned":[2,5,12,15,16,19,20,25,27,32,36,38,44,48],"killed_by":"downfall:NeowBossFinal","ascension_level":0}}