{"host":"t75twhtg6c476ygg","time":1611333324,"event":{"mods":["AchievementEnabler","BaseMod","Colored Powertips","Minty Spire (QoL Compilation)","Quick Restart","Relic Stats","StSLib","SuperFastMode"],"gold_per_floor":[114,129,144,22,37,37,67,67,67,82,97,112,129,144,144,244,244,259,184,199,49,148,178,178,193,193,193,208,223,238,253,253,353,353,368,368,383,398,448,448,478,478,528,552,567,47,47,62,62,62],"floor_reached":51,"language":"ENG","playtime":2186,"items_purged":["Strike_G"],"score":882,"play_id":"26e26c8d-a804-42ad-87d4-e6cb7df9b0f2","local_time":"20210122163524","daily_mods":["Heirloom","Uncertain Future","Night Terrors"],"is_ascension_mode":false,"campfire_choices":[{"data":"Noxious Fumes","floor":6.0,"key":"SMITH"},{"data":"Catalyst","floor":8.0,"key":"SMITH"},{"data":"Backstab","floor":15.0,"key":"SMITH"},{"data":"Night Terror","floor":24.0,"key":"SMITH"},{"data":"Deadly Poison","floor":32.0,"key":"SMITH"},{"floor":40.0,"key":"REST"},{"data":"Adrenaline","floor":47.0,"key":"SMITH"},{"data":"Deadly Poison","floor":49,"key":"SMITH"}],"circlet_count":0,"master_deck":["Strike_G","Strike_G","Defend_G","Defend_G","Survivor","Neutralize","Quick Slash","Noxious Fumes+1","Catalyst+1","Deadly Poison+1","Poisoned Stab","Backstab+1","PiercingWail","Catalyst+1","Night Terror+1","Well Laid Plans+1","Well Laid Plans+1","After Image+1","Deadly Poison+1","Corpse Explosion","Adrenaline+1","Catalyst+1"],"relics":["Ring of the Snake","Pocketwatch","The Specimen","Snake Skull","StrikeDummy","Frozen Egg 2","Odd Mushroom","Strange Spoon","Astrolabe","Mummified Hand","Membership Card","The Courier","Meat on the Bone","Ornamental Fan","Black Star","Regal Pillow","Akabeko","Lantern","CeramicFish","Bag of Preparation","Orichalcum","Strawberry","Ancient Tea Set","TheAbacus","Paper Crane","Ginger"],"acts_visited":["Exordium","TheCity","TheBeyond"],"potions_floor_usage":[50,50,50],"damage_taken":[{"damage":1.0,"enemies":"Cultist","floor":1.0,"turns":3.0},{"damage":0.0,"enemies":"Small Slimes","floor":2.0,"turns":3.0},{"damage":1.0,"enemies":"Jaw Worm","floor":3.0,"turns":4.0},{"damage":16.0,"enemies":"3 Louse","floor":5.0,"turns":4.0},{"damage":16.0,"enemies":"3 Sentries","floor":7.0,"turns":5.0},{"damage":8.0,"enemies":"Blue Slaver","floor":10.0,"turns":3.0},{"damage":19.0,"enemies":"Exordium Thugs","floor":11.0,"turns":3.0},{"damage":3.0,"enemies":"3 Louse","floor":12.0,"turns":3.0},{"damage":5.0,"enemies":"The Mushroom Lair","floor":13.0,"turns":4.0},{"damage":3.0,"enemies":"Exordium Wildlife","floor":14.0,"turns":4.0},{"damage":11.0,"enemies":"The Guardian","floor":16.0,"turns":4.0},{"damage":10.0,"enemies":"2 Thieves","floor":18.0,"turns":2.0},{"damage":1.0,"enemies":"Chosen","floor":20.0,"turns":3.0},{"damage":29.0,"enemies":"Slavers","floor":23.0,"turns":3.0},{"damage":6.0,"enemies":"Snecko","floor":25.0,"turns":3.0},{"damage":25.0,"enemies":"Shelled Parasite and Fungi","floor":28.0,"turns":5.0},{"damage":0.0,"enemies":"Centurion and Healer","floor":29.0,"turns":4.0},{"damage":0.0,"enemies":"3 Cultists","floor":30.0,"turns":4.0},{"damage":0.0,"enemies":"Snecko","floor":31.0,"turns":3.0},{"damage":0.0,"enemies":"Champ","floor":33.0,"turns":5.0},{"damage":14.0,"enemies":"3 Darklings","floor":35.0,"turns":4.0},{"damage":6.0,"enemies":"3 Shapes","floor":37.0,"turns":4.0},{"damage":15.0,"enemies":"Writhing Mass","floor":38.0,"turns":3.0},{"damage":20.0,"enemies":"Nemesis","floor":41.0,"turns":5.0},{"damage":0.0,"enemies":"Maw","floor":44.0,"turns":4.0},{"damage":11.0,"enemies":"Jaw Worm Horde","floor":45.0,"turns":3.0},{"damage":0,"enemies":"4 Shapes","floor":48,"turns":1},{"damage":0,"enemies":"Donu and Deca","floor":50,"turns":3}],"seed_played":"8945501730091475425","potions_obtained":[{"floor":1.0,"key":"Regen Potion"},{"floor":11.0,"key":"Weak Potion"},{"floor":12.0,"key":"Regen Potion"},{"floor":13.0,"key":"Dexterity Potion"},{"floor":44.0,"key":"DuplicationPotion"}],"is_trial":false,"path_per_floor":["M","M","M","$","M","R","E","R","T","M","M","M","?","M","R","B",null,"M","?","M","$","?","E","R","M","T","T","M","M","M","M","R","B",null,"M","?","M","M","T","R","E","?","T","M","M","$","R","M","R","B",null],"character_chosen":"THE_SILENT","items_purchased":["Deadly Poison","Membership Card","Bag of Preparation","Orichalcum","Strawberry","Ancient Tea Set","TheAbacus","Paper Crane","Ginger"],"campfire_rested":1,"item_purchase_floors":[4,21,46,46,46,46,46,46,46],"current_hp_per_floor":[69,69,68,68,52,52,36,36,36,28,69,66,70,67,67,56,70,60,60,59,59,59,30,30,24,24,24,26,38,38,38,38,38,70,56,56,50,35,35,61,41,41,41,41,42,49,49,49,49,49],"gold":62,"neow_bonus":"","is_daily":true,"chose_seed":false,"campfire_upgraded":7,"win_rate":0.0,"timestamp":1611333324,"path_taken":["M","M","M","$","M","R","E","R","T","?","?","M","?","M","R","BOSS","M","?","M","$","?","E","R","M","T","?","M","M","M","M","R","BOSS","M","?","M","M","?","R","E","?","T","M","M","$","R","M","R","BOSS"],"items_purchased_type":["Card","Relic","Relic","Relic","Relic","Relic","Relic","Relic","Relic"],"build_version":"2020-12-22","purchased_purges":1,"victory":true,"max_hp_per_floor":[70,70,70,70,70,70,70,70,70,70,70,70,70,70,70,70,70,70,70,70,70,70,70,70,70,70,70,70,70,70,70,70,70,70,70,66,66,66,66,61,61,61,61,61,61,68,68,68,68,68],"relic_stats":{"Regal Pillow":0,"counters":[28,99],"Astrolabe":["Heel Hook","Sucker Punch","Calculated Gamble"],"CeramicFish":9,"Snake Skull":[186],"Bag of Preparation":[4],"Ginger":[0],"Orichalcum":[6],"Strange Spoon":[50],"TheAbacus":[6],"Mummified Hand":[69],"Ornamental Fan":[28],"Black Star":1,"obtain_stats":[{"Regal Pillow":39,"Lantern":41,"CeramicFish":43,"Snake Skull":3,"Bag of Preparation":46,"Ginger":46,"Empty Cage":17,"Ancient Tea Set":46,"TheAbacus":46,"Mummified Hand":20,"Strawberry":46,"Ring of the Snake":0,"The Specimen":3,"Astrolabe":17,"The Courier":23,"Frozen Egg 2":9,"Odd Mushroom":13,"Orichalcum":46,"Paper Crane":46,"Akabeko":41,"Strange Spoon":16,"Ornamental Fan":27,"Black Star":34,"Membership Card":21,"StrikeDummy":7,"Pocketwatch":0,"Meat on the Bone":26},{"Regal Pillow":23,"Lantern":24,"CeramicFish":24,"Snake Skull":3,"Bag of Preparation":26,"Ginger":26,"Empty Cage":11,"Ancient Tea Set":26,"TheAbacus":26,"Mummified Hand":13,"Strawberry":26,"Ring of the Snake":0,"The Specimen":3,"Astrolabe":11,"The Courier":14,"Frozen Egg 2":5,"Odd Mushroom":9,"Orichalcum":26,"Paper Crane":26,"Akabeko":24,"Strange Spoon":11,"Ornamental Fan":15,"Black Star":20,"Membership Card":13,"StrikeDummy":5,"Pocketwatch":0,"Meat on the Bone":15},{"Regal Pillow":83,"Lantern":88,"CeramicFish":88,"Snake Skull":7,"Bag of Preparation":95,"Ginger":95,"Empty Cage":40,"Ancient Tea Set":95,"TheAbacus":95,"Mummified Hand":43,"Strawberry":95,"Ring of the Snake":0,"The Specimen":7,"Astrolabe":40,"The Courier":48,"Frozen Egg 2":19,"Odd Mushroom":32,"Orichalcum":95,"Paper Crane":95,"Akabeko":88,"Strange Spoon":37,"Ornamental Fan":51,"Black Star":72,"Membership Card":45,"StrikeDummy":19,"Pocketwatch":0,"Meat on the Bone":51}],"Ring of the Snake":[56],"Pocketwatch":[59],"Meat on the Bone":36},"card_choices":[{"not_picked":["Terror","Deadly Poison"],"picked":"Quick Slash","floor":1.0},{"not_picked":["Expertise","Deflect"],"picked":"Noxious Fumes","floor":2.0},{"not_picked":["Expertise","Predator"],"picked":"Catalyst","floor":3.0},{"not_picked":["Predator","Calculated Gamble"],"picked":"Poisoned Stab","floor":5.0},{"not_picked":["Flying Knee","Flechettes"],"picked":"Backstab","floor":7.0},{"not_picked":["Outmaneuver","Quick Slash","Flying Knee"],"picked":"SKIP","floor":10.0},{"not_picked":["Bane","Cloak And Dagger"],"picked":"PiercingWail","floor":11.0},{"not_picked":["Storm of Steel","Dagger Spray","Acrobatics"],"picked":"SKIP","floor":12.0},{"not_picked":["Burst","Skewer","Predator"],"picked":"SKIP","floor":14.0},{"not_picked":["A Thousand Cuts+1","Malaise"],"picked":"Night Terror","floor":16.0},{"not_picked":["Deflect","Bane"],"picked":"Well Laid Plans+1","floor":18.0},{"not_picked":["PiercingWail","Acrobatics+1","Dagger Throw"],"picked":"SKIP","floor":20.0},{"not_picked":["Dodge and Roll+1","Flying Knee+1"],"picked":"Well Laid Plans+1","floor":23.0},{"not_picked":["Deadly Poison+1","Outmaneuver"],"picked":"After Image+1","floor":25.0},{"not_picked":["Reflex","Cloak And Dagger","All Out Attack+1"],"picked":"SKIP","floor":28.0},{"not_picked":["Underhanded Strike","Dagger Throw","Bane"],"picked":"SKIP","floor":29.0},{"not_picked":["Underhanded Strike","Outmaneuver+1","Storm of Steel"],"picked":"SKIP","floor":30.0},{"not_picked":["Leg Sweep","Acrobatics+1"],"picked":"Deadly Poison","floor":31.0},{"not_picked":["A Thousand Cuts+1","After Image+1"],"picked":"Corpse Explosion","floor":33.0},{"not_picked":["Dodge and Roll+1","Outmaneuver+1","Escape Plan+1"],"picked":"SKIP","floor":35.0},{"not_picked":["Slice+1","Dash"],"picked":"Adrenaline","floor":37.0},{"not_picked":["Underhanded Strike+1","Flying Knee","Dagger Throw"],"picked":"SKIP","floor":38.0},{"not_picked":["Crippling Poison+1","Flying Knee+1","Dagger Throw+1"],"picked":"SKIP","floor":41.0},{"not_picked":["Dagger Throw","Poisoned Stab"],"picked":"Catalyst+1","floor":44.0},{"not_picked":["Dash+1","Underhanded Strike+1","Blade Dance+1"],"picked":"SKIP","floor":45.0},{"not_picked":["Dagger Throw","Dagger Spray","Quick Slash"],"picked":"SKIP","floor":48}],"player_experience":263061,"relics_obtained":[{"floor":7.0,"key":"StrikeDummy"},{"floor":9.0,"key":"Frozen Egg 2"},{"floor":13.0,"key":"Odd Mushroom"},{"floor":23.0,"key":"The Courier"},{"floor":26.0,"key":"Meat on the Bone"},{"floor":27.0,"key":"Ornamental Fan"},{"floor":39.0,"key":"Regal Pillow"},{"floor":41.0,"key":"Akabeko"},{"floor":41.0,"key":"Mummified Hand"},{"floor":43.0,"key":"CeramicFish"}],"event_choices":[{"damage_healed":0.0,"max_hp_gain":0.0,"max_hp_loss":0.0,"gold_gain":0.0,"event_name":"Mushrooms","player_choice":"Fought Mushrooms","floor":13.0,"gold_loss":0.0,"damage_taken":0.0},{"cards_removed":["Defend_G"],"damage_healed":0.0,"max_hp_gain":0.0,"max_hp_loss":0.0,"gold_gain":0.0,"event_name":"Beggar","player_choice":"Gave Gold","floor":19.0,"gold_loss":75.0,"damage_taken":0.0},{"damage_healed":0.0,"max_hp_gain":0.0,"max_hp_loss":0.0,"gold_gain":99.0,"event_name":"Nest","player_choice":"Stole From Cult","floor":22.0,"gold_loss":0.0,"damage_taken":0.0},{"damage_healed":0.0,"max_hp_gain":0.0,"max_hp_loss":4.0,"gold_gain":0.0,"event_name":"Winding Halls","player_choice":"Max HP","floor":36.0,"gold_loss":0.0,"damage_taken":0.0},{"damage_healed":0.0,"max_hp_gain":0.0,"max_hp_loss":0.0,"gold_gain":0.0,"event_name":"SensoryStone","player_choice":"Memory 1","floor":42.0,"gold_loss":0.0,"damage_taken":0.0}],"is_beta":false,"boss_relics":[{"not_picked":["SlaversCollar","Empty Cage"],"picked":"Astrolabe"},{"not_picked":["Sozu","Coffee Dripper"],"picked":"Black Star"}],"items_purged_floors":[4],"is_endless":false,"potions_floor_spawned":[1,11,12,13,20,23,25,44,48],"ascension_level":0}}