{"host":"6drv1qzpbnls60z2","time":1611333356,"event":{"mods":["ATMod(°¢èªMod)","Act Like it!","Arknights The Spire","BaseMod","Hallownest","Minty Spire (QoL Compilation)","Reimu£¨²©ÀöÁéÃÎ£©","Replay The Spire","Shop Mod","Spicy Shops","StSLib","The Dragon Tamer","Uncapped","¡¾ÒÅÎï¿¨ÅÆ¡¿REMEMod","óô»ðÖ¸ÄÏ"],"gold_per_floor":[112,130,18,18,18,18,46,66,66,94,114,128,147,163,163,238,238,257,22,34,44,58,58,93,93,139,327,327,327],"floor_reached":28,"language":"ZHS","playtime":2614,"items_purged":[],"score":729,"play_id":"19ee9769-ba65-4af8-b331-4ece1b3715cb","local_time":"20210123003556","daily_mods":["SealedDeck"],"is_ascension_mode":true,"campfire_choices":[{"data":"Gathering:ReiMu","floor":6,"key":"SMITH"},{"data":"ats:Roar Of Ursus","floor":15,"key":"SMITH"},{"data":"InherentArray:ReiMu","floor":23,"key":"SMITH"},{"data":"Pot Of Greed","floor":25,"key":"SMITH"}],"circlet_count":0,"master_deck":["AscendersBane","AT_FamilyPortrait","Devotion","ats:Sword Rain","SpreadBorder2:ReiMu","Amulet:ReiMu","ats:Assault Order","SubAcupoint:ReiMu","UniversalSpiritual:ReiMu","SubAcupoint:ReiMu","ats:Apocalypse","ats:Healing Drone","MikOfLucky:ReiMu+1","LearningPray:ReiMu","ats:Very Hot Blade","Gathering:ReiMu+1","SubAcupoint:ReiMu","ats:Flexible Camouflage","ats:Very Hot Blade","ats:Healing Drone","ats:Roar Of Ursus+1","ats:Sashimi Platter","FantasyMoon:ReiMu","Free:ReiMu","ats:Very Hot Blade","InherentArray:ReiMu+1","Pot Of Greed+1","Pot Of Greed","Pot Of Greed","ats:Hammer On+1","ats:Support Order","ats:Part Time Job+1","ats:Calcification","ats:Very Hot Blade"],"relics":["ats:Sanity","AT_ATBox","REME_ComplimentaryCards","ats:Originium","Mummified Hand","Strawberry","Gremlin Horn","Grinning Jar","Bag of Marbles","Vajra"],"acts_visited":["Exordium","TheCity"],"potions_floor_usage":[12,13,22,28],"damage_taken":[{"damage":10,"enemies":"2 Louse","floor":1,"turns":4},{"damage":4,"enemies":"Jaw Worm","floor":2,"turns":7},{"damage":2,"enemies":"Lagavulin","floor":7,"turns":7},{"damage":10,"enemies":"Small Slimes","floor":8,"turns":4},{"damage":9,"enemies":"3 Sentries","floor":10,"turns":5},{"damage":9,"enemies":"2 Fungi Beasts","floor":11,"turns":4},{"damage":42,"enemies":"Exordium Thugs","floor":12,"turns":5},{"damage":6,"enemies":"Blue Slaver","floor":13,"turns":4},{"damage":22,"enemies":"3 Louse","floor":14,"turns":3},{"damage":12,"enemies":"Slime Boss","floor":16,"turns":10},{"damage":27,"enemies":"Chosen","floor":18,"turns":6},{"damage":36,"enemies":"2 Thieves","floor":20,"turns":5},{"damage":1,"enemies":"3 Cultists","floor":21,"turns":4},{"damage":60,"enemies":"Chosen and Byrds","floor":22,"turns":8},{"damage":39,"enemies":"Book of Stabbing","floor":24,"turns":6},{"damage":27,"enemies":"Slavers","floor":28,"turns":1}],"seed_played":"8373945070784196700","potions_obtained":[{"floor":1,"key":"EssenceOfSteel"},{"floor":8,"key":"CultistPotion"},{"floor":12,"key":"REME_GoldPotion"},{"floor":13,"key":"Fruit Juice"},{"floor":14,"key":"ats:Emergency Sanity Potion"},{"floor":18,"key":"Swift Potion"},{"floor":24,"key":"Energy Potion"}],"is_trial":true,"path_per_floor":["M","M","$","?","?","R","E","M","T","E","M","M","M","M","R","B",null,"M","$","M","M","M","R","E","R","T","?","E"],"character_chosen":"DOCTOR_CLASS","items_purchased":["Gathering:ReiMu","SubAcupoint:ReiMu","InherentArray:ReiMu","Grinning Jar"],"campfire_rested":0,"item_purchase_floors":[3,3,19,19],"current_hp_per_floor":[71,72,72,72,72,72,70,71,78,72,76,72,84,78,78,84,84,72,72,54,84,44,44,55,55,55,22,0,0],"gold":327,"neow_bonus":"","is_daily":false,"chose_seed":false,"campfire_upgraded":4,"win_rate":0.0,"timestamp":1611333356,"path_taken":["M","M","$","?","?","R","E","M","T","E","M","M","M","M","R","BOSS","M","$","M","M","M","R","E","R","T","?","E"],"items_purchased_type":["Card","Card","Card","Relic"],"build_version":"2020-12-22","purchased_purges":0,"victory":false,"max_hp_per_floor":[72,72,72,72,72,72,72,72,79,79,79,79,84,84,84,84,84,84,84,84,84,84,84,84,84,84,84,84,84],"card_choices":[{"not_picked":["ats:Childhood Dance","ats:Sunburst"],"picked":"LearningPray:ReiMu","floor":1},{"not_picked":["ats:Curse Doll","TightArray:ReiMu"],"picked":"ats:Very Hot Blade","floor":2},{"not_picked":["ats:Consecutive Shot Auto","WonderfulDomain:ReiMu"],"picked":"ats:Flexible Camouflage","floor":7},{"not_picked":["ats:Soul Absorption","ats:Blood Oath"],"picked":"ats:Very Hot Blade","floor":8},{"not_picked":["Gathering:ReiMu","KamiSacrifice:ReiMu"],"picked":"ats:Healing Drone","floor":10},{"not_picked":["UpKicking:ReiMu","KamiSacrifice:ReiMu"],"picked":"ats:Roar Of Ursus","floor":11},{"not_picked":["SealNeedle:ReiMu","ats:Closed Bolt Burst Fire"],"picked":"ats:Sashimi Platter","floor":12},{"not_picked":["SubcavityInstant:ReiMu","ats:Curse Doll","ats:Ignite"],"picked":"SKIP","floor":13},{"not_picked":["EmergencyTakeOff:ReiMu","CareerPray:ReiMu"],"picked":"FantasyMoon:ReiMu","floor":14},{"not_picked":["ats:Durian","ats:Ambush"],"picked":"Free:ReiMu","floor":16},{"not_picked":["SpreadBorder2:ReiMu","AlertArray:ReiMu"],"picked":"ats:Very Hot Blade","floor":18},{"not_picked":["AirStrike:ReiMu+1","ats:Consecutive Shot Auto"],"picked":"ats:Hammer On+1","floor":20},{"not_picked":["Meditation:ReiMu","NineCharacters:ReiMu"],"picked":"ats:Support Order","floor":21},{"not_picked":["ats:Steam Pump","ats:Cat Scratch"],"picked":"ats:Part Time Job+1","floor":22},{"not_picked":["ats:Very Hot Blade","ats:Beaten Up"],"picked":"ats:Calcification","floor":24},{"not_picked":["UniversalSpiritual:ReiMu","Conquer:ReiMu"],"picked":"ats:Very Hot Blade","floor":27}],"player_experience":116532,"relics_obtained":[{"floor":7,"key":"ats:Originium"},{"floor":7,"key":"Mummified Hand"},{"floor":9,"key":"Strawberry"},{"floor":10,"key":"ats:Originium"},{"floor":10,"key":"Gremlin Horn"},{"floor":24,"key":"ats:Originium"},{"floor":24,"key":"Bag of Marbles"},{"floor":26,"key":"Vajra"}],"event_choices":[{"damage_healed":0,"gold_gain":0,"player_choice":"Grow","damage_taken":0,"max_hp_gain":0,"max_hp_loss":0,"event_name":"Living Wall","floor":4,"gold_loss":0,"cards_upgraded":["MikOfLucky:ReiMu"]}],"is_beta":false,"boss_relics":[{"not_picked":["Painkiller Herb","Runic Dome","Ring of Chaos"]}],"items_purged_floors":[],"is_endless":true,"potions_floor_spawned":[1,8,12,13,14,18,20,24],"killed_by":"Slavers","ascension_level":20}}