{"host":"vzkpoqyw8ea6g4k2","time":1611294273,"event":{"mods":["AchievementEnabler","BaseMod","Colored Map","Colored Powertips","Dark Map","Minty Spire (QoL Compilation)","Permanent Neow","Quick Restart","StSLib","SuperFastMode","The Runesmith"],"gold_per_floor":[118,118,129,129,140,140,169,187,187,187,214,234,251,268,268,369,369,381,336,336,336,261,261,261],"floor_reached":23,"language":"KOR","playtime":962,"items_purged":[],"score":201,"play_id":"41c071e3-ed31-45f2-95b9-d2963be882a6","local_time":"20210122144433","is_ascension_mode":false,"campfire_choices":[{"data":"Runesmith:CraftFirestone","floor":6,"key":"SMITH"},{"data":"Runesmith:Repurpose","floor":10,"key":"SMITH"},{"floor":15,"key":"REST"}],"circlet_count":0,"master_deck":["Runesmith:Strike_RS","Runesmith:Defend_RS","Runesmith:Defend_RS","Runesmith:Defend_RS","Runesmith:Defend_RS","Runesmith:CraftFirestone+1","Runesmith:Fortify","Runesmith:GoWithTheFlow","Runesmith:Repurpose+1","Runesmith:EarthShield","Runesmith:Terraform","Runesmith:HeatExchange","Runesmith:RuneHurl","Runesmith:Firestorm+1","Runesmith:ElementalConversion","Runesmith:ArcReactor+1","Runesmith:DoubleUp+1","Runesmith:CraftMagma"],"relics":["Runesmith:BrokenRuby","Frozen Egg 2","StrikeDummy","MealTicket","Black Star"],"acts_visited":["Exordium","TheCity"],"potions_floor_usage":[1,7,11,16],"damage_taken":[{"damage":0,"enemies":"Small Slimes","floor":1,"turns":5},{"damage":0,"enemies":"Cultist","floor":3,"turns":4},{"damage":7,"enemies":"2 Louse","floor":5,"turns":3},{"damage":11,"enemies":"3 Sentries","floor":7,"turns":8},{"damage":4,"enemies":"2 Fungi Beasts","floor":8,"turns":5},{"damage":17,"enemies":"Lagavulin","floor":11,"turns":8},{"damage":0,"enemies":"3 Louse","floor":12,"turns":2},{"damage":3,"enemies":"Blue Slaver","floor":13,"turns":3},{"damage":11,"enemies":"Large Slime","floor":14,"turns":7},{"damage":4,"enemies":"The Guardian","floor":16,"turns":16},{"damage":14,"enemies":"Shell Parasite","floor":18,"turns":7},{"damage":75,"enemies":"Gremlin Leader","floor":23,"turns":4}],"seed_played":"3744901932157624872","potions_obtained":[{"floor":1,"key":"Fruit Juice"},{"floor":5,"key":"DistilledChaos"},{"floor":8,"key":"Block Potion"},{"floor":13,"key":"LiquidBronze"},{"floor":14,"key":"Fire Potion"},{"floor":16,"key":"SpeedPotion"},{"floor":18,"key":"BlessingOfTheForge"}],"is_trial":false,"path_per_floor":["M","?","M","?","M","R","E","M","T","R","E","M","M","M","R","B",null,"M","$","?","?","?","E"],"character_chosen":"RUNESMITH_CLASS","items_purchased":["Runesmith:CraftMagma"],"campfire_rested":1,"item_purchase_floors":[19],"current_hp_per_floor":[75,68,68,68,61,61,50,46,46,46,29,29,26,15,37,33,75,61,75,75,66,66,0,0],"gold":261,"neow_bonus":"REMOVE_CARD","is_daily":false,"chose_seed":false,"campfire_upgraded":2,"win_rate":0.0,"timestamp":1611294273,"path_taken":["M","?","?","?","M","R","E","?","T","R","E","M","M","M","R","BOSS","M","$","?","?","?","E"],"items_purchased_type":["Card"],"build_version":"2020-12-22","purchased_purges":0,"victory":false,"max_hp_per_floor":[75,75,75,75,75,75,75,75,75,75,75,75,75,75,75,75,75,75,75,75,75,75,75,75],"card_choices":[{"not_picked":["Runesmith:EnergizedChisel","Runesmith:CraftMagma"],"picked":"Runesmith:GoWithTheFlow","floor":1},{"not_picked":["Runesmith:StaticCage","Runesmith:Superposition"],"picked":"Runesmith:Repurpose","floor":3},{"not_picked":["Runesmith:PoweredAnvil","Runesmith:BackupBattery"],"picked":"Runesmith:EarthShield","floor":5},{"not_picked":["Runesmith:MetallurgicalResearch","Runesmith:Prism"],"picked":"Runesmith:Terraform","floor":7},{"not_picked":["Runesmith:UnstableHammer","Runesmith:Retool"],"picked":"Runesmith:HeatExchange","floor":8},{"not_picked":["Runesmith:Accelerate","Runesmith:Overpower"],"picked":"Runesmith:RuneHurl","floor":11},{"not_picked":["Runesmith:DoubleUp","Runesmith:WhiteBalance"],"picked":"Runesmith:Firestorm+1","floor":12},{"not_picked":["Runesmith:HeatExchange","Runesmith:MakeshiftArmor","Runesmith:HeatedChisel"],"picked":"SKIP","floor":13},{"not_picked":["Runesmith:Empowerment","Runesmith:DoubleUp"],"picked":"Runesmith:ElementalConversion","floor":14},{"not_picked":["Runesmith:MetallurgicalResearch","Runesmith:FissionHammer"],"picked":"Runesmith:ArcReactor+1","floor":16},{"not_picked":["Runesmith:ShiftingStrike+1","Runesmith:UnstableHammer+1"],"picked":"Runesmith:DoubleUp+1","floor":18}],"player_experience":22349,"relics_obtained":[{"floor":7,"key":"Frozen Egg 2"},{"floor":9,"key":"StrikeDummy"},{"floor":11,"key":"MealTicket"}],"event_choices":[{"damage_healed":0,"gold_gain":0,"player_choice":"Damaged","damage_taken":7,"max_hp_gain":0,"max_hp_loss":0,"event_name":"Wheel of Change","floor":2,"gold_loss":0},{"damage_healed":0,"gold_gain":0,"player_choice":"Ignored","damage_taken":0,"max_hp_gain":0,"max_hp_loss":0,"event_name":"NoteForYourself","floor":4,"gold_loss":0},{"cards_removed":["Runesmith:Strike_RS"],"damage_healed":0,"gold_gain":0,"player_choice":"Elegance","damage_taken":0,"max_hp_gain":0,"max_hp_loss":0,"event_name":"Back to Basics","floor":20,"gold_loss":0},{"damage_healed":0,"gold_gain":0,"player_choice":"Stopped","damage_taken":9,"max_hp_gain":0,"max_hp_loss":0,"event_name":"Cursed Tome","floor":21,"gold_loss":0},{"cards_removed":["Runesmith:Strike_RS"],"damage_healed":0,"gold_gain":0,"player_choice":"Gave Gold","damage_taken":0,"max_hp_gain":0,"max_hp_loss":0,"event_name":"Beggar","floor":22,"gold_loss":75}],"is_beta":false,"boss_relics":[{"not_picked":["Coffee Dripper","Runic Dome"],"picked":"Black Star"}],"items_purged_floors":[],"is_endless":false,"potions_floor_spawned":[1,5,8,13,14,16,18],"killed_by":"Gremlin Leader","ascension_level":0}}