{"host":"mal0jdk4f6ubgyb8","time":1611345866,"event":{"mods":["100% Spire Juice","Act Like it!","Arknights The Spire","Aspiration","BaseMod","Gensokyo","Hallownest","Koishi","Luminous","Marisa£®ÏF”Í°°ƒß¿Ì…≥£©","Minty Spire (QoL Compilation)","Quick Restart","Reimu£®≤©¿ˆ¡È√Œ£©","Relic Stats","Remilia£®¿Ÿ√◊¿Ú—«£©","StSLib","The Bug Knight","WarShipGirlsR/’ΩΩ¢…Ÿ≈ÆR mod","Yakumo Yukari mod","Youmu£®ªÍ∆«—˝√Œ£©","Yuri Mod","Yuyuko"],"gold_per_floor":[111,131,151,164,164,199,199,224,248,274,55,25,25,60,60,159,159,378,88,107,97,97,97,97],"floor_reached":23,"language":"ZHS","playtime":714,"items_purged":[],"score":282,"play_id":"4012a096-592f-4112-b503-e3a01220f598","local_time":"20210123040426","is_ascension_mode":true,"campfire_choices":[],"circlet_count":0,"master_deck":["Strike_RM","Strike_RM","Strike_RM","Defend_RM","Defend_RM","Defend_RM","Defend_RM","ScarletShoot","NightDance","RedRainbow","Stigmanizer","Stigmanizer","RedRainbow","BombardNight","Stigmanizer","TwelveNightmare+1","BloodyCatastrophe","BloodyCatastrophe","BombardNight","ScarletDevil"],"relics":["ScarletHat","NeowsBlessing","Gensokyo:Justice","Darkstone Periapt","Orichalcum","Eternal Feather","Sling","Mastiff:ReiMu","SlaversCollar","PrismaticShard","MealTicket"],"acts_visited":["Exordium","Gensokyo:Gensokyo"],"potions_floor_usage":[],"damage_taken":[],"seed_played":"5713470833565729253","potions_obtained":[],"is_trial":false,"path_per_floor":[],"character_chosen":"REMILIA","items_purchased":[],"campfire_rested":0,"item_purchase_floors":[],"current_hp_per_floor":[],"gold":97,"neow_bonus":"THREE_ENEMY_KILL","is_daily":false,"chose_seed":false,"campfire_upgraded":1,"win_rate":0.0,"timestamp":1611345866,"path_taken":[],"items_purchased_type":["Relic","Relic","Relic"],"build_version":"2020-12-22","purchased_purges":1,"victory":false,"max_hp_per_floor":[],"relic_stats":{"Darkstone Periapt":0,"counters":[12,47],"Eternal Feather":18,"MealTicket":15,"Orichalcum":[78],"obtain_stats":[{"Darkstone Periapt":6,"SlaversCollar":17,"NeowsBlessing":0,"Mastiff:ReiMu":14,"Eternal Feather":10,"MealTicket":19,"Gensokyo:Justice":5,"Orichalcum":8,"Sling":11,"PrismaticShard":19,"ScarletHat":0},{"Darkstone Periapt":5,"SlaversCollar":9,"NeowsBlessing":0,"Mastiff:ReiMu":8,"Eternal Feather":7,"MealTicket":10,"Gensokyo:Justice":4,"Orichalcum":6,"Sling":7,"PrismaticShard":10,"ScarletHat":0},{"Darkstone Periapt":13,"SlaversCollar":40,"NeowsBlessing":0,"Mastiff:ReiMu":30,"Eternal Feather":26,"MealTicket":45,"Gensokyo:Justice":6,"Orichalcum":20,"Sling":26,"PrismaticShard":45,"ScarletHat":0}]},"card_choices":[],"player_experience":335417,"relics_obtained":[],"event_choices":[],"is_beta":false,"boss_relics":[],"items_purged_floors":[],"is_endless":false,"potions_floor_spawned":[],"killed_by":"Gensokyo:Reisen","ascension_level":4}}