{"host":"q6ff4ns2kep02ti6","time":1611320393,"event":{"mods":["AchievementEnabler","BaseMod","Minty Spire (QoL Compilation)","Relic Stats","StSLib","Unceasing Turn Reminder"],"gold_per_floor":[117,117,117,127,52,52,85,85,109,109,109,152,168,24,24,117,117,130,130,150,100,119,119,154,175,175,175,219,23,54,67,67,67,67],"floor_reached":33,"language":"ENG","playtime":1907,"items_purged":["Defend_R","Strike_R","Strike_R","Strike_R"],"score":772,"play_id":"c4ddc692-e0ff-4a03-b63e-27067b6d1c5f","local_time":"20210122135953","is_ascension_mode":true,"campfire_choices":[{"data":"Uppercut","floor":6,"key":"SMITH"},{"floor":11,"key":"REST"},{"data":"Immolate","floor":15,"key":"SMITH"},{"data":"Feed","floor":23,"key":"SMITH"},{"data":"Power Through","floor":27,"key":"SMITH"},{"floor":32,"key":"REST"}],"circlet_count":0,"master_deck":["AscendersBane","Strike_R","Strike_R","Defend_R","Defend_R","Bash","Power Through+1","Uppercut+1","Anger","Cleave","Immolate+1","Flash of Steel","Feed+1","Feel No Pain","Spot Weakness","Ghostly Armor","PanicButton","Pummel","Feel No Pain"],"relics":["Burning Blood","NeowsBlessing","Anchor","Golden Idol","Smiling Mask","Dream Catcher","Omamori","Cursed Key","White Beast Statue","Potion Belt","Tiny Chest"],"acts_visited":["Exordium","TheCity"],"potions_floor_usage":[12,12,16,24,25,30,33,33,33],"damage_taken":[{"damage":0,"enemies":"Cultist","floor":1,"turns":1},{"damage":0,"enemies":"Small Slimes","floor":4,"turns":1},{"damage":0,"enemies":"Gremlin Nob","floor":7,"turns":1},{"damage":0,"enemies":"Lagavulin","floor":12,"turns":6},{"damage":0,"enemies":"2 Louse","floor":13,"turns":2},{"damage":2,"enemies":"Slime Boss","floor":16,"turns":5},{"damage":0,"enemies":"Chosen","floor":18,"turns":2},{"damage":15,"enemies":"3 Byrds","floor":20,"turns":4},{"damage":13,"enemies":"Snake Plant","floor":22,"turns":4},{"damage":11,"enemies":"Book of Stabbing","floor":24,"turns":4},{"damage":15,"enemies":"Cultist and Chosen","floor":25,"turns":5},{"damage":0,"enemies":"Gremlin Leader","floor":28,"turns":6},{"damage":22,"enemies":"Book of Stabbing","floor":30,"turns":4},{"damage":24,"enemies":"Shelled Parasite and Fungi","floor":31,"turns":7},{"damage":81,"enemies":"Automaton","floor":33,"turns":6}],"seed_played":"-3876072946467644528","potions_obtained":[{"floor":1,"key":"Energy Potion"},{"floor":4,"key":"Block Potion"},{"floor":12,"key":"DuplicationPotion"},{"floor":20,"key":"Swift Potion"},{"floor":24,"key":"GamblersBrew"},{"floor":25,"key":"EssenceOfSteel"},{"floor":28,"key":"PowerPotion"},{"floor":30,"key":"Explosive Potion"},{"floor":31,"key":"ColorlessPotion"}],"is_trial":false,"path_per_floor":["M","?","?","M","$","R","E","?","T","T","R","E","M","$","R","B",null,"M","?","M","$","M","R","E","M","T","R","E","$","E","M","R","B"],"character_chosen":"IRONCLAD","items_purchased":["Flash of Steel","PanicButton","BloodPotion"],"campfire_rested":2,"item_purchase_floors":[14,29,29],"current_hp_per_floor":[74,79,72,78,78,78,80,52,52,52,76,80,80,80,80,80,80,83,83,77,77,70,70,65,60,60,60,66,66,50,32,59,0,0],"gold":67,"neow_bonus":"THREE_ENEMY_KILL","is_daily":false,"chose_seed":false,"campfire_upgraded":4,"win_rate":0.0,"timestamp":1611320393,"path_taken":["M","?","?","M","$","R","E","?","T","?","R","E","M","?","R","BOSS","M","?","M","?","M","R","E","M","T","R","E","$","E","M","R","BOSS"],"items_purchased_type":["Card","Card","Potion"],"build_version":"2020-12-22","purchased_purges":4,"victory":false,"max_hp_per_floor":[75,80,80,80,80,80,80,80,80,80,80,80,80,80,80,80,80,83,83,86,86,86,86,86,90,90,90,90,90,90,90,90,90,90],"relic_stats":{"Dream Catcher":2,"counters":[15,58],"Golden Idol":71,"Tiny Chest":0,"Smiling Mask":225,"Cursed Key":1,"obtain_stats":[{"Potion Belt":28,"Anchor":7,"Dream Catcher":10,"NeowsBlessing":0,"Golden Idol":8,"Tiny Chest":30,"Omamori":12,"Smiling Mask":9,"Cursed Key":17,"Burning Blood":0,"White Beast Statue":24},{"Potion Belt":12,"Anchor":3,"Dream Catcher":3,"NeowsBlessing":0,"Golden Idol":3,"Tiny Chest":13,"Omamori":4,"Smiling Mask":3,"Cursed Key":6,"Burning Blood":0,"White Beast Statue":10},{"Potion Belt":41,"Anchor":3,"Dream Catcher":3,"NeowsBlessing":0,"Golden Idol":3,"Tiny Chest":45,"Omamori":9,"Smiling Mask":3,"Cursed Key":16,"Burning Blood":0,"White Beast Statue":30}],"Burning Blood":62},"card_choices":[{"not_picked":["Inflame","Clash"],"picked":"Power Through","floor":1},{"not_picked":["Battle Trance","Pommel Strike"],"picked":"Uppercut","floor":4},{"not_picked":["Headbutt","Warcry"],"picked":"Anger","floor":7},{"not_picked":["Twin Strike","Entrench"],"picked":"Cleave","floor":11},{"not_picked":["Warcry","Dropkick"],"picked":"Immolate","floor":12},{"not_picked":["Anger","Wild Strike","Hemokinesis"],"picked":"SKIP","floor":13},{"not_picked":["Limit Break","Double Tap"],"picked":"Feed","floor":16},{"not_picked":["Cleave","Armaments","Intimidate"],"picked":"SKIP","floor":18},{"not_picked":["Anger+1","Sword Boomerang+1"],"picked":"Spot Weakness","floor":20},{"not_picked":["Clash","Fiend Fire"],"picked":"Ghostly Armor","floor":22},{"not_picked":["Blood for Blood","Whirlwind+1","Body Slam"],"picked":"SKIP","floor":24},{"not_picked":["Cleave","Evolve","Ghostly Armor"],"picked":"SKIP","floor":25},{"not_picked":["Havoc","Heavy Blade","Evolve"],"picked":"SKIP","floor":28},{"not_picked":["Havoc","Heavy Blade","Evolve"],"picked":"SKIP","floor":28},{"not_picked":["Twin Strike","Flex","Warcry"],"picked":"SKIP","floor":30},{"not_picked":["Twin Strike","Cleave"],"picked":"Pummel","floor":31},{"not_picked":["Wild Strike","Whirlwind"],"picked":"Feel No Pain","floor":32}],"player_experience":995288,"relics_obtained":[{"floor":7,"key":"Anchor"},{"floor":9,"key":"Smiling Mask"},{"floor":10,"key":"Dream Catcher"},{"floor":12,"key":"Omamori"},{"floor":24,"key":"White Beast Statue"},{"floor":28,"key":"Potion Belt"},{"floor":30,"key":"Tiny Chest"}],"event_choices":[{"damage_healed":0,"gold_gain":0,"player_choice":"Donut","damage_taken":0,"max_hp_gain":5,"max_hp_loss":0,"event_name":"Big Fish","floor":2,"gold_loss":0},{"cards_removed":["Defend_R"],"damage_healed":0,"gold_gain":0,"player_choice":"Card Removal","damage_taken":7,"max_hp_gain":0,"max_hp_loss":0,"event_name":"Golden Wing","floor":3,"gold_loss":0},{"damage_healed":0,"gold_gain":0,"player_choice":"Take Damage","damage_taken":28,"relics_obtained":["Golden Idol"],"max_hp_gain":0,"max_hp_loss":0,"event_name":"Golden Idol","floor":8,"gold_loss":0},{"damage_healed":0,"gold_gain":0,"player_choice":"1 cards matched","damage_taken":0,"max_hp_gain":0,"max_hp_loss":0,"event_name":"Match and Keep!","floor":19,"gold_loss":0,"cards_obtained":["Feel No Pain"]}],"is_beta":false,"boss_relics":[{"not_picked":["Black Star","Black Blood"],"picked":"Cursed Key"}],"items_purged_floors":[5,14,21,29],"is_endless":false,"potions_floor_spawned":[1,4,12,20,24,25,28,30,31],"killed_by":"Automaton","ascension_level":20}}