{"host":"xsfbp1yx1f2ea5z7","time":1611308623,"event":{"mods":["AchievementEnabler","Act Like it!","Aspiration","Bard","BaseMod","Beaked The Cultist","Better Altar","Better Match","Better Note","Better Sensory Stone","Better Skull","Better Third Choice","BetterRewards","Block Reminder","ChefMod","Colored Map","Colored Powertips","Conspire","DeckTracker","Downfall","GifTheSpireLib","GungeonMod","Halation","Hermit","Hubris","Infinite Spire","Jedi Mod","Jorbs\u0027s Wanderer Trilogy","Marked Mod","Mimic Mod","Minty Spire (QoL Compilation)","Shade Mod","Spicy Shops","StSLib","Stuff the Spire","The Blackbeard","The Cursed","The Hierophant","The Judge","The Jungle","The Mystic","The Runesmith","TheBandit","Unceasing Turn Reminder","Wandering Minibosses","everything is the same but u backflip on backflip","vexMod"],"gold_per_floor":[99,118,118,118,131,150,150,150,150,164,189,203,13,31,47,47,47],"floor_reached":16,"language":"ENG","playtime":846,"items_purged":["champ:Strike","champ:Defend"],"score":104,"play_id":"ad79f248-16f9-4da9-b347-3c4f333db5bc","local_time":"20210122174343","is_ascension_mode":false,"campfire_choices":[{"data":"champ:Execute","floor":1,"key":"SMITH"},{"data":"champ:MurderStrike","floor":9,"key":"SMITH"}],"circlet_count":0,"master_deck":["champ:Strike","champ:Strike","champ:Strike","champ:Defend","champ:Defend","champ:Execute+1","champ:Taunt+1","champ:EnGarde","champ:MurderStrike+1","champ:StanceDance","champ:EnragedBash","champ:AdrenalArmor","champ:TornadoPunch","champ:ArenaPreparation","champ:GutPunch","champ:RisingSlash"],"relics":["champ:ChampionCrown","DemoMod:ResourcefulSack"],"acts_visited":["Exordium"],"potions_floor_usage":[10,14],"damage_taken":[{"damage":10,"enemies":"Jaw Worm","floor":2,"turns":4},{"damage":10,"enemies":"conspire:RoseBush","floor":5,"turns":5},{"damage":20,"enemies":"Cultist","floor":6,"turns":4},{"damage":10,"enemies":"Blue Slaver","floor":10,"turns":5},{"damage":56,"enemies":"Gremlin Nob","floor":11,"turns":5},{"damage":27,"enemies":"Exordium Wildlife","floor":12,"turns":5},{"damage":15,"enemies":"downfall:FleeingMerchant","floor":13,"turns":4},{"damage":22,"enemies":"Exordium Thugs","floor":14,"turns":3},{"damage":42,"enemies":"Large Slime","floor":15,"turns":4},{"damage":69,"enemies":"WA_ARCHETYPE_RETAIN","floor":16,"turns":6}],"seed_played":"3772979456802615673","potions_obtained":[{"floor":5,"key":"PowerPotion"},{"floor":6,"key":"Weak Potion"},{"floor":12,"key":"Guardian:BlockOnCardUsePotion"}],"is_trial":false,"path_per_floor":["R","M","?","?","M","M","T","?","R","M","E","M","$","M","M","B"],"character_chosen":"THE_CHAMP","items_purchased":[],"campfire_rested":0,"item_purchase_floors":[],"current_hp_per_floor":[90,90,90,90,90,90,90,90,90,90,59,47,47,45,38,0,0],"gold":47,"neow_bonus":"UPGRADE_CARD","is_daily":false,"chose_seed":false,"campfire_upgraded":2,"win_rate":0.0,"timestamp":1611308623,"path_taken":["R","M","?","?","M","M","T","?","R","?","E","?","$","M","M","BOSS"],"items_purchased_type":[],"build_version":"2020-12-22","purchased_purges":2,"victory":false,"max_hp_per_floor":[90,90,90,90,90,90,90,90,90,90,90,90,90,90,90,90,90],"card_choices":[{"not_picked":["champ:FancyFootwork","champ:GladiatorStyle"],"picked":"champ:EnGarde","floor":2},{"not_picked":["champ:BladeFlurry","champ:Haymaker"],"picked":"champ:MurderStrike","floor":5},{"not_picked":["champ:ShieldSlam","champ:Parry"],"picked":"champ:StanceDance","floor":6},{"not_picked":["champ:HeartStrike","champ:BladeFlurry"],"picked":"champ:EnragedBash","floor":10},{"not_picked":["champ:Backstep","champ:BerserkersShout"],"picked":"champ:AdrenalArmor","floor":11},{"not_picked":["champ:RapidStrikes","champ:MurderStrike"],"picked":"champ:TornadoPunch","floor":12},{"not_picked":["champ:TornadoPunch","champ:Backstep"],"picked":"champ:ArenaPreparation","floor":13},{"not_picked":["champ:StanceDance","champ:CrookedStrike"],"picked":"champ:GutPunch","floor":14},{"not_picked":["champ:Backstep","champ:PreemptiveStrike"],"picked":"champ:RisingSlash","floor":15}],"player_experience":98044,"relics_obtained":[{"floor":11,"key":"DemoMod:ResourcefulSack"}],"event_choices":[{"cards_removed":["champ:Defend"],"damage_healed":0,"gold_gain":0,"player_choice":"Card Removal","damage_taken":0,"max_hp_gain":0,"max_hp_loss":0,"event_name":"The Cleric","floor":8,"gold_loss":0}],"is_beta":false,"boss_relics":[],"items_purged_floors":[13,13],"is_endless":false,"potions_floor_spawned":[5,6,12],"killed_by":"WA_ARCHETYPE_RETAIN","ascension_level":0}}