{"host":"sw6p9u0oh417cx03","time":1611329639,"event":{"mods":["AchievementEnabler","Act Like it!","BaseMod","CapriCore","DeckTracker","Highlight Path","Minty Spire (QoL Compilation)","Quick Restart","StSLib"],"gold_per_floor":[117,117,117,131,56,91,91,91,117,117,151,170,185,185,185,281,281,306,333,233,233,244,244,244],"floor_reached":23,"language":"ZHS","playtime":656,"items_purged":["Strike_R","Strike_R"],"score":389,"play_id":"3be8a054-4cc9-4732-bdda-bf0774621b97","local_time":"20210122233359","is_ascension_mode":true,"campfire_choices":[{"data":"Body Slam","floor":7.0,"key":"SMITH"},{"data":"Shrug It Off","floor":10.0,"key":"SMITH"},{"data":"True Grit","floor":15.0,"key":"SMITH"}],"circlet_count":0,"master_deck":["AscendersBane","Strike_R","Strike_R","Defend_R","Defend_R","Defend_R","Defend_R","Bash","Shrug It Off+1","Body Slam+1","Berserk","True Grit+1","Barricade","Power Through"],"relics":["Black Blood","NeowsBlessing","Bloody Idol","Ancient Tea Set","Bronze Scales","Red Skull","Pantograph"],"acts_visited":["Exordium","TheCity"],"potions_floor_usage":[23],"damage_taken":[{"damage":0.0,"enemies":"Cultist","floor":1.0,"turns":1.0},{"damage":0.0,"enemies":"2 Louse","floor":4.0,"turns":1.0},{"damage":0.0,"enemies":"Lagavulin","floor":6.0,"turns":1.0},{"damage":40.0,"enemies":"3 Sentries","floor":11.0,"turns":10.0},{"damage":0.0,"enemies":"Jaw Worm","floor":12.0,"turns":2.0},{"damage":6.0,"enemies":"Red Slaver","floor":13.0,"turns":3.0},{"damage":53.0,"enemies":"Slime Boss","floor":16.0,"turns":16.0},{"damage":12.0,"enemies":"3 Byrds","floor":18.0,"turns":3.0},{"damage":4.0,"enemies":"Shell Parasite","floor":22.0,"turns":9.0},{"damage":70,"enemies":"Book of Stabbing","floor":23,"turns":7}],"seed_played":"-5549813912761308170","potions_obtained":[{"floor":4.0,"key":"Energy Potion"},{"floor":6.0,"key":"LiquidMemories"},{"floor":16.0,"key":"AttackPotion"},{"floor":18.0,"key":"DistilledChaos"}],"is_trial":false,"path_per_floor":["M","?","?","M","$","E","R","$","T","R","E","M","M","T","R","B",null,"M","T","$","?","M","E"],"character_chosen":"IRONCLAD","items_purchased":[],"campfire_rested":0,"item_purchase_floors":[],"current_hp_per_floor":[74,48,48,54,54,60,60,60,60,60,26,32,32,32,32,10,59,59,59,59,59,72,2,2],"gold":244,"neow_bonus":"THREE_ENEMY_KILL","is_daily":false,"chose_seed":false,"campfire_upgraded":3,"win_rate":0.0,"timestamp":1611329639,"path_taken":["M","?","?","?","$","E","R","$","T","R","E","M","M","?","R","BOSS","M","?","$","?","M","E"],"items_purchased_type":[],"build_version":"2020-12-22","purchased_purges":2,"victory":false,"max_hp_per_floor":[75,75,75,75,75,75,75,75,75,75,75,75,75,75,75,75,75,75,75,75,75,75,75,75],"card_choices":[{"not_picked":["Flex","Searing Blow"],"picked":"Shrug It Off","floor":1.0},{"not_picked":["Clash","Warcry","Thunderclap"],"picked":"SKIP","floor":4.0},{"not_picked":["Havoc","Wild Strike"],"picked":"Body Slam","floor":6.0},{"not_picked":["Headbutt","Clothesline"],"picked":"Berserk","floor":11.0},{"not_picked":["Cleave","Rupture"],"picked":"True Grit","floor":12.0},{"not_picked":["True Grit","Sever Soul","Evolve"],"picked":"SKIP","floor":13.0},{"not_picked":["Impervious","Double Tap"],"picked":"Barricade","floor":16.0},{"not_picked":["Clothesline","Wild Strike","Heavy Blade"],"picked":"SKIP","floor":18.0},{"not_picked":["Combust","Blood for Blood"],"picked":"Power Through","floor":22.0}],"player_experience":322381,"relics_obtained":[{"floor":6.0,"key":"Ancient Tea Set"},{"floor":9.0,"key":"Bronze Scales"},{"floor":11.0,"key":"Red Skull"},{"floor":14.0,"key":"Pantograph"}],"event_choices":[{"damage_healed":0.0,"max_hp_gain":0.0,"max_hp_loss":0.0,"gold_gain":0.0,"event_name":"Golden Idol","player_choice":"Take Damage","floor":2.0,"gold_loss":0.0,"damage_taken":26.0,"relics_obtained":["Golden Idol"]},{"cards_removed":["Strike_R"],"damage_healed":0.0,"max_hp_gain":0.0,"max_hp_loss":0.0,"gold_gain":0.0,"event_name":"Bonfire Elementals","player_choice":"Offered Basic","floor":3.0,"gold_loss":0.0,"damage_taken":0.0},{"damage_healed":0.0,"max_hp_gain":0.0,"max_hp_loss":0.0,"gold_gain":0.0,"event_name":"Forgotten Altar","player_choice":"Gave Idol","floor":21.0,"relics_lost":["Golden Idol"],"gold_loss":0.0,"damage_taken":0.0,"relics_obtained":["Bloody Idol"]}],"is_beta":false,"boss_relics":[{"not_picked":["Calling Bell","Astrolabe"],"picked":"Black Blood"}],"items_purged_floors":[5,20],"is_endless":false,"potions_floor_spawned":[4,6,12,16,18],"killed_by":"Book of Stabbing","ascension_level":15}}