{"host":"u7y9frlpoazak2mn","time":1611283516,"event":{"mods":["AchievementEnabler","Act Like it!","Alarm Clock","Aspiration","Astrologer","BaseMod","Beaked The Cultist","Better Altar","Better Match","Better Note","Better Sensory Stone","Better Skull","Better Third Choice","CCEM","Chen","Colored Map","Colored Powertips","Conspire","Curses Come First","Displayed Cursed Tome","Energized Spire","Fox Events","Friendly Minions","Gensokyo","GifTheSpireLib","Glutton Mod","Halation","Hallownest","Hermit","Hubris","Infinite Spire","Jedi Mod","KinomotoSakuraMod(????)","Koishi","Marisa????????","Mimic Mod","Minty Spire (QoL Compilation)","Pale of the Ancients","Prisma Mod","Quarter Circle Forward PUNCH!","Quick Restart","Random Character Button","Rare Cards Sparkle","Relic Stats","Remilia??????","Replay The Spire","Retaliation","Spicy Shops","Spikes Relics","StS++","StSLib","Stuff the Spire","TestMod","The Administrix","The Blue Laboratory","The Bug Knight","The Construct","The Cursed","The Factory","The Forsaken","The Juggle","The Jungle","The Marked","The Servant 0.9.4","Trackpad","Waifu the Spire","Wandering Minibosses","Wide Potions","Yuri Mod","vexMod"],"gold_per_floor":[114,114,32,32,63,63,80,4,4,4,4,23,34,34,34,34,34],"floor_reached":16,"language":"ENG","playtime":747,"items_purged":[],"score":123,"play_id":"9ceef04c-e4b7-4c81-8060-21bf9ad56bbf","local_time":"20210121214516","is_ascension_mode":false,"campfire_choices":[{"data":"ReplayTheSpireMod:??????????????????????","floor":6,"key":"SMITH"},{"floor":10,"key":"REST"},{"data":"StuffTheSpire:Synthwave","floor":15,"key":"SMITH"}],"circlet_count":0,"master_deck":["Strike_B","Strike_B","Strike_B","Strike_B","Zap","Dualcast","ReplayTheSpireMod:Repulse","ReplayTheSpireMod:??????????????????????+1","Static Discharge","Hallownest:skillLeafShield","Hallownest:skillLeafShield","Hallownest:skillLeafShield","Hallownest:skillLeafShield","Hallownest:skillLeafShield","StuffTheSpire:LoadUp","Static Discharge","StuffTheSpire:Synthwave+1"],"relics":["Cracked Core","testmod-TestBox","aspiration:Nostalgia","Burning Blood","ZombieTooth","CaptainsWheel","halation:StarCompass"],"acts_visited":["Exordium"],"potions_floor_usage":[],"damage_taken":[{"damage":1,"enemies":"Hallownest:monsterHuskWarrior","floor":1,"turns":3},{"damage":5,"enemies":"Hallownest:eliteMossKnight","floor":5,"turns":6},{"damage":15,"enemies":"2_ Uuma","floor":7,"turns":7},{"damage":0,"enemies":"Hallownest:2_Baldur","floor":12,"turns":4},{"damage":7,"enemies":"Hallownest:Guard_and_Warrior","floor":13,"turns":3},{"damage":76,"enemies":"Hallownest:BossBrokenVessel","floor":16,"turns":8}],"seed_played":"-2380588644151599471","potions_obtained":[{"floor":1,"key":"blueLaboratory:LouseDecoction"},{"floor":13,"key":"blueLaboratory:PhilterOfMotion"}],"is_trial":false,"path_per_floor":["M","?","$","?","?","R","M","$","T","R","?","M","M","?","R","B"],"character_chosen":"DEFECT","items_purchased":["Static Discharge","Static Discharge"],"campfire_rested":1,"item_purchase_floors":[3,8],"current_hp_per_floor":[75,56,56,56,57,57,53,53,53,75,75,75,74,74,74,0,0],"gold":34,"neow_bonus":"NOSTALGIA","is_daily":false,"chose_seed":false,"campfire_upgraded":2,"win_rate":0.0,"timestamp":1611283516,"path_taken":["M","?","$","?","?","R","M","$","T","R","?","?","M","?","R","BOSS"],"items_purchased_type":["Card","Card"],"build_version":"2020-12-22","purchased_purges":0,"victory":false,"max_hp_per_floor":[75,75,75,75,75,75,75,75,75,75,75,75,75,75,75,75,75],"relic_stats":{"counters":[6,31],"obtain_stats":[{"ZombieTooth":5,"CaptainsWheel":9,"testmod-TestBox":0,"aspiration:Nostalgia":0,"Cracked Core":0,"halation:StarCompass":14,"Burning Blood":0},{"ZombieTooth":2,"CaptainsWheel":3,"testmod-TestBox":0,"aspiration:Nostalgia":0,"Cracked Core":0,"halation:StarCompass":5,"Burning Blood":0},{"ZombieTooth":9,"CaptainsWheel":16,"testmod-TestBox":0,"aspiration:Nostalgia":0,"Cracked Core":0,"halation:StarCompass":23,"Burning Blood":0}],"Burning Blood":19},"card_choices":[{"not_picked":["BasicCrystalCard","Rebound"],"picked":"ReplayTheSpireMod:Repulse","floor":1},{"not_picked":["ReplayTheSpireMod:Black Plague","infinitespire:FutureSight"],"picked":"ReplayTheSpireMod:??????????????????????","floor":2},{"not_picked":["StuffTheSpire:Rend","StuffTheSpire:GlassShard","Compile Driver"],"picked":"SKIP","floor":5},{"not_picked":["StSpp:Pointer","Compile Driver"],"picked":"StuffTheSpire:LoadUp","floor":7},{"not_picked":["Cold Snap","Barrage","Go for the Eyes"],"picked":"SKIP","floor":12},{"not_picked":["StuffTheSpire:ShieldGenerator","White Noise"],"picked":"StuffTheSpire:Synthwave","floor":13}],"player_experience":343037,"relics_obtained":[{"floor":5,"key":"ZombieTooth"},{"floor":9,"key":"CaptainsWheel"}],"event_choices":[],"is_beta":false,"boss_relics":[],"items_purged_floors":[],"is_endless":false,"potions_floor_spawned":[1,13],"killed_by":"Hallownest:BossBrokenVessel","ascension_level":0}}