{"host":"r1w5o5rhvc53l1z6","time":1611326576,"event":{"mods":["BaseMod","Colored Map","DeckTracker","Minty Spire (QoL Compilation)","Permanent Neow","Quick Restart","SuperFastMode","everything is the same but u backflip on backflip"],"gold_per_floor":[116,116,41,41,55,83,164,164,164,164,179,209,226,238,238,339,339,354,372,388,388,388,420,520,420,444,444,459,472,472,472,472,575,575,594,610,610,451,501,535,535,535,558,558,570,605,605,638,638,638,638,638,10,61,61],"floor_reached":56,"language":"KOR","playtime":2462,"items_purged":["Defend_P","Establishment+1","Protect"],"score":1486,"play_id":"a4f9310c-ad75-42f4-938c-7d9e3fbb5bd6","local_time":"20210122234256","is_ascension_mode":false,"campfire_choices":[{"data":"SignatureMove","floor":8.0,"key":"SMITH"},{"data":"Sanctity","floor":10.0,"key":"SMITH"},{"data":"Vault","floor":15.0,"key":"SMITH"},{"floor":27.0,"key":"REST"},{"data":"Vault","floor":30.0,"key":"SMITH"},{"data":"Ghostly","floor":32.0,"key":"SMITH"},{"data":"Ghostly","floor":41.0,"key":"SMITH"},{"data":"Ghostly","floor":47.0,"key":"SMITH"},{"floor":49.0,"key":"RECALL"},{"data":"Ghostly","floor":52.0,"key":"SMITH"}],"circlet_count":0,"master_deck":["Eruption+1","Vigilance","Sanctity+1","SignatureMove+1","Vault+1","DevaForm+1","Alpha","EmptyMind","SpiritShield","JustLucky+1","Adaptation+1","Adaptation+1","CrushJoints+1","Necronomicurse","Vault+1","Ghostly+1","Ghostly","Ghostly+1","Ghostly+1","Ghostly+1","Scrawl","Crescendo+1","Madness","MentalFortress+1","DevaForm+1","Halt","SignatureMove","EmptyBody","Magnetism+1"],"relics":["HolyWater","NeowsBlessing","Gambling Chip","Bottled Flame","Frozen Egg 2","Letter Opener","Pandora\u0027s Box","Necronomicon","Singing Bowl","Bag of Preparation","Lizard Tail","GoldenEye","Nunchaku","Whetstone","Pear","HandDrill","StrikeDummy"],"acts_visited":["Exordium","TheCity","TheBeyond","TheEnding"],"potions_floor_usage":[55,55,55],"damage_taken":[{"damage":0.0,"enemies":"2 Louse","floor":1.0,"turns":1.0},{"damage":0.0,"enemies":"Small Slimes","floor":5.0,"turns":1.0},{"damage":0.0,"enemies":"Lagavulin","floor":6.0,"turns":1.0},{"damage":0.0,"enemies":"Jaw Worm","floor":11.0,"turns":1.0},{"damage":0.0,"enemies":"Gremlin Nob","floor":12.0,"turns":1.0},{"damage":0.0,"enemies":"Large Slime","floor":13.0,"turns":3.0},{"damage":0.0,"enemies":"2 Fungi Beasts","floor":14.0,"turns":2.0},{"damage":7.0,"enemies":"The Guardian","floor":16.0,"turns":9.0},{"damage":1.0,"enemies":"Chosen","floor":18.0,"turns":5.0},{"damage":2.0,"enemies":"Shell Parasite","floor":19.0,"turns":3.0},{"damage":0.0,"enemies":"Sentry and Sphere","floor":20.0,"turns":4.0},{"damage":32.0,"enemies":"Book of Stabbing","floor":23.0,"turns":6.0},{"damage":0.0,"enemies":"Snecko","floor":28.0,"turns":1.0},{"damage":0.0,"enemies":"Snake Plant","floor":29.0,"turns":1.0},{"damage":12.0,"enemies":"Champ","floor":33.0,"turns":6.0},{"damage":0.0,"enemies":"3 Shapes","floor":35.0,"turns":5.0},{"damage":0.0,"enemies":"Orb Walker","floor":36.0,"turns":1.0},{"damage":1.0,"enemies":"2 Orb Walkers","floor":39.0,"turns":5.0},{"damage":0.0,"enemies":"Nemesis","floor":40.0,"turns":3.0},{"damage":0.0,"enemies":"Writhing Mass","floor":45.0,"turns":1.0},{"damage":0.0,"enemies":"Giant Head","floor":46.0,"turns":6.0},{"damage":0.0,"enemies":"Reptomancer","floor":48.0,"turns":1.0},{"damage":0.0,"enemies":"Time Eater","floor":50.0,"turns":8.0},{"damage":0.0,"enemies":"Shield and Spear","floor":54.0,"turns":5.0},{"damage":70,"enemies":"The Heart","floor":55,"turns":8}],"seed_played":"2380884296800129469","potions_obtained":[{"floor":1.0,"key":"EssenceOfSteel"},{"floor":6.0,"key":"Regen Potion"},{"floor":13.0,"key":"AttackPotion"},{"floor":14.0,"key":"PowerPotion"},{"floor":16.0,"key":"Dexterity Potion"},{"floor":20.0,"key":"StancePotion"},{"floor":39.0,"key":"CultistPotion"}],"is_trial":false,"path_per_floor":["M","?","$","?","M","E","T","R","T","R","M","E","M","M","R","B",null,"M","M","M","?","?","E","?","$","T","R","M","M","R","?","R","B",null,"M","M","?","$","?","E","R","?","T","?","M","E","R","E","R","B",null,"R","$","E","B",null],"character_chosen":"WATCHER","items_purchased":["MentalFortress+1","Pear","HandDrill","EmptyBody","Magnetism+1"],"campfire_rested":1,"item_purchase_floors":[38,53,53,53,53],"current_hp_per_floor":[72,72,72,72,72,72,72,72,72,72,72,72,72,72,72,65,72,71,69,69,53,40,8,8,8,8,31,33,35,35,35,35,23,40,40,42,42,42,43,43,43,42,42,42,42,44,44,44,44,44,44,44,54,56,25],"gold":61,"neow_bonus":"THREE_ENEMY_KILL","is_daily":false,"chose_seed":false,"campfire_upgraded":8,"win_rate":0.0,"timestamp":1611326576,"path_taken":["M","?","$","?","M","E","?","R","T","R","M","E","M","M","R","BOSS","M","M","M","?","?","E","?","$","T","R","?","M","R","?","R","BOSS","M","M","?","$","?","E","R","?","T","?","M","E","R","E","R","BOSS","R","$","E","BOSS"],"items_purchased_type":["Card","Relic","Relic","Card","Card"],"build_version":"2020-12-22","purchased_purges":3,"victory":true,"max_hp_per_floor":[72,72,72,72,72,72,72,72,72,72,72,72,72,72,72,72,72,72,72,72,72,77,77,77,77,77,77,79,81,81,40,40,40,40,40,42,42,42,44,44,44,42,42,42,42,44,44,44,44,44,44,44,54,56,56],"card_choices":[{"not_picked":["DeceiveReality","Worship"],"picked":"Sanctity","floor":1.0},{"not_picked":["Prostrate","EmptyBody","Protect"],"picked":"SKIP","floor":5.0},{"not_picked":["PathToVictory","FollowUp"],"picked":"SignatureMove","floor":6.0},{"not_picked":["SashWhip","ClearTheMind","Fasting2+1"],"picked":"SKIP","floor":11.0},{"not_picked":["ThirdEye","ReachHeaven"],"picked":"Vault","floor":12.0},{"not_picked":["Consecrate","EmptyBody","Nirvana+1"],"picked":"SKIP","floor":13.0},{"not_picked":["Halt","Prostrate"],"picked":"EmptyFist","floor":14.0},{"not_picked":["Blasphemy","LessonLearned"],"picked":"DevaForm+1","floor":16.0},{"not_picked":["Halt","FlurryOfBlows"],"picked":"Adaptation+1","floor":18.0},{"not_picked":["FlurryOfBlows","PathToVictory","Protect"],"picked":"SKIP","floor":19.0},{"not_picked":["WreathOfFlame","Prostrate"],"picked":"CrushJoints+1","floor":20.0},{"not_picked":["Conclude","WindmillStrike+1"],"picked":"Vault","floor":23.0},{"not_picked":["Protect","ClearTheMind","WheelKick"],"picked":"Singing Bowl","floor":28.0},{"not_picked":["FollowUp+1","ThirdEye","CrushJoints"],"picked":"Singing Bowl","floor":29.0},{"not_picked":["MasterReality+1","Ragnarok"],"picked":"Scrawl","floor":33.0},{"not_picked":["SandsOfTime","FollowUp+1"],"picked":"Crescendo+1","floor":35.0},{"not_picked":["Crescendo","EmptyFist+1","PathToVictory+1"],"picked":"Singing Bowl","floor":36.0},{"not_picked":["Forethought","Panacea"],"picked":"Madness","floor":37.0},{"not_picked":["Collect","EmptyFist+1","Crescendo"],"picked":"Singing Bowl","floor":39.0},{"not_picked":["Meditate+1","Sanctity"],"picked":"DevaForm+1","floor":40.0},{"not_picked":["EmptyFist","Wallop+1"],"picked":"Halt","floor":45.0},{"not_picked":["CutThroughFate+1","EmptyBody","Study+1"],"picked":"Singing Bowl","floor":46.0},{"not_picked":["SashWhip+1","Tantrum"],"picked":"SignatureMove","floor":48.0},{"not_picked":["WheelKick","FlurryOfBlows+1","ForeignInfluence"],"picked":"Singing Bowl","floor":54.0}],"player_experience":283693,"relics_obtained":[{"floor":6.0,"key":"Gambling Chip"},{"floor":7.0,"key":"Bottled Flame"},{"floor":9.0,"key":"Frozen Egg 2"},{"floor":12.0,"key":"Letter Opener"},{"floor":21.0,"key":"Necronomicon"},{"floor":23.0,"key":"Singing Bowl"},{"floor":26.0,"key":"Bag of Preparation"},{"floor":39.0,"key":"Lizard Tail"},{"floor":40.0,"key":"GoldenEye"},{"floor":46.0,"key":"Nunchaku"},{"floor":48.0,"key":"Whetstone"},{"floor":54.0,"key":"StrikeDummy"}],"event_choices":[{"damage_healed":0.0,"max_hp_gain":0.0,"max_hp_loss":0.0,"gold_gain":0.0,"event_name":"Living Wall","player_choice":"Grow","floor":2.0,"gold_loss":0.0,"damage_taken":0.0,"cards_upgraded":["Eruption"]},{"damage_healed":0.0,"max_hp_gain":0.0,"max_hp_loss":0.0,"gold_gain":0.0,"event_name":"The Cleric","player_choice":"Leave","floor":4.0,"gold_loss":0.0,"damage_taken":0.0},{"damage_healed":0.0,"max_hp_gain":0.0,"max_hp_loss":0.0,"gold_gain":0.0,"event_name":"Cursed Tome","player_choice":"Obtained Book","floor":21.0,"gold_loss":0.0,"damage_taken":16.0},{"damage_healed":0.0,"max_hp_gain":5.0,"max_hp_loss":0.0,"gold_gain":0.0,"event_name":"Forgotten Altar","player_choice":"Shed Blood","floor":22.0,"gold_loss":0.0,"damage_taken":18.0},{"damage_healed":0.0,"max_hp_gain":0.0,"max_hp_loss":0.0,"gold_gain":100.0,"event_name":"Golden Shrine","player_choice":"Pray","floor":24.0,"gold_loss":0.0,"damage_taken":0.0},{"damage_healed":0.0,"max_hp_gain":0.0,"max_hp_loss":41.0,"gold_gain":0.0,"event_name":"Ghosts","player_choice":"Became a Ghost","floor":31.0,"gold_loss":0.0,"damage_taken":0.0,"cards_obtained":["Ghostly","Ghostly","Ghostly","Ghostly","Ghostly"]},{"damage_healed":0.0,"max_hp_gain":0.0,"max_hp_loss":0.0,"gold_gain":0.0,"event_name":"SensoryStone","player_choice":"Memory 1","floor":37.0,"gold_loss":0.0,"damage_taken":0.0},{"damage_healed":0.0,"max_hp_gain":0.0,"max_hp_loss":0.0,"gold_gain":0.0,"event_name":"Mysterious Sphere","player_choice":"Fight","floor":39.0,"gold_loss":0.0,"damage_taken":0.0},{"damage_healed":0.0,"max_hp_gain":0.0,"max_hp_loss":2.0,"gold_gain":0.0,"event_name":"Winding Halls","player_choice":"Max HP","floor":42.0,"gold_loss":0.0,"damage_taken":0.0},{"cards_removed":["EmptyFist"],"damage_healed":0.0,"max_hp_gain":0.0,"max_hp_loss":0.0,"gold_gain":0.0,"event_name":"Falling","player_choice":"Removed Attack","floor":44.0,"gold_loss":0.0,"damage_taken":0.0}],"is_beta":false,"boss_relics":[{"not_picked":["Runic Pyramid","Coffee Dripper"],"picked":"Pandora\u0027s Box"},{"not_picked":["Black Star","Calling Bell"],"picked":"HolyWater"}],"items_purged_floors":[3,25,38],"is_endless":false,"potions_floor_spawned":[1,6,13,14,16,20,28,29,39,40,46],"ascension_level":0}}