{"host":"yuhy0i501zzmn1iz","time":1611292273,"event":{"mods":["AchievementEnabler","AlwaysNeverKeys","BaseMod","Bestiary","Better Match","Better Third Choice","Curses Come First","Downfall","Minty Spire (QoL Compilation)","StSLib","slay the spire mod where everything is the same but ironclad has a cowboy hat"],"gold_per_floor":[110,110,185,0,0,32,51,51,51,51,81,81,81,110,110,214,214,232,248,259,312,312,312],"floor_reached":22,"language":"ENG","playtime":745,"items_purged":[],"score":293,"play_id":"9554422c-d9bf-44ee-87bc-282695fa02f0","local_time":"20210122001113","is_ascension_mode":true,"campfire_choices":[{"data":"Heavy Blade","floor":8.0,"key":"SMITH"},{"floor":15.0,"key":"REST"}],"circlet_count":0,"master_deck":["Strike_R","Defend_R","Defend_R","Defend_R","Defend_R","Bash","Heavy Blade+1","Apotheosis+1","Shrug It Off","Thunderclap","Twin Strike","Berserk","Power Through","Brutality","Clothesline+1","Uppercut+1","Uppercut+1","Dark Embrace","Flex+1","Feel No Pain"],"relics":["Burning Blood","NeowsBlessing","Red Skull","Tiny Chest","Pen Nib","StrikeDummy","Boot","Astrolabe","Happy Flower"],"acts_visited":["Exordium","TheCity"],"potions_floor_usage":[22],"damage_taken":[{"damage":0.0,"enemies":"2 Louse","floor":1.0,"turns":1.0},{"damage":0.0,"enemies":"3 Sentries","floor":6.0,"turns":2.0},{"damage":0.0,"enemies":"Small Slimes","floor":7.0,"turns":1.0},{"damage":31.0,"enemies":"Lagavulin","floor":11.0,"turns":7.0},{"damage":17.0,"enemies":"3 Sentries","floor":14.0,"turns":6.0},{"damage":15.0,"enemies":"The Guardian","floor":16.0,"turns":9.0},{"damage":12.0,"enemies":"Chosen","floor":18.0,"turns":4.0},{"damage":14.0,"enemies":"Spheric Guardian","floor":19.0,"turns":4.0},{"damage":59.0,"enemies":"3 Cultists","floor":20.0,"turns":7.0},{"damage":18,"enemies":"Snake Plant","floor":22,"turns":1}],"seed_played":"-3863024461329150732","potions_obtained":[{"floor":1.0,"key":"Fruit Juice"},{"floor":7.0,"key":"sneckomod:MuddlingPotion"},{"floor":11.0,"key":"BlessingOfTheForge"},{"floor":18.0,"key":"Energy Potion"}],"is_trial":false,"path_per_floor":["M","?","?","$","?","E","M","R","T","T","E","$","?","E","R","B",null,"M","M","M","T","M"],"character_chosen":"IRONCLAD","items_purchased":["Apotheosis"],"campfire_rested":1,"item_purchase_floors":[4],"current_hp_per_floor":[78,78,67,67,67,73,79,79,79,79,59,59,59,48,73,64,80,74,66,13,13,0,0],"gold":312,"neow_bonus":"THREE_ENEMY_KILL","is_daily":false,"chose_seed":false,"campfire_upgraded":1,"win_rate":0.0,"timestamp":1611292273,"path_taken":["M","?","?","$","?","E","?","R","T","?","E","?","?","E","R","BOSS","M","M","M","?","M"],"items_purchased_type":["Card"],"build_version":"2020-12-22","purchased_purges":0,"victory":false,"max_hp_per_floor":[80,80,80,80,80,80,80,80,80,80,85,85,85,85,85,85,85,85,85,85,85,85,85],"card_choices":[{"not_picked":["Clothesline","Warcry"],"picked":"Heavy Blade","floor":1.0},{"not_picked":["Thunderclap","Sever Soul"],"picked":"Shrug It Off","floor":6.0},{"not_picked":["Perfected Strike","Flex"],"picked":"Thunderclap","floor":7.0},{"not_picked":["Dropkick","Offering"],"picked":"Twin Strike","floor":11.0},{"not_picked":["Combust","Flex"],"picked":"Power Through","floor":14.0},{"not_picked":["Corruption","Bludgeon"],"picked":"Brutality","floor":16.0},{"not_picked":["Clash","Pommel Strike"],"picked":"Dark Embrace","floor":18.0},{"not_picked":["True Grit","Wild Strike"],"picked":"Flex+1","floor":19.0},{"not_picked":["Searing Blow","Anger"],"picked":"Feel No Pain","floor":20.0}],"player_experience":332342,"relics_obtained":[{"floor":6.0,"key":"Red Skull"},{"floor":9.0,"key":"Tiny Chest"},{"floor":10.0,"key":"Pen Nib"},{"floor":11.0,"key":"StrikeDummy"},{"floor":14.0,"key":"Boot"},{"floor":21.0,"key":"Happy Flower"}],"event_choices":[{"damage_healed":0.0,"max_hp_gain":0.0,"max_hp_loss":0.0,"gold_gain":0.0,"event_name":"The Cleric","player_choice":"Leave","floor":2.0,"gold_loss":0.0,"damage_taken":0.0},{"damage_healed":0.0,"max_hp_gain":0.0,"max_hp_loss":0.0,"gold_gain":75.0,"event_name":"betterThird:BetterGoop","player_choice":"Gold","floor":3.0,"gold_loss":0.0,"damage_taken":11.0},{"damage_healed":0.0,"max_hp_gain":0.0,"max_hp_loss":0.0,"gold_gain":0.0,"event_name":"Accursed Blacksmith","player_choice":"Forge","floor":5.0,"gold_loss":0.0,"damage_taken":0.0,"cards_upgraded":["Apotheosis"]},{"damage_healed":0.0,"max_hp_gain":0.0,"max_hp_loss":0.0,"gold_gain":0.0,"cards_transformed":["Strike_R"],"event_name":"Living Wall","player_choice":"Change","floor":13.0,"gold_loss":0.0,"damage_taken":0.0,"cards_obtained":["Berserk"]}],"is_beta":false,"boss_relics":[{"not_picked":["Velvet Choker","Runic Dome"],"picked":"Astrolabe"}],"items_purged_floors":[],"is_endless":false,"potions_floor_spawned":[1,7,11,18,19],"killed_by":"Snake Plant","ascension_level":6}}