{"host":"19r1ww88x2tc73i0","time":1611343292,"event":{"mods":["BaseMod","BetterRewards","Colored Map","Minty Spire (QoL Compilation)","Relic Stats","StSLib","SuperFastMode","slay the spire mod where everything is the same but ironclad has a cowboy hat"],"gold_per_floor":[113,124,138,213,229,261,261,289,289,324,76,76,76,76,76,76,76],"floor_reached":16,"language":"ENG","playtime":604,"items_purged":["Strike_G"],"score":236,"play_id":"fc3378cc-4236-4003-afc6-557fe0f53eb5","local_time":"25640123022132","is_ascension_mode":true,"campfire_choices":[{"data":"Crippling Poison","floor":7,"key":"SMITH"},{"floor":13,"key":"REST"},{"data":"Noxious Fumes","floor":15,"key":"SMITH"}],"circlet_count":0,"master_deck":["AscendersBane","Strike_G","Strike_G","Strike_G","Defend_G","Defend_G","Defend_G","Defend_G+1","Defend_G","Survivor+1","Neutralize","Backflip","Bane","Bouncing Flask","Crippling Poison+1","Calculated Gamble","Envenom","Expertise","Noxious Fumes+1","Deadly Poison"],"relics":["Ring of the Snake","War Paint","Tiny Chest","Bronze Scales","Pen Nib","The Courier","Dream Catcher"],"acts_visited":["Exordium"],"potions_floor_usage":[5,6,8],"damage_taken":[{"damage":1,"enemies":"2 Louse","floor":1,"turns":4},{"damage":1,"enemies":"Jaw Worm","floor":2,"turns":5},{"damage":0,"enemies":"Small Slimes","floor":3,"turns":4},{"damage":4,"enemies":"3 Louse","floor":5,"turns":4},{"damage":10,"enemies":"Lagavulin","floor":6,"turns":5},{"damage":8,"enemies":"Gremlin Nob","floor":8,"turns":4},{"damage":16,"enemies":"3 Sentries","floor":10,"turns":8},{"damage":27,"enemies":"The Guardian","floor":16,"turns":2}],"seed_played":"-648169306585918852","potions_obtained":[{"floor":2,"key":"EssenceOfSteel"},{"floor":3,"key":"GhostInAJar"},{"floor":5,"key":"Fire Potion"},{"floor":10,"key":"Explosive Potion"}],"is_trial":false,"path_per_floor":["M","M","M","?","M","E","R","E","T","E","$","?","R","?","R","B"],"character_chosen":"THE_SILENT","items_purchased":["Noxious Fumes","Dream Catcher"],"campfire_rested":1,"item_purchase_floors":[11,11],"current_hp_per_floor":[58,57,57,46,42,32,32,24,24,8,8,8,27,20,20,0,0],"gold":76,"neow_bonus":"RANDOM_COMMON_RELIC","is_daily":false,"chose_seed":false,"campfire_upgraded":2,"win_rate":0.0,"timestamp":1611343292,"path_taken":["M","M","M","?","M","E","R","E","T","E","$","?","R","?","R","BOSS"],"items_purchased_type":["Card","Relic"],"build_version":"2020-12-22","purchased_purges":1,"victory":false,"max_hp_per_floor":[66,66,66,66,66,66,66,66,66,66,66,66,66,66,66,66,66],"relic_stats":{"Dream Catcher":1,"counters":[8,36],"Bronze Scales":[24],"Tiny Chest":0,"Pen Nib":[1],"War Paint":["Survivor","Defend_G"],"obtain_stats":[{"Dream Catcher":11,"Bronze Scales":8,"Tiny Chest":6,"Pen Nib":9,"The Courier":10,"War Paint":0,"Ring of the Snake":0},{"Dream Catcher":7,"Bronze Scales":6,"Tiny Chest":5,"Pen Nib":6,"The Courier":7,"War Paint":0,"Ring of the Snake":0},{"Dream Catcher":34,"Bronze Scales":26,"Tiny Chest":22,"Pen Nib":26,"The Courier":34,"War Paint":0,"Ring of the Snake":0}],"Ring of the Snake":[16]},"card_choices":[{"not_picked":["Acrobatics","Deflect"],"picked":"Backflip","floor":1},{"not_picked":["Catalyst","Heel Hook"],"picked":"Bane","floor":2},{"not_picked":["Crippling Poison","Sucker Punch"],"picked":"Bouncing Flask","floor":3},{"not_picked":["Dash","Dagger Throw"],"picked":"Crippling Poison","floor":5},{"not_picked":["Underhanded Strike","Setup"],"picked":"Calculated Gamble","floor":6},{"not_picked":["Dodge and Roll","Flying Knee"],"picked":"Envenom","floor":8},{"not_picked":["Masterful Stab","Tactician"],"picked":"Expertise","floor":10},{"not_picked":["Setup","Predator"],"picked":"Deadly Poison","floor":13}],"player_experience":933348,"relics_obtained":[{"floor":6,"key":"Tiny Chest"},{"floor":8,"key":"Bronze Scales"},{"floor":9,"key":"Pen Nib"},{"floor":10,"key":"The Courier"}],"event_choices":[{"damage_healed":0,"gold_gain":75,"player_choice":"Gather Gold","damage_taken":11,"max_hp_gain":0,"max_hp_loss":0,"event_name":"World of Goop","floor":4,"gold_loss":0},{"damage_healed":0,"gold_gain":0,"player_choice":"Ignored","damage_taken":0,"max_hp_gain":0,"max_hp_loss":0,"event_name":"Shining Light","floor":12,"gold_loss":0},{"cards_removed":["Strike_G"],"damage_healed":0,"gold_gain":0,"player_choice":"Card Removal","damage_taken":7,"max_hp_gain":0,"max_hp_loss":0,"event_name":"Golden Wing","floor":14,"gold_loss":0}],"is_beta":false,"boss_relics":[],"items_purged_floors":[11],"is_endless":false,"potions_floor_spawned":[2,3,5,10],"killed_by":"The Guardian","ascension_level":20}}