{"host":"rx4dvj46as2nh7wl","time":1611322774,"event":{"mods":["100% Spire Juice","ATMod(阿瑾Mod)","Act Like it!","BaseMod","BetterRewards","Defective Defect","Dota2Spire","Friendly Minions","Gensokyo","GifTheSpireLib","Hermit","HololiveMod","Hubris","JesterMod","Library of Ruina","Minty Spire (QoL Compilation)","Permanent Neow","Relic Stats","Replay The Spire","Spicy Shops","Spire Birthday Party","StSLib","WarShipGirlsR/战舰少女R mod","Yakumo Yukari mod","vexMod","【遗物Mod】死灵法师NEW"],"gold_per_floor":[113,11,0,17,37,67,84,101,171,189,189,36,36,52,52,52,52],"floor_reached":16,"language":"ZHS","playtime":1019,"items_purged":[],"score":106,"play_id":"4033510b-1719-4e4c-8dba-1d6746631b77","local_time":"20210122213934","is_ascension_mode":false,"campfire_choices":[{"floor":13,"key":"REST"},{"floor":15,"key":"REST"}],"circlet_count":0,"master_deck":["Moonworks:Strike","Moonworks:Strike","Moonworks:Strike","Moonworks:Strike","Moonworks:Defend","Moonworks:Defend","Moonworks:Defend","Moonworks:Defend","Moonworks:Ambush","Moonworks:LongDistanceShot","AT_DrawKnifeCut","Moonworks:SubspaceTunnel","Moonworks:BigMagnum","Moonworks:AngelHand","Moonworks:Dinner","Moonworks:Flamethrower","Moonworks:CompletionReward","Moonworks:EvilSpyWorkPreparation","Moonworks:IndiscriminateFireSupport","Moonworks:SakisCookie","ReplayTheSpireMod:Splinters","Moonworks:BigBangBell","Moonworks:AccelHyper","Moonworks:MiracleRedBeanIceCream"],"relics":["Moonworks:BrokenBomb","Moonworks:Homemark","AT_ATBox","hubris:MysteriousPyramids","Lantern"],"acts_visited":["Exordium"],"potions_floor_usage":[11,16],"damage_taken":[{"damage":2,"enemies":"Small Slimes","floor":1,"turns":3},{"damage":5,"enemies":"2 Louse","floor":2,"turns":3},{"damage":5,"enemies":"Jaw Worm","floor":4,"turns":4},{"damage":0,"enemies":"2 Fungi Beasts","floor":5,"turns":3},{"damage":18,"enemies":"Gremlin Nob","floor":6,"turns":4},{"damage":9,"enemies":"Exordium Wildlife","floor":7,"turns":4},{"damage":0,"enemies":"Looter","floor":8,"turns":2},{"damage":24,"enemies":"Exordium Thugs","floor":10,"turns":3},{"damage":0,"enemies":"Lagavulin Event","floor":11,"turns":2},{"damage":0,"enemies":"Red Slaver","floor":14,"turns":2},{"damage":52,"enemies":"The Guardian","floor":16,"turns":10}],"seed_played":"-1978904712186536088","potions_obtained":[{"floor":2,"key":"SpeedPotion"},{"floor":4,"key":"Swift Potion"},{"floor":6,"key":"SmokeBomb"},{"floor":10,"key":"BlessingOfTheForge"}],"is_trial":false,"path_per_floor":["M","M","?","M","M","E","M","M","T","M","?","?","R","M","R","B"],"character_chosen":"THE_STARBREAKER","items_purchased":[],"campfire_rested":2,"item_purchase_floors":[],"current_hp_per_floor":[58,53,53,48,48,30,27,27,27,3,3,3,21,21,39,0,0],"gold":52,"neow_bonus":"ONE_RANDOM_RARE_CARD","is_daily":false,"chose_seed":false,"campfire_upgraded":0,"win_rate":0.0,"timestamp":1611322774,"path_taken":["M","M","?","M","M","E","M","M","T","M","?","?","R","?","R","BOSS"],"items_purchased_type":[],"build_version":"2020-12-22","purchased_purges":0,"victory":false,"max_hp_per_floor":[60,60,60,60,60,60,60,60,60,60,60,60,60,60,60,60,60],"relic_stats":{"counters":[11,40],"obtain_stats":[{"Lantern":12,"AT_ATBox":0,"Moonworks:Homemark":0,"hubris:MysteriousPyramids":6,"Moonworks:BrokenBomb":0},{"Lantern":9,"AT_ATBox":0,"Moonworks:Homemark":0,"hubris:MysteriousPyramids":5,"Moonworks:BrokenBomb":0},{"Lantern":28,"AT_ATBox":0,"Moonworks:Homemark":0,"hubris:MysteriousPyramids":17,"Moonworks:BrokenBomb":0}]},"card_choices":[{"not_picked":["Moonworks:SelfDestruct","Moonworks:ScrambledEve"],"picked":"Moonworks:BigMagnum","floor":1},{"not_picked":["Moonworks:BigMagnum","Moonworks:BackdoorTrade"],"picked":"Moonworks:AngelHand","floor":2},{"not_picked":["Moonworks:ReproductionOfRecords","Moonworks:BigMagnum"],"picked":"Moonworks:Dinner","floor":4},{"not_picked":["Moonworks:BigBangBell","Moonworks:LulusLuckyEgg"],"picked":"Moonworks:Flamethrower","floor":5},{"not_picked":["Moonworks:JonathanRush","Moonworks:HolyNight"],"picked":"Moonworks:CompletionReward","floor":6},{"not_picked":["Moonworks:BeyondHell","Moonworks:Dinner"],"picked":"Moonworks:EvilSpyWorkPreparation","floor":7},{"not_picked":["Moonworks:UnluckyCharm","Moonworks:BigMagnum"],"picked":"Moonworks:IndiscriminateFireSupport","floor":8},{"not_picked":["Moonworks:Assault","Moonworks:NicePresent"],"picked":"Moonworks:SakisCookie","floor":10},{"not_picked":["Moonworks:CloudOfSeagulls","Moonworks:LulusLuckyEgg"],"picked":"Moonworks:BigBangBell","floor":12},{"not_picked":["Moonworks:CloudOfSeagulls","Moonworks:NicePresent"],"picked":"Moonworks:AccelHyper","floor":12},{"not_picked":["Moonworks:Assault","Moonworks:JonathanRush"],"picked":"Moonworks:MiracleRedBeanIceCream","floor":14}],"player_experience":153937,"relics_obtained":[{"floor":6,"key":"hubris:MysteriousPyramids"},{"floor":12,"key":"Lantern"}],"event_choices":[{"damage_healed":0,"gold_gain":0,"player_choice":"Searched \u00272\u0027 times","damage_taken":0,"max_hp_gain":0,"max_hp_loss":0,"event_name":"Dead Adventurer","floor":11,"gold_loss":0}],"is_beta":false,"boss_relics":[],"items_purged_floors":[],"is_endless":false,"potions_floor_spawned":[2,4,6,10,11],"killed_by":"The Guardian","ascension_level":0}}