{"host":"hi7fki77kkmhrce8","time":1611351498,"event":{"mods":["AchievementEnabler","BaseMod","Colored Map","Colored Powertips","Downfall","Minty Spire (QoL Compilation)","Relic Stats","StSLib","SuperFastMode"],"gold_per_floor":[99,109,119,119,137,137,137,156,191,202,263,295,55,75,94,94,94,94],"floor_reached":16,"language":"ENG","playtime":737,"items_purged":["downfall:Bewildered"],"score":114,"play_id":"7fc53725-4503-4f71-8bed-a98de79f1e5f","local_time":"20210122163818","is_ascension_mode":false,"campfire_choices":[{"data":"bronze:Goto","floor":1,"key":"SMITH"},{"data":"bronze:Flail","floor":6,"key":"SMITH"}],"circlet_count":0,"master_deck":["bronze:Strike","bronze:Strike","bronze:Strike","bronze:Strike","bronze:Defend","bronze:Defend","bronze:Defend","bronze:Defend","bronze:Replicate","bronze:Goto+1","bronze:OilSpill","bronze:Fortify","bronze:Flail+1","Regret","bronze:OilSpill","bronze:Branch","bronze:Terminator","bronze:ChosenStrike","bronze:AlphaBuild+1","bronze:Iterate+1","bronze:Constructor"],"relics":["Runic Dome","downfall:ExtraCursedKey","Frozen Egg 2","Eternal Feather","Molten Egg 2","Nunchaku"],"acts_visited":["Exordium"],"potions_floor_usage":[],"damage_taken":[{"damage":2,"enemies":"2 Louse","floor":2,"turns":2},{"damage":3,"enemies":"Jaw Worm","floor":3,"turns":3},{"damage":0,"enemies":"Cultist","floor":5,"turns":2},{"damage":3,"enemies":"2 Fungi Beasts","floor":8,"turns":2},{"damage":15,"enemies":"3 Sentries","floor":9,"turns":5},{"damage":3,"enemies":"Red Slaver","floor":10,"turns":2},{"damage":14,"enemies":"Gremlin Nob","floor":11,"turns":3},{"damage":7,"enemies":"Gremlin Nob","floor":12,"turns":3},{"damage":15,"enemies":"downfall:FleeingMerchant","floor":13,"turns":4},{"damage":0,"enemies":"3 Louse","floor":14,"turns":2},{"damage":6,"enemies":"2 Fungi Beasts","floor":15,"turns":3},{"damage":3,"enemies":"DF_ARCHETYPE_STREAMLINE","floor":16,"turns":2}],"seed_played":"-2693123734024722358","potions_obtained":[{"floor":2,"key":"SpeedPotion"},{"floor":9,"key":"SteroidPotion"},{"floor":10,"key":"SteroidPotion"},{"floor":12,"key":"PowerPotion"}],"is_trial":false,"path_per_floor":["R","M","M","?","M","R","T","M","E","M","?","E","$","M","M","B"],"character_chosen":"THE_AUTOMATON","items_purchased":["Nunchaku"],"campfire_rested":0,"item_purchase_floors":[13],"current_hp_per_floor":[70,68,65,65,65,65,65,62,47,44,30,23,8,8,2,0,0,0],"gold":94,"neow_bonus":"BOSS_RELIC","is_daily":false,"chose_seed":false,"campfire_upgraded":2,"win_rate":0.0,"timestamp":1611351498,"path_taken":["R","M","M","?","M","R","T","M","E","M","?","E","$","M","M","BOSS"],"items_purchased_type":["Relic"],"build_version":"2020-12-22","purchased_purges":1,"victory":false,"max_hp_per_floor":[70,70,70,70,70,70,70,70,70,70,70,70,70,70,70,70,70,70],"relic_stats":{"Nunchaku":[1],"counters":[12,33],"Eternal Feather":0,"obtain_stats":[{"Runic Dome":0,"Nunchaku":13,"bronze:BronzeCore":0,"Eternal Feather":11,"Molten Egg 2":12,"downfall:ExtraCursedKey":4,"Frozen Egg 2":9},{"Runic Dome":0,"Nunchaku":9,"bronze:BronzeCore":0,"Eternal Feather":7,"Molten Egg 2":8,"downfall:ExtraCursedKey":2,"Frozen Egg 2":5},{"Runic Dome":0,"Nunchaku":26,"bronze:BronzeCore":0,"Eternal Feather":19,"Molten Egg 2":22,"downfall:ExtraCursedKey":5,"Frozen Egg 2":14}]},"card_choices":[{"not_picked":["bronze:Terminator","bronze:DelayedGuard"],"picked":"bronze:OilSpill","floor":2},{"not_picked":["bronze:BugBarrage","bronze:Deprecate"],"picked":"bronze:Fortify","floor":3},{"not_picked":["bronze:BugBarrage","bronze:CutThrough"],"picked":"bronze:Flail","floor":5},{"not_picked":["bronze:Invalidate","bronze:Backtrace"],"picked":"bronze:OilSpill","floor":8},{"not_picked":["bronze:WildBeam","bronze:Philosophize"],"picked":"bronze:Branch","floor":9},{"not_picked":["bronze:Separator","bronze:Overheat"],"picked":"bronze:Terminator","floor":10},{"not_picked":["bronze:ClassDefault+1","bronze:DelayedSlice"],"picked":"bronze:ChosenStrike","floor":11},{"not_picked":["bronze:WildBeam+1","bronze:Return","bronze:Terminator"],"picked":"SKIP","floor":12},{"not_picked":["bronze:Iterate+1","bronze:ForLoop"],"picked":"bronze:AlphaBuild+1","floor":13},{"not_picked":["bronze:BitShift","bronze:FineTuning"],"picked":"bronze:Iterate+1","floor":14},{"not_picked":["bronze:BugBarrage+1","bronze:Allocate"],"picked":"bronze:Constructor","floor":15}],"player_experience":141564,"relics_obtained":[{"floor":9,"key":"Frozen Egg 2"},{"floor":11,"key":"Eternal Feather"},{"floor":12,"key":"Molten Egg 2"}],"event_choices":[],"is_beta":false,"boss_relics":[],"items_purged_floors":[13],"is_endless":false,"potions_floor_spawned":[2,9,10,12,15],"killed_by":"DF_ARCHETYPE_STREAMLINE","ascension_level":0}}