{"host":"q0qnzbgdx8oqogg9","time":1611322925,"event":{"mods":["BaseMod","Minty Spire (QoL Compilation)","StSLib"],"gold_per_floor":[114,127,140,155,155,190,190,224,251,251,137,137,162,187,187,294,294,304,284,67,91,136,173,200,200,200,211,230,60,69,85,85,190,190,203,223,223,246,74,108,119,141,166,190,190,230,11,20,20,20],"floor_reached":51,"language":"ENG","playtime":2205,"items_purged":["Strike_B","Parasite"],"score":1026,"play_id":"8d2b8060-634f-4697-b626-1bd9564234d4","local_time":"20210122084205","is_ascension_mode":true,"campfire_choices":[{"floor":7,"key":"REST"},{"data":"Zap","floor":12,"key":"SMITH"},{"floor":15,"key":"REST"},{"data":"Capacitor","floor":25,"key":"SMITH"},{"data":"Beam Cell","floor":32,"key":"SMITH"},{"floor":45,"key":"REST"},{"floor":49,"key":"REST"}],"circlet_count":0,"master_deck":["Strike_B+1","Strike_B","Strike_B","Defend_B","Defend_B","Defend_B","Defend_B","Zap+1","Dualcast","Reinforced Body","Gash","Ball Lightning+1","Conserve Battery","Go for the Eyes","Beam Cell+1","Capacitor+1","Gash","All For One","Glacier","Steam+1","Ghostly","Ghostly","Ghostly","Ghostly","Ghostly","White Noise+1","Barrage+1","Gash+1","Swift Strike","Echo Form","FTL","Buffer","Reprogram+1","Chill+1","FTL+1","Thunder Strike","Ghostly"],"relics":["FrozenCore","Lantern","Art of War","CeramicFish","Bronze Scales","Bag of Preparation","Singing Bowl","ClockworkSouvenir","Fusion Hammer","Happy Flower","Anchor","Bottled Flame","Runic Capacitor"],"acts_visited":["Exordium","TheCity","TheBeyond"],"potions_floor_usage":[6,16,21,21,38,46],"damage_taken":[{"damage":1,"enemies":"2 Louse","floor":1,"turns":3},{"damage":18,"enemies":"Jaw Worm","floor":2,"turns":4},{"damage":1,"enemies":"Cultist","floor":3,"turns":4},{"damage":11,"enemies":"Looter","floor":4,"turns":2},{"damage":30,"enemies":"3 Sentries","floor":6,"turns":5},{"damage":13,"enemies":"Lagavulin","floor":8,"turns":6},{"damage":0,"enemies":"Exordium Wildlife","floor":13,"turns":2},{"damage":17,"enemies":"Lots of Slimes","floor":14,"turns":4},{"damage":23,"enemies":"Slime Boss","floor":16,"turns":10},{"damage":1,"enemies":"3 Byrds","floor":18,"turns":5},{"damage":11,"enemies":"2 Thieves","floor":21,"turns":4},{"damage":1,"enemies":"Book of Stabbing","floor":23,"turns":6},{"damage":0,"enemies":"Shelled Parasite and Fungi","floor":24,"turns":6},{"damage":0,"enemies":"Cultist and Chosen","floor":27,"turns":7},{"damage":0,"enemies":"Snake Plant","floor":28,"turns":4},{"damage":0,"enemies":"Centurion and Healer","floor":31,"turns":9},{"damage":9,"enemies":"Collector","floor":33,"turns":7},{"damage":0,"enemies":"Orb Walker","floor":35,"turns":4},{"damage":0,"enemies":"3 Darklings","floor":36,"turns":5},{"damage":0,"enemies":"Writhing Mass","floor":38,"turns":8},{"damage":0,"enemies":"Giant Head","floor":40,"turns":6},{"damage":10,"enemies":"Maw","floor":41,"turns":8},{"damage":0,"enemies":"Jaw Worm Horde","floor":42,"turns":6},{"damage":0,"enemies":"4 Shapes","floor":44,"turns":8},{"damage":0,"enemies":"Reptomancer","floor":46,"turns":10},{"damage":27,"enemies":"Donu and Deca","floor":50,"turns":11}],"seed_played":"-1939299317550628791","potions_obtained":[{"floor":1,"key":"PowerPotion"},{"floor":4,"key":"SpeedPotion"},{"floor":16,"key":"SkillPotion"},{"floor":18,"key":"LiquidMemories"},{"floor":19,"key":"BlessingOfTheForge"},{"floor":21,"key":"Energy Potion"},{"floor":28,"key":"Fire Potion"},{"floor":33,"key":"Block Potion"},{"floor":38,"key":"SkillPotion"}],"is_trial":false,"path_per_floor":["M","M","M","M","?","E","R","E","T","?","$","R","M","M","R","B",null,"M","?","$","M","?","E","M","R","T","M","M","$","?","M","R","B",null,"M","M","?","M","$","E","M","M","T","M","R","E","$","?","R","B",null],"character_chosen":"DEFECT","items_purchased":["Beam Cell","Bronze Scales","Glacier","ClockworkSouvenir","Sweeping Beam","FTL","Runic Capacitor","Thunder Strike"],"campfire_rested":4,"item_purchase_floors":[11,20,20,29,29,39,47,47],"current_hp_per_floor":[81,63,62,51,35,5,29,16,16,43,43,43,43,26,50,27,68,67,67,67,56,41,40,40,40,40,42,42,42,30,32,32,23,40,42,44,44,46,46,46,38,38,38,38,50,50,50,50,50,23],"gold":20,"neow_bonus":"TEN_PERCENT_HP_BONUS","is_daily":false,"chose_seed":false,"campfire_upgraded":3,"win_rate":0.0,"timestamp":1611322925,"path_taken":["M","M","M","M","?","E","R","E","T","?","?","R","M","M","R","BOSS","M","?","$","?","?","E","M","R","T","M","M","$","?","M","R","BOSS","M","?","?","M","$","E","M","M","T","M","R","E","?","?","R","BOSS"],"items_purchased_type":["Card","Relic","Card","Relic","Card","Card","Relic","Card"],"build_version":"2020-12-22","purchased_purges":2,"victory":true,"max_hp_per_floor":[82,82,82,82,82,82,82,82,82,82,82,82,82,82,82,82,82,82,82,82,82,41,41,41,41,41,43,43,43,43,45,45,45,45,47,49,49,51,48,48,50,50,50,50,50,50,50,50,50,50],"card_choices":[{"not_picked":["Recycle","Streamline"],"picked":"Reinforced Body","floor":1},{"not_picked":["Stack","Recycle"],"picked":"Gash","floor":2},{"not_picked":["Sweeping Beam","Steam"],"picked":"Ball Lightning","floor":3},{"not_picked":["Steam Power","Streamline","Turbo"],"picked":"SKIP","floor":4},{"not_picked":["Storm","Chaos"],"picked":"Conserve Battery","floor":6},{"not_picked":["Ball Lightning","Meteor Strike"],"picked":"Go for the Eyes","floor":8},{"not_picked":["Steam","Beam Cell"],"picked":"Capacitor","floor":13},{"not_picked":["Capacitor","Stack"],"picked":"Gash","floor":14},{"not_picked":["Meteor Strike","Echo Form"],"picked":"All For One","floor":16},{"not_picked":["Compile Driver+1","Lockon","Static Discharge+1"],"picked":"SKIP","floor":18},{"not_picked":["Heatsinks","Compile Driver"],"picked":"Steam+1","floor":21},{"not_picked":["Leap+1","Stack+1"],"picked":"White Noise+1","floor":23},{"not_picked":["Storm","Turbo"],"picked":"Barrage+1","floor":24},{"not_picked":["Hologram","Leap+1","Rebound+1"],"picked":"Singing Bowl","floor":27},{"not_picked":["Barrage+1","Conserve Battery+1"],"picked":"Gash+1","floor":28},{"not_picked":["Genetic Algorithm+1","Reinforced Body+1","Ball Lightning"],"picked":"Singing Bowl","floor":31},{"not_picked":["Multi-Cast","Fission"],"picked":"Echo Form","floor":33},{"not_picked":["Fusion+1","Streamline","Conserve Battery+1"],"picked":"Singing Bowl","floor":35},{"not_picked":["Doom and Gloom","Lockon","Gash+1"],"picked":"Singing Bowl","floor":36},{"not_picked":["Steam","Ball Lightning","Go for the Eyes+1"],"picked":"Singing Bowl","floor":38},{"not_picked":["Fission","White Noise"],"picked":"Buffer","floor":40},{"not_picked":["Steam+1","Compile Driver","Coolheaded+1"],"picked":"Singing Bowl","floor":41},{"not_picked":["Steam+1","Blizzard"],"picked":"Reprogram+1","floor":42},{"not_picked":["Scrape+1","Storm"],"picked":"Chill+1","floor":44},{"not_picked":["Barrage+1","Rainbow"],"picked":"FTL+1","floor":46}],"player_experience":259748,"relics_obtained":[{"floor":6,"key":"Lantern"},{"floor":8,"key":"Art of War"},{"floor":9,"key":"CeramicFish"},{"floor":23,"key":"Bag of Preparation"},{"floor":26,"key":"Singing Bowl"},{"floor":40,"key":"Happy Flower"},{"floor":43,"key":"Anchor"},{"floor":46,"key":"Bottled Flame"}],"event_choices":[{"damage_healed":0,"gold_gain":0,"player_choice":"Entered Light","damage_taken":16,"max_hp_gain":0,"max_hp_loss":0,"event_name":"Shining Light","floor":5,"gold_loss":0,"cards_upgraded":["Ball Lightning","Strike_B"]},{"damage_healed":27,"gold_gain":0,"player_choice":"Banana","damage_taken":0,"max_hp_gain":0,"max_hp_loss":0,"event_name":"Big Fish","floor":10,"gold_loss":0},{"damage_healed":0,"gold_gain":0,"player_choice":"Bought 1 Potion","damage_taken":0,"max_hp_gain":0,"max_hp_loss":0,"event_name":"The Woman in Blue","floor":19,"gold_loss":0},{"damage_healed":0,"gold_gain":0,"player_choice":"Became a Ghost","damage_taken":0,"max_hp_gain":0,"max_hp_loss":41,"event_name":"Ghosts","floor":22,"gold_loss":0,"cards_obtained":["Ghostly","Ghostly","Ghostly","Ghostly","Ghostly"]},{"damage_healed":0,"gold_gain":0,"player_choice":"CARD ","damage_taken":12,"max_hp_gain":0,"max_hp_loss":0,"event_name":"Knowing Skull","floor":30,"potions_obtained":[],"gold_loss":0,"cards_obtained":["Swift Strike"]},{"cards_removed":["Sweeping Beam"],"damage_healed":0,"gold_gain":0,"player_choice":"Removed Attack","damage_taken":0,"max_hp_gain":0,"max_hp_loss":0,"event_name":"Falling","floor":37,"gold_loss":0},{"damage_healed":0,"gold_gain":0,"player_choice":"Copied","damage_taken":0,"max_hp_gain":0,"max_hp_loss":0,"event_name":"Duplicator","floor":48,"gold_loss":0,"cards_obtained":["Ghostly"]}],"is_beta":false,"boss_relics":[{"not_picked":["Velvet Choker","Snecko Eye"],"picked":"FrozenCore"},{"not_picked":["Pandora\u0027s Box","SacredBark"],"picked":"Fusion Hammer"}],"items_purged_floors":[11,39],"is_endless":false,"potions_floor_spawned":[1,4,16,18,21,28,31,33,38,40,42],"ascension_level":5}}