{"host":"nbmmy2ys5j9alw05","time":1611297435,"event":{"mods":["AchievementEnabler","BaseMod","Bestiary","Better Vampires","Colored Map","Colored Powertips","Googly Eyes","Hermit","Minty Spire (QoL Compilation)","Quick Restart","StSLib","The Bug Knight","The Hierophant","The IronCluck","The Servant 0.9.4","everything is the same but u backflip on backflip"],"gold_per_floor":[119,129,229,7,7,36,36],"floor_reached":6,"language":"ENG","playtime":324,"items_purged":["HollowMod:NailStrikeStart"],"score":44,"play_id":"77d092e9-a145-4d53-a709-9aad6d7eb5b0","local_time":"20210121223715","is_ascension_mode":false,"campfire_choices":[],"circlet_count":0,"master_deck":["HollowMod:NailStrikeStart","HollowMod:NailStrikeStart","HollowMod:NailStrikeStart","HollowMod:QuickDashStart","HollowMod:QuickDashStart","HollowMod:QuickDashStart","HollowMod:QuickDashStart","HollowMod:FocusHealStart","HollowMod:PogoStrike","HollowMod:HowlingWraiths","HollowMod:MantisMark","HollowMod:MantisMark"],"relics":["HollowMod:VesselMask","DollysMirror","Mummified Hand"],"acts_visited":["Exordium"],"potions_floor_usage":[],"damage_taken":[{"damage":1,"enemies":"Jaw Worm","floor":1,"turns":4},{"damage":1,"enemies":"Cultist","floor":2,"turns":3},{"damage":44,"enemies":"Lagavulin","floor":6,"turns":6}],"seed_played":"-2415553921260912691","potions_obtained":[{"floor":2,"key":"DuplicationPotion"},{"floor":6,"key":"SpeedPotion"}],"is_trial":false,"path_per_floor":["M","M","?","$","$","E"],"character_chosen":"THE_BUGKNIGHT","items_purchased":["DollysMirror"],"campfire_rested":0,"item_purchase_floors":[4],"current_hp_per_floor":[81,80,80,80,80,46,46],"gold":36,"neow_bonus":"TEN_PERCENT_HP_BONUS","is_daily":false,"chose_seed":false,"campfire_upgraded":0,"win_rate":0.0,"timestamp":1611297435,"path_taken":["M","M","?","?","$","E"],"items_purchased_type":["Relic"],"build_version":"2020-12-22","purchased_purges":1,"victory":false,"max_hp_per_floor":[82,82,82,82,82,82,82],"card_choices":[{"not_picked":["HollowMod:SharpenedNail","HollowMod:SoulVessel"],"picked":"HollowMod:HowlingWraiths","floor":1},{"not_picked":["HollowMod:ChannelNail","HollowMod:MothsMistake"],"picked":"HollowMod:MantisMark","floor":2}],"player_experience":536054,"relics_obtained":[{"floor":6,"key":"Mummified Hand"}],"event_choices":[{"damage_healed":0,"gold_gain":100,"player_choice":"Pray","damage_taken":0,"max_hp_gain":0,"max_hp_loss":0,"event_name":"Golden Shrine","floor":3,"gold_loss":0}],"is_beta":false,"boss_relics":[],"items_purged_floors":[4],"is_endless":false,"potions_floor_spawned":[2,6],"killed_by":"Lagavulin","ascension_level":0}}