{"host":"gg","time":1611294983,"event":{"mods":["BaseMod","Colored Map","Googly Eyes","Minty Spire (QoL Compilation)","Permanent Neow","Relic Stats","The IronCluck"],"gold_per_floor":[113,263,276,276,201,239,257,257,257,82,82,82],"floor_reached":11,"language":"ENG","playtime":336,"items_purged":[],"score":142,"play_id":"4c47193e-7784-42b9-81fc-3709d390718f","local_time":"20210121215623","is_ascension_mode":true,"campfire_choices":[{"data":"Eruption","floor":8,"key":"SMITH"}],"circlet_count":0,"master_deck":["AscendersBane","Strike_P","Strike_P","Strike_P","Strike_P","Defend_P","Defend_P","Defend_P","Defend_P","Eruption+1","Vigilance","Weave","SashWhip","SignatureMove","TalkToTheHand","LessonLearned"],"relics":["Philosopher\u0027s Stone","Golden Idol","Blue Candle","Mango"],"acts_visited":["Exordium"],"potions_floor_usage":[7],"damage_taken":[{"damage":1,"enemies":"2 Louse","floor":1,"turns":3},{"damage":0,"enemies":"Small Slimes","floor":3,"turns":4},{"damage":39,"enemies":"Gremlin Nob","floor":6,"turns":4},{"damage":0,"enemies":"Jaw Worm","floor":7,"turns":2},{"damage":35,"enemies":"Lagavulin","floor":11,"turns":5}],"seed_played":"-6656488595649439160","potions_obtained":[{"floor":1,"key":"Energy Potion"}],"is_trial":false,"path_per_floor":["M","?","M","?","?","E","M","R","T","$","E"],"character_chosen":"WATCHER","items_purchased":["LessonLearned"],"campfire_rested":0,"item_purchase_floors":[10],"current_hp_per_floor":[60,60,60,60,60,21,21,21,35,35,0,0],"gold":82,"neow_bonus":"BOSS_RELIC","is_daily":false,"chose_seed":false,"campfire_upgraded":1,"win_rate":0.0,"timestamp":1611294983,"path_taken":["M","?","M","?","?","E","?","R","T","?","E"],"items_purchased_type":["Card"],"build_version":"2020-12-18","purchased_purges":0,"victory":false,"max_hp_per_floor":[68,68,68,62,62,62,62,62,76,76,76,76],"relic_stats":{"counters":[5,18],"Golden Idol":12,"Blue Candle":[0],"obtain_stats":[{"Golden Idol":4,"Blue Candle":6,"Philosopher\u0027s Stone":0,"Mango":9,"PureWater":0},{"Golden Idol":2,"Blue Candle":3,"Philosopher\u0027s Stone":0,"Mango":4,"PureWater":0},{"Golden Idol":7,"Blue Candle":11,"Philosopher\u0027s Stone":0,"Mango":13,"PureWater":0}]},"card_choices":[{"not_picked":["Swivel","Prostrate"],"picked":"Weave","floor":1},{"not_picked":["Protect","Prostrate"],"picked":"SashWhip","floor":3},{"not_picked":["Halt","FlyingSleeves"],"picked":"SignatureMove","floor":6},{"not_picked":["Adaptation","EmptyFist"],"picked":"TalkToTheHand","floor":7}],"player_experience":1252810,"relics_obtained":[{"floor":6,"key":"Blue Candle"},{"floor":9,"key":"Mango"}],"event_choices":[{"damage_healed":0,"gold_gain":150,"player_choice":"AGREE","damage_taken":0,"max_hp_gain":0,"max_hp_loss":0,"event_name":"Liars Game","floor":2,"gold_loss":0,"cards_obtained":["Doubt"]},{"damage_healed":0,"gold_gain":0,"player_choice":"Lose Max HP","damage_taken":0,"relics_obtained":["Golden Idol"],"max_hp_gain":0,"max_hp_loss":6,"event_name":"Golden Idol","floor":4,"gold_loss":0},{"cards_removed":["Doubt"],"damage_healed":0,"gold_gain":0,"player_choice":"Card Removal","damage_taken":0,"max_hp_gain":0,"max_hp_loss":0,"event_name":"The Cleric","floor":5,"gold_loss":75}],"is_beta":true,"boss_relics":[],"items_purged_floors":[],"is_endless":false,"potions_floor_spawned":[1],"killed_by":"Lagavulin","ascension_level":20}}