{"host":"c97twqu0op5dg8i4","time":1611347619,"event":{"mods":["AchievementEnabler","BaseMod","Colored Map","Minty Spire (QoL Compilation)","Permanent Neow"],"gold_per_floor":[116,133,133,133,148,148,60,84,132,132,97,137,153,153,153,272,272,290,290,290,303,8,39,39,39,113,113,138,161,39,55,55,185,185,199,199,262,87,87,87,0,43,67,67,67,105,128,147,147,147],"floor_reached":51,"language":"ENG","playtime":1704,"items_purged":["Wild Strike"],"score":960,"play_id":"a80bed05-9cad-4b1c-b303-36d1602624fe","local_time":"20210122153339","is_ascension_mode":true,"campfire_choices":[{"data":"Wild Strike","floor":6,"key":"SMITH"},{"data":"Armaments","floor":15,"key":"SMITH"},{"floor":24,"key":"REST"},{"data":"True Grit","floor":27,"key":"SMITH"},{"floor":32,"key":"REST"},{"data":"Uppercut","floor":40,"key":"SMITH"},{"data":"Reaper","floor":44,"key":"SMITH"},{"data":"Carnage","floor":49,"key":"SMITH"}],"circlet_count":0,"master_deck":["Bash","Twin Strike","Wild Strike+1","Flex+1","Cleave","Shrug It Off+1","Armaments+1","Demon Form+1","True Grit+1","Necronomicurse","Flex","Whirlwind","Evolve+1","True Grit+1","Seeing Red+1","Reaper+1","Uppercut+1","Shockwave","Clothesline","Carnage+1","Clothesline","Sentinel","Juggernaut+1","Pummel","Flash of Steel","Shockwave","Reaper"],"relics":["Burning Blood","Golden Idol","The Courier","Frozen Egg 2","Centennial Puzzle","Oddly Smooth Stone","Tiny Chest","Philosopher\u0027s Stone","Necronomicon","Potion Belt","MealTicket","Anchor","StrikeDummy","Sundial","Gremlin Horn","Vajra","Pandora\u0027s Box","Calipers","Membership Card","Mango","War Paint","Ancient Tea Set","PreservedInsect","Akabeko"],"acts_visited":["Exordium","TheCity","TheBeyond"],"potions_floor_usage":[10,12,13,28,29,46,46,50,50,50,50,50],"damage_taken":[{"damage":10,"enemies":"Small Slimes","floor":1,"turns":3},{"damage":12,"enemies":"Jaw Worm","floor":2,"turns":2},{"damage":0,"enemies":"Cultist","floor":5,"turns":2},{"damage":24,"enemies":"Exordium Wildlife","floor":8,"turns":4},{"damage":0,"enemies":"3 Sentries","floor":10,"turns":1},{"damage":25,"enemies":"Lagavulin","floor":12,"turns":4},{"damage":2,"enemies":"Blue Slaver","floor":13,"turns":3},{"damage":29,"enemies":"The Guardian","floor":16,"turns":16},{"damage":14,"enemies":"Shell Parasite","floor":18,"turns":4},{"damage":6,"enemies":"Spheric Guardian","floor":21,"turns":3},{"damage":25,"enemies":"Book of Stabbing","floor":23,"turns":4},{"damage":32,"enemies":"Snake Plant","floor":28,"turns":4},{"damage":15,"enemies":"Shelled Parasite and Fungi","floor":29,"turns":3},{"damage":11,"enemies":"3 Cultists","floor":31,"turns":3},{"damage":33,"enemies":"Collector","floor":33,"turns":6},{"damage":2,"enemies":"3 Shapes","floor":35,"turns":3},{"damage":36,"enemies":"Mind Bloom Boss Battle","floor":37,"turns":6},{"damage":40,"enemies":"Giant Head","floor":42,"turns":7},{"damage":28,"enemies":"Reptomancer","floor":46,"turns":3},{"damage":5,"enemies":"Orb Walker","floor":47,"turns":3},{"damage":25,"enemies":"Transient","floor":48,"turns":5},{"damage":71,"enemies":"Donu and Deca","floor":50,"turns":7}],"seed_played":"3114374949675664550","potions_obtained":[{"floor":5,"key":"SmokeBomb"},{"floor":8,"key":"AttackPotion"},{"floor":12,"key":"BloodPotion"},{"floor":21,"key":"PowerPotion"},{"floor":23,"key":"PowerPotion"},{"floor":33,"key":"Explosive Potion"},{"floor":42,"key":"SteroidPotion"},{"floor":45,"key":"Swift Potion"},{"floor":45,"key":"Weak Potion"},{"floor":45,"key":"LiquidMemories"},{"floor":46,"key":"PowerPotion"},{"floor":48,"key":"LiquidBronze"}],"is_trial":false,"path_per_floor":["M","M","?","T","M","R","?","M","T","E","?","E","M","T","R","B",null,"M","?","?","M","$","E","R","T","T","R","M","M","$","M","R","B",null,"M","?","?","$","T","R","$","E","T","R","?","E","M","M","R","B",null],"character_chosen":"IRONCLAD","items_purchased":["Whirlwind","MealTicket","Anchor","Vajra","Membership Card","War Paint","Shockwave"],"campfire_rested":2,"item_purchase_floors":[22,22,22,30,38,41,41],"current_hp_per_floor":[68,62,42,42,48,48,48,30,30,36,56,37,57,57,57,34,69,61,45,45,45,45,26,50,50,50,50,24,15,30,25,49,22,66,80,80,64,79,93,93,94,60,60,60,60,80,81,75,75,51],"gold":147,"neow_bonus":"THREE_CARDS","is_daily":false,"chose_seed":false,"campfire_upgraded":6,"win_rate":0.0,"timestamp":1611347619,"path_taken":["M","M","?","?","M","R","?","?","T","E","?","E","M","?","R","BOSS","M","?","?","M","?","E","R","?","T","R","M","?","$","M","R","BOSS","M","?","?","$","?","R","$","E","T","R","?","E","M","M","R","BOSS"],"items_purchased_type":["Card","Relic","Relic","Relic","Relic","Relic","Card"],"build_version":"2020-12-22","purchased_purges":1,"victory":true,"max_hp_per_floor":[80,80,80,80,80,80,80,80,80,80,80,80,80,80,80,80,80,80,80,80,80,80,80,80,80,80,80,80,80,80,80,80,80,80,80,80,80,80,94,94,94,94,94,94,94,94,94,94,94,94],"card_choices":[{"not_picked":["Headbutt","Clash"],"picked":"Twin Strike","floor":0},{"not_picked":["Sword Boomerang","Power Through"],"picked":"Wild Strike","floor":1},{"not_picked":["Clash","Havoc"],"picked":"Flex","floor":2},{"not_picked":["Heavy Blade","Pommel Strike"],"picked":"Cleave","floor":5},{"not_picked":["Heavy Blade","Brutality+1","Perfected Strike"],"picked":"SKIP","floor":8},{"not_picked":["Exhume","Wild Strike"],"picked":"Shrug It Off","floor":12},{"not_picked":["Twin Strike","Cleave"],"picked":"Armaments","floor":13},{"not_picked":["Brutality+1","Double Tap"],"picked":"Demon Form+1","floor":16},{"not_picked":["Iron Wave","Battle Trance"],"picked":"True Grit","floor":18},{"not_picked":["Headbutt","Thunderclap"],"picked":"Flex","floor":21},{"not_picked":["Flex","Twin Strike"],"picked":"Evolve+1","floor":23},{"not_picked":["Iron Wave","Whirlwind","Thunderclap"],"picked":"SKIP","floor":28},{"not_picked":["Armaments","Disarm"],"picked":"True Grit+1","floor":29},{"not_picked":["Fiend Fire","Anger"],"picked":"Seeing Red+1","floor":31},{"not_picked":["Brutality+1","Berserk+1"],"picked":"Reaper","floor":33},{"not_picked":["Anger","Evolve+1","Armaments"],"picked":"SKIP","floor":35},{"not_picked":["Thinking Ahead","Master of Strategy"],"picked":"Flash of Steel","floor":36},{"not_picked":["Reckless Charge+1","Sword Boomerang+1","Evolve+1"],"picked":"SKIP","floor":42},{"not_picked":["Disarm","Evolve+1"],"picked":"Reaper","floor":46},{"not_picked":["Body Slam+1","Cleave+1","Thunderclap"],"picked":"SKIP","floor":47},{"not_picked":["Infernal Blade+1","Twin Strike+1","Cleave+1"],"picked":"SKIP","floor":48}],"player_experience":290311,"relics_obtained":[{"floor":4,"key":"The Courier"},{"floor":9,"key":"Centennial Puzzle"},{"floor":12,"key":"Oddly Smooth Stone"},{"floor":14,"key":"Tiny Chest"},{"floor":19,"key":"Necronomicon"},{"floor":23,"key":"StrikeDummy"},{"floor":25,"key":"Sundial"},{"floor":26,"key":"Gremlin Horn"},{"floor":37,"key":"Calipers"},{"floor":39,"key":"Mango"},{"floor":42,"key":"Ancient Tea Set"},{"floor":43,"key":"PreservedInsect"},{"floor":46,"key":"Akabeko"}],"event_choices":[{"damage_healed":0,"gold_gain":0,"player_choice":"Take Damage","damage_taken":20,"relics_obtained":["Golden Idol"],"max_hp_gain":0,"max_hp_loss":0,"event_name":"Golden Idol","floor":3,"gold_loss":0},{"damage_healed":0,"gold_gain":0,"player_choice":"Paid Gold","damage_taken":0,"relics_obtained":["Frozen Egg 2"],"max_hp_gain":0,"max_hp_loss":0,"event_name":"WeMeetAgain","floor":7,"gold_loss":88},{"damage_healed":20,"gold_gain":0,"player_choice":"Healed","damage_taken":0,"max_hp_gain":0,"max_hp_loss":0,"event_name":"The Cleric","floor":11,"gold_loss":35},{"damage_healed":0,"gold_gain":0,"player_choice":"Obtained Book","damage_taken":16,"max_hp_gain":0,"max_hp_loss":0,"event_name":"Cursed Tome","floor":19,"gold_loss":0},{"damage_healed":0,"gold_gain":0,"player_choice":"Opened","damage_taken":0,"relics_obtained":["Potion Belt"],"max_hp_gain":0,"max_hp_loss":0,"event_name":"The Mausoleum","floor":20,"gold_loss":0},{"damage_healed":0,"gold_gain":0,"player_choice":"Memory 1","damage_taken":0,"max_hp_gain":0,"max_hp_loss":0,"event_name":"SensoryStone","floor":36,"gold_loss":0},{"damage_healed":0,"gold_gain":0,"player_choice":"Fight","damage_taken":0,"max_hp_gain":0,"max_hp_loss":0,"event_name":"MindBloom","floor":37,"gold_loss":0},{"damage_healed":0,"gold_gain":0,"player_choice":"Got Potions","damage_taken":0,"max_hp_gain":0,"max_hp_loss":0,"event_name":"Lab","floor":45,"gold_loss":0}],"is_beta":false,"boss_relics":[{"not_picked":["Runic Cube","Sozu"],"picked":"Philosopher\u0027s Stone"},{"not_picked":["Mark of Pain","Black Blood"],"picked":"Pandora\u0027s Box"}],"items_purged_floors":[38],"is_endless":false,"potions_floor_spawned":[5,8,12,21,23,33,42,46,48],"ascension_level":6}}