{"host":"te8omjvbbfkbztoi","time":1611291801,"event":{"mods":["BaseMod","Highlight Path","Minty Spire (QoL Compilation)","Permanent Neow","Slay the Relics Exporter","UnlockEverythingMod"],"gold_per_floor":[218,218,42,58,73,73,107,107,107,117,117,134,159,179,179,253,253,229,241,51,51,51,81,81,81,81,81,100,135,235,8,8,82,82,98,98,98,115,128,158,158,0,0,11,37,51,51,51,51,51,51,51,51,1,1,1],"floor_reached":55,"language":"ENG","playtime":5456,"items_purged":["Regret","Strike_G","Underhanded Strike","Defend_G"],"score":2171,"play_id":"ec0708a3-1778-4287-9718-8c9f952ebde8","local_time":"20210121230321","is_ascension_mode":true,"campfire_choices":[{"data":"Neutralize","floor":6.0,"key":"SMITH"},{"floor":11.0,"key":"REST"},{"floor":15.0,"key":"REST"},{"floor":25.0,"key":"REST"},{"data":"After Image","floor":27.0,"key":"SMITH"},{"data":"Well Laid Plans","floor":32.0,"key":"SMITH"},{"data":"Footwork","floor":41.0,"key":"SMITH"},{"floor":47.0,"key":"RECALL"},{"data":"Infinite Blades","floor":49.0,"key":"SMITH"},{"data":"Footwork","floor":53.0,"key":"SMITH"}],"circlet_count":0,"master_deck":["AscendersBane","Defend_G","Defend_G","Defend_G","Defend_G","Survivor","Neutralize+1","Noxious Fumes+1","Footwork","Blade Dance","Well Laid Plans+1","Cloak And Dagger","PiercingWail","Accuracy","Footwork+1","Blade Dance","After Image+1","Infinite Blades+1","Dodge and Roll+1","Footwork+1","Prepared","Endless Agony","Bite","Bite","Bite","Bite","Bite","Malaise","Leg Sweep+1","Catalyst","Crippling Poison","Footwork+1","Dark Shackles","Corpse Explosion","Blade Dance","Caltrops","Cloak And Dagger","Dodge and Roll"],"relics":["Ring of the Serpent","Matryoshka","Smiling Mask","Dream Catcher","Shuriken","Ginger","Kunai","Omamori","Mummified Hand","Eternal Feather","Unceasing Top","Paper Crane","Cursed Key","Darkstone Periapt","PreservedInsect","Orichalcum"],"acts_visited":["Exordium","TheCity","TheBeyond","TheEnding"],"potions_floor_usage":[],"damage_taken":[{"damage":0.0,"enemies":"2 Louse","floor":1.0,"turns":2.0},{"damage":0.0,"enemies":"Small Slimes","floor":4.0,"turns":3.0},{"damage":1.0,"enemies":"Cultist","floor":5.0,"turns":4.0},{"damage":35.0,"enemies":"3 Sentries","floor":7.0,"turns":9.0},{"damage":20.0,"enemies":"Exordium Wildlife","floor":10.0,"turns":7.0},{"damage":15.0,"enemies":"Large Slime","floor":12.0,"turns":5.0},{"damage":5.0,"enemies":"Lagavulin","floor":13.0,"turns":6.0},{"damage":0.0,"enemies":"Looter","floor":14.0,"turns":3.0},{"damage":0.0,"enemies":"Hexaghost","floor":16.0,"turns":8.0},{"damage":13.0,"enemies":"2 Thieves","floor":18.0,"turns":4.0},{"damage":6.0,"enemies":"Chosen","floor":19.0,"turns":5.0},{"damage":30.0,"enemies":"Slavers","floor":23.0,"turns":7.0},{"damage":8.0,"enemies":"Centurion and Healer","floor":28.0,"turns":7.0},{"damage":0.0,"enemies":"Gremlin Leader","floor":29.0,"turns":6.0},{"damage":17.0,"enemies":"Colosseum Slavers","floor":30.0,"turns":5.0},{"damage":23.0,"enemies":"Colosseum Nobs","floor":30.0,"turns":5.0},{"damage":6.0,"enemies":"Champ","floor":33.0,"turns":12.0},{"damage":0.0,"enemies":"3 Shapes","floor":35.0,"turns":5.0},{"damage":5.0,"enemies":"3 Darklings","floor":38.0,"turns":4.0},{"damage":6.0,"enemies":"Writhing Mass","floor":39.0,"turns":6.0},{"damage":12.0,"enemies":"Reptomancer","floor":40.0,"turns":6.0},{"damage":29.0,"enemies":"Spire Growth","floor":44.0,"turns":7.0},{"damage":0.0,"enemies":"Nemesis","floor":45.0,"turns":7.0},{"damage":0.0,"enemies":"Maw","floor":46.0,"turns":8.0},{"damage":48.0,"enemies":"Awakened One","floor":50.0,"turns":27.0},{"damage":6.0,"enemies":"Donu and Deca","floor":51.0,"turns":9.0},{"damage":58,"enemies":"Shield and Spear","floor":55,"turns":5}],"seed_played":"-5878733569468164008","potions_obtained":[{"floor":7.0,"key":"Energy Potion"},{"floor":10.0,"key":"Fruit Juice"},{"floor":12.0,"key":"ColorlessPotion"},{"floor":13.0,"key":"Swift Potion"},{"floor":14.0,"key":"Explosive Potion"},{"floor":19.0,"key":"ColorlessPotion"},{"floor":28.0,"key":"Strength Potion"},{"floor":33.0,"key":"Dexterity Potion"},{"floor":35.0,"key":"BlessingOfTheForge"},{"floor":37.0,"key":"GamblersBrew"},{"floor":45.0,"key":"Fire Potion"}],"is_trial":false,"path_per_floor":["M","?","$","M","M","R","E","?","T","M","R","M","E","M","R","B",null,"M","M","$","?","?","E","?","R","T","R","M","E","?","$","R","B",null,"M","?","?","M","M","E","R","$","T","M","E","M","R","?","R","B","B",null,"R","$","E"],"character_chosen":"THE_SILENT","items_purchased":["Noxious Fumes","Underhanded Strike","Footwork","Prepared","Footwork","Dark Shackles","PreservedInsect"],"campfire_rested":3,"item_purchase_floors":[3,3,20,20,31,31,42],"current_hp_per_floor":[59,59,59,59,58,58,23,23,23,3,22,7,2,7,28,28,60,47,41,41,41,41,11,11,25,25,25,31,45,17,17,38,49,49,49,49,49,46,49,43,49,49,49,30,40,49,49,49,49,43,49,49,49,49,0,0],"gold":1,"neow_bonus":"HUNDRED_GOLD","is_daily":false,"chose_seed":false,"campfire_upgraded":6,"win_rate":0.0,"timestamp":1611291801,"path_taken":["M","?","$","M","M","R","E","?","T","M","R","M","E","?","R","BOSS","M","M","$","?","?","E","?","R","T","R","M","E","?","$","R","BOSS","M","?","?","M","?","E","R","$","T","M","E","M","R","?","R","BOSS","BOSS","R","$","E"],"items_purchased_type":["Card","Card","Card","Card","Card","Card","Relic"],"build_version":"2020-12-22","purchased_purges":4,"victory":false,"max_hp_per_floor":[66,66,66,66,66,66,66,66,66,66,66,66,66,71,71,71,71,71,71,71,71,71,71,49,49,49,49,49,49,49,49,49,49,49,49,49,49,49,49,49,49,49,49,49,49,49,49,49,49,49,49,49,49,49,49,49],"card_choices":[{"not_picked":["Underhanded Strike","Deadly Poison"],"picked":"Footwork","floor":4.0},{"not_picked":["Quick Slash","Deadly Poison"],"picked":"Blade Dance","floor":5.0},{"not_picked":["Bane","Distraction"],"picked":"Well Laid Plans","floor":7.0},{"not_picked":["Dagger Spray","Grand Finale"],"picked":"Cloak And Dagger","floor":10.0},{"not_picked":["Bane","Calculated Gamble"],"picked":"PiercingWail","floor":11.0},{"not_picked":["Heel Hook","Deadly Poison"],"picked":"Endless Agony","floor":12.0},{"not_picked":["Flechettes","Dagger Throw"],"picked":"Accuracy","floor":13.0},{"not_picked":["Dagger Throw","All Out Attack"],"picked":"Footwork","floor":14.0},{"not_picked":["Dodge and Roll","Slice"],"picked":"Blade Dance","floor":15.0},{"not_picked":["Night Terror","Doppelganger"],"picked":"After Image","floor":16.0},{"not_picked":["Sucker Punch","Dagger Throw"],"picked":"Infinite Blades","floor":18.0},{"not_picked":["Prepared","PiercingWail"],"picked":"Dodge and Roll+1","floor":19.0},{"not_picked":["Quick Slash","Outmaneuver"],"picked":"Endless Agony","floor":23.0},{"not_picked":["Quick Slash","Flechettes"],"picked":"Malaise","floor":25.0},{"not_picked":["Dagger Throw","Underhanded Strike"],"picked":"Leg Sweep+1","floor":28.0},{"not_picked":["Skewer","Dagger Throw"],"picked":"Catalyst","floor":29.0},{"not_picked":["Dodge and Roll","Outmaneuver"],"picked":"Crippling Poison","floor":30.0},{"not_picked":["Unload","Phantasmal Killer"],"picked":"Corpse Explosion","floor":33.0},{"not_picked":["PiercingWail","Prepared"],"picked":"Blade Dance","floor":35.0},{"not_picked":["Dagger Spray","Deflect","Underhanded Strike"],"picked":"SKIP","floor":38.0},{"not_picked":["Endless Agony+1","Escape Plan"],"picked":"Caltrops","floor":39.0},{"not_picked":["Choke","Predator+1","Acrobatics"],"picked":"SKIP","floor":40.0},{"not_picked":["Sucker Punch","Cloak And Dagger","Leg Sweep"],"picked":"SKIP","floor":44.0},{"not_picked":["Underhanded Strike","Die Die Die"],"picked":"Cloak And Dagger","floor":45.0},{"not_picked":["Poisoned Stab","Outmaneuver+1"],"picked":"Dodge and Roll","floor":46.0}],"player_experience":73352,"relics_obtained":[{"floor":7.0,"key":"Smiling Mask"},{"floor":9.0,"key":"Dream Catcher"},{"floor":9.0,"key":"Shuriken"},{"floor":13.0,"key":"Ginger"},{"floor":23.0,"key":"Kunai"},{"floor":26.0,"key":"Omamori"},{"floor":26.0,"key":"Mummified Hand"},{"floor":29.0,"key":"Eternal Feather"},{"floor":30.0,"key":"Unceasing Top"},{"floor":30.0,"key":"Paper Crane"},{"floor":40.0,"key":"Darkstone Periapt"},{"floor":45.0,"key":"Orichalcum"}],"event_choices":[{"damage_healed":0.0,"max_hp_gain":0.0,"max_hp_loss":0.0,"gold_gain":0.0,"event_name":"Big Fish","player_choice":"Box","floor":2.0,"gold_loss":0.0,"damage_taken":0.0,"relics_obtained":["Matryoshka"],"cards_obtained":["Regret"]},{"damage_healed":0.0,"max_hp_gain":0.0,"max_hp_loss":0.0,"gold_gain":0.0,"event_name":"Accursed Blacksmith","player_choice":"Forge","floor":8.0,"gold_loss":0.0,"damage_taken":0.0,"cards_upgraded":["Noxious Fumes"]},{"damage_healed":0.0,"max_hp_gain":0.0,"max_hp_loss":0.0,"gold_gain":0.0,"event_name":"The Mausoleum","player_choice":"Ignored","floor":22.0,"gold_loss":0.0,"damage_taken":0.0},{"damage_healed":0.0,"max_hp_gain":0.0,"max_hp_loss":22.0,"gold_gain":0.0,"event_name":"Vampires","player_choice":"Became a vampire","floor":24.0,"gold_loss":0.0,"damage_taken":0.0,"cards_obtained":["Bite","Bite","Bite","Bite","Bite"]},{"damage_healed":0.0,"max_hp_gain":0.0,"max_hp_loss":0.0,"gold_gain":0.0,"event_name":"Colosseum","player_choice":"Fight","floor":30.0,"gold_loss":0.0,"damage_taken":0.0},{"damage_healed":0.0,"max_hp_gain":0.0,"max_hp_loss":0.0,"gold_gain":0.0,"event_name":"Colosseum","player_choice":"Fought Nobs","floor":30.0,"gold_loss":0.0,"damage_taken":0.0},{"cards_removed":["Endless Agony"],"damage_healed":0.0,"max_hp_gain":0.0,"max_hp_loss":0.0,"gold_gain":0.0,"event_name":"Falling","player_choice":"Removed Attack","floor":36.0,"gold_loss":0.0,"damage_taken":0.0},{"damage_healed":0.0,"max_hp_gain":0.0,"max_hp_loss":0.0,"gold_gain":0.0,"event_name":"Lab","player_choice":"Got Potions","floor":37.0,"gold_loss":0.0,"damage_taken":0.0},{"damage_healed":0.0,"max_hp_gain":0.0,"max_hp_loss":0.0,"gold_gain":0.0,"event_name":"Upgrade Shrine","player_choice":"Upgraded","floor":48.0,"gold_loss":0.0,"damage_taken":0.0,"cards_upgraded":["Footwork"]}],"is_beta":false,"boss_relics":[{"not_picked":["Snecko Eye","Tiny House"],"picked":"Ring of the Serpent"},{"not_picked":["WristBlade","Runic Dome"],"picked":"Cursed Key"}],"items_purged_floors":[3,20,31,54],"is_endless":false,"potions_floor_spawned":[7,10,12,13,14,19,28,30,33,35,45],"killed_by":"Shield and Spear","ascension_level":20}}