{"host":"fxrgx7wt2cpkbhka","time":1611286911,"event":{"mods":["AchievementEnabler","BaseMod","Colored Powertips","Minty Spire (QoL Compilation)","Permanent Neow","Quick Restart","Slay-I","StSLib","Waifu the Spire"],"gold_per_floor":[112,60,71,71,71,98,158,158,211,211,230,230,240,255,255,359,359,370,285,285,95,95,95,95],"floor_reached":23,"language":"ENG","playtime":514,"items_purged":[],"score":393,"play_id":"7099d1b9-a979-48db-8e54-0557a590babb","local_time":"20210121194151","is_ascension_mode":true,"campfire_choices":[{"data":"Accuracy","floor":10,"key":"SMITH"},{"floor":12,"key":"REST"},{"data":"Blade Dance","floor":15,"key":"SMITH"}],"circlet_count":0,"master_deck":["AscendersBane","Strike_G+1","Strike_G+1","Strike_G+1","Strike_G+1","Strike_G+1","Defend_G+1","Defend_G+1","Defend_G+1","Defend_G+1","Defend_G+1","Survivor","Neutralize+1","Blade Dance+1","After Image+1","Accuracy+1","Terror","Masterful Stab","Footwork"],"relics":["Ring of the Serpent","NeowsBlessing","Akabeko","Potion Belt","Lantern","Oddly Smooth Stone"],"acts_visited":["Exordium","TheCity"],"potions_floor_usage":[16,23,23],"damage_taken":[{"damage":0,"enemies":"Cultist","floor":1,"turns":1},{"damage":0,"enemies":"Small Slimes","floor":3,"turns":1},{"damage":0,"enemies":"3 Sentries","floor":6,"turns":1},{"damage":40,"enemies":"Gremlin Nob","floor":7,"turns":6},{"damage":0,"enemies":"2 Louse","floor":11,"turns":3},{"damage":0,"enemies":"Looter","floor":13,"turns":2},{"damage":0,"enemies":"3 Louse","floor":14,"turns":4},{"damage":0,"enemies":"Slime Boss","floor":16,"turns":4},{"damage":18,"enemies":"2 Thieves","floor":18,"turns":4},{"damage":30,"enemies":"Gremlin Leader","floor":23,"turns":6}],"seed_played":"8095103825583119306","potions_obtained":[{"floor":6,"key":"Strength Potion"},{"floor":7,"key":"Fire Potion"},{"floor":14,"key":"SkillPotion"},{"floor":16,"key":"Fire Potion"},{"floor":18,"key":"BlessingOfTheForge"}],"is_trial":false,"path_per_floor":["M","$","M","$","?","E","?","?","T","R","M","R","M","M","R","B",null,"M","?","?","$","?","E"],"character_chosen":"THE_SILENT","items_purchased":["Blade Dance","Footwork","Oddly Smooth Stone"],"campfire_rested":1,"item_purchase_floors":[2,21,21],"current_hp_per_floor":[63,63,63,63,63,63,23,9,9,9,9,30,30,30,30,30,60,42,42,42,42,29,0,0],"gold":95,"neow_bonus":"THREE_ENEMY_KILL","is_daily":false,"chose_seed":false,"campfire_upgraded":2,"win_rate":0.0,"timestamp":1611286911,"path_taken":["M","$","?","$","?","E","?","?","T","R","M","R","M","M","R","BOSS","M","?","?","$","?","E"],"items_purchased_type":["Card","Card","Relic"],"build_version":"2020-12-22","purchased_purges":0,"victory":false,"max_hp_per_floor":[70,70,70,70,70,70,70,70,70,70,70,70,70,70,70,70,70,70,70,70,70,75,75,75],"card_choices":[{"not_picked":["Dodge and Roll","Backflip","Catalyst"],"picked":"SKIP","floor":1},{"not_picked":["Endless Agony","Flying Knee","Underhanded Strike"],"picked":"SKIP","floor":3},{"not_picked":["Heel Hook","Finisher"],"picked":"After Image","floor":6},{"not_picked":["Blade Dance","Eviscerate"],"picked":"Accuracy","floor":7},{"not_picked":["Expertise","Setup","Prepared"],"picked":"SKIP","floor":11},{"not_picked":["Prepared","Backflip","Well Laid Plans"],"picked":"SKIP","floor":13},{"not_picked":["Deadly Poison","Flying Knee"],"picked":"Terror","floor":14},{"not_picked":["Underhanded Strike","Skewer+1"],"picked":"Masterful Stab","floor":18}],"player_experience":727613,"relics_obtained":[{"floor":6,"key":"Akabeko"},{"floor":7,"key":"Potion Belt"}],"event_choices":[{"damage_healed":0,"gold_gain":0,"player_choice":"Grow","damage_taken":0,"max_hp_gain":0,"max_hp_loss":0,"event_name":"Living Wall","floor":5,"gold_loss":0,"cards_upgraded":["Neutralize"]},{"damage_healed":0,"gold_gain":0,"player_choice":"Searched \u00271\u0027 times","damage_taken":0,"max_hp_gain":0,"max_hp_loss":0,"event_name":"Dead Adventurer","floor":7,"gold_loss":0},{"damage_healed":0,"gold_gain":0,"player_choice":"Entered Light","damage_taken":14,"max_hp_gain":0,"max_hp_loss":0,"event_name":"Shining Light","floor":8,"gold_loss":0,"cards_upgraded":["After Image","Defend_G"]},{"damage_healed":0,"gold_gain":0,"player_choice":"Obtained Relic","damage_taken":0,"relics_obtained":["Lantern"],"max_hp_gain":0,"max_hp_loss":0,"event_name":"Addict","floor":19,"gold_loss":85},{"damage_healed":0,"gold_gain":0,"player_choice":"Simplicity","damage_taken":0,"max_hp_gain":0,"max_hp_loss":0,"event_name":"Back to Basics","floor":20,"gold_loss":0,"cards_upgraded":["Strike_G","Strike_G","Strike_G","Strike_G","Strike_G","Defend_G","Defend_G","Defend_G","Defend_G"]},{"damage_healed":0,"gold_gain":0,"player_choice":"Shed Blood","damage_taken":18,"max_hp_gain":5,"max_hp_loss":0,"event_name":"Forgotten Altar","floor":22,"gold_loss":0}],"is_beta":false,"boss_relics":[{"not_picked":["Coffee Dripper","Velvet Choker"],"picked":"Ring of the Serpent"}],"items_purged_floors":[],"is_endless":false,"potions_floor_spawned":[6,7,14,16,18],"killed_by":"Gremlin Leader","ascension_level":10}}