{"host":"oiai0qxasotny765","time":1611308161,"event":{"mods":["2.2 Compatiblity","AchievementEnabler","BaseMod","Colored Map","Minty Spire (QoL Compilation)","Permanent Neow","Relic Stats","StSLib","SuperFastMode","everything is the same but u backflip on backflip"],"gold_per_floor":[209,58,58,74,74,74,74,94,94,94,114,114,114,128,128,128,128],"floor_reached":16,"language":"KOR","playtime":281,"items_purged":["Strike_R"],"score":171,"play_id":"b411953c-c4d6-4277-9df8-c1cb1760e408","local_time":"20210122183601","is_ascension_mode":true,"campfire_choices":[{"data":"Uppercut","floor":6.0,"key":"SMITH"},{"data":"Evolve","floor":10,"key":"SMITH"},{"data":"Sword Boomerang","floor":12,"key":"SMITH"},{"data":"Inflame","floor":15,"key":"SMITH"}],"circlet_count":0,"master_deck":["AscendersBane","Strike_R","Strike_R","Strike_R","Strike_R","Defend_R","Defend_R","Defend_R","Defend_R","Bash","Sword Boomerang+1","Uppercut+1","Second Wind","Decay","Evolve+1","Inflame+1","Shrug It Off"],"relics":["Burning Blood","Golden Idol","Mummified Hand","Pear","Shuriken"],"acts_visited":["Exordium"],"potions_floor_usage":[16],"damage_taken":[{"damage":1.0,"enemies":"Cultist","floor":1.0,"turns":3.0},{"damage":11.0,"enemies":"Jaw Worm","floor":4.0,"turns":4.0},{"damage":2,"enemies":"Small Slimes","floor":8,"turns":3},{"damage":5,"enemies":"2 Fungi Beasts","floor":11,"turns":4},{"damage":16,"enemies":"Exordium Thugs","floor":14,"turns":4},{"damage":37,"enemies":"The Guardian","floor":16,"turns":8}],"seed_played":"-1602584567288137662","potions_obtained":[{"floor":1.0,"key":"BlessingOfTheForge"},{"floor":11,"key":"Ancient Potion"}],"is_trial":false,"path_per_floor":["M","$","?","M","?","R","?","M","T","R","M","R","T","M","R","B"],"character_chosen":"IRONCLAD","items_purchased":["Uppercut"],"campfire_rested":0,"item_purchase_floors":[2],"current_hp_per_floor":[73,73,47,42,31,31,31,35,45,45,46,46,46,36,36,0,0],"gold":128,"neow_bonus":"HUNDRED_GOLD","is_daily":false,"chose_seed":false,"campfire_upgraded":4,"win_rate":0.0,"timestamp":1611308161,"path_taken":["M","?","?","M","?","R","?","M","T","R","?","R","?","M","R","BOSS"],"items_purchased_type":["Card"],"build_version":"2020-12-22","purchased_purges":1,"victory":false,"max_hp_per_floor":[75,75,75,75,75,75,75,75,85,85,85,85,85,85,85,85,85],"relic_stats":{"counters":[6,26],"Golden Idol":14,"Mummified Hand":[3],"Shuriken":[0],"obtain_stats":[{"Pear":9,"Golden Idol":3,"Mummified Hand":5,"Shuriken":13,"Burning Blood":0},{"Pear":3,"Golden Idol":1,"Mummified Hand":2,"Shuriken":4,"Burning Blood":0},{"Pear":10,"Golden Idol":3,"Mummified Hand":7,"Shuriken":14,"Burning Blood":0}],"Burning Blood":30},"card_choices":[{"not_picked":["Armaments","Anger"],"picked":"Sword Boomerang","floor":1.0},{"not_picked":["Burning Pact","Rupture"],"picked":"Second Wind","floor":4.0},{"not_picked":["True Grit","Burning Pact"],"picked":"Evolve","floor":8},{"not_picked":["Sentinel","Perfected Strike"],"picked":"Inflame","floor":11},{"not_picked":["Hemokinesis","Havoc"],"picked":"Shrug It Off","floor":14}],"player_experience":320914,"relics_obtained":[{"floor":9,"key":"Pear"},{"floor":13,"key":"Shuriken"}],"event_choices":[{"damage_healed":0.0,"max_hp_gain":0.0,"max_hp_loss":0.0,"gold_gain":0.0,"event_name":"Golden Idol","player_choice":"Take Damage","floor":3.0,"gold_loss":0.0,"damage_taken":26.0,"relics_obtained":["Golden Idol"]},{"damage_healed":0.0,"max_hp_gain":0.0,"max_hp_loss":0.0,"gold_gain":0.0,"event_name":"Scrap Ooze","player_choice":"Success","floor":5.0,"gold_loss":0.0,"damage_taken":11.0,"relics_obtained":["Mummified Hand"]},{"damage_healed":0.0,"max_hp_gain":0.0,"max_hp_loss":0.0,"gold_gain":0.0,"event_name":"Wheel of Change","player_choice":"Cursed","floor":7.0,"gold_loss":0.0,"damage_taken":0.0,"cards_obtained":["Decay"]}],"is_beta":false,"boss_relics":[],"items_purged_floors":[2],"is_endless":false,"potions_floor_spawned":[1,11,14],"killed_by":"The Guardian","ascension_level":18}}