{"host":"daa8jqyg4gqfaysm","time":1611304810,"event":{"mods":["BaseMod","Colored Powertips","Minty Spire (QoL Compilation)","StSLib"],"gold_per_floor":[109,69,89,102,117,117,145,145,145,145,145,168,212,256,256,349,349,365,338,154,168,182,182,27,27,27],"floor_reached":25,"language":"ENG","playtime":940,"items_purged":["Blade Dance","Accuracy+1"],"score":480,"play_id":"9b8a4945-4f12-4bc2-a1bb-76cd0982a30b","local_time":"20210122164010","is_ascension_mode":true,"campfire_choices":[{"data":"Jack Of All Trades","floor":6,"key":"SMITH"},{"data":"Neutralize","floor":8,"key":"SMITH"},{"data":"Predator","floor":15,"key":"SMITH"},{"floor":23,"key":"REST"}],"circlet_count":0,"master_deck":["AscendersBane","Strike_G","Strike_G","Strike_G","Strike_G","Strike_G","Defend_G","Defend_G","Defend_G+1","Defend_G","Defend_G","Survivor","Neutralize+1","Jack Of All Trades+1","Terror+1","Predator+1","Dagger Throw","Caltrops+1","Malaise","Footwork+1","Dodge and Roll","Dagger Throw+1"],"relics":["Ring of the Snake","Pear","Bottled Lightning","Golden Idol","Frozen Egg 2","War Paint","Velvet Choker"],"acts_visited":["Exordium","TheCity"],"potions_floor_usage":[12,12,21,22,25,25],"damage_taken":[{"damage":7,"enemies":"Small Slimes","floor":1,"turns":3},{"damage":0,"enemies":"Cultist","floor":3,"turns":4},{"damage":0,"enemies":"2 Louse","floor":4,"turns":2},{"damage":3,"enemies":"Looter","floor":5,"turns":2},{"damage":36,"enemies":"Gremlin Nob","floor":7,"turns":4},{"damage":6,"enemies":"Gremlin Gang","floor":12,"turns":6},{"damage":12,"enemies":"Lots of Slimes","floor":13,"turns":5},{"damage":0,"enemies":"Lagavulin","floor":14,"turns":4},{"damage":40,"enemies":"The Guardian","floor":16,"turns":10},{"damage":11,"enemies":"Shell Parasite","floor":18,"turns":7},{"damage":16,"enemies":"2 Thieves","floor":19,"turns":4},{"damage":15,"enemies":"Chosen and Byrds","floor":21,"turns":8},{"damage":16,"enemies":"Cultist and Chosen","floor":22,"turns":7},{"damage":26,"enemies":"Slavers","floor":25,"turns":2}],"seed_played":"1513140474229488269","potions_obtained":[{"floor":1,"key":"SneckoOil"},{"floor":2,"key":"FairyPotion"},{"floor":2,"key":"EntropicBrew"},{"floor":22,"key":"GamblersBrew"}],"is_trial":false,"path_per_floor":["M","?","M","M","M","R","E","R","T","?","?","M","M","E","R","B",null,"M","M","$","M","M","R","$","E"],"character_chosen":"THE_SILENT","items_purchased":["Fire Potion","Block Potion","Strength Potion"],"campfire_rested":1,"item_purchase_floors":[20,20,24],"current_hp_per_floor":[52,52,52,52,49,49,23,23,23,22,22,16,4,4,4,18,62,51,35,35,20,4,26,26,0,0],"gold":27,"neow_bonus":"RANDOM_COLORLESS","is_daily":false,"chose_seed":false,"campfire_upgraded":3,"win_rate":0.0,"timestamp":1611304810,"path_taken":["M","?","M","?","M","R","E","R","T","?","?","M","M","E","R","BOSS","M","M","$","M","M","R","$","E"],"items_purchased_type":["Potion","Potion","Potion"],"build_version":"2020-12-22","purchased_purges":2,"victory":false,"max_hp_per_floor":[66,66,66,66,66,66,76,76,76,76,76,76,76,76,76,76,76,76,76,76,76,76,76,76,76,76],"card_choices":[{"not_picked":["Finesse","Impatience"],"picked":"Jack Of All Trades","floor":0},{"not_picked":["Sucker Punch","Flying Knee"],"picked":"Terror","floor":1},{"not_picked":["Catalyst","Crippling Poison"],"picked":"Predator","floor":3},{"not_picked":["Reflex","Deadly Poison","Outmaneuver"],"picked":"SKIP","floor":4},{"not_picked":["Acrobatics","Dodge and Roll","Riddle With Holes"],"picked":"SKIP","floor":5},{"not_picked":["Noxious Fumes","Well Laid Plans"],"picked":"Blade Dance","floor":7},{"not_picked":["Distraction","Prepared"],"picked":"Accuracy+1","floor":12},{"not_picked":["Choke","A Thousand Cuts+1"],"picked":"Dagger Throw","floor":13},{"not_picked":["Corpse Explosion","Infinite Blades+1"],"picked":"Caltrops+1","floor":14},{"not_picked":["Grand Finale","Glass Knife"],"picked":"Malaise","floor":16},{"not_picked":["Tactician","Poisoned Stab","Sucker Punch"],"picked":"SKIP","floor":18},{"not_picked":["Acrobatics","Poisoned Stab"],"picked":"Footwork+1","floor":19},{"not_picked":["Dodge and Roll","Slice","Deadly Poison"],"picked":"SKIP","floor":21},{"not_picked":["Slice","Deadly Poison"],"picked":"Dodge and Roll","floor":21},{"not_picked":["Poisoned Stab","Concentrate"],"picked":"Dagger Throw+1","floor":22}],"player_experience":851851,"relics_obtained":[{"floor":7,"key":"Pear"},{"floor":9,"key":"Bottled Lightning"},{"floor":11,"key":"Frozen Egg 2"},{"floor":14,"key":"War Paint"}],"event_choices":[{"damage_healed":0,"gold_gain":0,"player_choice":"Bought 3 Potions","damage_taken":0,"max_hp_gain":0,"max_hp_loss":0,"event_name":"The Woman in Blue","floor":2,"gold_loss":0},{"damage_healed":0,"gold_gain":0,"player_choice":"Take Damage","damage_taken":26,"relics_obtained":["Golden Idol"],"max_hp_gain":0,"max_hp_loss":0,"event_name":"Golden Idol","floor":10,"gold_loss":0},{"damage_healed":0,"gold_gain":0,"player_choice":"Relic","damage_taken":0,"max_hp_gain":0,"max_hp_loss":0,"event_name":"Wheel of Change","floor":11,"gold_loss":0}],"is_beta":false,"boss_relics":[{"not_picked":["SacredBark","Calling Bell"],"picked":"Velvet Choker"}],"items_purged_floors":[20,24],"is_endless":false,"potions_floor_spawned":[1,4,7,22],"killed_by":"Slavers","ascension_level":20}}