{"host":"8u7tvcybuv0u72fd","time":1611285820,"event":{"mods":["BaseMod","BetterRewards","Colored Map","Colored Powertips","Minty Spire (QoL Compilation)","Quick Restart","Shop Mod"],"gold_per_floor":[119,119,130,147,163,180,195,226,272,284,284,284,284,302,302,406,406,416,104,104,120,149,178,188,188,188,188,103,119,119,135,135,234,234,250,97,116,126,126,126,141,141,141,141,70,100,100,100,100,100,100,100,100,128,128,128],"floor_reached":55,"language":"ENG","playtime":2307,"items_purged":["Strike_R"],"score":944,"play_id":"0117893b-507b-436f-b997-d3f45ec6eb6e","local_time":"20210121222340","is_ascension_mode":false,"campfire_choices":[{"data":"Body Slam","floor":11.0,"key":"SMITH"},{"data":"Rampage","floor":13.0,"key":"SMITH"},{"data":"Double Tap","floor":15.0,"key":"SMITH"},{"data":"Juggernaut","floor":25.0,"key":"SMITH"},{"data":"Shrug It Off","floor":27.0,"key":"SMITH"},{"data":"Infernal Blade","floor":30.0,"key":"SMITH"},{"data":"Inflame","floor":32.0,"key":"SMITH"},{"data":"Barricade","floor":40.0,"key":"SMITH"},{"data":"Defend_R","floor":42.0,"key":"SMITH"},{"data":"Impatience","floor":44.0,"key":"SMITH"},{"floor":49.0,"key":"RECALL"},{"data":"Defend_R","floor":52.0,"key":"SMITH"}],"circlet_count":0,"master_deck":["Strike_R","Strike_R","Strike_R","Strike_R","Defend_R+1","Defend_R+1","Defend_R","Defend_R+1","Bash+1","Rampage+1","Infernal Blade+1","Body Slam+1","Battle Trance+1","Inflame+1","Double Tap+1","Shrug It Off+1","Juggernaut+1","Uppercut+1","Barricade+1","Entrench+1","Impatience+1","Dropkick+1"],"relics":["Burning Blood","Bronze Scales","Happy Flower","HandDrill","Mercury Hourglass","MerchantsRug","CaptainsWheel","PreservedInsect","Coffee Dripper","Toy Ornithopter","Medical Kit","Nilry\u0027s Codex","Red Mask","Bag of Marbles","Mark of Pain","Blood Vial","Letter Opener","War Paint","Art of War","White Beast Statue"],"acts_visited":["Exordium","TheCity","TheBeyond","TheEnding"],"potions_floor_usage":[55,55],"damage_taken":[{"damage":3.0,"enemies":"Jaw Worm","floor":1.0,"turns":3.0},{"damage":0.0,"enemies":"Cultist","floor":3.0,"turns":3.0},{"damage":4.0,"enemies":"2 Louse","floor":4.0,"turns":2.0},{"damage":0.0,"enemies":"Looter","floor":5.0,"turns":1.0},{"damage":0.0,"enemies":"Large Slime","floor":6.0,"turns":5.0},{"damage":3.0,"enemies":"2 Fungi Beasts","floor":7.0,"turns":3.0},{"damage":16.0,"enemies":"Lagavulin","floor":8.0,"turns":5.0},{"damage":5.0,"enemies":"Looter","floor":10.0,"turns":2.0},{"damage":3.0,"enemies":"Lots of Slimes","floor":14.0,"turns":3.0},{"damage":31.0,"enemies":"Hexaghost","floor":16.0,"turns":6.0},{"damage":5.0,"enemies":"Chosen","floor":18.0,"turns":3.0},{"damage":0.0,"enemies":"3 Byrds","floor":21.0,"turns":3.0},{"damage":19.0,"enemies":"Masked Bandits","floor":22.0,"turns":4.0},{"damage":10.0,"enemies":"Book of Stabbing","floor":23.0,"turns":3.0},{"damage":18.0,"enemies":"Snake Plant","floor":24.0,"turns":2.0},{"damage":0.0,"enemies":"Shelled Parasite and Fungi","floor":29.0,"turns":3.0},{"damage":0.0,"enemies":"Centurion and Healer","floor":31.0,"turns":3.0},{"damage":47.0,"enemies":"Automaton","floor":33.0,"turns":7.0},{"damage":1.0,"enemies":"3 Shapes","floor":35.0,"turns":4.0},{"damage":7.0,"enemies":"Orb Walker","floor":37.0,"turns":2.0},{"damage":18.0,"enemies":"Writhing Mass","floor":38.0,"turns":4.0},{"damage":14.0,"enemies":"Jaw Worm Horde","floor":41.0,"turns":3.0},{"damage":0.0,"enemies":"Nemesis","floor":46.0,"turns":3.0},{"damage":4.0,"enemies":"Time Eater","floor":50.0,"turns":8.0},{"damage":42.0,"enemies":"Shield and Spear","floor":54.0,"turns":5.0},{"damage":109,"enemies":"The Heart","floor":55,"turns":6}],"seed_played":"-1885281377937776804","potions_obtained":[{"floor":3.0,"key":"PowerPotion"},{"floor":4.0,"key":"FearPotion"},{"floor":7.0,"key":"Dexterity Potion"},{"floor":16.0,"key":"ColorlessPotion"},{"floor":35.0,"key":"BloodPotion"},{"floor":38.0,"key":"Regen Potion"}],"is_trial":false,"path_per_floor":["M","?","M","M","M","M","M","E","T","M","R","?","R","M","R","B",null,"M","$","?","M","?","E","M","R","T","R","?","M","R","M","R","B",null,"M","$","M","M","?","R","M","R","T","R","$","E","?","$","R","B",null,"R","$","E","B"],"character_chosen":"IRONCLAD","items_purchased":["Bronze Scales","Pear","Fruit Juice","Happy Flower","HandDrill","Mercury Hourglass","Rampage","MerchantsRug","Toy Ornithopter","Medical Kit","Blood Vial","War Paint"],"campfire_rested":0,"item_purchase_floors":[0,0,0,0,0,0,0,0,19,19,36,45],"current_hp_per_floor":[50,50,56,58,64,70,73,63,63,64,64,64,64,67,67,42,95,95,95,79,85,72,68,56,56,56,56,56,62,62,68,68,27,95,95,95,94,95,95,95,87,87,87,87,87,95,95,95,95,95,95,95,95,78,0,0],"gold":128,"neow_bonus":"","is_daily":false,"chose_seed":false,"campfire_upgraded":11,"win_rate":0.0,"timestamp":1611285820,"path_taken":["M","?","M","M","M","M","M","E","T","?","R","?","R","M","R","BOSS","M","$","?","M","?","E","M","R","T","R","?","M","R","M","R","BOSS","M","$","M","M","?","R","M","R","T","R","$","E","?","$","R","BOSS","R","$","E","BOSS"],"items_purchased_type":["Relic","Relic","Potion","Relic","Relic","Relic","Card","Relic","Relic","Relic","Relic","Relic"],"build_version":"2020-12-22","purchased_purges":1,"victory":false,"max_hp_per_floor":[95,95,95,95,95,95,95,95,95,95,95,95,95,95,95,95,95,95,95,95,95,95,95,95,95,95,95,95,95,95,95,95,95,95,95,95,95,95,95,95,95,95,95,95,95,95,95,95,95,95,95,95,95,95,95,95],"card_choices":[{"not_picked":["Clothesline","Wild Strike"],"picked":"Body Slam","floor":1.0},{"not_picked":["Whirlwind","Armaments","Dark Embrace"],"picked":"SKIP","floor":3.0},{"not_picked":["Sword Boomerang","Dark Embrace","Ghostly Armor"],"picked":"SKIP","floor":4.0},{"not_picked":["Second Wind","Twin Strike"],"picked":"Battle Trance","floor":5.0},{"not_picked":["Bloodletting","Feel No Pain"],"picked":"Inflame","floor":6.0},{"not_picked":["Body Slam","Clothesline","Clash"],"picked":"SKIP","floor":7.0},{"not_picked":["Rupture","Pummel"],"picked":"Double Tap","floor":8.0},{"not_picked":["Twin Strike","Clothesline","Iron Wave"],"picked":"SKIP","floor":10.0},{"not_picked":["Twin Strike","Body Slam"],"picked":"Shrug It Off","floor":14.0},{"not_picked":["Exhume","Offering"],"picked":"Juggernaut","floor":16.0},{"not_picked":["Searing Blow","Cleave","Evolve"],"picked":"SKIP","floor":18.0},{"not_picked":["Clothesline","Heavy Blade"],"picked":"Uppercut+1","floor":21.0},{"not_picked":["Reaper","Anger","Shrug It Off"],"picked":"SKIP","floor":23.0},{"not_picked":["Clash+1","Sentinel+1","Havoc+1"],"picked":"SKIP","floor":24.0},{"not_picked":["Flex","Sword Boomerang","Power Through"],"picked":"SKIP","floor":29.0},{"not_picked":["Blood for Blood","Uppercut","Twin Strike"],"picked":"SKIP","floor":31.0},{"not_picked":["Reaper","Double Tap"],"picked":"Barricade","floor":33.0},{"not_picked":["Havoc","Body Slam+1","Sword Boomerang+1"],"picked":"SKIP","floor":35.0},{"not_picked":["Dual Wield","Rampage+1","Shrug It Off+1"],"picked":"SKIP","floor":37.0},{"not_picked":["Power Through","Perfected Strike+1"],"picked":"Entrench+1","floor":38.0},{"not_picked":["Thinking Ahead","Blind"],"picked":"Impatience","floor":39.0},{"not_picked":["Fire Breathing","Clash+1","Burning Pact"],"picked":"SKIP","floor":41.0},{"not_picked":["Anger","Clash+1"],"picked":"Dropkick+1","floor":46.0},{"not_picked":["Sword Boomerang+1","Wild Strike","Perfected Strike"],"picked":"SKIP","floor":54.0}],"player_experience":1394106,"relics_obtained":[{"floor":8.0,"key":"CaptainsWheel"},{"floor":9.0,"key":"PreservedInsect"},{"floor":20.0,"key":"Nilry\u0027s Codex"},{"floor":22.0,"key":"Red Mask"},{"floor":23.0,"key":"Bag of Marbles"},{"floor":43.0,"key":"Letter Opener"},{"floor":46.0,"key":"Art of War"},{"floor":54.0,"key":"White Beast Statue"}],"event_choices":[{"damage_healed":0.0,"max_hp_gain":0.0,"max_hp_loss":0.0,"gold_gain":0.0,"event_name":"NoteForYourself","player_choice":"Ignored","floor":2.0,"gold_loss":0.0,"damage_taken":0.0},{"damage_healed":0.0,"max_hp_gain":0.0,"max_hp_loss":0.0,"gold_gain":0.0,"event_name":"Living Wall","player_choice":"Grow","floor":12.0,"gold_loss":0.0,"damage_taken":0.0,"cards_upgraded":["Bash"]},{"damage_healed":0.0,"max_hp_gain":0.0,"max_hp_loss":0.0,"gold_gain":0.0,"event_name":"Cursed Tome","player_choice":"Obtained Book","floor":20.0,"gold_loss":0.0,"damage_taken":16.0},{"damage_healed":0.0,"max_hp_gain":0.0,"max_hp_loss":0.0,"gold_gain":0.0,"event_name":"Masked Bandits","player_choice":"Fought Bandits","floor":22.0,"gold_loss":0.0,"damage_taken":0.0},{"damage_healed":0.0,"max_hp_gain":0.0,"max_hp_loss":0.0,"gold_gain":0.0,"event_name":"Addict","player_choice":"Obtained Relic","floor":28.0,"gold_loss":85.0,"damage_taken":0.0,"relics_obtained":["Darkstone Periapt"]},{"damage_healed":0.0,"max_hp_gain":0.0,"max_hp_loss":0.0,"gold_gain":0.0,"event_name":"SensoryStone","player_choice":"Memory 1","floor":39.0,"gold_loss":0.0,"damage_taken":0.0},{"damage_healed":0.0,"max_hp_gain":0.0,"max_hp_loss":0.0,"gold_gain":0.0,"event_name":"Mysterious Sphere","player_choice":"Ignored","floor":47.0,"gold_loss":0.0,"damage_taken":0.0}],"is_beta":false,"boss_relics":[{"not_picked":["Runic Pyramid","Fusion Hammer"],"picked":"Coffee Dripper"},{"not_picked":["Runic Dome","Black Blood"],"picked":"Mark of Pain"}],"items_purged_floors":[0],"is_endless":false,"potions_floor_spawned":[3,4,7,16,18,24,33,35,38],"killed_by":"The Heart","ascension_level":0}}