{"host":"v67gr4iepfhi0qby","time":1611341753,"event":{"mods":["BaseMod","Jorbs\u0027s Wanderer Trilogy","Minty Spire (QoL Compilation)","StSLib"],"gold_per_floor":[110,129,129,142,68,100,100,100,100,129,144,144,158,171,171,275,275,293,293,124,124,153,153,171,171,171,181,181,196,196,196,196,297,297,316,105,105,125,144,156,167,167,167,217,249,23,41,58,58,58,58],"floor_reached":50,"language":"ENG","playtime":2794,"items_purged":["stsjorbsmod:Strike_Wanderer"],"score":499,"play_id":"8a30ceab-66dc-4583-8cea-60c9658d6feb","local_time":"20210122115553","is_ascension_mode":false,"campfire_choices":[{"data":"stsjorbsmod:SmithingStrike","floor":8,"key":"SMITH"},{"floor":12,"key":"REST"},{"floor":15,"key":"REST"},{"data":"stsjorbsmod:Banish","floor":23,"key":"SMITH"},{"data":"stsjorbsmod:TinyHut","floor":28,"key":"SMITH"},{"data":"stsjorbsmod:MagicMirror","floor":30,"key":"SMITH"},{"data":"stsjorbsmod:Thorns","floor":32,"key":"SMITH"},{"floor":42,"key":"REST"},{"floor":49,"key":"REST"}],"circlet_count":0,"master_deck":["stsjorbsmod:ForbiddenGrimoire+1","stsjorbsmod:Strike_Wanderer","stsjorbsmod:Strike_Wanderer+1","stsjorbsmod:Strike_Wanderer","stsjorbsmod:Defend_Wanderer","stsjorbsmod:Defend_Wanderer","stsjorbsmod:Defend_Wanderer","stsjorbsmod:Defend_Wanderer+1","stsjorbsmod:FreshAdventure","stsjorbsmod:EyeOfTheStorm","stsjorbsmod:WanderingMind","stsjorbsmod:SmithingStrike+1","stsjorbsmod:Thorns+1","stsjorbsmod:MagicMirror+1","stsjorbsmod:SmithingStrike+1","stsjorbsmod:DeathThroes+1","stsjorbsmod:SmithingStrike+1","stsjorbsmod:WeightOfMemory+1","stsjorbsmod:BlackTentacles+1","stsjorbsmod:Banish+1","stsjorbsmod:Hurt+1","stsjorbsmod:WeightOfMemory+1","stsjorbsmod:ChainLightning+1","stsjorbsmod:ChainLightning+1","stsjorbsmod:TinyHut+1","stsjorbsmod:ColorSpray+1","stsjorbsmod:Fireball+1","stsjorbsmod:TrueStrike+1","stsjorbsmod:GatherPower","stsjorbsmod:TrueStrike+1","stsjorbsmod:WeightOfMemory+1","stsjorbsmod:Patron+1","stsjorbsmod:ColorSpray+1","stsjorbsmod:LoseGrip+1"],"relics":["stsjorbsmod:GrimoireRelic","NeowsBlessing","Molten Egg 2","stsjorbsmod:BottledMemoryRelic","Sundial","Odd Mushroom","Velvet Choker","Pen Nib","Red Mask","MutagenicStrength","Nunchaku","Fusion Hammer","Bird Faced Urn","Pocketwatch","CaptainsWheel"],"acts_visited":["Exordium","TheCity","TheBeyond"],"potions_floor_usage":[50],"damage_taken":[{"damage":0,"enemies":"2 Louse","floor":1,"turns":1},{"damage":0,"enemies":"Jaw Worm","floor":2,"turns":1},{"damage":0,"enemies":"Small Slimes","floor":4,"turns":1},{"damage":33,"enemies":"3 Sentries","floor":6,"turns":8},{"damage":13,"enemies":"The Mushroom Lair","floor":10,"turns":3},{"damage":5,"enemies":"Looter","floor":11,"turns":2},{"damage":12,"enemies":"Blue Slaver","floor":13,"turns":4},{"damage":0,"enemies":"3 Louse","floor":14,"turns":1},{"damage":23,"enemies":"Slime Boss","floor":16,"turns":6},{"damage":10,"enemies":"Spheric Guardian","floor":18,"turns":3},{"damage":1,"enemies":"Masked Bandits","floor":22,"turns":2},{"damage":5,"enemies":"Shell Parasite","floor":24,"turns":3},{"damage":0,"enemies":"Shelled Parasite and Fungi","floor":27,"turns":3},{"damage":2,"enemies":"Cultist and Chosen","floor":29,"turns":3},{"damage":26,"enemies":"Champ","floor":33,"turns":9},{"damage":11,"enemies":"Orb Walker","floor":35,"turns":2},{"damage":1,"enemies":"3 Darklings","floor":38,"turns":2},{"damage":2,"enemies":"Jaw Worm Horde","floor":39,"turns":2},{"damage":3,"enemies":"Maw","floor":40,"turns":7},{"damage":13,"enemies":"Spire Growth","floor":41,"turns":3},{"damage":19,"enemies":"Mind Bloom Boss Battle","floor":44,"turns":4},{"damage":10,"enemies":"Giant Head","floor":45,"turns":7},{"damage":4,"enemies":"3 Darklings","floor":47,"turns":2},{"damage":12,"enemies":"Writhing Mass","floor":48,"turns":3},{"damage":79,"enemies":"Awakened One","floor":50,"turns":7}],"seed_played":"6574269631660326505","potions_obtained":[{"floor":6,"key":"PowerPotion"},{"floor":10,"key":"PowerPotion"},{"floor":11,"key":"LiquidMemories"},{"floor":44,"key":"DuplicationPotion"}],"is_trial":false,"path_per_floor":["M","M","?","M","$","E","T","R","T","?","M","R","M","M","R","B",null,"M","?","$","?","?","R","M","?","T","M","R","M","R","$","R","B",null,"M","$","?","M","M","M","M","R","T","?","E","$","M","M","R","B"],"character_chosen":"WANDERER","items_purchased":["stsjorbsmod:MagicMirror","stsjorbsmod:WeightOfMemory+1","Pen Nib","stsjorbsmod:GatherPower","stsjorbsmod:TrueStrike+1","stsjorbsmod:Patron+1","stsjorbsmod:ColorSpray+1"],"campfire_rested":4,"item_purchase_floors":[5,20,20,36,36,46,46],"current_hp_per_floor":[70,70,75,75,75,42,42,42,42,30,25,47,37,38,60,39,75,66,66,66,66,66,66,62,62,62,67,67,67,67,67,67,41,77,69,69,69,69,69,68,56,77,77,60,57,57,58,51,74,0,0],"gold":58,"neow_bonus":"THREE_ENEMY_KILL","is_daily":false,"chose_seed":false,"campfire_upgraded":5,"win_rate":0.0,"timestamp":1611341753,"path_taken":["M","M","?","M","$","E","?","R","T","?","M","R","M","M","R","BOSS","M","?","$","?","?","R","M","?","T","?","R","M","R","$","R","BOSS","M","?","?","M","M","M","M","R","T","?","E","$","M","M","R","BOSS"],"items_purchased_type":["Card","Card","Relic","Card","Card","Card","Card"],"build_version":"2020-12-22","purchased_purges":1,"victory":false,"max_hp_per_floor":[70,70,75,75,75,75,75,75,75,75,75,75,75,75,75,75,75,75,75,75,75,75,75,75,75,75,77,77,77,77,77,77,77,77,77,77,77,77,77,77,77,77,77,77,77,77,77,77,77,77,77],"card_choices":[{"not_picked":["stsjorbsmod:DoubleCheck","stsjorbsmod:UnseenServant"],"picked":"stsjorbsmod:WanderingMind","floor":1},{"not_picked":["stsjorbsmod:WeightOfMemory","stsjorbsmod:Rest"],"picked":"stsjorbsmod:SmithingStrike","floor":2},{"not_picked":["stsjorbsmod:Prepare","stsjorbsmod:ParryingBlow"],"picked":"stsjorbsmod:Thorns","floor":4},{"not_picked":["stsjorbsmod:Introspection","stsjorbsmod:TinyHut"],"picked":"stsjorbsmod:SmithingStrike+1","floor":6},{"not_picked":["stsjorbsmod:TollTheDead+1","stsjorbsmod:AnimateObjects"],"picked":"stsjorbsmod:DeathThroes+1","floor":10},{"not_picked":["stsjorbsmod:Will","stsjorbsmod:TollTheDead+1"],"picked":"stsjorbsmod:SmithingStrike+1","floor":11},{"not_picked":["stsjorbsmod:DisguiseSelf","stsjorbsmod:Prepare"],"picked":"stsjorbsmod:WeightOfMemory+1","floor":13},{"not_picked":["stsjorbsmod:Prestidigitation","stsjorbsmod:Stalwart"],"picked":"stsjorbsmod:BlackTentacles+1","floor":14},{"not_picked":["stsjorbsmod:MirrorImage","stsjorbsmod:CorrodingBarrier"],"picked":"stsjorbsmod:Banish","floor":16},{"not_picked":["stsjorbsmod:WanderingMind+1","stsjorbsmod:Will"],"picked":"stsjorbsmod:Hurt+1","floor":18},{"not_picked":["stsjorbsmod:Hurt+1","stsjorbsmod:Rest"],"picked":"stsjorbsmod:ChainLightning+1","floor":22},{"not_picked":["stsjorbsmod:BurningFlask+1","stsjorbsmod:MagicMirror"],"picked":"stsjorbsmod:TinyHut","floor":24},{"not_picked":["stsjorbsmod:Mindworm+1","stsjorbsmod:Pyromancy"],"picked":"stsjorbsmod:ColorSpray+1","floor":27},{"not_picked":["stsjorbsmod:FranticSearch","stsjorbsmod:Thorns+1","stsjorbsmod:RayOfFrost+1"],"picked":"SKIP","floor":29},{"not_picked":["stsjorbsmod:CorrodingBarrier","stsjorbsmod:PurgeMind+1"],"picked":"stsjorbsmod:Fireball+1","floor":33},{"not_picked":["stsjorbsmod:DoubleCheck","stsjorbsmod:ChainLightning+1"],"picked":"stsjorbsmod:TrueStrike+1","floor":35},{"not_picked":["stsjorbsmod:Hurt+1","stsjorbsmod:Will+1","stsjorbsmod:UnseenServant"],"picked":"SKIP","floor":38},{"not_picked":["stsjorbsmod:ChatteringStrike+1","stsjorbsmod:UnseenServant"],"picked":"stsjorbsmod:WeightOfMemory+1","floor":39},{"not_picked":["stsjorbsmod:Will+1","stsjorbsmod:ChatteringStrike+1","stsjorbsmod:Hibernate"],"picked":"SKIP","floor":40},{"not_picked":["stsjorbsmod:SchoolsOfMagic+1","stsjorbsmod:Rediscovery","stsjorbsmod:WanderingMind"],"picked":"SKIP","floor":41},{"not_picked":["stsjorbsmod:DisguiseSelf","stsjorbsmod:ChatteringStrike+1","stsjorbsmod:HedgeWizard"],"picked":"SKIP","floor":45},{"not_picked":["stsjorbsmod:RayOfFrost+1","stsjorbsmod:Firebolt+1"],"picked":"stsjorbsmod:LoseGrip+1","floor":47},{"not_picked":["stsjorbsmod:ColorSpray+1","stsjorbsmod:ArcaneWeapon","stsjorbsmod:UnseenServant"],"picked":"SKIP","floor":48}],"player_experience":0,"relics_obtained":[{"floor":6,"key":"Molten Egg 2"},{"floor":7,"key":"stsjorbsmod:BottledMemoryRelic"},{"floor":9,"key":"Sundial"},{"floor":10,"key":"Odd Mushroom"},{"floor":22,"key":"Red Mask"},{"floor":26,"key":"Nunchaku"},{"floor":43,"key":"Bird Faced Urn"},{"floor":44,"key":"Pocketwatch"},{"floor":45,"key":"CaptainsWheel"}],"event_choices":[{"damage_healed":0,"gold_gain":0,"player_choice":"Donut","damage_taken":0,"max_hp_gain":5,"max_hp_loss":0,"event_name":"Big Fish","floor":3,"gold_loss":0},{"damage_healed":0,"gold_gain":0,"player_choice":"Fought Mushrooms","damage_taken":0,"max_hp_gain":0,"max_hp_loss":0,"event_name":"Mushrooms","floor":10,"gold_loss":0},{"damage_healed":0,"gold_gain":0,"player_choice":"Ignored","damage_taken":0,"max_hp_gain":0,"max_hp_loss":0,"event_name":"The Mausoleum","floor":19,"gold_loss":0},{"damage_healed":0,"gold_gain":0,"player_choice":"Read","damage_taken":0,"max_hp_gain":0,"max_hp_loss":0,"event_name":"The Library","floor":21,"gold_loss":0,"cards_obtained":["stsjorbsmod:ChainLightning"]},{"damage_healed":0,"gold_gain":0,"player_choice":"Fought Bandits","damage_taken":0,"max_hp_gain":0,"max_hp_loss":0,"event_name":"Masked Bandits","floor":22,"gold_loss":0},{"damage_healed":0,"gold_gain":0,"player_choice":"Inject Mutagens","damage_taken":0,"relics_obtained":["MutagenicStrength"],"max_hp_gain":0,"max_hp_loss":0,"event_name":"Drug Dealer","floor":25,"gold_loss":0},{"damage_healed":0,"gold_gain":0,"player_choice":"Ignored","damage_taken":0,"max_hp_gain":0,"max_hp_loss":0,"event_name":"Mysterious Sphere","floor":37,"gold_loss":0},{"damage_healed":0,"gold_gain":0,"player_choice":"Fight","damage_taken":0,"max_hp_gain":0,"max_hp_loss":0,"event_name":"MindBloom","floor":44,"gold_loss":0}],"is_beta":false,"boss_relics":[{"not_picked":["Runic Dome","Tiny House"],"picked":"Velvet Choker"},{"not_picked":["Runic Pyramid","Philosopher\u0027s Stone"],"picked":"Fusion Hammer"}],"items_purged_floors":[46],"is_endless":false,"potions_floor_spawned":[6,10,11,13,16,27,40,44,48],"killed_by":"Awakened One","ascension_level":0}}