{"host":"yfdtuf6ojcxn06xg","time":1611292776,"event":{"mods":["2.2 Compatiblity","AchievementEnabler","BaseMod","Colored Map","Colored Powertips","Curses Come First","Hermit","JesterMod","Jorbs\u0027s Wanderer Trilogy","Minty Spire (QoL Compilation)","Quick Restart","Rare Cards Sparkle","Relic Stats","Replay The Spire","StSLib","The Cursed","The Disciple","The Hierophant","The Jungle","The Marked","The Necromancer","The Servant 0.9.4"],"gold_per_floor":[111,123,138,138,118,147,147,167,167,47,63,77,92,8,8,112,112,125,125,125,125,141,168,168,200,225,225,225,225],"floor_reached":28,"language":"ENG","playtime":1200,"items_purged":["Strike_G"],"score":310,"play_id":"7854bd4c-588e-480d-8b13-f73c8f4fab0b","local_time":"20210122001936","is_ascension_mode":true,"campfire_choices":[{"floor":7,"key":"REST"},{"floor":15,"key":"REST"},{"data":"Infinite Blades","floor":24,"key":"SMITH"}],"circlet_count":0,"master_deck":["Strike_G","Strike_G","Strike_G","Strike_G","Defend_G","Defend_G","Defend_G","Defend_G","Defend_G","Neutralize","Caltrops","Cloak And Dagger","m_Survivalism","Finisher","Prepared","Slice","Fluid Movement","Cloak And Dagger","Finesse","Die Die Die","Doubt","Necronomicurse","Infinite Blades+1"],"relics":["Ring of the Snake","Oddly Smooth Stone","Happy Flower","Letter Opener","Busted Crown","ReplayTheSpireMod:Ring of Challenge","ReplayTheSpireMod:Ring of Addiction","Toy Ornithopter","Chameleon Ring","Necronomicon","Pear","Replay:Towering Pillar of Hats","Calipers","Bag of Preparation"],"acts_visited":["Exordium","TheCity"],"potions_floor_usage":[6,6,8,13,16,22,23,23],"damage_taken":[{"damage":0,"enemies":"Cultist","floor":1,"turns":3},{"damage":0,"enemies":"2 Louse","floor":2,"turns":2},{"damage":1,"enemies":"Small Slimes","floor":3,"turns":4},{"damage":42,"enemies":"Lagavulin","floor":6,"turns":11},{"damage":0,"enemies":"3 Louse","floor":8,"turns":2},{"damage":0,"enemies":"Large Slime","floor":11,"turns":7},{"damage":2,"enemies":"Blue Slaver","floor":12,"turns":3},{"damage":2,"enemies":"3 Louse","floor":13,"turns":2},{"damage":26,"enemies":"Hexaghost","floor":16,"turns":12},{"damage":0,"enemies":"2 Thieves","floor":18,"turns":4},{"damage":8,"enemies":"Spheric Guardian","floor":22,"turns":4},{"damage":19,"enemies":"Replay:Snechameleon","floor":23,"turns":7},{"damage":31,"enemies":"Slavers","floor":25,"turns":8},{"damage":10,"enemies":"Gremlin Leader","floor":28,"turns":1}],"seed_played":"5685221271458555053","potions_obtained":[{"floor":1,"key":"Languid Potion"},{"floor":3,"key":"Explosive Potion"},{"floor":5,"key":"SpeedPotion"},{"floor":11,"key":"Adrenaline Potion"},{"floor":12,"key":"Energy Potion"},{"floor":19,"key":"Reflective Coating"},{"floor":19,"key":"Block Potion"},{"floor":19,"key":"Poison Potion"},{"floor":23,"key":"Energy Potion"}],"is_trial":false,"path_per_floor":["M","M","M","?","?","E","R","M","T","$","M","M","M","$","R","B",null,"M","?","?","T","M","E","R","E","T","?","E"],"character_chosen":"THE_SILENT","items_purchased":["Slice","Finesse"],"campfire_rested":2,"item_purchase_floors":[10,14],"current_hp_per_floor":[70,70,69,69,69,27,48,48,48,48,48,46,44,44,65,39,70,70,70,54,64,61,52,52,21,21,6,0,0],"gold":225,"neow_bonus":"RANDOM_COMMON_RELIC","is_daily":false,"chose_seed":false,"campfire_upgraded":1,"win_rate":0.0,"timestamp":1611292776,"path_taken":["M","?","M","?","?","E","R","M","T","$","M","M","?","$","R","BOSS","M","?","?","?","M","E","R","E","T","?","E"],"items_purchased_type":["Card","Card"],"build_version":"2020-12-22","purchased_purges":1,"victory":false,"max_hp_per_floor":[70,70,70,70,70,70,70,70,70,70,70,70,70,70,70,70,70,70,70,70,80,80,80,80,80,80,83,83,83],"relic_stats":{"Busted Crown":10,"Happy Flower":[16],"counters":[14,70],"Necronomicon":[1],"Bag of Preparation":[2],"Letter Opener":[87],"obtain_stats":[{"Pear":21,"Calipers":25,"Happy Flower":6,"Replay:Towering Pillar of Hats":23,"ReplayTheSpireMod:Ring of Addiction":19,"Oddly Smooth Stone":0,"Bag of Preparation":26,"Letter Opener":9,"Busted Crown":17,"Chameleon Ring":19,"Necronomicon":20,"ReplayTheSpireMod:Ring of Challenge":19,"Toy Ornithopter":19,"Ring of the Snake":0},{"Pear":10,"Calipers":13,"Happy Flower":4,"Replay:Towering Pillar of Hats":12,"ReplayTheSpireMod:Ring of Addiction":10,"Oddly Smooth Stone":0,"Bag of Preparation":13,"Letter Opener":5,"Busted Crown":9,"Chameleon Ring":10,"Necronomicon":10,"ReplayTheSpireMod:Ring of Challenge":10,"Toy Ornithopter":10,"Ring of the Snake":0},{"Pear":50,"Calipers":69,"Happy Flower":20,"Replay:Towering Pillar of Hats":61,"ReplayTheSpireMod:Ring of Addiction":50,"Oddly Smooth Stone":0,"Bag of Preparation":69,"Letter Opener":22,"Busted Crown":46,"Chameleon Ring":50,"Necronomicon":50,"ReplayTheSpireMod:Ring of Challenge":50,"Toy Ornithopter":50,"Ring of the Snake":0}],"Toy Ornithopter":15,"Ring of the Snake":[28]},"card_choices":[{"not_picked":["Predator","Quick Slash"],"picked":"Caltrops","floor":1},{"not_picked":["Skewer","Bane","Dagger Throw"],"picked":"SKIP","floor":2},{"not_picked":["Outmaneuver","Escape Plan"],"picked":"Cloak And Dagger","floor":3},{"not_picked":["Predator","Expertise"],"picked":"Finisher","floor":6},{"not_picked":["Finisher","Expertise"],"picked":"Prepared","floor":8},{"not_picked":["Prepared","Leg Sweep","Riddle With Holes"],"picked":"SKIP","floor":11},{"not_picked":["Endless Agony","Quick Slash"],"picked":"Fluid Movement","floor":12},{"not_picked":["Storm of Steel","Slice"],"picked":"Cloak And Dagger","floor":13},{"not_picked":["Atom Bomb","Glass Knife"],"picked":"Die Die Die","floor":16},{"not_picked":["Noxious Fumes"],"picked":"SKIP","floor":18},{"not_picked":[],"picked":"Infinite Blades","floor":22},{"not_picked":["Deadly Poison"],"picked":"SKIP","floor":23},{"not_picked":["Predator"],"picked":"SKIP","floor":25}],"player_experience":217235,"relics_obtained":[{"floor":6,"key":"Happy Flower"},{"floor":9,"key":"Letter Opener"},{"floor":19,"key":"ReplayTheSpireMod:Ring of Challenge"},{"floor":19,"key":"ReplayTheSpireMod:Ring of Addiction"},{"floor":19,"key":"Toy Ornithopter"},{"floor":19,"key":"Chameleon Ring"},{"floor":20,"key":"Necronomicon"},{"floor":21,"key":"Pear"},{"floor":23,"key":"Replay:Towering Pillar of Hats"},{"floor":25,"key":"Calipers"},{"floor":26,"key":"Bag of Preparation"}],"event_choices":[{"damage_healed":0,"gold_gain":0,"player_choice":"Bought 1 Potion","damage_taken":0,"max_hp_gain":0,"max_hp_loss":0,"event_name":"The Woman in Blue","floor":5,"gold_loss":0},{"damage_healed":0,"gold_gain":0,"player_choice":"Obtained Book","damage_taken":16,"max_hp_gain":0,"max_hp_loss":0,"event_name":"Cursed Tome","floor":20,"gold_loss":0},{"damage_healed":0,"gold_gain":0,"player_choice":"Shed Blood","damage_taken":20,"max_hp_gain":5,"max_hp_loss":0,"event_name":"Forgotten Altar","floor":27,"gold_loss":0}],"is_beta":false,"boss_relics":[{"not_picked":["ReplayTheSpireMod:DimensionalGlitch","Replay:Ancient Bell"],"picked":"Busted Crown"}],"items_purged_floors":[10],"is_endless":false,"potions_floor_spawned":[1,3,11,12,23],"killed_by":"Gremlin Leader","ascension_level":4}}