{"host":"5ty8fyb0ngp9gspj","time":1611298176,"event":{"mods":["2.2 Compatiblity","AchievementEnabler","Act Like it!","BaseMod","Colored Map","Downfall","Minty Spire (QoL Compilation)","Rare Cards Sparkle","Relic Stats","StSLib","The Jungle","slay the spire mod where everything is the same but ironclad has a cowboy hat"],"gold_per_floor":[99,118,118,131,145,55,102,102,127,138,170,4,4,4,18,121,121,21,36,56,56,68,78,78,108,121,21,6,34,34,46,62,62,62,62],"floor_reached":33,"language":"ENG","playtime":2414,"items_purged":["bronze:Strike"],"score":356,"play_id":"739ce9ec-6555-4b8d-9611-05667e0c62d6","local_time":"20210122174936","is_ascension_mode":true,"campfire_choices":[{"floor":1,"key":"REST"},{"data":"bronze:Goto","floor":13,"key":"SMITH"},{"data":"bronze:Mutator","floor":18,"key":"SMITH"},{"floor":27,"key":"RECALL"},{"floor":30,"key":"REST"}],"circlet_count":0,"master_deck":["bronze:Replicate+1","bronze:Goto+1","bronze:DarkDash+1","bronze:Separator","bronze:Branch","bronze:ChosenStrike","bronze:Branch+1","bronze:DelayedSlice","bronze:Mutator+1","bronze:Iterate","bronze:Format","bronze:Shield+1","bronze:BronzeArmor","bronze:ClassDefault+1","bronze:Allocate","bronze:BronzeOrb+1","bronze:BuggyMess","bronze:Branch+1","bronze:OilSpill","bronze:ForLoop+1","bronze:Shield","bronze:WildBeam+1","bronze:CutThrough+1","bronze:MaxOutput+1","bronze:Deprecate","bronze:Fortify","bronze:Turbo+1","bronze:BuggyMess"],"relics":["bronze:BronzeCore","CaptainsWheel","bronze:ProtectiveGoggles","Orichalcum","StrikeDummy","champ:Barbells","bronze:BottledCode","Pandora\u0027s Box","downfall:HeartBlessingGreen","Bird Faced Urn","downfall:HeartBlessingBlue","Whetstone"],"acts_visited":["Exordium","TheCity"],"potions_floor_usage":[12,16,23,29,29,33,33],"damage_taken":[{"damage":0,"enemies":"Small Slimes","floor":2,"turns":4},{"damage":0,"enemies":"Cultist","floor":4,"turns":3},{"damage":0,"enemies":"2 Louse","floor":5,"turns":1},{"damage":0,"enemies":"downfall:FleeingMerchant","floor":6,"turns":4},{"damage":4,"enemies":"3 Sentries","floor":9,"turns":5},{"damage":3,"enemies":"Blue Slaver","floor":10,"turns":3},{"damage":6,"enemies":"Gremlin Nob","floor":11,"turns":5},{"damage":0,"enemies":"downfall:FleeingMerchant","floor":12,"turns":4},{"damage":0,"enemies":"Exordium Thugs","floor":15,"turns":3},{"damage":25,"enemies":"DF_ARCHETYPE_STREAMLINE","floor":16,"turns":9},{"damage":7,"enemies":"Shell Parasite","floor":19,"turns":4},{"damage":0,"enemies":"Chosen","floor":20,"turns":3},{"damage":6,"enemies":"Shelled Parasite and Fungi","floor":22,"turns":5},{"damage":0,"enemies":"Centurion and Healer","floor":23,"turns":4},{"damage":0,"enemies":"Slavers","floor":25,"turns":4},{"damage":2,"enemies":"Cultist and Chosen","floor":26,"turns":4},{"damage":0,"enemies":"downfall:FleeingMerchant","floor":28,"turns":4},{"damage":14,"enemies":"Gremlin Leader","floor":29,"turns":3},{"damage":0,"enemies":"3 Cultists","floor":31,"turns":4},{"damage":0,"enemies":"Sentry and Sphere","floor":32,"turns":4},{"damage":72,"enemies":"IC_MUSHROOM_ARCHETYPE","floor":33,"turns":8}],"seed_played":"-1887678649489340343","potions_obtained":[{"floor":2,"key":"SkillPotion"},{"floor":5,"key":"Energy Potion"},{"floor":9,"key":"DistilledChaos"},{"floor":19,"key":"bronze:BurnAndBuffPotion"},{"floor":23,"key":"Swift Potion"},{"floor":25,"key":"bronze:BurnAndBuffPotion"},{"floor":29,"key":"DuplicationPotion"}],"is_trial":false,"path_per_floor":["R","M","?","M","M","$","T","?","E","M","E","$","R","?","M","B",null,"R","M","M","?","M","M","T","E","M","R","$","E","R","M","M","B"],"character_chosen":"THE_AUTOMATON","items_purchased":["champ:Barbells"],"campfire_rested":2,"item_purchase_floors":[12],"current_hp_per_floor":[70,70,70,70,70,70,70,70,66,63,57,57,57,57,57,32,60,60,53,53,53,47,47,47,47,45,55,59,47,68,70,70,0,0,0],"gold":62,"neow_bonus":"ONE_RARE_RELIC","is_daily":false,"chose_seed":false,"campfire_upgraded":2,"win_rate":0.0,"timestamp":1611298176,"path_taken":["R","M","?","M","M","?","T","?","E","M","E","$","R","?","M","BOSS","R","M","M","?","M","M","T","E","M","R","?","E","R","M","M","BOSS"],"items_purchased_type":["Relic"],"build_version":"2020-12-22","purchased_purges":1,"victory":false,"max_hp_per_floor":[70,70,70,70,70,70,70,70,70,70,70,70,70,60,60,60,60,60,60,60,60,60,60,60,60,60,70,70,70,70,70,70,70,70,70],"relic_stats":{"counters":[21,88],"Bird Faced Urn":[10],"Pandora\u0027s Box":["bronze:Shield","bronze:BronzeArmor","bronze:ClassDefault","bronze:Allocate","bronze:BronzeOrb","bronze:BuggyMess","bronze:Branch"],"Whetstone":["bronze:Branch","bronze:Branch"],"Orichalcum":[78],"obtain_stats":[{"bronze:BottledCode":14,"champ:Barbells":12,"CaptainsWheel":0,"bronze:BronzeCore":0,"bronze:ProtectiveGoggles":7,"downfall:HeartBlessingBlue":27,"Bird Faced Urn":25,"Pandora\u0027s Box":17,"downfall:HeartBlessingGreen":18,"Whetstone":29,"Orichalcum":9,"StrikeDummy":11},{"bronze:BottledCode":8,"champ:Barbells":8,"CaptainsWheel":0,"bronze:BronzeCore":0,"bronze:ProtectiveGoggles":4,"downfall:HeartBlessingBlue":16,"Bird Faced Urn":15,"Pandora\u0027s Box":10,"downfall:HeartBlessingGreen":10,"Whetstone":18,"Orichalcum":5,"StrikeDummy":7},{"bronze:BottledCode":29,"champ:Barbells":29,"CaptainsWheel":0,"bronze:BronzeCore":0,"bronze:ProtectiveGoggles":12,"downfall:HeartBlessingBlue":65,"Bird Faced Urn":61,"Pandora\u0027s Box":41,"downfall:HeartBlessingGreen":41,"Whetstone":72,"Orichalcum":17,"StrikeDummy":25}]},"card_choices":[{"not_picked":["bronze:DelayedGuard","bronze:Backtrace"],"picked":"bronze:DarkDash","floor":2},{"not_picked":["bronze:Turbo","bronze:Shield"],"picked":"bronze:Separator","floor":4},{"not_picked":["bronze:Overheat","bronze:Separator"],"picked":"bronze:Branch","floor":5},{"not_picked":["bronze:ChildClass","bronze:BugBarrage"],"picked":"bronze:ChosenStrike","floor":6},{"not_picked":["bronze:Invalidate","bronze:Backtrace"],"picked":"bronze:Branch","floor":9},{"not_picked":["bronze:CleanCode","bronze:BugBarrage","bronze:BronzeOrb"],"picked":"SKIP","floor":10},{"not_picked":["bronze:BronzeOrb","bronze:GetLatest"],"picked":"bronze:DelayedSlice","floor":11},{"not_picked":["bronze:DelayedSlice","bronze:Turbo"],"picked":"bronze:Mutator","floor":12},{"not_picked":["bronze:FineTuning","bronze:Fortify"],"picked":"bronze:Iterate","floor":15},{"not_picked":["bronze:Assembly","bronze:Verify"],"picked":"bronze:Format","floor":16},{"not_picked":["bronze:WildBeam","bronze:Repulsor"],"picked":"bronze:OilSpill","floor":19},{"not_picked":["bronze:Flail","bronze:Shell"],"picked":"bronze:ForLoop+1","floor":20},{"not_picked":["bronze:FineTuning","bronze:BuggyMess+1"],"picked":"bronze:Shield","floor":22},{"not_picked":["bronze:Frontload","bronze:Shield"],"picked":"bronze:WildBeam+1","floor":23},{"not_picked":["bronze:FollowUp","bronze:WhirlingStrike"],"picked":"bronze:CutThrough+1","floor":25},{"not_picked":["bronze:BronzeArmor","bronze:Separator"],"picked":"bronze:MaxOutput+1","floor":26},{"not_picked":["bronze:Shield","bronze:OilSpill+1"],"picked":"bronze:Deprecate","floor":28},{"not_picked":["bronze:Invalidate","bronze:GetLatest+1"],"picked":"bronze:Fortify","floor":29},{"not_picked":["bronze:Break","bronze:BuggyMess"],"picked":"bronze:Turbo+1","floor":31},{"not_picked":["bronze:Repulsor","bronze:Fortify"],"picked":"bronze:BuggyMess","floor":32}],"player_experience":415986,"relics_obtained":[{"floor":7,"key":"bronze:ProtectiveGoggles"},{"floor":9,"key":"Orichalcum"},{"floor":11,"key":"StrikeDummy"},{"floor":25,"key":"Bird Faced Urn"},{"floor":29,"key":"Whetstone"}],"event_choices":[{"damage_healed":0,"gold_gain":0,"player_choice":"Fled","damage_taken":0,"max_hp_gain":0,"max_hp_loss":0,"event_name":"Scrap Ooze","floor":8,"gold_loss":0}],"is_beta":false,"boss_relics":[{"not_picked":["SacredBark","Sozu"],"picked":"Pandora\u0027s Box"}],"items_purged_floors":[6],"is_endless":false,"potions_floor_spawned":[2,5,9,11,19,23,25,29],"killed_by":"IC_MUSHROOM_ARCHETYPE","ascension_level":2}}