{"host":"sum4dy402bbv9y4o","time":1611356588,"event":{"mods":["Aspiration","BaseMod","Conspire","Highlight Path","Minty Spire (QoL Compilation)","StSLib"],"gold_per_floor":[116,116,3,3,153,153,179,179,206,239,239,270,280,308,308,384,384,404,417,16,16,66,92,107,156,156,156,166,166,11,23,23,100,100,120,139,14,31,42,70,70,99,148,148,148,63,63,63,63,63,63],"floor_reached":50,"language":"ENG","playtime":1491,"items_purged":["Doubt","Strike_P","Defend_P"],"score":1184,"play_id":"06d812da-59f5-47e9-9ef2-44ce8e79f1ce","local_time":"20210123020308","is_ascension_mode":true,"campfire_choices":[{"data":"Eruption","floor":6,"key":"SMITH"},{"data":"Phantasmal Killer","floor":11,"key":"SMITH"},{"data":"MentalFortress","floor":15,"key":"SMITH"},{"data":"1","floor":27,"key":"LIFT"},{"data":"2","floor":29,"key":"LIFT"},{"data":"3","floor":32,"key":"LIFT"},{"floor":41,"key":"REST"},{"floor":44,"key":"REST"},{"data":"Panache","floor":49,"key":"SMITH"}],"circlet_count":0,"master_deck":["AscendersBane","Eruption+1","Vigilance+1","Wallop+1","Strike_G+1","Predator+1","Phantasmal Killer+1","MentalFortress+1","CutThroughFate+1","CutThroughFate+1","WheelKick+1","FollowUp+1","EmptyBody+1","FlurryOfBlows+1","FollowUp+1","Halt+1","Study+1","WreathOfFlame+1","TalkToTheHand+1","Weave+1","FearNoEvil+1","Scrawl+1","EmptyBody+1","Halt+1","EmptyMind+1","Adaptation+1","Panache+1"],"relics":["PureWater","NeowsBlessing","Molten Egg 2","conspire:DecoderRing","Dream Catcher","Nunchaku","Shuriken","Happy Flower","Toxic Egg 2","Girya","War Paint","Bottled Tornado","Empty Cage","Blue Candle","Blood Vial","Juzu Bracelet","Mark of the Bloom"],"acts_visited":["Exordium","TheCity","TheBeyond"],"potions_floor_usage":[12,16,23,23,33,33,42,50,50],"damage_taken":[{"damage":0,"enemies":"Jaw Worm","floor":1,"turns":1},{"damage":0,"enemies":"Lagavulin","floor":7,"turns":1},{"damage":0,"enemies":"Gremlin Nob","floor":10,"turns":1},{"damage":20,"enemies":"Lagavulin","floor":12,"turns":3},{"damage":1,"enemies":"Cultist","floor":13,"turns":3},{"damage":8,"enemies":"Gremlin Nob","floor":14,"turns":3},{"damage":10,"enemies":"Hexaghost","floor":16,"turns":7},{"damage":0,"enemies":"Chosen","floor":18,"turns":3},{"damage":0,"enemies":"3 Byrds","floor":19,"turns":2},{"damage":2,"enemies":"Slavers","floor":23,"turns":2},{"damage":18,"enemies":"Cultist and Chosen","floor":24,"turns":4},{"damage":0,"enemies":"Sentry and Sphere","floor":28,"turns":1},{"damage":0,"enemies":"3 Cultists","floor":31,"turns":3},{"damage":9,"enemies":"Champ","floor":33,"turns":6},{"damage":17,"enemies":"3 Shapes","floor":35,"turns":3},{"damage":2,"enemies":"Orb Walker","floor":36,"turns":2},{"damage":0,"enemies":"4 Shapes","floor":38,"turns":2},{"damage":0,"enemies":"Sphere and 2 Shapes","floor":39,"turns":3},{"damage":15,"enemies":"Reptomancer","floor":40,"turns":4},{"damage":9,"enemies":"Nemesis","floor":42,"turns":3},{"damage":66,"enemies":"conspire:OrnateMirror","floor":50,"turns":3}],"seed_played":"-1187835399016193294","potions_obtained":[{"floor":10,"key":"SteroidPotion"},{"floor":13,"key":"SkillPotion"},{"floor":19,"key":"Fire Potion"},{"floor":23,"key":"Strength Potion"},{"floor":38,"key":"Swift Potion"},{"floor":42,"key":"BottledMiracle"}],"is_trial":false,"path_per_floor":["M","?","$","?","?","R","E","?","T","E","R","E","M","E","R","B",null,"M","M","$","?","?","E","M","T","T","R","M","R","$","M","R","B",null,"M","M","$","M","M","E","R","E","T","R","?","$","?","?","R","B"],"character_chosen":"WATCHER","items_purchased":["MentalFortress","CutThroughFate","Toxic Egg 2","BlessingOfTheForge","Weak Potion","LiquidMemories"],"campfire_rested":2,"item_purchase_floors":[3,3,20,20,30,46],"current_hp_per_floor":[61,61,61,61,61,61,61,57,57,57,57,37,36,28,28,18,56,56,56,56,56,56,54,36,36,36,36,36,36,36,36,36,27,58,41,39,39,39,39,24,44,35,35,55,55,55,55,55,55,0,0],"gold":63,"neow_bonus":"THREE_ENEMY_KILL","is_daily":false,"chose_seed":false,"campfire_upgraded":4,"win_rate":0.0,"timestamp":1611356588,"path_taken":["M","?","$","?","?","R","E","?","T","E","R","E","M","E","R","BOSS","M","M","$","?","?","E","M","?","T","R","M","R","$","M","R","BOSS","M","M","$","M","M","E","R","E","T","R","?","$","?","?","R","BOSS"],"items_purchased_type":["Card","Card","Relic","Potion","Potion","Potion"],"build_version":"2020-12-22","purchased_purges":3,"victory":false,"max_hp_per_floor":[68,68,68,68,68,68,68,68,68,68,68,68,68,68,68,68,68,68,68,68,68,68,68,68,68,68,68,68,68,68,68,68,68,68,68,68,68,68,68,68,68,68,68,68,68,68,68,68,68,68,68],"card_choices":[{"not_picked":["EmptyFist","EmptyMind"],"picked":"Wallop","floor":1},{"not_picked":["Evaluate","JustLucky+1"],"picked":"CutThroughFate+1","floor":7},{"not_picked":["Fasting2","SignatureMove+1"],"picked":"WheelKick+1","floor":10},{"not_picked":["BowlingBash+1","SpiritShield"],"picked":"FollowUp+1","floor":12},{"not_picked":["PathToVictory","FlyingSleeves+1"],"picked":"EmptyBody","floor":13},{"not_picked":["Meditate","BowlingBash+1"],"picked":"FlurryOfBlows+1","floor":14},{"not_picked":["FlyingSleeves+1","Evaluate+1"],"picked":"FollowUp+1","floor":18},{"not_picked":["ClearTheMind+1","Vengeance"],"picked":"Halt","floor":19},{"not_picked":["FollowUp+1","MasterReality","Wireheading"],"picked":"SKIP","floor":23},{"not_picked":["EmptyFist+1","SignatureMove+1"],"picked":"TalkToTheHand+1","floor":24},{"not_picked":["Worship+1","BattleHymn"],"picked":"Weave+1","floor":28},{"not_picked":["CutThroughFate+1","SandsOfTime+1"],"picked":"FearNoEvil+1","floor":31},{"not_picked":["Vault+1","DeusExMachina+1"],"picked":"Scrawl+1","floor":33},{"not_picked":["CutThroughFate+1","SashWhip+1"],"picked":"EmptyBody+1","floor":35},{"not_picked":["EmptyBody+1","EmptyFist+1"],"picked":"Halt+1","floor":36},{"not_picked":["FollowUp+1","JustLucky+1"],"picked":"EmptyMind+1","floor":38},{"not_picked":["Wireheading","SashWhip+1","PathToVictory+1"],"picked":"SKIP","floor":39},{"not_picked":["Devotion","Collect+1"],"picked":"Adaptation","floor":40},{"not_picked":["EmptyBody+1","CutThroughFate+1","Meditate+1"],"picked":"SKIP","floor":42},{"not_picked":["HandOfGreed+1","Violence+1"],"picked":"Panache","floor":48}],"player_experience":2964059,"relics_obtained":[{"floor":7,"key":"conspire:DecoderRing"},{"floor":9,"key":"Dream Catcher"},{"floor":10,"key":"Nunchaku"},{"floor":12,"key":"Shuriken"},{"floor":14,"key":"Happy Flower"},{"floor":23,"key":"Girya"},{"floor":25,"key":"War Paint"},{"floor":26,"key":"Bottled Tornado"},{"floor":40,"key":"Blue Candle"},{"floor":42,"key":"Blood Vial"},{"floor":43,"key":"Juzu Bracelet"}],"event_choices":[{"damage_healed":0,"gold_gain":150,"player_choice":"AGREE","damage_taken":0,"max_hp_gain":0,"max_hp_loss":0,"event_name":"Liars Game","floor":5,"gold_loss":0,"cards_obtained":["Doubt"]},{"damage_healed":0,"gold_gain":0,"player_choice":"Leave","damage_taken":0,"max_hp_gain":0,"max_hp_loss":0,"event_name":"conspire:Investor","floor":8,"gold_loss":0},{"damage_healed":0,"gold_gain":0,"cards_transformed":["Strike_P","Defend_P"],"player_choice":"Became Test Subject","damage_taken":0,"max_hp_gain":0,"max_hp_loss":0,"event_name":"Drug Dealer","floor":21,"gold_loss":0,"cards_obtained":["Study","WreathOfFlame"]},{"damage_healed":0,"gold_gain":50,"player_choice":"Stole From Cult","damage_taken":0,"max_hp_gain":0,"max_hp_loss":0,"event_name":"Nest","floor":22,"gold_loss":0},{"damage_healed":0,"gold_gain":0,"player_choice":"Upgrade","damage_taken":0,"relics_obtained":["Mark of the Bloom"],"max_hp_gain":0,"max_hp_loss":0,"event_name":"MindBloom","floor":45,"gold_loss":0,"cards_upgraded":["Vigilance","Wallop","Strike_G","Predator","CutThroughFate","Study","Adaptation"]},{"damage_healed":0,"gold_gain":0,"player_choice":"Ignored","damage_taken":0,"max_hp_gain":0,"max_hp_loss":0,"event_name":"Mysterious Sphere","floor":47,"gold_loss":0},{"damage_healed":0,"gold_gain":0,"player_choice":"Memory 1","damage_taken":0,"max_hp_gain":0,"max_hp_loss":0,"event_name":"SensoryStone","floor":48,"gold_loss":0}],"is_beta":false,"boss_relics":[{"not_picked":["aspiration:FutureDiary","conspire:RoyalGoblet","conspire:RunicOctahedron"]},{"not_picked":["Calling Bell","aspiration:DefectSkillbook"],"picked":"Empty Cage"}],"items_purged_floors":[20,30,37],"is_endless":false,"potions_floor_spawned":[10,13,19,23,31,38,42],"killed_by":"conspire:OrnateMirror","ascension_level":20}}