{"host":"rs1c3lkx7vj3kohb","time":1611338812,"event":{"mods":["Act Like it!","Aspiration","BaseMod","BetterRewards","Chen","Colored Map","Colored Powertips","Downfall","Friendly Minions","Gensokyo","Gremlin Mod","Hallownest","Hermit","Hero for Fun","KinomotoSakuraMod(木之本樱)","Koishi","KomeijiMod","LagranYue(拉格朗・月)","Luminous","Marisa（F雨　魔理沙）","Minty Spire (QoL Compilation)","Onozuka Komachi Mod","Prisma Mod","Quick Restart","Reimu（博丽灵梦）","Remilia（蕾米莉亚）","RumiaBox-露米娅的神秘盒子","SOS（斯巴达之子）","Shop Mod","StSLib","Td1madao Mod","The Administrix","The Alterego","The Bug Knight","The Cursed","The Hierophant","The Jungle","The Mystic","The Saiyan","The Senshi","The Servant 0.9.4","Waifu the Spire","WarShipGirlsR/战舰少女R mod","Yakumo Yukari mod","Yohane!","Youmu（魂魄妖梦）","Yuri Mod","Yuyuko"],"gold_per_floor":[52,116,131,13,13,13,39,55,40,51,51,76,76,76,96,192,192,192,209,27,42,42,42,42,41,54,54,399,409,409,409,420,420,420],"floor_reached":33,"language":"ZHS","playtime":3101,"items_purged":["alterego_mod:Strike","alterego_mod:Strike"],"score":315,"play_id":"507a7f37-e56a-437d-b141-d35ccaa21f5c","local_time":"20210123020652","is_ascension_mode":false,"campfire_choices":[{"data":"alterego_mod:Impale","floor":1.0,"key":"SMITH"},{"data":"alterego_mod:GIGAMILK","floor":18.0,"key":"SMITH"},{"data":"alterego_mod:TrashNCrash","floor":23.0,"key":"SMITH"},{"floor":30,"key":"REST"}],"circlet_count":0,"master_deck":["alterego_mod:Strike","alterego_mod:Strike","alterego_mod:Impale+1","alterego_mod:BrynhildrsRune+1","alterego_mod:1TonWallop","alterego_mod:BeGentle","alterego_mod:Support","alterego_mod:PerceptionDisorder","alterego_mod:Birthday","alterego_mod:Weigh+1","alterego_mod:TrashNCrash+1","alterego_mod:PerceptionDisorder","Hallownest:skillLeafShield","Hallownest:skillLeafShield","Hallownest:skillLeafShield","Hallownest:skillLeafShield","Hallownest:skillLeafShield","alterego_mod:Support","alterego_mod:BeGentle","alterego_mod:SakuraFive","alterego_mod:GIGAMILK+1","alterego_mod:1TonWallop","alterego_mod:TrashNCrash+1","alterego_mod:Cycle+1","alterego_mod:1TonWallop","PerfectMaid+1","alterego_mod:Punishment","alterego_mod:Pet+1"],"relics":["alterego_mod:MasochisticConstitution","LagranYue:RandomDrawCardRelic","Calipers","ZombieArmy","aspiration:Stellarator","Enchiridion","Strawberry","Toy Ornithopter","Hallownest:DreamNailRelic","SacredBark","HollowMod:LifeEnderRelic","Ornamental Fan","War Paint"],"acts_visited":["Hallownest:Greenpath","TheCity"],"potions_floor_usage":[29,33,33],"damage_taken":[{"damage":5.0,"enemies":"Hallownest:monsterHuskGuard","floor":2.0,"turns":3.0},{"damage":6.0,"enemies":"2_ Uuma","floor":3.0,"turns":3.0},{"damage":23.0,"enemies":"downfall:FleeingMerchant","floor":4.0,"turns":4.0},{"damage":2.0,"enemies":"Hallownest:2_Tiktiks_and_1_Crawlid","floor":8.0,"turns":3.0},{"damage":12.0,"enemies":"downfall:FleeingMerchant","floor":9.0,"turns":4.0},{"damage":13.0,"enemies":"Hallownest:Wandering_and_Horned","floor":10.0,"turns":3.0},{"damage":2.0,"enemies":"Hallownest:eliteMossKnight","floor":12.0,"turns":7.0},{"damage":7.0,"enemies":"Hallownest:1_Baldur_1_Crawlid_1_Warrior","floor":15.0,"turns":4.0},{"damage":21.0,"enemies":"WA_ARCHETYPE_RETAIN","floor":16.0,"turns":7.0},{"damage":2.0,"enemies":"Spheric Guardian","floor":19.0,"turns":3.0},{"damage":20.0,"enemies":"downfall:FleeingMerchant","floor":20.0,"turns":4.0},{"damage":22.0,"enemies":"3 Cultists","floor":21.0,"turns":5.0},{"damage":32.0,"enemies":"Slavers","floor":25.0,"turns":5.0},{"damage":8.0,"enemies":"Snecko","floor":26.0,"turns":4.0},{"damage":15.0,"enemies":"downfall:FleeingMerchant","floor":28.0,"turns":4.0},{"damage":4,"enemies":"3 Cultists","floor":29,"turns":3},{"damage":19,"enemies":"Centurion and Healer","floor":32,"turns":6},{"damage":40,"enemies":"SI_MIRROR_ARCHETYPE","floor":33,"turns":4}],"seed_played":"4672457665274263079","potions_obtained":[{"floor":3.0,"key":"Swift Potion"},{"floor":10.0,"key":"Weak Potion"},{"floor":16.0,"key":"DuplicationPotion"},{"floor":19.0,"key":"champ:CounterPotion"},{"floor":26.0,"key":"AttackPotion"},{"floor":32,"key":"Ancient Potion"}],"is_trial":false,"path_per_floor":["R","M","M","$","?","?","T","M","$","M","?","E","?","?","M","B",null,"R","M","$","M","?","R","T","E","M","?","$","M","R","T","M","B"],"character_chosen":"The_Alterego","items_purchased":["alterego_mod:1TonWallop","alterego_mod:BeGentle","alterego_mod:Support","ZombieArmy","alterego_mod:TrashNCrash","alterego_mod:PerceptionDisorder","alterego_mod:Cycle","alterego_mod:1TonWallop"],"campfire_rested":1,"item_purchase_floors":[0,0,0,0,4,4,20,20],"current_hp_per_floor":[38,34,29,9,9,24,31,32,23,13,13,14,14,14,19,13,86,86,87,70,49,49,49,49,25,18,18,9,13,40,40,24,0,0],"gold":420,"neow_bonus":"","is_daily":false,"chose_seed":false,"campfire_upgraded":3,"win_rate":0.0,"timestamp":1611338812,"path_taken":["R","M","M","$","?","?","T","M","$","M","?","E","?","?","M","BOSS","R","M","$","M","?","R","T","E","M","?","?","M","R","?","M","BOSS"],"items_purchased_type":["Card","Card","Card","Relic","Card","Card","Card","Card"],"build_version":"2020-12-22","purchased_purges":2,"victory":false,"max_hp_per_floor":[70,71,72,73,73,73,80,81,82,83,83,84,84,84,85,86,86,86,87,88,89,89,89,89,90,91,91,92,93,93,93,94,94,94],"card_choices":[{"not_picked":["alterego_mod:Cycle","alterego_mod:GachaTicket"],"picked":"alterego_mod:PerceptionDisorder","floor":2.0},{"not_picked":["alterego_mod:Complex","alterego_mod:Valentines"],"picked":"alterego_mod:Birthday","floor":3.0},{"not_picked":["alterego_mod:AlterEgo","alterego_mod:PurpleHair"],"picked":"alterego_mod:Weigh","floor":4.0},{"not_picked":["alterego_mod:DiscoLights","alterego_mod:Table"],"picked":"alterego_mod:Support","floor":8.0},{"not_picked":["alterego_mod:Cycle","alterego_mod:HighServant","alterego_mod:Mirror"],"picked":"SKIP","floor":9.0},{"not_picked":["alterego_mod:Jiggle","alterego_mod:DeftHands"],"picked":"alterego_mod:BeGentle","floor":10.0},{"not_picked":["alterego_mod:IdEs","alterego_mod:Valentines"],"picked":"alterego_mod:SakuraFive","floor":12.0},{"not_picked":["alterego_mod:Jiggle","alterego_mod:MagicResistance","alterego_mod:Table"],"picked":"SKIP","floor":15.0},{"not_picked":["alterego_mod:Vow","alterego_mod:BrynhildrRomantia"],"picked":"alterego_mod:GIGAMILK","floor":16.0},{"not_picked":["alterego_mod:Bunnysuit","alterego_mod:DeftHands"],"picked":"alterego_mod:1TonWallop","floor":19.0},{"not_picked":["alterego_mod:Jiggle","alterego_mod:Santa"],"picked":"alterego_mod:TrashNCrash+1","floor":20.0},{"not_picked":["alterego_mod:Skirt","alterego_mod:DeftHands+1","alterego_mod:GoddessCore"],"picked":"SKIP","floor":21.0},{"not_picked":["alterego_mod:Bloomers+1","alterego_mod:DiscoLights"],"picked":"alterego_mod:Punishment","floor":25.0},{"not_picked":["alterego_mod:Bounce","alterego_mod:Undulate"],"picked":"alterego_mod:Pet+1","floor":26.0},{"not_picked":["alterego_mod:Alter","alterego_mod:GoddessCore+1","alterego_mod:BoobPocket"],"picked":"SKIP","floor":28},{"not_picked":["alterego_mod:Support","alterego_mod:Skirt","alterego_mod:BoobPocket+1"],"picked":"SKIP","floor":29},{"not_picked":["alterego_mod:Smother","alterego_mod:GachaTicket","alterego_mod:Complex"],"picked":"SKIP","floor":32}],"player_experience":375624,"relics_obtained":[{"floor":7.0,"key":"Strawberry"},{"floor":12.0,"key":"Toy Ornithopter"},{"floor":24.0,"key":"HollowMod:LifeEnderRelic"},{"floor":25.0,"key":"Ornamental Fan"},{"floor":31,"key":"War Paint"}],"event_choices":[],"is_beta":false,"boss_relics":[{"not_picked":["Ectoplasm","aspiration:MarisaSkillbook"],"picked":"SacredBark"}],"items_purged_floors":[0,20],"is_endless":false,"potions_floor_spawned":[3,10,16,19,26,32],"killed_by":"SI_MIRROR_ARCHETYPE","ascension_level":0}}