{"host":"srk2drlvga69hbot","time":1611295912,"event":{"mods":["BaseMod","Colored Map","Colored Powertips","Highlight Path","Minty Spire (QoL Compilation)","Quick Restart","Rare Cards Sparkle","Relic Stats"],"gold_per_floor":[109,109,127,52,72,97,97,97,120,144,156,184,196,283,295,410,422,453,484,496,522,92,92,106,106,130,130,144,158,170,170,170,170,170],"floor_reached":33,"language":"ZHS","playtime":1499,"items_purged":["Defend_R"],"score":286,"play_id":"641c455b-9275-4cf4-aadf-f201dd82f7d5","local_time":"20210122141152","is_ascension_mode":true,"campfire_choices":[{"data":"Seeing Red","floor":8.0,"key":"SMITH"},{"data":"Pommel Strike","floor":13.0,"key":"SMITH"},{"floor":15.0,"key":"REST"},{"data":"Reckless Charge","floor":23.0,"key":"SMITH"},{"floor":32,"key":"REST"}],"circlet_count":0,"master_deck":["Strike_R","Strike_R","Strike_R","Strike_R","Defend_R","Defend_R","Defend_R","Bash","Seeing Red+1","Reckless Charge+1","Pommel Strike+1","Shockwave","Disarm","Offering","Flex+1","Reckless Charge+1","Rage"],"relics":["Burning Blood","MealTicket","MawBank","Velvet Choker","Red Skull","Ice Cream","Nilry\u0027s Codex","Happy Flower","Bottled Flame"],"acts_visited":["Exordium","TheCity"],"potions_floor_usage":[],"damage_taken":[{"damage":12.0,"enemies":"Jaw Worm","floor":1.0,"turns":2.0},{"damage":5.0,"enemies":"Cultist","floor":3.0,"turns":4.0},{"damage":0.0,"enemies":"Small Slimes","floor":5.0,"turns":3.0},{"damage":55.0,"enemies":"Lagavulin","floor":6.0,"turns":7.0},{"damage":9.0,"enemies":"Looter","floor":10.0,"turns":4.0},{"damage":7.0,"enemies":"Large Slime","floor":12.0,"turns":6.0},{"damage":30.0,"enemies":"Slime Boss","floor":16.0,"turns":9.0},{"damage":28.0,"enemies":"2 Thieves","floor":18.0,"turns":4.0},{"damage":13.0,"enemies":"Shell Parasite","floor":19.0,"turns":6.0},{"damage":62.0,"enemies":"Snake Plant","floor":21.0,"turns":6.0},{"damage":11.0,"enemies":"Chosen and Byrds","floor":24.0,"turns":5.0},{"damage":0.0,"enemies":"Shelled Parasite and Fungi","floor":28.0,"turns":2.0},{"damage":12,"enemies":"Cultist and Chosen","floor":29,"turns":6},{"damage":0,"enemies":"Snake Plant","floor":30,"turns":3},{"damage":39,"enemies":"Collector","floor":33,"turns":6}],"seed_played":"-8895059552878375582","potions_obtained":[{"floor":1.0,"key":"FearPotion"},{"floor":3.0,"key":"Weak Potion"},{"floor":12.0,"key":"CultistPotion"},{"floor":16.0,"key":"LiquidBronze"},{"floor":18.0,"key":"HeartOfIron"},{"floor":19.0,"key":"Fire Potion"},{"floor":21.0,"key":"Regen Potion"}],"is_trial":false,"path_per_floor":["M","?","M","$","M","E","?","R","T","M","?","M","R","?","R","B",null,"M","M","$","M","$","R","M","?","T","T","M","M","M","?","R","B"],"character_chosen":"IRONCLAD","items_purchased":["Red Skull","Ice Cream"],"campfire_rested":2,"item_purchase_floors":[22,22],"current_hp_per_floor":[74,80,80,80,80,31,31,31,31,28,28,27,27,19,43,19,80,58,51,66,10,25,25,20,4,4,4,15,9,15,15,39,0,0],"gold":170,"neow_bonus":"THREE_CARDS","is_daily":false,"chose_seed":false,"campfire_upgraded":3,"win_rate":0.0,"timestamp":1611295912,"path_taken":["M","?","M","?","M","E","?","R","T","?","?","M","R","?","R","BOSS","M","M","$","M","$","R","?","?","T","?","M","M","?","?","R","BOSS"],"items_purchased_type":["Relic","Relic"],"build_version":"2020-12-22","purchased_purges":1,"victory":false,"max_hp_per_floor":[80,80,80,80,80,80,80,80,80,80,80,80,80,80,80,80,80,80,80,80,80,80,80,80,80,80,80,80,80,80,80,80,80,80],"relic_stats":{"Happy Flower":[5],"counters":[15,73],"MealTicket":30,"MawBank":156,"obtain_stats":[{"Ice Cream":22,"Bottled Flame":27,"Happy Flower":26,"Nilry\u0027s Codex":25,"Velvet Choker":17,"MealTicket":6,"MawBank":9,"Burning Blood":0,"Red Skull":22},{"Ice Cream":10,"Bottled Flame":11,"Happy Flower":11,"Nilry\u0027s Codex":11,"Velvet Choker":7,"MealTicket":4,"MawBank":4,"Burning Blood":0,"Red Skull":10},{"Ice Cream":51,"Bottled Flame":56,"Happy Flower":56,"Nilry\u0027s Codex":56,"Velvet Choker":35,"MealTicket":16,"MawBank":16,"Burning Blood":0,"Red Skull":51}],"Burning Blood":77},"card_choices":[{"not_picked":["Body Slam","Iron Wave"],"picked":"Seeing Red","floor":0.0},{"not_picked":["Feel No Pain","Shockwave"],"picked":"Reckless Charge","floor":1.0},{"not_picked":["Flex","Perfected Strike","Second Wind"],"picked":"SKIP","floor":3.0},{"not_picked":["True Grit","Wild Strike","Second Wind"],"picked":"SKIP","floor":5.0},{"not_picked":["Clash","Flame Barrier"],"picked":"Pommel Strike","floor":6.0},{"not_picked":["Anger","Armaments","Pommel Strike"],"picked":"SKIP","floor":10.0},{"not_picked":["Feel No Pain","Carnage"],"picked":"Disarm","floor":12.0},{"not_picked":["Feed","Demon Form"],"picked":"Offering","floor":16.0},{"not_picked":["Anger","Pommel Strike","Whirlwind"],"picked":"SKIP","floor":18.0},{"not_picked":["Dark Embrace","Sentinel","Havoc"],"picked":"SKIP","floor":19.0},{"not_picked":["Flex","Sword Boomerang","Body Slam+1"],"picked":"SKIP","floor":21.0},{"not_picked":["True Grit","Flex","Armaments"],"picked":"SKIP","floor":24.0},{"not_picked":["Shockwave","Body Slam"],"picked":"Flex+1","floor":28.0},{"not_picked":["Bloodletting","Sword Boomerang+1"],"picked":"Reckless Charge+1","floor":29},{"not_picked":["Iron Wave","Twin Strike"],"picked":"Rage","floor":30}],"player_experience":122604,"relics_obtained":[{"floor":6.0,"key":"MealTicket"},{"floor":9.0,"key":"MawBank"},{"floor":25.0,"key":"Nilry\u0027s Codex"},{"floor":26.0,"key":"Happy Flower"},{"floor":27.0,"key":"Bottled Flame"}],"event_choices":[{"damage_healed":6.0,"max_hp_gain":0.0,"max_hp_loss":0.0,"gold_gain":0.0,"event_name":"Wheel of Change","player_choice":"Full Heal","floor":2.0,"gold_loss":0.0,"damage_taken":0.0},{"damage_healed":0.0,"max_hp_gain":0.0,"max_hp_loss":0.0,"gold_gain":0.0,"cards_transformed":["Strike_R"],"event_name":"Transmorgrifier","player_choice":"Transformed","floor":7.0,"gold_loss":0.0,"damage_taken":0.0,"cards_obtained":["Shockwave"]},{"damage_healed":0.0,"max_hp_gain":0.0,"max_hp_loss":0.0,"gold_gain":0.0,"event_name":"Shining Light","player_choice":"Ignored","floor":11.0,"gold_loss":0.0,"damage_taken":0.0},{"damage_healed":0.0,"max_hp_gain":0.0,"max_hp_loss":0.0,"gold_gain":75.0,"event_name":"FaceTrader","player_choice":"Touch","floor":14.0,"gold_loss":0.0,"damage_taken":8.0},{"damage_healed":0.0,"max_hp_gain":0.0,"max_hp_loss":0.0,"gold_gain":0.0,"event_name":"Cursed Tome","player_choice":"Obtained Book","floor":25.0,"gold_loss":0.0,"damage_taken":16.0},{"damage_healed":0,"gold_gain":0,"player_choice":"Ignored","damage_taken":0,"max_hp_gain":0,"max_hp_loss":0,"event_name":"Ghosts","floor":31,"gold_loss":0}],"is_beta":false,"boss_relics":[{"not_picked":["SacredBark","Snecko Eye"],"picked":"Velvet Choker"}],"items_purged_floors":[4],"is_endless":false,"potions_floor_spawned":[1,3,12,16,18,19,21],"killed_by":"Collector","ascension_level":3}}