{"host":"d3fm6keu3sh33msm","time":1611342158,"event":{"mods":["2.2 Compatiblity","AchievementEnabler","BaseMod","Best Route Mod","Bestiary","Better Note","Better Third Choice","Block Reminder","Colored Map","Colored Powertips","Dark Map","DeckTracker","Displayed Cursed Tome","Filter the Spire","Highlight Path","Minty Spire (QoL Compilation)","Quick Restart","Random Character Button","Rare Cards Sparkle","Relic Stats","Slay-I","Spicy Shops","StSLib"],"gold_per_floor":[160,160,160,174,174,174,202,202,225,244,263,33,52,52,52,155,155,167,151,33,47,47,85,85,109,109,127,156,174,174,210,210,312,312,323,323,342,371,399,399,422,444,496,496,530,589,598,616,616,616],"floor_reached":51,"language":"ENG","playtime":7273,"items_purged":[],"score":598,"play_id":"9a368905-a1a9-4759-a3c7-8888c0aa599f","local_time":"20210122190238","is_ascension_mode":false,"campfire_choices":[{"data":"Dualcast","floor":6.0,"key":"SMITH"},{"data":"Scrape","floor":8.0,"key":"SMITH"},{"data":"Go for the Eyes","floor":15.0,"key":"SMITH"},{"data":"Creative AI","floor":24,"key":"SMITH"},{"floor":32,"key":"REST"},{"floor":40,"key":"REST"},{"floor":44,"key":"REST"},{"floor":49,"key":"REST"}],"circlet_count":0,"master_deck":["Strike_B","Strike_B","Strike_B","Defend_B","Defend_B","Defend_B","Defend_B","Zap+1","Dualcast+1","Scrape+1","Conserve Battery","Glacier","Self Repair","Bandage Up","Go for the Eyes+1","Creative AI+1","Cold Snap+1","FTL","Go for the Eyes+1","Creative AI+1","Amplify","Glacier","Go for the Eyes+1","Cold Snap","Cold Snap","Glacier","Consume+1","Reinforced Body+1","Buffer","Defragment+1","Mayhem"],"relics":["Tiny House","Matryoshka","Pen Nib","Vajra","Strawberry","DataDisk","Black Star","CeramicFish","Art of War","Bag of Marbles","Singing Bowl","PreservedInsect","Thread and Needle","Inserter","StrikeDummy","Regal Pillow","Dead Branch","Bottled Flame","Calipers"],"acts_visited":["TheBeyond"],"potions_floor_usage":[19,23,28,28,31,42,48,50],"damage_taken":[{"damage":0.0,"enemies":"Cultist","floor":1.0,"turns":1.0},{"damage":0.0,"enemies":"2 Louse","floor":4.0,"turns":1.0},{"damage":0.0,"enemies":"Gremlin Nob","floor":7.0,"turns":1.0},{"damage":0.0,"enemies":"Small Slimes","floor":10.0,"turns":1.0},{"damage":0.0,"enemies":"Blue Slaver","floor":11.0,"turns":1.0},{"damage":4.0,"enemies":"2 Fungi Beasts","floor":13.0,"turns":2.0},{"damage":21.0,"enemies":"The Guardian","floor":16.0,"turns":7.0},{"damage":6.0,"enemies":"Chosen","floor":18.0,"turns":2.0},{"damage":0,"enemies":"2 Thieves","floor":19,"turns":4},{"damage":19,"enemies":"Snake Plant","floor":21,"turns":5},{"damage":0,"enemies":"Book of Stabbing","floor":23,"turns":7},{"damage":3,"enemies":"Snecko","floor":25,"turns":8},{"damage":7,"enemies":"Centurion and Healer","floor":27,"turns":13},{"damage":16,"enemies":"Chosen and Byrds","floor":28,"turns":6},{"damage":14,"enemies":"Sentry and Sphere","floor":29,"turns":6},{"damage":39,"enemies":"Slavers","floor":31,"turns":7},{"damage":63,"enemies":"Collector","floor":33,"turns":24},{"damage":25,"enemies":"3 Darklings","floor":35,"turns":9},{"damage":12,"enemies":"Orb Walker","floor":37,"turns":6},{"damage":52,"enemies":"Spire Growth","floor":38,"turns":8},{"damage":49,"enemies":"Transient","floor":39,"turns":5},{"damage":37,"enemies":"Jaw Worm Horde","floor":41,"turns":9},{"damage":11,"enemies":"4 Shapes","floor":42,"turns":9},{"damage":4,"enemies":"Nemesis","floor":45,"turns":15},{"damage":0,"enemies":"Mind Bloom Boss Battle","floor":46,"turns":9},{"damage":14,"enemies":"3 Darklings","floor":48,"turns":13},{"damage":1,"enemies":"Time Eater","floor":50,"turns":22}],"seed_played":"8565926930083142987","potions_obtained":[{"floor":0.0,"key":"LiquidBronze"},{"floor":7.0,"key":"SkillPotion"},{"floor":10.0,"key":"FocusPotion"},{"floor":21,"key":"Explosive Potion"},{"floor":27,"key":"AttackPotion"},{"floor":29,"key":"PowerPotion"},{"floor":33,"key":"BlessingOfTheForge"},{"floor":39,"key":"SpeedPotion"},{"floor":41,"key":"AttackPotion"},{"floor":46,"key":"FocusPotion"},{"floor":48,"key":"FearPotion"}],"is_trial":false,"path_per_floor":["M","?","?","M","?","R","E","R","T","M","M","$","M","$","R","B",null,"M","M","$","M","?","E","R","M","T","M","M","M","?","E","R","B",null,"M","?","M","M","M","R","M","M","T","R","E","?","?","M","R","B",null],"character_chosen":"DEFECT","items_purchased":["DataDisk","Bandage Up","FTL"],"campfire_rested":4,"item_purchase_floors":[12,12,20],"current_hp_per_floor":[80,85,78,78,71,71,71,71,78,78,85,85,92,92,92,82,92,86,92,92,77,77,88,88,92,92,94,89,88,79,44,72,22,98,90,90,91,50,12,42,9,9,9,54,61,72,72,71,104,104],"gold":616,"neow_bonus":"BOSS_RELIC","is_daily":false,"chose_seed":false,"campfire_upgraded":4,"win_rate":0.0,"timestamp":1611342158,"path_taken":["M","?","?","M","?","R","E","R","T","M","M","$","M","?","R","BOSS","BOSS","M","M","$","M","?","E","R","M","T","?","M","M","?","E","R","BOSS","M","?","M","?","?","R","M","M","T","R","E","?","?","M","R","BOSS"],"items_purchased_type":["Relic","Card","Card"],"build_version":"2020-12-22","purchased_purges":0,"victory":true,"max_hp_per_floor":[80,85,85,85,85,85,85,85,92,92,92,92,92,92,92,92,92,92,92,92,92,92,92,92,92,92,94,94,96,96,96,96,98,98,100,100,102,102,102,102,102,102,102,102,102,102,102,104,104,104],"relic_stats":{"Regal Pillow":17,"Inserter":[52],"Singing Bowl":12,"counters":[19,184],"CeramicFish":99,"Dead Branch":[5],"Pen Nib":[31],"PreservedInsect":47,"Black Star":3,"Art of War":[25],"obtain_stats":[{"Regal Pillow":43,"Tiny House":0,"Inserter":34,"Calipers":46,"Singing Bowl":26,"CeramicFish":23,"Dead Branch":45,"Vajra":0,"Thread and Needle":31,"Pen Nib":0,"PreservedInsect":31,"DataDisk":0,"Bottled Flame":45,"Matryoshka":0,"Strawberry":0,"Black Star":0,"Art of War":23,"Bag of Marbles":26,"StrikeDummy":36},{"Regal Pillow":15,"Tiny House":0,"Inserter":9,"Calipers":17,"Singing Bowl":4,"CeramicFish":3,"Dead Branch":16,"Vajra":0,"Thread and Needle":8,"Pen Nib":0,"PreservedInsect":8,"DataDisk":0,"Bottled Flame":16,"Matryoshka":0,"Strawberry":0,"Black Star":0,"Art of War":3,"Bag of Marbles":4,"StrikeDummy":10},{"Regal Pillow":125,"Tiny House":0,"Inserter":79,"Calipers":149,"Singing Bowl":24,"CeramicFish":16,"Dead Branch":140,"Vajra":0,"Thread and Needle":55,"Pen Nib":0,"PreservedInsect":55,"DataDisk":0,"Bottled Flame":140,"Matryoshka":0,"Strawberry":0,"Black Star":0,"Art of War":16,"Bag of Marbles":24,"StrikeDummy":88}]},"card_choices":[{"not_picked":["Compile Driver","Lockon"],"picked":"Scrape","floor":0.0},{"not_picked":["Coolheaded","Rebound"],"picked":"Conserve Battery","floor":1.0},{"not_picked":["Rip and Tear","Steam Power"],"picked":"Glacier","floor":4.0},{"not_picked":["Sunder","Turbo","Skim"],"picked":"SKIP","floor":7.0},{"not_picked":["Sweeping Beam","Streamline"],"picked":"Self Repair","floor":10.0},{"not_picked":["Coolheaded","Rebound","Melter"],"picked":"SKIP","floor":11.0},{"not_picked":["Rebound","Coolheaded"],"picked":"Go for the Eyes","floor":13.0},{"not_picked":["Machine Learning","Biased Cognition"],"picked":"Creative AI","floor":16.0},{"not_picked":["Cold Snap","Heatsinks+1","Rebound"],"picked":"SKIP","floor":18.0},{"not_picked":["Static Discharge","Force Field"],"picked":"Cold Snap+1","floor":19},{"not_picked":["Tempest","Static Discharge"],"picked":"Go for the Eyes+1","floor":21},{"not_picked":["Redo","Defragment"],"picked":"Amplify","floor":23},{"not_picked":["Cold Snap","Redo"],"picked":"Glacier","floor":25},{"not_picked":["Blizzard","Turbo+1","Leap"],"picked":"Singing Bowl","floor":27},{"not_picked":["Leap","Rip and Tear+1"],"picked":"Go for the Eyes+1","floor":28},{"not_picked":["Hologram","Rebound","Beam Cell+1"],"picked":"Singing Bowl","floor":29},{"not_picked":["Go for the Eyes","Scrape"],"picked":"Cold Snap","floor":31},{"not_picked":["Echo Form","Reboot","Electrodynamics"],"picked":"Singing Bowl","floor":33},{"not_picked":["Recycle+1","Darkness","Beam Cell"],"picked":"Singing Bowl","floor":35},{"not_picked":["Steam","Gash","Turbo+1"],"picked":"Singing Bowl","floor":37},{"not_picked":["Biased Cognition","Leap"],"picked":"Cold Snap","floor":38},{"not_picked":["Barrage+1","Compile Driver+1"],"picked":"Glacier","floor":39},{"not_picked":["Sunder+1","Redo"],"picked":"Consume+1","floor":41},{"not_picked":["Coolheaded","Sweeping Beam+1"],"picked":"Reinforced Body+1","floor":42},{"not_picked":["Rebound","All For One"],"picked":"Buffer","floor":45},{"not_picked":["Reinforced Body+1","Cold Snap"],"picked":"Defragment+1","floor":46},{"not_picked":["Trip","Thinking Ahead"],"picked":"Mayhem","floor":47},{"not_picked":["Gash+1","Auto Shields","Tempest+1"],"picked":"Singing Bowl","floor":48}],"player_experience":182422,"relics_obtained":[{"floor":7.0,"key":"Pen Nib"},{"floor":9.0,"key":"Vajra"},{"floor":9.0,"key":"Strawberry"},{"floor":23,"key":"CeramicFish"},{"floor":23,"key":"Art of War"},{"floor":26,"key":"Bag of Marbles"},{"floor":26,"key":"Singing Bowl"},{"floor":31,"key":"PreservedInsect"},{"floor":31,"key":"Thread and Needle"},{"floor":43,"key":"Regal Pillow"},{"floor":45,"key":"Dead Branch"},{"floor":45,"key":"Bottled Flame"},{"floor":46,"key":"Calipers"}],"event_choices":[{"damage_healed":0.0,"max_hp_gain":5.0,"max_hp_loss":0.0,"gold_gain":0.0,"event_name":"Big Fish","player_choice":"Donut","floor":2.0,"gold_loss":0.0,"damage_taken":0.0},{"cards_removed":["Strike_B"],"damage_healed":0.0,"max_hp_gain":0.0,"max_hp_loss":0.0,"gold_gain":0.0,"event_name":"Golden Wing","player_choice":"Card Removal","floor":3.0,"gold_loss":0.0,"damage_taken":7.0},{"damage_healed":0.0,"max_hp_gain":0.0,"max_hp_loss":0.0,"gold_gain":0.0,"event_name":"Scrap Ooze","player_choice":"Success","floor":5.0,"gold_loss":0.0,"damage_taken":7.0,"relics_obtained":["Matryoshka"]},{"cards_removed":["Creative AI"],"damage_healed":0,"gold_gain":0,"player_choice":"Take \u0026 Give","damage_taken":0,"max_hp_gain":0,"max_hp_loss":0,"event_name":"betterNote:BetterNote","floor":22,"gold_loss":0,"cards_obtained":["Creative AI"]},{"damage_healed":0,"gold_gain":0,"player_choice":"Damaged","damage_taken":9,"max_hp_gain":0,"max_hp_loss":0,"event_name":"Wheel of Change","floor":30,"gold_loss":0},{"damage_healed":0,"gold_gain":0,"player_choice":"Gave Potion","damage_taken":0,"relics_obtained":["StrikeDummy"],"max_hp_gain":0,"max_hp_loss":0,"event_name":"WeMeetAgain","floor":36,"gold_loss":0},{"damage_healed":0,"gold_gain":0,"player_choice":"Fight","damage_taken":0,"max_hp_gain":0,"max_hp_loss":0,"event_name":"MindBloom","floor":46,"gold_loss":0},{"damage_healed":0,"gold_gain":0,"player_choice":"Memory 1","damage_taken":0,"max_hp_gain":0,"max_hp_loss":0,"event_name":"SensoryStone","floor":47,"gold_loss":0}],"is_beta":false,"boss_relics":[{"not_picked":["Runic Dome","Coffee Dripper"],"picked":"Black Star"},{"not_picked":["Nuclear Battery","Fusion Hammer"],"picked":"Inserter"}],"items_purged_floors":[],"is_endless":false,"potions_floor_spawned":[7,10,21,27,29,33,39,41,46,48],"ascension_level":0}}