{"host":"5p9hybygolzp0efr","time":1611338699,"event":{"mods":["AchievementEnabler","BaseMod","Bestiary","Colored Map","Googly Eyes","Minty Spire (QoL Compilation)","Permanent Neow","Relic Stats"],"gold_per_floor":[114,59,70,83,8,23,23,52,52,52,71,100,120,140,140,237,237,256,274,234,246,246,246,246,260,287,298,184,203,237,237,237],"floor_reached":31,"language":"ENG","playtime":2348,"items_purged":[],"score":296,"play_id":"8a2f8f36-531c-4391-bebc-97a2b70fa2b6","local_time":"20210123020459","is_ascension_mode":false,"campfire_choices":[{"data":"Noxious Fumes","floor":7,"key":"SMITH"},{"data":"Leg Sweep","floor":10,"key":"SMITH"},{"data":"Footwork","floor":15,"key":"SMITH"},{"floor":23,"key":"RECALL"}],"circlet_count":0,"master_deck":["Strike_G","Strike_G","Strike_G","Strike_G+1","Strike_G","Defend_G","Defend_G+1","Defend_G","Defend_G","Defend_G","Survivor","Neutralize","Well Laid Plans","PiercingWail","Dagger Throw","Noxious Fumes+1","Blur","Leg Sweep+1","Grand Finale","Footwork+1","Crippling Poison","Flying Knee","Crippling Poison","Ghostly","Ghostly","Ghostly","Ghostly","Ghostly","Quick Slash","Calculated Gamble"],"relics":["Sozu","Art of War","The Courier","Pear","Velvet Choker","White Beast Statue","Tiny Chest","Snake Skull","Nunchaku"],"acts_visited":["Exordium","TheCity"],"potions_floor_usage":[],"damage_taken":[{"damage":0,"enemies":"Small Slimes","floor":1,"turns":4},{"damage":1,"enemies":"Cultist","floor":3,"turns":4},{"damage":8,"enemies":"Jaw Worm","floor":4,"turns":5},{"damage":8,"enemies":"Red Slaver","floor":6,"turns":4},{"damage":1,"enemies":"3 Sentries","floor":8,"turns":9},{"damage":4,"enemies":"Looter","floor":11,"turns":4},{"damage":10,"enemies":"Lagavulin","floor":12,"turns":10},{"damage":5,"enemies":"Exordium Wildlife","floor":13,"turns":4},{"damage":3,"enemies":"Lots of Slimes","floor":14,"turns":4},{"damage":12,"enemies":"The Guardian","floor":16,"turns":10},{"damage":0,"enemies":"3 Byrds","floor":18,"turns":4},{"damage":15,"enemies":"Chosen","floor":19,"turns":7},{"damage":4,"enemies":"Centurion and Healer","floor":21,"turns":9},{"damage":1,"enemies":"3 Cultists","floor":25,"turns":7},{"damage":27,"enemies":"Cultist and Chosen","floor":27,"turns":12},{"damage":4,"enemies":"Sentry and Sphere","floor":29,"turns":6},{"damage":1,"enemies":"Gremlin Leader","floor":30,"turns":8},{"damage":13,"enemies":"3 Cultists","floor":31,"turns":7}],"seed_played":"-8967984091934795650","potions_obtained":[],"is_trial":false,"path_per_floor":["M","?","M","M","$","M","R","E","T","R","M","E","M","M","R","B",null,"M","M","?","M","?","R","T","M","T","M","$","M","E","M"],"character_chosen":"THE_SILENT","items_purchased":["Noxious Fumes","Snake Skull"],"campfire_rested":0,"item_purchase_floors":[5,28],"current_hp_per_floor":[70,70,69,61,61,53,53,52,52,52,48,48,43,40,40,28,80,80,65,65,61,40,40,40,39,39,12,12,8,7,0,0],"gold":237,"neow_bonus":"BOSS_RELIC","is_daily":false,"chose_seed":false,"campfire_upgraded":3,"win_rate":0.0,"timestamp":1611338699,"path_taken":["M","?","?","M","$","M","R","E","T","R","M","E","M","M","R","BOSS","M","M","?","?","?","R","?","M","T","M","?","?","E","M"],"items_purchased_type":["Card","Relic"],"build_version":"2020-12-22","purchased_purges":0,"victory":false,"max_hp_per_floor":[70,70,70,70,70,70,70,70,70,70,70,80,80,80,80,80,80,80,80,80,80,40,40,40,40,40,40,40,40,40,40,40],"relic_stats":{"Sozu":9,"Nunchaku":[1],"counters":[18,118],"Tiny Chest":0,"Snake Skull":[24],"Art of War":[19],"obtain_stats":[{"Sozu":0,"Nunchaku":30,"Pear":12,"Velvet Choker":17,"Tiny Chest":26,"The Courier":8,"Snake Skull":28,"Art of War":2,"White Beast Statue":24,"Ring of the Snake":0},{"Sozu":0,"Nunchaku":17,"Pear":7,"Velvet Choker":10,"Tiny Chest":14,"The Courier":5,"Snake Skull":15,"Art of War":1,"White Beast Statue":13,"Ring of the Snake":0},{"Sozu":0,"Nunchaku":111,"Pear":40,"Velvet Choker":58,"Tiny Chest":85,"The Courier":26,"Snake Skull":97,"Art of War":4,"White Beast Statue":78,"Ring of the Snake":0}]},"card_choices":[{"not_picked":["Cloak And Dagger","Dagger Spray"],"picked":"Well Laid Plans","floor":1},{"not_picked":["Distraction","Flying Knee"],"picked":"PiercingWail","floor":3},{"not_picked":["Deflect","Caltrops"],"picked":"Dagger Throw","floor":4},{"not_picked":["Accuracy","Endless Agony"],"picked":"Blur","floor":6},{"not_picked":["Endless Agony","Bane"],"picked":"Leg Sweep","floor":8},{"not_picked":["Sucker Punch","Leg Sweep","Underhanded Strike"],"picked":"SKIP","floor":11},{"not_picked":["Sucker Punch","Leg Sweep","Underhanded Strike"],"picked":"SKIP","floor":11},{"not_picked":["Dodge and Roll","Cloak And Dagger"],"picked":"Grand Finale","floor":12},{"not_picked":["Poisoned Stab","Blade Dance"],"picked":"Footwork","floor":13},{"not_picked":["Deadly Poison","Concentrate"],"picked":"Crippling Poison","floor":14},{"not_picked":["Poisoned Stab","Cloak And Dagger"],"picked":"Flying Knee","floor":18},{"not_picked":["Dagger Throw","Dodge and Roll"],"picked":"Crippling Poison","floor":19},{"not_picked":["Choke","Dodge and Roll","Infinite Blades"],"picked":"SKIP","floor":21},{"not_picked":["Dagger Spray","Infinite Blades"],"picked":"Quick Slash","floor":25},{"not_picked":["Bane","Backstab","Blade Dance"],"picked":"SKIP","floor":27},{"not_picked":["Quick Slash+1","Infinite Blades","Escape Plan"],"picked":"SKIP","floor":29},{"not_picked":["Unload","Outmaneuver"],"picked":"Calculated Gamble","floor":30}],"player_experience":499268,"relics_obtained":[{"floor":8,"key":"The Courier"},{"floor":12,"key":"Pear"},{"floor":24,"key":"White Beast Statue"},{"floor":26,"key":"Tiny Chest"},{"floor":30,"key":"Nunchaku"}],"event_choices":[{"damage_healed":0,"gold_gain":0,"player_choice":"Paid Gold","damage_taken":0,"relics_obtained":["Art of War"],"max_hp_gain":0,"max_hp_loss":0,"event_name":"WeMeetAgain","floor":2,"gold_loss":55},{"damage_healed":0,"gold_gain":0,"player_choice":"Upgraded Two","damage_taken":0,"max_hp_gain":0,"max_hp_loss":0,"event_name":"Designer","floor":20,"gold_loss":40,"cards_upgraded":["Strike_G","Defend_G"]},{"damage_healed":0,"gold_gain":0,"player_choice":"Became a Ghost","damage_taken":0,"max_hp_gain":0,"max_hp_loss":40,"event_name":"Ghosts","floor":22,"gold_loss":0,"cards_obtained":["Ghostly","Ghostly","Ghostly","Ghostly","Ghostly"]}],"is_beta":false,"boss_relics":[{"not_picked":["Busted Crown","Fusion Hammer"],"picked":"Velvet Choker"}],"items_purged_floors":[],"is_endless":false,"potions_floor_spawned":[6,8,13,14,19,25,27,29,30],"killed_by":"3 Cultists","ascension_level":0}}