{"host":"7sni158j623xchr2","time":1611357143,"event":{"mods":["BaseMod","Colored Map","Highlight Path","Minty Spire (QoL Compilation)","Permanent Neow","Potion Indicator Mod","Rare Cards Sparkle","Relic Sorter","Relic Stats","StSLib","everything is the same but u backflip on backflip"],"gold_per_floor":[115,115,128,141,153,153,182,197,250,250,281,62,75,100,100,197,197,211,13,13,25,25,25,57,57,57,83,42,42,52,70,70,174,174,184,41,41,41,58,58,91,110,110,110,110,110,124,5,5,5,5,5,5,33,33],"floor_reached":56,"language":"ENG","playtime":1610,"items_purged":["Defend_B","Hello World+1"],"score":1326,"play_id":"dcaef0cf-1a7c-44e1-949b-4a9460f4f8f6","local_time":"20210122171223","is_ascension_mode":true,"campfire_choices":[{"floor":6,"key":"RECALL"},{"floor":10,"key":"REST"},{"floor":15,"key":"REST"},{"floor":23,"key":"REST"},{"floor":25,"key":"REST"},{"floor":29,"key":"REST"},{"floor":32,"key":"REST"},{"floor":40,"key":"REST"},{"floor":44,"key":"REST"},{"floor":49,"key":"REST"},{"floor":52,"key":"REST"}],"circlet_count":0,"master_deck":["Zap+1","Dualcast","Cold Snap","Ball Lightning","Genetic Algorithm","Defragment+1","Heatsinks+1","Electrodynamics+1","Biased Cognition+1","Core Surge","Core Surge","Lockon","Self Repair+1","Cold Snap+1","Melter","Glacier+1","Seek","White Noise+1","Loop+1","Dark Shackles+1","Master of Strategy","Go for the Eyes+1","Undo+1"],"relics":["Fusion Hammer","Frozen Egg 2","Pen Nib","Runic Capacitor","Omamori","Pandora\u0027s Box","Singing Bowl","The Courier","Philosopher\u0027s Stone","DataDisk","Ornamental Fan","Mercury Hourglass","Bag of Preparation","War Paint"],"acts_visited":["Exordium","TheCity","TheBeyond","TheEnding"],"potions_floor_usage":[7,14,16,47,55,55,55],"damage_taken":[{"damage":0,"enemies":"2 Louse","floor":1,"turns":3},{"damage":1,"enemies":"Cultist","floor":3,"turns":4},{"damage":7,"enemies":"Jaw Worm","floor":4,"turns":3},{"damage":7,"enemies":"Exordium Thugs","floor":5,"turns":4},{"damage":12,"enemies":"Lagavulin","floor":7,"turns":8},{"damage":28,"enemies":"Exordium Wildlife","floor":8,"turns":4},{"damage":13,"enemies":"3 Sentries","floor":11,"turns":6},{"damage":2,"enemies":"3 Louse","floor":13,"turns":3},{"damage":18,"enemies":"Gremlin Nob","floor":14,"turns":4},{"damage":10,"enemies":"The Guardian","floor":16,"turns":8},{"damage":0,"enemies":"3 Byrds","floor":18,"turns":2},{"damage":12,"enemies":"Shell Parasite","floor":21,"turns":3},{"damage":6,"enemies":"Gremlin Leader","floor":24,"turns":4},{"damage":29,"enemies":"Slavers","floor":27,"turns":2},{"damage":10,"enemies":"Shelled Parasite and Fungi","floor":30,"turns":4},{"damage":5,"enemies":"Chosen and Byrds","floor":31,"turns":3},{"damage":13,"enemies":"Collector","floor":33,"turns":5},{"damage":24,"enemies":"3 Shapes","floor":35,"turns":2},{"damage":17,"enemies":"3 Darklings","floor":39,"turns":4},{"damage":64,"enemies":"Nemesis","floor":41,"turns":4},{"damage":12,"enemies":"Jaw Worm Horde","floor":42,"turns":3},{"damage":2,"enemies":"Spire Growth","floor":47,"turns":4},{"damage":6,"enemies":"Donu and Deca","floor":50,"turns":5},{"damage":0,"enemies":"Shield and Spear","floor":54,"turns":3},{"damage":12,"enemies":"The Heart","floor":55,"turns":8}],"seed_played":"-3219011894927112863","potions_obtained":[{"floor":3,"key":"PotionOfCapacity"},{"floor":8,"key":"Weak Potion"},{"floor":13,"key":"SpeedPotion"},{"floor":21,"key":"Strength Potion"},{"floor":42,"key":"FocusPotion"},{"floor":54,"key":"EssenceOfSteel"}],"is_trial":false,"path_per_floor":["M","?","M","M","M","R","E","M","T","R","E","$","M","E","R","B",null,"M","$","?","M","?","R","E","R","T","E","$","R","M","M","R","B",null,"M","$","?","?","M","R","E","M","T","R","?","?","M","$","R","B",null,"R","$","E","B",null],"character_chosen":"DEFECT","items_purchased":["Runic Capacitor","Strength Potion","SkillPotion","FocusPotion","DataDisk","Loop+1","Bag of Preparation"],"campfire_rested":10,"item_purchase_floors":[12,19,19,28,36,36,48],"current_hp_per_floor":[75,75,74,67,60,60,48,20,20,42,29,29,27,9,31,21,75,75,75,75,73,73,75,77,77,77,60,60,79,81,81,81,78,81,67,67,59,59,54,78,24,22,22,46,46,46,56,56,80,83,83,83,83,85,83],"gold":33,"neow_bonus":"BOSS_RELIC","is_daily":false,"chose_seed":false,"campfire_upgraded":0,"win_rate":0.0,"timestamp":1611357143,"path_taken":["M","?","M","M","M","R","E","?","T","R","E","$","M","E","R","BOSS","M","$","?","?","?","R","E","R","T","E","$","R","M","M","R","BOSS","M","$","?","?","M","R","E","M","T","R","?","?","M","$","R","BOSS","R","$","E","BOSS"],"items_purchased_type":["Relic","Potion","Potion","Potion","Relic","Card","Relic"],"build_version":"2020-12-22","purchased_purges":2,"victory":true,"max_hp_per_floor":[75,75,75,75,75,75,75,75,75,75,75,75,75,75,75,75,75,75,75,75,75,75,75,77,77,77,79,79,79,81,81,81,81,81,81,81,83,79,81,81,81,81,81,81,81,81,83,83,83,83,83,83,83,85,85],"relic_stats":{"Singing Bowl":14,"counters":[25,103],"Ornamental Fan":[44],"Pandora\u0027s Box":["Rainbow","Core Surge","Core Surge","Chill","Hello World","Lockon","Self Repair"],"Pen Nib":[12],"Bag of Preparation":[6],"War Paint":["Dark Shackles","Glacier"],"obtain_stats":[{"Singing Bowl":24,"Pen Nib":9,"The Courier":27,"Runic Capacitor":12,"Omamori":14,"Bag of Preparation":48,"Frozen Egg 2":7,"War Paint":54,"Mercury Hourglass":43,"DataDisk":36,"Ornamental Fan":41,"Pandora\u0027s Box":17,"Philosopher\u0027s Stone":34,"Fusion Hammer":0,"Cracked Core":0},{"Singing Bowl":13,"Pen Nib":6,"The Courier":14,"Runic Capacitor":7,"Omamori":9,"Bag of Preparation":22,"Frozen Egg 2":5,"War Paint":24,"Mercury Hourglass":21,"DataDisk":18,"Ornamental Fan":20,"Pandora\u0027s Box":10,"Philosopher\u0027s Stone":17,"Fusion Hammer":0,"Cracked Core":0},{"Singing Bowl":56,"Pen Nib":26,"The Courier":58,"Runic Capacitor":32,"Omamori":39,"Bag of Preparation":87,"Frozen Egg 2":22,"War Paint":95,"Mercury Hourglass":83,"DataDisk":72,"Ornamental Fan":80,"Pandora\u0027s Box":47,"Philosopher\u0027s Stone":70,"Fusion Hammer":0,"Cracked Core":0}],"Mercury Hourglass":[66]},"card_choices":[{"not_picked":["Leap","Steam","Hologram"],"picked":"SKIP","floor":1},{"not_picked":["Stack","Blizzard"],"picked":"Cold Snap","floor":3},{"not_picked":["Leap","Steam"],"picked":"Ball Lightning","floor":4},{"not_picked":["Double Energy","Hologram"],"picked":"Genetic Algorithm","floor":5},{"not_picked":["Stack","Melter"],"picked":"Defragment+1","floor":7},{"not_picked":["Compile Driver","Barrage"],"picked":"Heatsinks+1","floor":8},{"not_picked":["Genetic Algorithm","Chill","Auto Shields"],"picked":"SKIP","floor":11},{"not_picked":["Compile Driver","Redo"],"picked":"Electrodynamics+1","floor":13},{"not_picked":["Steam Power","Tempest","Gash"],"picked":"SKIP","floor":14},{"not_picked":["Machine Learning+1","Buffer+1"],"picked":"Biased Cognition+1","floor":16},{"not_picked":["Go for the Eyes","Capacitor+1","Tempest"],"picked":"SKIP","floor":18},{"not_picked":["Capacitor+1","Redo"],"picked":"Cold Snap+1","floor":21},{"not_picked":["Capacitor+1","Multi-Cast","Hologram"],"picked":"Singing Bowl","floor":24},{"not_picked":["Blizzard","Hologram","Aggregate"],"picked":"Singing Bowl","floor":27},{"not_picked":["Capacitor+1","Turbo","Cold Snap"],"picked":"Singing Bowl","floor":30},{"not_picked":["Cold Snap","Ball Lightning"],"picked":"Consume","floor":31},{"not_picked":["Meteor Strike","All For One"],"picked":"Seek","floor":33},{"not_picked":["Hologram+1","Barrage+1"],"picked":"White Noise+1","floor":35},{"not_picked":["Enlightenment","Secret Technique","Panacea"],"picked":"Singing Bowl","floor":37},{"not_picked":["Jack Of All Trades","Dramatic Entrance"],"picked":"Dark Shackles","floor":37},{"not_picked":["Secret Technique","Jack Of All Trades"],"picked":"Master of Strategy","floor":37},{"not_picked":["Leap","Lockon","Recycle+1"],"picked":"Singing Bowl","floor":39},{"not_picked":["Cold Snap+1","Steam Power+1"],"picked":"Go for the Eyes+1","floor":41},{"not_picked":["Conserve Battery+1","Leap"],"picked":"Undo+1","floor":42},{"not_picked":["Self Repair+1","Reprogram+1","Ball Lightning+1"],"picked":"Singing Bowl","floor":47},{"not_picked":["Darkness+1","Chaos+1","Hello World+1"],"picked":"Singing Bowl","floor":54}],"player_experience":1677954,"relics_obtained":[{"floor":7,"key":"Frozen Egg 2"},{"floor":9,"key":"Pen Nib"},{"floor":14,"key":"Omamori"},{"floor":24,"key":"Singing Bowl"},{"floor":27,"key":"The Courier"},{"floor":41,"key":"Ornamental Fan"},{"floor":43,"key":"Mercury Hourglass"},{"floor":54,"key":"War Paint"}],"event_choices":[{"damage_healed":0,"gold_gain":0,"player_choice":"Upgraded","damage_taken":0,"max_hp_gain":0,"max_hp_loss":0,"event_name":"Upgrade Shrine","floor":2,"gold_loss":0,"cards_upgraded":["Zap"]},{"damage_healed":0,"gold_gain":0,"cards_transformed":["Rainbow"],"player_choice":"Transformed","damage_taken":0,"max_hp_gain":0,"max_hp_loss":0,"event_name":"Transmorgrifier","floor":20,"gold_loss":0,"cards_obtained":["Capacitor"]},{"damage_healed":0,"gold_gain":0,"cards_transformed":["Capacitor","Chill"],"player_choice":"Became Test Subject","damage_taken":0,"max_hp_gain":0,"max_hp_loss":0,"event_name":"Drug Dealer","floor":22,"gold_loss":0,"cards_obtained":["Melter","Glacier"]},{"damage_healed":0,"gold_gain":0,"player_choice":"Memory 3","damage_taken":10,"max_hp_gain":0,"max_hp_loss":0,"event_name":"SensoryStone","floor":37,"gold_loss":0},{"damage_healed":0,"gold_gain":0,"player_choice":"Max HP","damage_taken":0,"max_hp_gain":0,"max_hp_loss":4,"event_name":"Winding Halls","floor":38,"gold_loss":0},{"cards_removed":["Consume"],"damage_healed":0,"gold_gain":0,"player_choice":"Removed Skill","damage_taken":0,"max_hp_gain":0,"max_hp_loss":0,"event_name":"Falling","floor":45,"gold_loss":0},{"damage_healed":0,"gold_gain":0,"player_choice":"Ignored","damage_taken":0,"max_hp_gain":0,"max_hp_loss":0,"event_name":"SecretPortal","floor":46,"gold_loss":0}],"is_beta":false,"boss_relics":[{"not_picked":["SlaversCollar","Empty Cage"],"picked":"Pandora\u0027s Box"},{"not_picked":["Velvet Choker","Snecko Eye"],"picked":"Philosopher\u0027s Stone"}],"items_purged_floors":[12,19],"is_endless":false,"potions_floor_spawned":[3,8,13,21,30,31,39,42,54],"ascension_level":2}}