{"host":"z4nt7tdd4gjrinn7","time":1611281222,"event":{"mods":["100% Spire Juice","BaseMod","Minty Spire (QoL Compilation)","StS++","StSLib","The Hierophant"],"gold_per_floor":[213,223,142,102,117,117,144,0,47,0,0,14,14,14,14,113,113,130,130,148,97,116,116,128,128,128],"floor_reached":25,"language":"ENG","playtime":1802,"items_purged":[],"score":201,"play_id":"b526e253-2d55-4a21-a2f1-47f1f3a54b2e","local_time":"20210121210702","is_ascension_mode":false,"campfire_choices":[{"floor":6,"key":"REST"},{"floor":13,"key":"REST"},{"floor":15,"key":"REST"},{"floor":23,"key":"REST"}],"circlet_count":0,"master_deck":["Strike_B","Strike_B","Strike_B","Strike_B","Defend_B","Defend_B","Defend_B","Defend_B","Zap","Dualcast","Cold Snap","Go for the Eyes","Capacitor","Aggregate","Genetic Algorithm","Coolheaded","Compile Driver","Biased Cognition","Conserve Battery","Gash","Gash","Turbo+1","Gash"],"relics":["Cracked Core","StSpp:BackupBattery","Sling","Pen Nib","SacredBark","Nunchaku"],"acts_visited":["Exordium","TheCity"],"potions_floor_usage":[12,16,16,18,22],"damage_taken":[{"damage":5,"enemies":"2 Louse","floor":1,"turns":3},{"damage":0,"enemies":"Cultist","floor":2,"turns":4},{"damage":3,"enemies":"Small Slimes","floor":5,"turns":3},{"damage":49,"enemies":"Gremlin Nob","floor":7,"turns":6},{"damage":10,"enemies":"Blue Slaver","floor":12,"turns":4},{"damage":14,"enemies":"Slime Boss","floor":16,"turns":16},{"damage":34,"enemies":"Spheric Guardian","floor":18,"turns":6},{"damage":3,"enemies":"Chosen","floor":20,"turns":5},{"damage":17,"enemies":"Snecko","floor":22,"turns":5},{"damage":32,"enemies":"Snake Plant","floor":24,"turns":5},{"damage":19,"enemies":"Sentry and Sphere","floor":25,"turns":3}],"seed_played":"5384534741149193817","potions_obtained":[{"floor":4,"key":"FocusPotion"},{"floor":4,"key":"FocusPotion"},{"floor":4,"key":"StSpp:InhibitionPotion"},{"floor":5,"key":"SteroidPotion"},{"floor":7,"key":"Regen Potion"},{"floor":12,"key":"Weak Potion"},{"floor":16,"key":"SkillPotion"},{"floor":18,"key":"ColorlessPotion"}],"is_trial":false,"path_per_floor":["M","M","$","?","M","R","E","$","T","$","?","M","R","?","R","B",null,"M","?","M","$","M","R","M","M"],"character_chosen":"DEFECT","items_purchased":["Capacitor","Sling","Coolheaded","Gash"],"campfire_rested":4,"item_purchase_floors":[3,8,10,21],"current_hp_per_floor":[70,70,70,70,67,75,26,26,26,26,31,30,54,54,78,64,80,46,46,43,43,26,50,18,0,0],"gold":128,"neow_bonus":"HUNDRED_GOLD","is_daily":false,"chose_seed":false,"campfire_upgraded":0,"win_rate":0.0,"timestamp":1611281222,"path_taken":["M","M","$","?","?","R","E","$","T","?","?","M","R","?","R","BOSS","M","?","M","?","M","R","M","M"],"items_purchased_type":["Card","Relic","Card","Card"],"build_version":"2020-12-22","purchased_purges":0,"victory":false,"max_hp_per_floor":[75,75,75,75,75,75,75,75,75,75,80,80,80,80,80,80,80,80,80,80,80,80,80,80,80,80],"card_choices":[{"not_picked":["Ball Lightning","Coolheaded"],"picked":"Cold Snap","floor":1},{"not_picked":["Coolheaded","Fusion"],"picked":"Go for the Eyes","floor":2},{"not_picked":["StSpp:Pointer","Tempest"],"picked":"Aggregate","floor":5},{"not_picked":["Reinforced Body","Compile Driver"],"picked":"Genetic Algorithm","floor":7},{"not_picked":["Reprogram","Aggregate"],"picked":"Compile Driver","floor":12},{"not_picked":["Rainbow","Buffer"],"picked":"Biased Cognition","floor":16},{"not_picked":["Reprogram","Barrage"],"picked":"Conserve Battery","floor":18},{"not_picked":["Go for the Eyes+1","Aggregate"],"picked":"Gash","floor":20},{"not_picked":["StSpp:Channeliser+1","Coolheaded+1"],"picked":"Turbo+1","floor":22},{"not_picked":["Hologram","Go for the Eyes"],"picked":"Gash","floor":24}],"player_experience":157676,"relics_obtained":[{"floor":7,"key":"StSpp:BackupBattery"},{"floor":9,"key":"Pen Nib"}],"event_choices":[{"damage_healed":0,"gold_gain":0,"player_choice":"Bought 3 Potions","damage_taken":0,"max_hp_gain":0,"max_hp_loss":0,"event_name":"The Woman in Blue","floor":4,"gold_loss":0},{"damage_healed":0,"gold_gain":0,"player_choice":"Donut","damage_taken":0,"max_hp_gain":5,"max_hp_loss":0,"event_name":"Big Fish","floor":11,"gold_loss":0},{"damage_healed":0,"gold_gain":0,"player_choice":"Ignored","damage_taken":0,"max_hp_gain":0,"max_hp_loss":0,"event_name":"Shining Light","floor":14,"gold_loss":0},{"damage_healed":0,"gold_gain":0,"player_choice":"Gave Potion","damage_taken":0,"relics_obtained":["Nunchaku"],"max_hp_gain":0,"max_hp_loss":0,"event_name":"WeMeetAgain","floor":19,"gold_loss":0}],"is_beta":false,"boss_relics":[{"not_picked":["Sozu","Coffee Dripper"],"picked":"SacredBark"}],"items_purged_floors":[],"is_endless":false,"potions_floor_spawned":[5,7,12,16,18],"killed_by":"Sentry and Sphere","ascension_level":0}}