{"host":"qnw6fh3z6mhgqap2","time":1611348838,"event":{"mods":["BaseMod","Downfall","Minty Spire (QoL Compilation)","Quick Restart","Replay The Spire","StSLib","SuperFastMode"],"gold_per_floor":[119,136,136,152,162,194,40,40,120,146,221,249,261,289,289,386,386,403,403,55,72,88,114,124,150,150,160,160,194,208,223,223,327,327,347,347,361,361,411,411,411],"floor_reached":40,"language":"ENG","playtime":2819,"items_purged":[],"score":578,"play_id":"550a1ac7-23f8-4f9e-99ca-a8e2b2b49425","local_time":"20210122215358","is_ascension_mode":true,"campfire_choices":[{"data":"Madness","floor":8,"key":"SMITH"},{"floor":15,"key":"REST"},{"floor":32,"key":"REST"}],"circlet_count":0,"master_deck":["Strike_R+1","Strike_R","Strike_R+1","Strike_R","Defend_R","Defend_R","Bash","Madness+1","Flex+1","Headbutt","ReplayTheSpireMod:Stacked","Rage","Inflame","Bludgeon","Pummel","Anger","Rampage","Fire Breathing","Replay:Many Hands","Twin Strike","Clash","Berserk","Mayhem","Ghostly Armor+1","Shrug It Off+1","Second Wind+1","Iron Wave+1","Bloodletting+1","Barricade+1","Headbutt+1","Thunderclap+1","Entrench","Feed","Second Wind+1","Run Through+1","ReplayTheSpireMod:Strike From Hell+1","Carnage+1","Armaments+1","Infernal Blade+1"],"relics":["Burning Blood","Prayer Wheel","Red Skull","ReplayTheSpireMod:Shallot","Simple Rune","PreservedInsect","Vajra","ChewingGum","Mango","Juzu Bracelet","Bag of Preparation","Replay:Accelerometer","Anchor","Astrolabe","WingedGreaves"],"acts_visited":["Exordium","TheCity","TheBeyond"],"potions_floor_usage":[12,14,14,21,25,31,33,33,33,40],"damage_taken":[{"damage":10,"enemies":"Jaw Worm","floor":1,"turns":5},{"damage":5,"enemies":"Cultist","floor":2,"turns":4},{"damage":0,"enemies":"Small Slimes","floor":4,"turns":2},{"damage":10,"enemies":"3 Louse","floor":5,"turns":4},{"damage":36,"enemies":"Lagavulin","floor":6,"turns":5},{"damage":23,"enemies":"3 Sentries","floor":10,"turns":8},{"damage":20,"enemies":"Lagavulin","floor":12,"turns":5},{"damage":0,"enemies":"Gremlin Gang","floor":13,"turns":4},{"damage":0,"enemies":"Gremlin Nob","floor":14,"turns":2},{"damage":36,"enemies":"Fading Forest","floor":16,"turns":11},{"damage":1,"enemies":"Spheric Guardian","floor":18,"turns":3},{"damage":5,"enemies":"3 Byrds","floor":21,"turns":5},{"damage":9,"enemies":"Cultist and Chosen","floor":22,"turns":5},{"damage":29,"enemies":"Slavers","floor":23,"turns":4},{"damage":6,"enemies":"Snecko","floor":24,"turns":4},{"damage":32,"enemies":"Replay:Snechameleon","floor":25,"turns":6},{"damage":10,"enemies":"Centurion and Healer","floor":27,"turns":5},{"damage":5,"enemies":"Slavers","floor":29,"turns":3},{"damage":3,"enemies":"3 Cultists","floor":30,"turns":3},{"damage":19,"enemies":"Snake Plant","floor":31,"turns":3},{"damage":37,"enemies":"Collector","floor":33,"turns":7},{"damage":18,"enemies":"Orb Walker","floor":35,"turns":4},{"damage":41,"enemies":"3 Darklings","floor":37,"turns":6},{"damage":24,"enemies":"Mind Bloom Boss Battle","floor":39,"turns":5},{"damage":39,"enemies":"Reptomancer","floor":40,"turns":3}],"seed_played":"-8795673585949212274","potions_obtained":[{"floor":1,"key":"hexamod:SoulburnPotion"},{"floor":6,"key":"Explosive Potion"},{"floor":10,"key":"LiquidBronze"},{"floor":16,"key":"LiquidBronze"},{"floor":18,"key":"DistilledChaos"},{"floor":22,"key":"Swift Potion"},{"floor":24,"key":"sneckomod:MuddlingPotion"},{"floor":29,"key":"champ:CounterPotion"},{"floor":31,"key":"Cursed Concoction"},{"floor":39,"key":"Flashbang"}],"is_trial":false,"path_per_floor":["M","M","?","M","M","E","$","R","T","E","?","E","M","E","R","B",null,"M","T","$","M","M","E","M","E","T","M","?","E","M","M","R","B",null,"M","?","M","?","?","E"],"character_chosen":"IRONCLAD","items_purchased":["Red Skull","Berserk","Mayhem"],"campfire_rested":2,"item_purchase_floors":[7,20,20],"current_hp_per_floor":[76,77,77,80,76,46,46,46,46,29,21,7,13,19,43,37,80,80,94,94,94,91,68,68,42,42,38,19,20,23,10,39,8,99,87,87,52,52,37,0,0],"gold":411,"neow_bonus":"RANDOM_COLORLESS","is_daily":false,"chose_seed":false,"campfire_upgraded":1,"win_rate":0.0,"timestamp":1611348838,"path_taken":["M","M","?","?","M","E","$","R","T","E","?","E","?","E","R","BOSS","M","?","$","?","M","E","M","E","T","M","?","E","M","M","R","BOSS","M","?","M","?","?","E"],"items_purchased_type":["Relic","Card","Card"],"build_version":"2020-12-22","purchased_purges":0,"victory":false,"max_hp_per_floor":[80,80,80,80,80,80,80,80,80,80,80,80,80,80,80,80,80,80,94,94,94,94,94,94,94,94,94,99,99,99,99,99,99,99,99,99,99,99,102,102,102],"card_choices":[{"not_picked":["ReplayTheSpireMod:Private Reserves","Discovery"],"picked":"Madness","floor":0},{"not_picked":["Perfected Strike","Body Slam"],"picked":"Flex","floor":1},{"not_picked":["Perfected Strike","True Grit"],"picked":"Headbutt","floor":2},{"not_picked":["Headbutt","Replay:Undeath\u0027s Touch"],"picked":"ReplayTheSpireMod:Stacked","floor":4},{"not_picked":["Anger","Pommel Strike"],"picked":"Rage","floor":5},{"not_picked":["Anger","Power Through"],"picked":"Inflame","floor":6},{"not_picked":["Defy Death","Clash"],"picked":"Bludgeon","floor":10},{"not_picked":["Thunderclap","Intimidate"],"picked":"Pummel","floor":12},{"not_picked":["ReplayTheSpireMod:Strike From Hell","Havoc"],"picked":"Anger","floor":13},{"not_picked":["Wild Strike","Warcry"],"picked":"Rampage","floor":13},{"not_picked":["Anger","Dropkick"],"picked":"Fire Breathing","floor":14},{"not_picked":["Juggernaut","Reaper"],"picked":"Replay:Many Hands","floor":16},{"not_picked":["Wild Strike","Shockwave"],"picked":"Twin Strike","floor":18},{"not_picked":["Blood for Blood","Twin Strike"],"picked":"Clash","floor":18},{"not_picked":["ReplayTheSpireMod:Strike From Hell","Combust"],"picked":"Ghostly Armor+1","floor":21},{"not_picked":["Searing Blow","Thunderclap","Corruption"],"picked":"SKIP","floor":21},{"not_picked":["Anger","True Grit"],"picked":"Shrug It Off+1","floor":22},{"not_picked":["Thunderclap+1","Perfected Strike+1"],"picked":"Second Wind+1","floor":22},{"not_picked":["ReplayTheSpireMod:Stacked","Heavy Blade"],"picked":"Iron Wave+1","floor":23},{"not_picked":["Thunderclap","Anger"],"picked":"Bloodletting+1","floor":24},{"not_picked":["Flex+1","Second Wind+1"],"picked":"Barricade","floor":24},{"not_picked":["Bludgeon","Replay:Undeath\u0027s Touch","ReplayReversal"],"picked":"SKIP","floor":25},{"not_picked":["Cleave","Sever Soul"],"picked":"Headbutt+1","floor":27},{"not_picked":["Cleave","Fire Breathing+1"],"picked":"Thunderclap+1","floor":27},{"not_picked":["Shockwave","Barricade"],"picked":"Entrench","floor":29},{"not_picked":["Sever Soul","Flex","ReplayTheSpireMod:Corrosion Curse"],"picked":"SKIP","floor":30},{"not_picked":["Twin Strike","Run Through+1","Shockwave"],"picked":"SKIP","floor":30},{"not_picked":["Shrug It Off","Twin Strike","Warcry"],"picked":"SKIP","floor":31},{"not_picked":["Combust","Fire Breathing","Anger"],"picked":"SKIP","floor":31},{"not_picked":["Brutality","Reaper"],"picked":"Feed","floor":33},{"not_picked":["Disarm","Combust+1"],"picked":"Carnage+1","floor":35},{"not_picked":["Intimidate","ReplayReversal+1","Searing Blow+1"],"picked":"SKIP","floor":35},{"not_picked":["Massacre","ReplayTheSpireMod:Strike From Hell+1"],"picked":"Armaments+1","floor":37},{"not_picked":["Twin Strike+1","Ghostly Armor+1","Wild Strike"],"picked":"SKIP","floor":37},{"not_picked":["Heavy Blade","Thunderclap"],"picked":"Infernal Blade+1","floor":39}],"player_experience":151548,"relics_obtained":[{"floor":6,"key":"Prayer Wheel"},{"floor":9,"key":"ReplayTheSpireMod:Shallot"},{"floor":10,"key":"Simple Rune"},{"floor":12,"key":"PreservedInsect"},{"floor":14,"key":"Vajra"},{"floor":19,"key":"Mango"},{"floor":23,"key":"Juzu Bracelet"},{"floor":25,"key":"Bag of Preparation"},{"floor":26,"key":"Replay:Accelerometer"},{"floor":29,"key":"Anchor"},{"floor":39,"key":"WingedGreaves"}],"event_choices":[{"damage_healed":0,"gold_gain":0,"player_choice":"Upgraded","damage_taken":0,"max_hp_gain":0,"max_hp_loss":0,"event_name":"Upgrade Shrine","floor":3,"gold_loss":0,"cards_upgraded":["Flex"]},{"damage_healed":0,"gold_gain":75,"player_choice":"Touch","damage_taken":8,"max_hp_gain":0,"max_hp_loss":0,"event_name":"FaceTrader","floor":11,"gold_loss":0},{"damage_healed":0,"gold_gain":0,"player_choice":"Shed Blood","damage_taken":24,"max_hp_gain":5,"max_hp_loss":0,"event_name":"Forgotten Altar","floor":28,"gold_loss":0},{"damage_healed":0,"gold_gain":0,"player_choice":"Ignored","damage_taken":0,"max_hp_gain":0,"max_hp_loss":0,"event_name":"Tomb of Lord Red Mask","floor":36,"gold_loss":0},{"damage_healed":0,"gold_gain":0,"player_choice":"Forge","damage_taken":0,"max_hp_gain":0,"max_hp_loss":0,"event_name":"Accursed Blacksmith","floor":38,"gold_loss":0,"cards_upgraded":["Barricade"]},{"damage_healed":0,"gold_gain":0,"player_choice":"Fight","damage_taken":0,"max_hp_gain":0,"max_hp_loss":0,"event_name":"MindBloom","floor":39,"gold_loss":0}],"is_beta":false,"boss_relics":[{"not_picked":["Runic Cube","Fusion Hammer"],"picked":"ChewingGum"},{"not_picked":["Kintsugi","Empty Cage"],"picked":"Astrolabe"}],"items_purged_floors":[],"is_endless":false,"potions_floor_spawned":[1,6,10,16,18,22,24,29,31,39],"killed_by":"Reptomancer","ascension_level":1}}