{"host":"9kesdg97wkrx2bva","time":1611340459,"event":{"mods":["AchievementEnabler","BaseMod","Colored Map","GifTheSpireLib","Infinite Spire","Minty Spire (QoL Compilation)","Replay The Spire","StSLib"],"gold_per_floor":[118,41,56,71,71,96,96,96,96],"floor_reached":8,"language":"ENG","playtime":254,"items_purged":[],"score":101,"play_id":"94614f9e-d9ca-47f3-be9b-fa5d770f3508","local_time":"20210122123419","is_ascension_mode":true,"campfire_choices":[{"data":"Deadly Poison","floor":7,"key":"SMITH"}],"circlet_count":0,"master_deck":["AscendersBane","Strike_G","Strike_G","Strike_G","Strike_G","Strike_G+1","Defend_G","Defend_G","Defend_G","Defend_G","Defend_G","Survivor","Neutralize+1","Underhanded Strike","Deadly Poison+1","Underhanded Strike","Poisoned Stab","Infinite Blades+1","Deadly Poison"],"relics":["Ring of the Snake","infinitespire:BottledMercury"],"acts_visited":["Exordium"],"potions_floor_usage":[6,8,8],"damage_taken":[{"damage":0,"enemies":"Cultist","floor":1,"turns":6},{"damage":0,"enemies":"Small Slimes","floor":3,"turns":4},{"damage":2,"enemies":"2 Louse","floor":4,"turns":2},{"damage":16,"enemies":"Gremlin Nob","floor":6,"turns":4},{"damage":28,"enemies":"3 Sentries","floor":8,"turns":4}],"seed_played":"-2766564455943676238","potions_obtained":[{"floor":3,"key":"FearPotion"},{"floor":4,"key":"Adrenaline Potion"},{"floor":6,"key":"Swift Potion"}],"is_trial":false,"path_per_floor":["M","$","M","M","?","E","R","E"],"character_chosen":"THE_SILENT","items_purchased":["Deadly Poison","Underhanded Strike"],"campfire_rested":0,"item_purchase_floors":[2,2],"current_hp_per_floor":[59,59,59,57,37,21,21,0,0],"gold":96,"neow_bonus":"UPGRADE_CARD","is_daily":false,"chose_seed":false,"campfire_upgraded":1,"win_rate":0.0,"timestamp":1611340459,"path_taken":["M","$","M","M","?","E","R","E"],"items_purchased_type":["Card","Card"],"build_version":"2020-12-22","purchased_purges":0,"victory":false,"max_hp_per_floor":[66,66,66,66,66,66,66,66,66],"card_choices":[{"not_picked":["Cloak And Dagger","Outmaneuver"],"picked":"Underhanded Strike","floor":1},{"not_picked":["Endless Agony","Flying Knee"],"picked":"Poisoned Stab","floor":3},{"not_picked":["Endless Agony","Dagger Spray"],"picked":"Infinite Blades","floor":4},{"not_picked":["A Thousand Cuts","Tactician"],"picked":"Deadly Poison","floor":6}],"player_experience":956007,"relics_obtained":[{"floor":6,"key":"infinitespire:BottledMercury"}],"event_choices":[{"damage_healed":0,"gold_gain":0,"player_choice":"Entered Light","damage_taken":20,"max_hp_gain":0,"max_hp_loss":0,"event_name":"Shining Light","floor":5,"gold_loss":0,"cards_upgraded":["Strike_G","Infinite Blades"]}],"is_beta":false,"boss_relics":[],"items_purged_floors":[],"is_endless":false,"potions_floor_spawned":[3,4,6],"killed_by":"3 Sentries","ascension_level":16}}