{"host":"97e98znyvgp3tx0i","time":1611290395,"event":{"mods":["AchievementEnabler","BaseMod","Colored Powertips","Googly Eyes","Highlight Path","Minty Spire (QoL Compilation)","Quick Restart"],"gold_per_floor":[115,290,107,121,121,121,138,166,166,19,19,51,12,22,22,126,126,145,145,145,145,161,161,161],"floor_reached":23,"language":"ENG","playtime":1589,"items_purged":["Doubt"],"score":244,"play_id":"939bbce4-18b2-49cb-8930-2f4e4b8b3c71","local_time":"20210121223955","is_ascension_mode":true,"campfire_choices":[{"data":"Fasting2","floor":6,"key":"SMITH"},{"data":"DeusExMachina","floor":11,"key":"SMITH"},{"data":"WaveOfTheHand","floor":15,"key":"SMITH"}],"circlet_count":0,"master_deck":["Strike_P","Strike_P","Strike_P","Strike_P","Defend_P","Defend_P","Defend_P","Defend_P","Eruption","Vigilance","Tantrum","Fasting2+1","CrushJoints","WaveOfTheHand+1","EmptyBody","Perseverance","CarveReality","DeusExMachina+1","Consecrate","Perseverance","DeceiveReality","Devotion","Crescendo","TalkToTheHand"],"relics":["PureWater","Pocketwatch","Meat on the Bone","GoldenEye","SlaversCollar","Nilry\u0027s Codex"],"acts_visited":["Exordium","TheCity"],"potions_floor_usage":[8,16,16,23],"damage_taken":[{"damage":0,"enemies":"Small Slimes","floor":1,"turns":2},{"damage":0,"enemies":"2 Louse","floor":4,"turns":2},{"damage":0,"enemies":"Cultist","floor":7,"turns":2},{"damage":3,"enemies":"3 Sentries","floor":8,"turns":4},{"damage":0,"enemies":"Lagavulin","floor":12,"turns":3},{"damage":0,"enemies":"Large Slime","floor":14,"turns":3},{"damage":44,"enemies":"Hexaghost","floor":16,"turns":6},{"damage":2,"enemies":"3 Byrds","floor":18,"turns":4},{"damage":44,"enemies":"Spheric Guardian","floor":22,"turns":4},{"damage":18,"enemies":"Slavers","floor":23,"turns":1}],"seed_played":"7738519887867282517","potions_obtained":[{"floor":1,"key":"Ancient Potion"},{"floor":4,"key":"Fire Potion"},{"floor":12,"key":"FearPotion"},{"floor":14,"key":"Regen Potion"},{"floor":22,"key":"Block Potion"}],"is_trial":false,"path_per_floor":["M","?","$","M","?","R","M","E","T","$","R","E","$","M","R","B",null,"M","?","?","?","M","E"],"character_chosen":"WATCHER","items_purchased":["Fasting2","CrushJoints","CarveReality","DeusExMachina","Perseverance"],"campfire_rested":0,"item_purchase_floors":[3,3,10,10,13],"current_hp_per_floor":[79,79,79,79,79,79,79,76,76,76,76,76,76,76,76,44,79,77,61,61,46,14,0,0],"gold":161,"neow_bonus":"TEN_PERCENT_HP_BONUS","is_daily":false,"chose_seed":false,"campfire_upgraded":3,"win_rate":0.0,"timestamp":1611290395,"path_taken":["M","?","$","M","?","R","M","E","T","$","R","E","$","M","R","BOSS","M","?","?","?","M","E"],"items_purchased_type":["Card","Card","Card","Card","Card"],"build_version":"2020-12-22","purchased_purges":1,"victory":false,"max_hp_per_floor":[79,79,79,79,79,79,79,79,79,79,79,79,79,79,79,79,79,79,79,79,84,84,84,84],"card_choices":[{"not_picked":["FlurryOfBlows","ReachHeaven"],"picked":"Tantrum","floor":1},{"not_picked":["CutThroughFate","BowlingBash"],"picked":"WaveOfTheHand","floor":4},{"not_picked":["ForeignInfluence","FollowUp"],"picked":"EmptyBody","floor":7},{"not_picked":["CutThroughFate","PathToVictory"],"picked":"Perseverance","floor":8},{"not_picked":["FlurryOfBlows","ReachHeaven"],"picked":"Consecrate","floor":12},{"not_picked":["SignatureMove","EmptyFist"],"picked":"DeceiveReality","floor":14},{"not_picked":["SpiritShield","Blasphemy"],"picked":"Devotion","floor":16},{"not_picked":["MentalFortress","Protect"],"picked":"Crescendo","floor":18},{"not_picked":["FlurryOfBlows","Crescendo"],"picked":"TalkToTheHand","floor":22}],"player_experience":180381,"relics_obtained":[{"floor":8,"key":"Pocketwatch"},{"floor":9,"key":"Meat on the Bone"},{"floor":12,"key":"GoldenEye"},{"floor":19,"key":"Nilry\u0027s Codex"}],"event_choices":[{"damage_healed":0,"gold_gain":175,"player_choice":"AGREE","damage_taken":0,"max_hp_gain":0,"max_hp_loss":0,"event_name":"Liars Game","floor":2,"gold_loss":0,"cards_obtained":["Doubt"]},{"damage_healed":0,"gold_gain":0,"player_choice":"Ignored","damage_taken":0,"max_hp_gain":0,"max_hp_loss":0,"event_name":"Golden Wing","floor":5,"gold_loss":0},{"damage_healed":0,"gold_gain":0,"player_choice":"Obtained Book","damage_taken":16,"max_hp_gain":0,"max_hp_loss":0,"event_name":"Cursed Tome","floor":19,"gold_loss":0},{"damage_healed":0,"gold_gain":0,"player_choice":"Ignored","damage_taken":0,"max_hp_gain":0,"max_hp_loss":0,"event_name":"Beggar","floor":20,"gold_loss":0},{"damage_healed":0,"gold_gain":0,"player_choice":"Shed Blood","damage_taken":20,"max_hp_gain":5,"max_hp_loss":0,"event_name":"Forgotten Altar","floor":21,"gold_loss":0}],"is_beta":false,"boss_relics":[{"not_picked":["Snecko Eye","Runic Pyramid"],"picked":"SlaversCollar"}],"items_purged_floors":[3],"is_endless":false,"potions_floor_spawned":[1,4,12,14,22],"killed_by":"Slavers","ascension_level":2}}