{"host":"l15sdf2mmi0nobpi","time":1611327171,"event":{"mods":["ATMod(°¢èªMod)","BaseMod","Highlight Path","Minty Spire (QoL Compilation)","Quick Restart","StSLib","¡¾¹¦ÄÜMod¡¿Neow½±Àø"],"gold_per_floor":[119,269,194,194,115,115,132,162,162,162,192,192,209,222,222,296,296,310,235,245,245,257,285,285,311,360,372,385,435,264,333,333,479,479,520,608,643,734,473,527,563,620,620,620,672,791,791,791,791,816,941,941,941,816,896,921],"floor_reached":57,"language":"ZHS","playtime":3068,"items_purged":["Strike_B","Defend_B","Zap"],"score":3284,"play_id":"cb255ba8-f5ee-4fb8-8d41-51c1ab1e9206","local_time":"20210122225251","is_ascension_mode":true,"campfire_choices":[{"data":"Consume","floor":6.0,"key":"SMITH"},{"data":"Defragment","floor":10.0,"key":"SMITH"},{"data":"Creative AI","floor":12.0,"key":"SMITH"},{"data":"Heatsinks","floor":15.0,"key":"SMITH"},{"floor":24.0,"key":"RECALL"},{"data":"Coolheaded","floor":32.0,"key":"SMITH"},{"data":"Blizzard","floor":47,"key":"SMITH"},{"data":"Turbo","floor":49,"key":"SMITH"},{"data":"Skim","floor":53,"key":"SMITH"}],"circlet_count":0,"master_deck":["AscendersBane","Dualcast+1","AT_WaterDrop","Consume+1","Electrodynamics","Defragment+1","Heatsinks+1","Creative AI+1","Cold Snap","Echo Form","Core Surge","AT_DarkMatter+1","Skim+1","Coolheaded+1","Redo+1","Self Repair+1","Glacier","Turbo+1","Blizzard+1","Recycle"],"relics":["Cracked Core","AT_ATBox","Bottled Tornado","White Beast Statue","Coffee Dripper","AT_GoldPhoenixTree","Girya","AT_SunfireAegis","AT_MibuBalloonWealth","Astrolabe","TheAbacus","AT_LudenTempest","Oddly Smooth Stone","Meat on the Bone","Smiling Mask","Calipers"],"acts_visited":["Exordium","TheCity","TheBeyond","TheEnding"],"potions_floor_usage":[56,56,56,56],"damage_taken":[{"damage":4.0,"enemies":"Small Slimes","floor":1.0,"turns":4.0},{"damage":1.0,"enemies":"2 Louse","floor":7.0,"turns":2.0},{"damage":0.0,"enemies":"3 Sentries","floor":8.0,"turns":2.0},{"damage":0.0,"enemies":"Gremlin Nob","floor":11.0,"turns":4.0},{"damage":2.0,"enemies":"Jaw Worm","floor":13.0,"turns":6.0},{"damage":0.0,"enemies":"Lots of Slimes","floor":14.0,"turns":1.0},{"damage":20.0,"enemies":"Hexaghost","floor":16.0,"turns":10.0},{"damage":0.0,"enemies":"Spheric Guardian","floor":18.0,"turns":6.0},{"damage":0.0,"enemies":"Chosen","floor":20.0,"turns":5.0},{"damage":19.0,"enemies":"Shelled Parasite and Fungi","floor":22.0,"turns":6.0},{"damage":24.0,"enemies":"Slavers","floor":23.0,"turns":5.0},{"damage":3.0,"enemies":"Gremlin Leader","floor":25.0,"turns":6.0},{"damage":0.0,"enemies":"Centurion and Healer","floor":27.0,"turns":4.0},{"damage":0.0,"enemies":"Chosen and Byrds","floor":28.0,"turns":6.0},{"damage":3.0,"enemies":"Shelled Parasite and Fungi","floor":31.0,"turns":3.0},{"damage":0.0,"enemies":"Collector","floor":33.0,"turns":7.0},{"damage":6.0,"enemies":"Orb Walker","floor":35.0,"turns":5.0},{"damage":0.0,"enemies":"3 Shapes","floor":36.0,"turns":3.0},{"damage":0.0,"enemies":"Writhing Mass","floor":37.0,"turns":7.0},{"damage":21.0,"enemies":"Jaw Worm Horde","floor":38.0,"turns":6.0},{"damage":0.0,"enemies":"Giant Head","floor":40.0,"turns":10.0},{"damage":0.0,"enemies":"Transient","floor":41.0,"turns":6.0},{"damage":3.0,"enemies":"Nemesis","floor":42.0,"turns":5.0},{"damage":10,"enemies":"Giant Head","floor":45,"turns":6},{"damage":0,"enemies":"4 Shapes","floor":46,"turns":1},{"damage":23,"enemies":"Time Eater","floor":50,"turns":10},{"damage":10,"enemies":"Awakened One","floor":51,"turns":10},{"damage":0,"enemies":"Shield and Spear","floor":55,"turns":4},{"damage":0,"enemies":"The Heart","floor":56,"turns":8}],"seed_played":"9197032386297816177","potions_obtained":[{"floor":1.0,"key":"Energy Potion"},{"floor":13.0,"key":"Explosive Potion"},{"floor":14.0,"key":"CultistPotion"},{"floor":16.0,"key":"FocusPotion"},{"floor":22.0,"key":"Fire Potion"},{"floor":23.0,"key":"Weak Potion"},{"floor":25.0,"key":"AttackPotion"},{"floor":27.0,"key":"SpeedPotion"},{"floor":28.0,"key":"AttackPotion"},{"floor":31.0,"key":"FearPotion"},{"floor":33.0,"key":"BlessingOfTheForge"},{"floor":35.0,"key":"Explosive Potion"},{"floor":36.0,"key":"LiquidBronze"},{"floor":37.0,"key":"PowerPotion"},{"floor":42.0,"key":"EntropicBrew"}],"is_trial":false,"path_per_floor":["M","?","?","?","$","R","M","E","T","R","E","R","M","M","R","B",null,"M","$","M","?","M","E","R","E","T","M","M","?","$","M","R","B",null,"M","M","M","M","$","E","M","E","T","?","E","M","R","?","R","B","B",null,"R","$","E","B",null],"character_chosen":"DEFECT","items_purchased":["DistilledChaos","AT_MibuBalloonWealth","TheAbacus","Recycle"],"campfire_rested":0,"item_purchase_floors":[5,30,39,54],"current_hp_per_floor":[42,42,42,35,35,35,34,34,34,34,34,34,32,32,32,12,56,56,56,56,56,37,13,13,10,10,10,10,10,10,7,7,7,55,69,71,71,70,70,71,71,71,71,71,71,71,71,71,71,58,58,68,68,68,71,71],"gold":921,"neow_bonus":"TRANSFORM_TWO_CARDS","is_daily":false,"chose_seed":false,"campfire_upgraded":8,"win_rate":0.0,"timestamp":1611327171,"path_taken":["M","?","?","?","$","R","M","E","T","R","E","R","M","M","R","BOSS","M","$","M","?","M","E","R","E","T","?","M","?","$","M","R","BOSS","M","M","M","M","$","E","M","E","T","?","E","?","R","?","R","BOSS","BOSS","R","$","E","BOSS"],"items_purchased_type":["Potion","Relic","Relic","Card"],"build_version":"2020-12-22","purchased_purges":3,"victory":true,"max_hp_per_floor":[71,71,71,71,71,71,71,71,71,71,71,71,71,71,71,71,71,71,71,71,71,71,71,71,71,71,71,71,71,71,71,71,71,71,71,71,71,71,71,71,71,71,71,71,71,71,71,71,71,71,71,71,71,71,71,71],"card_choices":[{"not_picked":["Blizzard","Undo","Compile Driver"],"picked":"SKIP","floor":1.0},{"not_picked":["Rebound","Go for the Eyes"],"picked":"Defragment","floor":7.0},{"not_picked":["Turbo","AT_HeatAcrobatics"],"picked":"Heatsinks","floor":8.0},{"not_picked":["Streamline","Hologram"],"picked":"Creative AI","floor":11.0},{"not_picked":["AT_WarpDrive","Steam"],"picked":"Cold Snap","floor":13.0},{"not_picked":["Sweeping Beam","Beam Cell"],"picked":"Echo Form","floor":14.0},{"not_picked":["Rainbow","Multi-Cast"],"picked":"Core Surge","floor":16.0},{"not_picked":["Conserve Battery","Compile Driver","BootSequence+1"],"picked":"SKIP","floor":18.0},{"not_picked":["Rip and Tear","Streamline+1","Steam"],"picked":"SKIP","floor":20.0},{"not_picked":["Tempest","Beam Cell"],"picked":"AT_DarkMatter+1","floor":22.0},{"not_picked":["Ball Lightning","Consume","Beam Cell"],"picked":"SKIP","floor":23.0},{"not_picked":["Gash+1","Rip and Tear"],"picked":"Skim","floor":25.0},{"not_picked":["Sunder","Stack"],"picked":"Coolheaded","floor":27.0},{"not_picked":["Heatsinks","Rip and Tear","Stack"],"picked":"SKIP","floor":28.0},{"not_picked":["Go for the Eyes","Chill","Barrage"],"picked":"SKIP","floor":31.0},{"not_picked":["Barrage","Reinforced Body","AT_HeatAcrobatics"],"picked":"SKIP","floor":35.0},{"not_picked":["Barrage","Reinforced Body","AT_HeatAcrobatics"],"picked":"SKIP","floor":35.0},{"not_picked":["Leap","AT_HeatAcrobatics","Stack"],"picked":"SKIP","floor":36.0},{"not_picked":["Leap","Streamline+1"],"picked":"Glacier","floor":37.0},{"not_picked":["Redo","Aggregate"],"picked":"Turbo","floor":38.0},{"not_picked":["Hello World","Streamline","Chill+1"],"picked":"SKIP","floor":40.0},{"not_picked":["Reprogram","Leap","Cold Snap"],"picked":"SKIP","floor":41.0},{"not_picked":["Rebound","Leap","Tempest"],"picked":"SKIP","floor":42.0},{"not_picked":["Sweeping Beam","Beam Cell"],"picked":"Blizzard","floor":45},{"not_picked":["Streamline+1","Compile Driver+1","Hologram"],"picked":"SKIP","floor":46},{"not_picked":["All For One","AT_HeatAcrobatics","Beam Cell"],"picked":"SKIP","floor":55}],"player_experience":467795,"relics_obtained":[{"floor":8.0,"key":"Bottled Tornado"},{"floor":11.0,"key":"White Beast Statue"},{"floor":23.0,"key":"AT_GoldPhoenixTree"},{"floor":25.0,"key":"Girya"},{"floor":26.0,"key":"AT_SunfireAegis"},{"floor":40.0,"key":"AT_LudenTempest"},{"floor":42.0,"key":"Oddly Smooth Stone"},{"floor":43.0,"key":"Meat on the Bone"},{"floor":45,"key":"Smiling Mask"},{"floor":55,"key":"Calipers"}],"event_choices":[{"damage_healed":0.0,"max_hp_gain":0.0,"max_hp_loss":0.0,"gold_gain":150.0,"event_name":"Liars Game","player_choice":"AGREE","floor":2.0,"gold_loss":0.0,"damage_taken":0.0,"cards_obtained":["Doubt"]},{"cards_removed":["Strike_B"],"damage_healed":0.0,"max_hp_gain":0.0,"max_hp_loss":0.0,"gold_gain":0.0,"event_name":"The Cleric","player_choice":"Card Removal","floor":3.0,"gold_loss":75.0,"damage_taken":0.0},{"cards_removed":["Doubt"],"damage_healed":0.0,"max_hp_gain":0.0,"max_hp_loss":0.0,"gold_gain":0.0,"event_name":"Golden Wing","player_choice":"Card Removal","floor":4.0,"gold_loss":0.0,"damage_taken":7.0},{"damage_healed":0.0,"max_hp_gain":0.0,"max_hp_loss":0.0,"gold_gain":0.0,"event_name":"Accursed Blacksmith","player_choice":"Forge","floor":21.0,"gold_loss":0.0,"damage_taken":0.0,"cards_upgraded":["Dualcast"]},{"damage_healed":0.0,"max_hp_gain":0.0,"max_hp_loss":0.0,"gold_gain":50.0,"event_name":"Nest","player_choice":"Stole From Cult","floor":29.0,"gold_loss":0.0,"damage_taken":0.0},{"cards_removed":["Doom and Gloom"],"damage_healed":0.0,"max_hp_gain":0.0,"max_hp_loss":0.0,"gold_gain":0.0,"event_name":"Bonfire Elementals","player_choice":"Offered Uncommon","floor":44.0,"gold_loss":0.0,"damage_taken":0.0},{"damage_healed":0,"gold_gain":0,"player_choice":"Ignored","damage_taken":0,"max_hp_gain":0,"max_hp_loss":0,"event_name":"SecretPortal","floor":48,"gold_loss":0}],"is_beta":false,"boss_relics":[{"not_picked":["FrozenCore","Tiny House"],"picked":"Coffee Dripper"},{"not_picked":["AT_MortalBlade","Empty Cage"],"picked":"Astrolabe"}],"items_purged_floors":[19,39,54],"is_endless":false,"potions_floor_spawned":[1,7,13,14,16,18,20,22,23,25,27,28,31,33,35,36,37,38,40,41,42,45,46,55],"ascension_level":20}}