{"host":"y24pqu7jih1n8m3t","time":1611295922,"event":{"mods":["AchievementEnabler","BaseMod","Bestiary","Block Reminder","Colored Map","Colored Powertips","DeckTracker","Highlight Path","Minty Spire (QoL Compilation)","Permanent Neow","Quick Restart","Rare Cards Sparkle","Relic Stats"],"gold_per_floor":[10,10,22,37,37,73,73,108,156,156,169,169,190,190,190,316,316,337,19,118,93,143,143,143],"floor_reached":23,"language":"ENG","playtime":1080,"items_purged":["Strike_B"],"score":217,"play_id":"3e04ca14-3753-4a6f-9b8c-a1e8f41325fd","local_time":"20210122011202","is_ascension_mode":true,"campfire_choices":[{"data":"Loop","floor":7,"key":"SMITH"},{"floor":10,"key":"REST"},{"floor":15,"key":"REST"}],"circlet_count":0,"master_deck":["Strike_B","Defend_B","Defend_B","Defend_B","Zap","Dualcast","Leap","Conserve Battery","Leap","Loop+1","Conserve Battery","Cold Snap","Rebound","Creative AI","Streamline","Coolheaded+1"],"relics":["FrozenCore","Golden Idol","Letter Opener","Pen Nib","Omamori","SsserpentHead","Kunai"],"acts_visited":["Exordium","TheCity"],"potions_floor_usage":[6,16],"damage_taken":[{"damage":7,"enemies":"Small Slimes","floor":1,"turns":3},{"damage":2,"enemies":"Jaw Worm","floor":3,"turns":3},{"damage":0,"enemies":"Cultist","floor":4,"turns":3},{"damage":13,"enemies":"3 Sentries","floor":6,"turns":10},{"damage":32,"enemies":"Lagavulin","floor":8,"turns":6},{"damage":12,"enemies":"Gremlin Gang","floor":11,"turns":4},{"damage":0,"enemies":"3 Louse","floor":13,"turns":2},{"damage":12,"enemies":"Hexaghost","floor":16,"turns":13},{"damage":17,"enemies":"3 Byrds","floor":18,"turns":7},{"damage":22,"enemies":"2 Thieves","floor":21,"turns":5},{"damage":24,"enemies":"Slavers","floor":23,"turns":3}],"seed_played":"-170740500417760947","potions_obtained":[{"floor":1,"key":"LiquidBronze"},{"floor":8,"key":"BlessingOfTheForge"}],"is_trial":false,"path_per_floor":["M","$","M","M","?","E","R","E","T","R","M","?","M","?","R","B",null,"M","$","T","M","?","E"],"character_chosen":"DEFECT","items_purchased":["Kunai"],"campfire_rested":2,"item_purchase_floors":[19],"current_hp_per_floor":[68,68,66,66,48,35,35,3,3,25,13,6,6,6,28,16,75,58,58,58,36,27,3,3],"gold":143,"neow_bonus":"REMOVE_TWO","is_daily":false,"chose_seed":false,"campfire_upgraded":1,"win_rate":0.0,"timestamp":1611295922,"path_taken":["M","$","M","M","?","E","R","E","T","R","M","?","M","?","R","BOSS","M","$","?","?","?","E"],"items_purchased_type":["Relic"],"build_version":"2020-12-22","purchased_purges":1,"victory":false,"max_hp_per_floor":[75,75,75,75,75,75,75,75,75,75,75,75,75,75,75,75,75,75,75,75,75,75,75,75],"relic_stats":{"SsserpentHead":150,"counters":[11,58],"Golden Idol":50,"Pen Nib":[3],"Letter Opener":[104],"Kunai":[0],"obtain_stats":[{"SsserpentHead":14,"Golden Idol":5,"Pen Nib":8,"Omamori":9,"Letter Opener":6,"Kunai":19,"Cracked Core":0,"FrozenCore":17},{"SsserpentHead":7,"Golden Idol":3,"Pen Nib":5,"Omamori":5,"Letter Opener":4,"Kunai":9,"Cracked Core":0,"FrozenCore":8},{"SsserpentHead":30,"Golden Idol":9,"Pen Nib":25,"Omamori":25,"Letter Opener":19,"Kunai":50,"Cracked Core":0,"FrozenCore":43}],"FrozenCore":[8]},"card_choices":[{"not_picked":["Ball Lightning","Redo"],"picked":"Leap","floor":1},{"not_picked":["Hello World","Streamline"],"picked":"Conserve Battery","floor":3},{"not_picked":["Redo","Steam Power"],"picked":"Leap","floor":4},{"not_picked":["Sweeping Beam","Fission"],"picked":"Loop","floor":6},{"not_picked":["Auto Shields","Steam"],"picked":"Conserve Battery","floor":8},{"not_picked":["Doom and Gloom","Streamline"],"picked":"Cold Snap","floor":11},{"not_picked":["Beam Cell","Storm"],"picked":"Rebound","floor":13},{"not_picked":["All For One","Core Surge"],"picked":"Creative AI","floor":16},{"not_picked":["Rebound","Reinforced Body+1"],"picked":"Streamline","floor":18},{"not_picked":["Streamline+1","Steam"],"picked":"Coolheaded+1","floor":21}],"player_experience":132235,"relics_obtained":[{"floor":6,"key":"Letter Opener"},{"floor":8,"key":"Pen Nib"},{"floor":9,"key":"Omamori"}],"event_choices":[{"damage_healed":0,"gold_gain":0,"player_choice":"Take Damage","damage_taken":18,"relics_obtained":["Golden Idol"],"max_hp_gain":0,"max_hp_loss":0,"event_name":"Golden Idol","floor":5,"gold_loss":0},{"cards_removed":["Strike_B"],"damage_healed":0,"gold_gain":0,"player_choice":"Card Removal","damage_taken":7,"max_hp_gain":0,"max_hp_loss":0,"event_name":"Golden Wing","floor":12,"gold_loss":0},{"damage_healed":0,"gold_gain":0,"player_choice":"Trade","damage_taken":0,"relics_obtained":["SsserpentHead"],"max_hp_gain":0,"max_hp_loss":0,"event_name":"FaceTrader","floor":14,"gold_loss":0},{"damage_healed":0,"gold_gain":0,"player_choice":"Stopped","damage_taken":9,"max_hp_gain":0,"max_hp_loss":0,"event_name":"Cursed Tome","floor":22,"gold_loss":0}],"is_beta":false,"boss_relics":[{"not_picked":["Coffee Dripper","Snecko Eye"],"picked":"FrozenCore"}],"items_purged_floors":[19],"is_endless":false,"potions_floor_spawned":[1,8],"killed_by":"Slavers","ascension_level":2}}