{"host":"04hh9gplt9wkfmr1","time":1611332570,"event":{"mods":["AchievementEnabler","BaseMod","Colored Map","KOR Keyword Fix","Minty Spire (QoL Compilation)","Rare Cards Sparkle","SuperFastMode"],"gold_per_floor":[114,189,199,214,226,226,254,254,254,6,6,17,17,51,51,155,155,172,271,271,282,282,314,314,314],"floor_reached":24,"language":"KOR","playtime":647,"items_purged":[],"score":280,"play_id":"dec3dcfb-f859-462c-88ae-28499c0cd523","local_time":"20210123012250","is_ascension_mode":true,"campfire_choices":[{"data":"Zap","floor":6,"key":"SMITH"},{"data":"Dualcast","floor":8,"key":"SMITH"},{"floor":11,"key":"RECALL"},{"data":"Echo Form","floor":13,"key":"SMITH"},{"data":"Buffer","floor":15,"key":"SMITH"}],"circlet_count":0,"master_deck":["Strike_B+1","Strike_B+1","Strike_B+1","Strike_B+1","Defend_B+1","Defend_B+1","Defend_B+1","Defend_B+1","Zap+1","Dualcast+1","Aggregate","Chill","Aggregate","Cold Snap","Echo Form+1","Buffer+1","Buffer","Loop","Stack","Hologram"],"relics":["Cracked Core","Sundial","CaptainsWheel","Mummified Hand","Calipers","Cursed Key","Nilry\u0027s Codex","Boot"],"acts_visited":["Exordium","TheCity"],"potions_floor_usage":[7,16],"damage_taken":[{"damage":3,"enemies":"Jaw Worm","floor":1,"turns":4},{"damage":0,"enemies":"Small Slimes","floor":3,"turns":4},{"damage":0,"enemies":"2 Louse","floor":4,"turns":2},{"damage":3,"enemies":"Gremlin Gang","floor":5,"turns":7},{"damage":3,"enemies":"3 Sentries","floor":7,"turns":10},{"damage":0,"enemies":"Large Slime","floor":12,"turns":5},{"damage":23,"enemies":"Lagavulin","floor":14,"turns":8},{"damage":23,"enemies":"Hexaghost","floor":16,"turns":9},{"damage":4,"enemies":"Spheric Guardian","floor":18,"turns":6},{"damage":15,"enemies":"3 Byrds","floor":21,"turns":6},{"damage":30,"enemies":"Book of Stabbing","floor":23,"turns":7},{"damage":4,"enemies":"Centurion and Healer","floor":24,"turns":1}],"seed_played":"1724162492360694878","potions_obtained":[{"floor":1,"key":"SteroidPotion"},{"floor":4,"key":"EssenceOfSteel"},{"floor":7,"key":"Energy Potion"},{"floor":14,"key":"EssenceOfDarkness"},{"floor":16,"key":"EssenceOfSteel"},{"floor":23,"key":"FocusPotion"}],"is_trial":false,"path_per_floor":["M","?","M","M","M","R","E","R","T","$","R","M","R","E","R","B",null,"M","?","?","M","?","E","M"],"character_chosen":"DEFECT","items_purchased":["Mummified Hand"],"campfire_rested":0,"item_purchase_floors":[10],"current_hp_per_floor":[79,68,68,68,65,65,62,62,62,62,62,62,62,39,39,16,66,62,62,46,31,31,1,0,0],"gold":314,"neow_bonus":"TEN_PERCENT_HP_BONUS","is_daily":false,"chose_seed":false,"campfire_upgraded":4,"win_rate":0.0,"timestamp":1611332570,"path_taken":["M","?","M","M","M","R","E","R","T","$","R","M","R","E","R","BOSS","M","?","?","M","?","E","M"],"items_purchased_type":["Relic"],"build_version":"2020-12-22","purchased_purges":0,"victory":false,"max_hp_per_floor":[82,82,82,82,82,82,82,82,82,82,82,82,82,82,82,82,82,82,82,82,82,82,82,82,82],"card_choices":[{"not_picked":["Reinforced Body","Doom and Gloom"],"picked":"Aggregate","floor":1},{"not_picked":["Gash","Fusion"],"picked":"Chill","floor":3},{"not_picked":["Rebound","Barrage"],"picked":"Aggregate","floor":4},{"not_picked":["Stack","Steam","BootSequence"],"picked":"SKIP","floor":5},{"not_picked":["Steam","Redo"],"picked":"Cold Snap","floor":7},{"not_picked":["Sweeping Beam","Rebound"],"picked":"Echo Form","floor":12},{"not_picked":["Conserve Battery","Turbo"],"picked":"Buffer","floor":14},{"not_picked":["Creative AI","Amplify"],"picked":"Buffer","floor":16},{"not_picked":["Hologram","Leap"],"picked":"Loop","floor":18},{"not_picked":["Leap","Rebound"],"picked":"Stack","floor":21},{"not_picked":["Undo","Streamline+1"],"picked":"Hologram","floor":23}],"player_experience":68938,"relics_obtained":[{"floor":7,"key":"Sundial"},{"floor":9,"key":"CaptainsWheel"},{"floor":14,"key":"Calipers"},{"floor":20,"key":"Nilry\u0027s Codex"},{"floor":23,"key":"Boot"}],"event_choices":[{"damage_healed":0,"gold_gain":75,"player_choice":"Gather Gold","damage_taken":11,"max_hp_gain":0,"max_hp_loss":0,"event_name":"World of Goop","floor":2,"gold_loss":0},{"damage_healed":0,"gold_gain":99,"player_choice":"Stole From Cult","damage_taken":0,"max_hp_gain":0,"max_hp_loss":0,"event_name":"Nest","floor":19,"gold_loss":0},{"damage_healed":0,"gold_gain":0,"player_choice":"Obtained Book","damage_taken":16,"max_hp_gain":0,"max_hp_loss":0,"event_name":"Cursed Tome","floor":20,"gold_loss":0},{"damage_healed":0,"gold_gain":0,"player_choice":"Simplicity","damage_taken":0,"max_hp_gain":0,"max_hp_loss":0,"event_name":"Back to Basics","floor":22,"gold_loss":0,"cards_upgraded":["Strike_B","Strike_B","Strike_B","Strike_B","Defend_B","Defend_B","Defend_B","Defend_B"]}],"is_beta":false,"boss_relics":[{"not_picked":["Runic Pyramid","Calling Bell"],"picked":"Cursed Key"}],"items_purged_floors":[],"is_endless":false,"potions_floor_spawned":[1,4,7,14,16,23],"killed_by":"Centurion and Healer","ascension_level":5}}