{"host":"qm4rv4rkpk76sbxu","time":1611347869,"event":{"mods":["BaseMod","Bestiary","Block Reminder","DeckTracker","Filter the Spire","Keyboard Shortcuts","Minty Spire (QoL Compilation)","MonsterHotkey","Quick Restart","Random Character Button","Relic Stats","Slay-I","StSLib","Unceasing Turn Reminder","ojb\u0027s Better Paths Mod","ojb\u0027s Info Mod"],"gold_per_floor":[361,361,375,375,385,467,497,526,604,629,629,113,113,123,123,123,123],"floor_reached":16,"language":"ENG","playtime":443,"items_purged":["Strike_R"],"score":113,"play_id":"c95a7a65-a790-4def-93a9-52f8b081d482","local_time":"20210122213749","is_ascension_mode":true,"campfire_choices":[{"data":"Shockwave","floor":11,"key":"SMITH"},{"data":"Wild Strike","floor":13,"key":"SMITH"},{"data":"Bash","floor":15,"key":"SMITH"}],"circlet_count":0,"master_deck":["Strike_R","Strike_R","Strike_R","Strike_R","Defend_R","Defend_R","Defend_R","Defend_R","Bash+1","Shrug It Off","Clothesline","Wild Strike+1","Shockwave+1","True Grit+1","Limit Break+1","Reaper"],"relics":["Burning Blood","Pear","Odd Mushroom","Question Card","Gremlin Horn","Incense Burner","Toxic Egg 2"],"acts_visited":["Exordium"],"potions_floor_usage":[7,8,16,16],"damage_taken":[{"damage":10,"enemies":"Jaw Worm","floor":1,"turns":4},{"damage":0,"enemies":"Cultist","floor":3,"turns":3},{"damage":2,"enemies":"2 Louse","floor":5,"turns":2},{"damage":19,"enemies":"The Mushroom Lair","floor":7,"turns":5},{"damage":44,"enemies":"3 Sentries","floor":8,"turns":11},{"damage":18,"enemies":"Lagavulin","floor":10,"turns":6},{"damage":6,"enemies":"2 Fungi Beasts","floor":14,"turns":4},{"damage":54,"enemies":"Slime Boss","floor":16,"turns":9}],"seed_played":"6791725361493457308","potions_obtained":[{"floor":1,"key":"Explosive Potion"},{"floor":2,"key":"Swift Potion"},{"floor":2,"key":"ColorlessPotion"},{"floor":5,"key":"BloodPotion"},{"floor":14,"key":"Swift Potion"}],"is_trial":false,"path_per_floor":["M","?","M","?","M","T","?","E","T","E","R","$","R","M","R","B"],"character_chosen":"IRONCLAD","items_purchased":["Toxic Egg 2","True Grit+1","Limit Break+1"],"campfire_rested":0,"item_purchase_floors":[12,12,12],"current_hp_per_floor":[76,76,80,80,80,90,77,39,39,27,27,27,27,27,27,0,0],"gold":123,"neow_bonus":"TWO_FIFTY_GOLD","is_daily":false,"chose_seed":false,"campfire_upgraded":3,"win_rate":0.0,"timestamp":1611347869,"path_taken":["M","?","?","?","M","?","?","E","T","E","R","$","R","M","R","BOSS"],"items_purchased_type":["Relic","Card","Card"],"build_version":"2020-12-22","purchased_purges":1,"victory":false,"max_hp_per_floor":[80,80,80,80,80,90,90,90,90,90,90,90,90,90,90,90,90],"relic_stats":{"Gremlin Horn":[2,2],"counters":[8,44],"Question Card":2,"obtain_stats":[{"Pear":6,"Gremlin Horn":9,"Incense Burner":10,"Odd Mushroom":7,"Toxic Egg 2":12,"Question Card":8,"Burning Blood":0},{"Pear":3,"Gremlin Horn":5,"Incense Burner":6,"Odd Mushroom":4,"Toxic Egg 2":6,"Question Card":5,"Burning Blood":0},{"Pear":9,"Gremlin Horn":25,"Incense Burner":31,"Odd Mushroom":14,"Toxic Egg 2":31,"Question Card":25,"Burning Blood":0}],"Burning Blood":36},"card_choices":[{"not_picked":["Warcry","Body Slam"],"picked":"Shrug It Off","floor":1},{"not_picked":["Perfected Strike","Havoc","Body Slam"],"picked":"SKIP","floor":3},{"not_picked":["Flex","Evolve","Sword Boomerang"],"picked":"SKIP","floor":5},{"not_picked":["Flex","Burning Pact"],"picked":"Clothesline","floor":7},{"not_picked":["Anger","Juggernaut"],"picked":"Wild Strike","floor":8},{"not_picked":["Evolve","Thunderclap","Pommel Strike"],"picked":"Shockwave","floor":10},{"not_picked":["Heavy Blade","Armaments+1","True Grit+1"],"picked":"Reaper","floor":14}],"player_experience":1378443,"relics_obtained":[{"floor":6,"key":"Pear"},{"floor":7,"key":"Odd Mushroom"},{"floor":8,"key":"Question Card"},{"floor":9,"key":"Gremlin Horn"},{"floor":10,"key":"Incense Burner"}],"event_choices":[{"damage_healed":0,"gold_gain":0,"player_choice":"Got Potions","damage_taken":0,"max_hp_gain":0,"max_hp_loss":0,"event_name":"Lab","floor":2,"gold_loss":0},{"cards_removed":["Normality"],"damage_healed":0,"gold_gain":0,"player_choice":"Forget","damage_taken":0,"max_hp_gain":0,"max_hp_loss":0,"event_name":"Living Wall","floor":4,"gold_loss":0},{"damage_healed":0,"gold_gain":0,"player_choice":"Fought Mushrooms","damage_taken":0,"max_hp_gain":0,"max_hp_loss":0,"event_name":"Mushrooms","floor":7,"gold_loss":0}],"is_beta":false,"boss_relics":[],"items_purged_floors":[12],"is_endless":false,"potions_floor_spawned":[1,5,14],"killed_by":"Slime Boss","ascension_level":1}}