{"host":"vlqejv0notyktumz","time":1611353978,"event":{"mods":["AchievementEnabler","BaseMod","Colored Map","Colored Powertips","Downfall","Googly Eyes","Minty Spire (QoL Compilation)","StSLib"],"gold_per_floor":[111,111,124,144,35,35,51,51,78,95,95,114,114,124,124,225,225,237,63,63,73,73,73,107,107,107,123,51,70,70,86,86,182,182,194,69,69,81,93,93,93,93,93],"floor_reached":42,"language":"ENG","playtime":956,"items_purged":["Defend_B","Defend_B","Strike_B"],"score":577,"play_id":"360374a6-71fa-42f1-8872-2a1997981097","local_time":"20210122161938","is_ascension_mode":true,"campfire_choices":[{"data":"Leap","floor":6,"key":"SMITH"},{"data":"Electrodynamics","floor":8,"key":"SMITH"},{"data":"Dualcast","floor":13,"key":"SMITH"},{"data":"Conserve Battery","floor":15,"key":"SMITH"},{"data":"Defragment","floor":23,"key":"SMITH"},{"data":"Thunder Strike","floor":25,"key":"SMITH"},{"data":"Redo","floor":30,"key":"SMITH"},{"floor":32,"key":"REST"},{"data":"Stack","floor":40,"key":"SMITH"}],"circlet_count":0,"master_deck":["Strike_B+1","Strike_B+1","Defend_B","Defend_B","Zap","Dualcast+1","Electrodynamics+1","Rebound","Leap+1","BootSequence","White Noise","Stack","Conserve Battery+1","Thunder Strike+1","Leap+1","Defragment+1","Redo+1","Leap","Auto Shields","Stack+1","Loop","Echo Form","Reinforced Body+1","Capacitor"],"relics":["Cracked Core","Whetstone","Nuclear Battery","Juzu Bracelet","Meat on the Bone","Busted Crown"],"acts_visited":["Exordium","TheCity","TheBeyond"],"potions_floor_usage":[16,29,33,42,42],"damage_taken":[{"damage":5,"enemies":"Small Slimes","floor":1,"turns":2},{"damage":0,"enemies":"2 Louse","floor":3,"turns":1},{"damage":1,"enemies":"Cultist","floor":4,"turns":3},{"damage":0,"enemies":"Gremlin Gang","floor":7,"turns":2},{"damage":11,"enemies":"Looter","floor":10,"turns":3},{"damage":0,"enemies":"2 Fungi Beasts","floor":12,"turns":2},{"damage":10,"enemies":"Lots of Slimes","floor":14,"turns":3},{"damage":27,"enemies":"The Guardian","floor":16,"turns":13},{"damage":17,"enemies":"2 Thieves","floor":18,"turns":3},{"damage":0,"enemies":"Spheric Guardian","floor":21,"turns":2},{"damage":13,"enemies":"Cultist and Chosen","floor":22,"turns":5},{"damage":71,"enemies":"Gremlin Leader","floor":24,"turns":8},{"damage":27,"enemies":"Snake Plant","floor":27,"turns":5},{"damage":3,"enemies":"Centurion and Healer","floor":29,"turns":7},{"damage":49,"enemies":"Cultist and Chosen","floor":31,"turns":7},{"damage":50,"enemies":"Champ","floor":33,"turns":8},{"damage":1,"enemies":"3 Shapes","floor":35,"turns":3},{"damage":7,"enemies":"Orb Walker","floor":38,"turns":5},{"damage":29,"enemies":"4 Shapes","floor":39,"turns":4},{"damage":47,"enemies":"Nemesis","floor":42,"turns":3}],"seed_played":"-9071253652249168168","potions_obtained":[{"floor":1,"key":"Swift Potion"},{"floor":3,"key":"Strength Potion"},{"floor":4,"key":"Swift Potion"},{"floor":11,"key":"Regen Potion"},{"floor":11,"key":"FairyPotion"},{"floor":11,"key":"FairyPotion"},{"floor":16,"key":"Strength Potion"},{"floor":24,"key":"AttackPotion"},{"floor":27,"key":"FairyPotion"},{"floor":29,"key":"FearPotion"},{"floor":31,"key":"AttackPotion"}],"is_trial":false,"path_per_floor":["M","?","M","M","$","R","M","R","T","M","?","M","R","M","R","B",null,"M","$","?","M","M","R","E","R","T","M","$","M","R","M","R","B",null,"M","$","?","M","M","R","?","E"],"character_chosen":"DEFECT","items_purchased":["BootSequence","Defragment","Loop"],"campfire_rested":1,"item_purchase_floors":[5,19,28],"current_hp_per_floor":[63,68,68,67,67,67,67,67,67,56,56,56,56,46,46,34,63,46,46,70,70,57,57,21,21,21,33,33,42,42,33,54,16,59,58,58,58,51,34,34,34,0,0],"gold":93,"neow_bonus":"THREE_RARE_CARDS","is_daily":false,"chose_seed":false,"campfire_upgraded":8,"win_rate":0.0,"timestamp":1611353978,"path_taken":["M","?","M","M","$","R","M","R","T","M","?","?","R","?","R","BOSS","M","$","?","M","M","R","E","R","T","M","$","M","R","M","R","BOSS","M","$","?","M","M","R","?","E"],"items_purchased_type":["Card","Card","Card"],"build_version":"2020-12-22","purchased_purges":3,"victory":false,"max_hp_per_floor":[68,73,73,73,73,73,73,73,73,73,73,73,73,73,73,73,73,73,73,73,73,73,73,73,73,73,73,73,73,73,73,73,73,73,73,73,73,73,73,73,73,73,73],"card_choices":[{"not_picked":["Amplify","Hyperbeam"],"picked":"Electrodynamics","floor":0},{"not_picked":["Steam","Turbo","Aggregate"],"picked":"SKIP","floor":1},{"not_picked":["Barrage","Go for the Eyes"],"picked":"Rebound","floor":3},{"not_picked":["Turbo","Amplify"],"picked":"Leap","floor":4},{"not_picked":["Fusion","Redo","Streamline"],"picked":"SKIP","floor":7},{"not_picked":["Reprogram","Tempest"],"picked":"White Noise","floor":10},{"not_picked":["Steam","Hello World"],"picked":"Stack","floor":12},{"not_picked":["BootSequence","Force Field"],"picked":"Conserve Battery","floor":14},{"not_picked":["Creative AI","Electrodynamics"],"picked":"Thunder Strike","floor":16},{"not_picked":["Beam Cell","Steam"],"picked":"Leap+1","floor":18},{"not_picked":["Conserve Battery","Turbo+1"],"picked":"Redo","floor":21},{"not_picked":["Rebound+1","Recycle+1"],"picked":"Leap","floor":22},{"not_picked":["Genetic Algorithm","Turbo"],"picked":"Auto Shields","floor":24},{"not_picked":["Auto Shields","Streamline"],"picked":"Stack","floor":27},{"not_picked":["Compile Driver","Conserve Battery","Scrape"],"picked":"SKIP","floor":29},{"not_picked":["Streamline+1","Stack+1"],"picked":"Echo Form","floor":31},{"not_picked":[],"picked":"Reinforced Body+1","floor":35},{"not_picked":["Force Field+1"],"picked":"SKIP","floor":38},{"not_picked":[],"picked":"Capacitor","floor":39}],"player_experience":363069,"relics_obtained":[{"floor":9,"key":"Whetstone"},{"floor":24,"key":"Juzu Bracelet"},{"floor":26,"key":"Meat on the Bone"}],"event_choices":[{"damage_healed":0,"gold_gain":0,"player_choice":"Donut","damage_taken":0,"max_hp_gain":5,"max_hp_loss":0,"event_name":"Big Fish","floor":2,"gold_loss":0},{"damage_healed":0,"gold_gain":0,"player_choice":"Got Potions","damage_taken":0,"max_hp_gain":0,"max_hp_loss":0,"event_name":"Lab","floor":11,"gold_loss":0},{"damage_healed":24,"gold_gain":0,"player_choice":"Heal","damage_taken":0,"max_hp_gain":0,"max_hp_loss":0,"event_name":"The Library","floor":20,"gold_loss":0},{"damage_healed":0,"gold_gain":0,"player_choice":"Ignored","damage_taken":0,"max_hp_gain":0,"max_hp_loss":0,"event_name":"Mysterious Sphere","floor":37,"gold_loss":0},{"cards_removed":["Strike_B"],"damage_healed":0,"gold_gain":0,"player_choice":"Offered Basic","damage_taken":0,"max_hp_gain":0,"max_hp_loss":0,"event_name":"Bonfire Elementals","floor":41,"gold_loss":0}],"is_beta":false,"boss_relics":[{"not_picked":["Ectoplasm","SacredBark"],"picked":"Nuclear Battery"},{"not_picked":["Philosopher\u0027s Stone","Black Star"],"picked":"Busted Crown"}],"items_purged_floors":[5,19,36],"is_endless":false,"potions_floor_spawned":[1,3,4,7,16,22,24,27,29,31],"killed_by":"Nemesis","ascension_level":8}}