{"host":"sum4dy402bbv9y4o","time":1611352999,"event":{"mods":["Aspiration","BaseMod","Conspire","Highlight Path","Minty Spire (QoL Compilation)","StSLib"],"gold_per_floor":[112,125,21,38,56,56,72,72,72,101,115,126,126,401,401,401,401],"floor_reached":16,"language":"ENG","playtime":1530,"items_purged":[],"score":208,"play_id":"46526473-7d2f-4b68-a28b-d63600690c21","local_time":"20210123010319","is_ascension_mode":true,"campfire_choices":[{"data":"Eruption","floor":6,"key":"SMITH"},{"data":"Adaptation","floor":8,"key":"SMITH"},{"data":"Vigilance","floor":13,"key":"SMITH"},{"data":"FlurryOfBlows","floor":15,"key":"SMITH"}],"circlet_count":0,"master_deck":["AscendersBane","Strike_P","Strike_P","Strike_P","Strike_P","Defend_P","Defend_P","Defend_P","Defend_P","Eruption+1","Vigilance+1","EmptyFist","BattleHymn","Adaptation+1","BowlingBash","Protect","Evaluate","FlyingSleeves","EmptyFist","EmptyBody","FlurryOfBlows+1","Regret"],"relics":["PureWater","aspiration:Nostalgia","Ring of the Snake","aspiration:HummingbirdHeart","aspiration:Lifesprig"],"acts_visited":["Exordium"],"potions_floor_usage":[5,10,11,16],"damage_taken":[{"damage":0,"enemies":"Cultist","floor":1,"turns":2},{"damage":14,"enemies":"Small Slimes","floor":2,"turns":3},{"damage":7,"enemies":"Jaw Worm","floor":4,"turns":4},{"damage":0,"enemies":"Exordium Thugs","floor":5,"turns":4},{"damage":13,"enemies":"Red Slaver","floor":7,"turns":5},{"damage":8,"enemies":"Lagavulin","floor":10,"turns":5},{"damage":0,"enemies":"conspire:2 RoseBushes","floor":11,"turns":3},{"damage":0,"enemies":"Gremlin Gang","floor":12,"turns":4},{"damage":19,"enemies":"Slime Boss","floor":16,"turns":8}],"seed_played":"-4917563064394122575","potions_obtained":[{"floor":4,"key":"Block Potion"},{"floor":5,"key":"Block Potion"},{"floor":10,"key":"Energy Potion"},{"floor":12,"key":"Block Potion"}],"is_trial":false,"path_per_floor":["M","M","$","M","M","R","M","R","T","E","M","M","R","?","R","B"],"character_chosen":"WATCHER","items_purchased":["Adaptation","BowlingBash"],"campfire_rested":0,"item_purchase_floors":[3,3],"current_hp_per_floor":[61,47,47,40,40,40,27,27,27,19,19,19,19,19,19,0,0],"gold":401,"neow_bonus":"NOSTALGIA","is_daily":false,"chose_seed":false,"campfire_upgraded":4,"win_rate":0.0,"timestamp":1611352999,"path_taken":["M","M","$","M","?","R","M","R","T","E","M","M","R","?","R","BOSS"],"items_purchased_type":["Card","Card"],"build_version":"2020-12-22","purchased_purges":0,"victory":false,"max_hp_per_floor":[68,68,68,68,68,68,68,68,68,68,68,68,68,68,68,68,68],"card_choices":[{"not_picked":["ThirdEye","Worship"],"picked":"EmptyFist","floor":1},{"not_picked":["Worship","SignatureMove"],"picked":"BattleHymn","floor":2},{"not_picked":["WreathOfFlame","BattleHymn"],"picked":"Protect","floor":4},{"not_picked":["PathToVictory","WreathOfFlame"],"picked":"Evaluate","floor":5},{"not_picked":["Swivel","ThirdEye"],"picked":"FlyingSleeves","floor":7},{"not_picked":["Adaptation","Prostrate"],"picked":"EmptyFist","floor":10},{"not_picked":["ReachHeaven","Evaluate"],"picked":"EmptyBody","floor":11},{"not_picked":["FlyingSleeves","Worship"],"picked":"FlurryOfBlows","floor":12}],"player_experience":2960475,"relics_obtained":[{"floor":9,"key":"aspiration:HummingbirdHeart"},{"floor":10,"key":"aspiration:Lifesprig"}],"event_choices":[{"damage_healed":0,"gold_gain":275,"player_choice":"Desecrate","damage_taken":0,"max_hp_gain":0,"max_hp_loss":0,"event_name":"Golden Shrine","floor":14,"gold_loss":0,"cards_obtained":["Regret"]}],"is_beta":false,"boss_relics":[],"items_purged_floors":[],"is_endless":false,"potions_floor_spawned":[4,5,10,12],"killed_by":"Slime Boss","ascension_level":20}}