{"host":"usrgk25etjl0nf5i","time":1611288680,"event":{"mods":["2.2 Compatiblity","BaseMod","Downfall","Hubris","Minty Spire (QoL Compilation)","StSLib","SuperFastMode"],"gold_per_floor":[112,130,140,315,329,362,362,387,399,411,411],"floor_reached":10,"language":"ENG","playtime":371,"items_purged":[],"score":129,"play_id":"069c95d1-e827-4eb2-9132-29090111fe61","local_time":"20210121201120","is_ascension_mode":true,"campfire_choices":[{"floor":7,"key":"REST"}],"circlet_count":0,"master_deck":["AscendersBane","Strike_R","Strike_R","Strike_R","Strike_R","Strike_R","Defend_R","Defend_R","Defend_R","Defend_R","Bash","Headbutt","Thunderclap","Whirlwind","Doubt","Dark Embrace","Juggernaut"],"relics":["Burning Blood","Vajra","MawBank","White Beast Statue"],"acts_visited":["Exordium"],"potions_floor_usage":[6,6],"damage_taken":[{"damage":8,"enemies":"Jaw Worm","floor":1,"turns":4},{"damage":0,"enemies":"2 Louse","floor":2,"turns":3},{"damage":1,"enemies":"Cultist","floor":3,"turns":3},{"damage":6,"enemies":"3 Louse","floor":5,"turns":4},{"damage":55,"enemies":"3 Sentries","floor":6,"turns":9},{"damage":46,"enemies":"Lagavulin","floor":8,"turns":8},{"damage":32,"enemies":"Gremlin Nob","floor":10,"turns":3}],"seed_played":"-7512360150596716565","potions_obtained":[{"floor":2,"key":"GamblersBrew"},{"floor":3,"key":"hexamod:SoulburnPotion"}],"is_trial":false,"path_per_floor":["M","M","M","?","M","E","R","E","T","E"],"character_chosen":"IRONCLAD","items_purchased":[],"campfire_rested":1,"item_purchase_floors":[],"current_hp_per_floor":[78,84,88,88,88,39,65,25,25,0,0],"gold":411,"neow_bonus":"TEN_PERCENT_HP_BONUS","is_daily":false,"chose_seed":false,"campfire_upgraded":0,"win_rate":0.0,"timestamp":1611288680,"path_taken":["M","M","M","?","M","E","R","E","T","E"],"items_purchased_type":[],"build_version":"2020-12-22","purchased_purges":0,"victory":false,"max_hp_per_floor":[88,88,88,88,88,88,88,88,88,88,88],"card_choices":[{"not_picked":["Iron Wave","True Grit"],"picked":"Headbutt","floor":1},{"not_picked":["Twin Strike","Havoc"],"picked":"Thunderclap","floor":2},{"not_picked":["Wild Strike","Sword Boomerang"],"picked":"Whirlwind","floor":3},{"not_picked":["Clothesline","Sword Boomerang","Thunderclap"],"picked":"SKIP","floor":5},{"not_picked":["Sever Soul","Body Slam"],"picked":"Dark Embrace","floor":6},{"not_picked":["True Grit","Feel No Pain"],"picked":"Juggernaut","floor":8}],"player_experience":661842,"relics_obtained":[{"floor":6,"key":"Vajra"},{"floor":8,"key":"MawBank"},{"floor":9,"key":"White Beast Statue"}],"event_choices":[{"damage_healed":0,"gold_gain":175,"player_choice":"AGREE","damage_taken":0,"max_hp_gain":0,"max_hp_loss":0,"event_name":"Liars Game","floor":4,"gold_loss":0,"cards_obtained":["Doubt"]}],"is_beta":false,"boss_relics":[],"items_purged_floors":[],"is_endless":false,"potions_floor_spawned":[2,3],"killed_by":"Gremlin Nob","ascension_level":13}}