{"host":"q9718omregw4er46","time":1611344277,"event":{"mods":["BaseMod","Bestiary","Colored Powertips","Custom Start","Highlight Path","Minty Spire (QoL Compilation)","Practice Mode","Quick Restart","Relic Stats"],"gold_per_floor":[115,115,133,144,164,191,191,191,191,191,207,234,234,264,264,338,338,355,355,280,280,300,333,333,368,393,393,411,427,427,441,441,518,518,555,335,374,205,205,205,232,279,279,321,381,401,445,486,486,486,486,486,35,67,67,67],"floor_reached":55,"language":"ENG","playtime":3182,"items_purged":["Judgement","Halt"],"score":1468,"play_id":"88e49d32-b3da-4f68-b9dc-35435a6d71a7","local_time":"20210123003757","is_ascension_mode":true,"campfire_choices":[{"data":"Eruption","floor":7.0,"key":"SMITH"},{"floor":10.0,"key":"REST"},{"data":"Blasphemy","floor":13.0,"key":"SMITH"},{"data":"WindmillStrike","floor":15.0,"key":"SMITH"},{"data":"Devotion","floor":24.0,"key":"SMITH"},{"data":"BowlingBash","floor":27.0,"key":"SMITH"},{"data":"RitualDagger","floor":30.0,"key":"SMITH"},{"data":"ThirdEye","floor":32.0,"key":"SMITH"},{"data":"Wish","floor":40.0,"key":"SMITH"},{"floor":49.0,"key":"RECALL"},{"data":"Wallop","floor":52,"key":"SMITH"}],"circlet_count":0,"master_deck":["AscendersBane","Eruption+1","Vigilance","FearNoEvil+1","SandsOfTime+1","ClearTheMind+1","ThirdEye+1","WindmillStrike+1","DeceiveReality","CrushJoints+1","BattleHymn","Blasphemy+1","Devotion+1","BowlingBash+1","RitualDagger+1","Sanctity","Study+1","Prostrate+1","Wish+1","WheelKick","Wireheading","Master of Strategy","InnerPeace","Protect","Wallop+1","Prostrate","Evaluate","Omniscience","LikeWater"],"relics":["Pandora\u0027s Box","Whetstone","Dream Catcher","Eternal Feather","Bag of Marbles","Cursed Key","Omamori","Toy Ornithopter","Akabeko","Philosopher\u0027s Stone","Damaru","Ancient Tea Set","Du-Vu Doll","Vajra","Frozen Eye","Dead Branch"],"acts_visited":["Exordium","TheCity","TheBeyond","TheEnding"],"potions_floor_usage":[50,54],"damage_taken":[{"damage":0.0,"enemies":"Small Slimes","floor":1.0,"turns":2.0},{"damage":0.0,"enemies":"2 Louse","floor":3.0,"turns":3.0},{"damage":0.0,"enemies":"Cultist","floor":4.0,"turns":3.0},{"damage":7.0,"enemies":"Exordium Thugs","floor":5.0,"turns":4.0},{"damage":8.0,"enemies":"Gremlin Nob","floor":6.0,"turns":3.0},{"damage":0.0,"enemies":"Looter","floor":11.0,"turns":3.0},{"damage":3.0,"enemies":"3 Sentries","floor":12.0,"turns":4.0},{"damage":0.0,"enemies":"Gremlin Nob","floor":14.0,"turns":2.0},{"damage":10.0,"enemies":"The Guardian","floor":16.0,"turns":5.0},{"damage":1.0,"enemies":"Chosen","floor":18.0,"turns":3.0},{"damage":12.0,"enemies":"3 Byrds","floor":22.0,"turns":3.0},{"damage":0.0,"enemies":"Slavers","floor":23.0,"turns":1.0},{"damage":0.0,"enemies":"Gremlin Leader","floor":25.0,"turns":3.0},{"damage":18.0,"enemies":"Snake Plant","floor":28.0,"turns":3.0},{"damage":10.0,"enemies":"Shelled Parasite and Fungi","floor":29.0,"turns":3.0},{"damage":0.0,"enemies":"Sentry and Sphere","floor":31.0,"turns":2.0},{"damage":24.0,"enemies":"Champ","floor":33.0,"turns":5.0},{"damage":0.0,"enemies":"3 Shapes","floor":35.0,"turns":6.0},{"damage":30.0,"enemies":"Orb Walker","floor":37.0,"turns":5.0},{"damage":6.0,"enemies":"Reptomancer","floor":41.0,"turns":2.0},{"damage":2.0,"enemies":"Sphere and 2 Shapes","floor":42.0,"turns":3.0},{"damage":28.0,"enemies":"4 Shapes","floor":44.0,"turns":5.0},{"damage":7.0,"enemies":"Giant Head","floor":45.0,"turns":5.0},{"damage":0.0,"enemies":"3 Darklings","floor":46.0,"turns":3.0},{"damage":9.0,"enemies":"Transient","floor":47.0,"turns":5.0},{"damage":0.0,"enemies":"Maw","floor":48.0,"turns":6.0},{"damage":21,"enemies":"Awakened One","floor":50,"turns":10},{"damage":55,"enemies":"Shield and Spear","floor":54,"turns":4},{"damage":23,"enemies":"The Heart","floor":55,"turns":2}],"seed_played":"-3228320501975498325","potions_obtained":[{"floor":1.0,"key":"Ambrosia"},{"floor":5.0,"key":"Energy Potion"},{"floor":6.0,"key":"CultistPotion"},{"floor":22.0,"key":"AttackPotion"},{"floor":23.0,"key":"Explosive Potion"},{"floor":28.0,"key":"Ambrosia"},{"floor":41.0,"key":"Weak Potion"},{"floor":47.0,"key":"PowerPotion"}],"is_trial":false,"path_per_floor":["M","?","M","M","M","E","R","?","T","R","M","E","R","E","R","B",null,"M","?","?","?","M","E","R","E","T","R","M","M","R","M","R","B",null,"M","$","M","$","?","R","E","M","T","M","E","M","M","M","R","B",null,"R","$","E","B"],"character_chosen":"WATCHER","items_purchased":["Damaru","Master of Strategy","Vajra","Frozen Eye","AttackPotion"],"campfire_rested":1,"item_purchase_floors":[36,38,53,53,53],"current_hp_per_floor":[61,66,66,66,59,51,51,29,29,50,50,47,56,56,65,55,69,68,62,62,62,50,50,59,59,59,68,50,40,49,49,61,37,64,64,64,34,34,34,46,45,43,43,15,13,13,9,9,24,8,57,72,72,22,0,0],"gold":67,"neow_bonus":"BOSS_RELIC","is_daily":false,"chose_seed":false,"campfire_upgraded":9,"win_rate":0.0,"timestamp":1611344277,"path_taken":["M","?","M","M","M","E","R","?","T","R","M","E","R","E","R","BOSS","M","?","?","?","M","E","R","E","T","R","M","M","R","M","R","BOSS","M","$","M","$","?","R","E","M","T","M","E","M","?","M","R","BOSS","R","$","E","BOSS"],"items_purchased_type":["Relic","Card","Relic","Relic","Potion"],"build_version":"2020-12-22","purchased_purges":2,"victory":false,"max_hp_per_floor":[68,73,73,73,73,73,73,73,73,73,73,73,73,73,73,73,73,73,73,73,73,73,73,73,73,73,73,73,73,73,73,73,73,73,73,73,73,73,73,73,73,73,73,73,73,73,73,73,73,73,73,73,73,73,73,73],"relic_stats":{"Dream Catcher":1,"counters":[29,108],"Dead Branch":[5],"Pandora\u0027s Box":["FearNoEvil","SandsOfTime","Halt","ClearTheMind","Judgement","ThirdEye","Alpha","WindmillStrike"],"Eternal Feather":99,"Whetstone":["FearNoEvil","SandsOfTime"],"Cursed Key":2,"obtain_stats":[{"Dead Branch":54,"Damaru":36,"Vajra":53,"Eternal Feather":12,"Omamori":23,"Whetstone":6,"Cursed Key":17,"Ancient Tea Set":41,"Akabeko":26,"Du-Vu Doll":45,"Frozen Eye":53,"Dream Catcher":9,"Pandora\u0027s Box":0,"Philosopher\u0027s Stone":34,"Bag of Marbles":14,"PureWater":0,"Toy Ornithopter":25},{"Dead Branch":28,"Damaru":18,"Vajra":27,"Eternal Feather":7,"Omamori":12,"Whetstone":5,"Cursed Key":9,"Ancient Tea Set":20,"Akabeko":13,"Du-Vu Doll":23,"Frozen Eye":27,"Dream Catcher":5,"Pandora\u0027s Box":0,"Philosopher\u0027s Stone":17,"Bag of Marbles":8,"PureWater":0,"Toy Ornithopter":13},{"Dead Branch":106,"Damaru":58,"Vajra":102,"Eternal Feather":22,"Omamori":36,"Whetstone":15,"Cursed Key":29,"Ancient Tea Set":65,"Akabeko":39,"Du-Vu Doll":78,"Frozen Eye":102,"Dream Catcher":15,"Pandora\u0027s Box":0,"Philosopher\u0027s Stone":52,"Bag of Marbles":24,"PureWater":0,"Toy Ornithopter":39}],"Toy Ornithopter":25},"card_choices":[{"not_picked":["ClearTheMind","Nirvana"],"picked":"DeceiveReality","floor":1.0},{"not_picked":["JustLucky","ForeignInfluence"],"picked":"CrushJoints","floor":3.0},{"not_picked":["FlyingSleeves","EmptyBody"],"picked":"BattleHymn","floor":4.0},{"not_picked":["ReachHeaven","ThirdEye","Weave"],"picked":"SKIP","floor":5.0},{"not_picked":["JustLucky","PathToVictory","LikeWater"],"picked":"SKIP","floor":6.0},{"not_picked":["EmptyFist","PathToVictory"],"picked":"Blasphemy","floor":11.0},{"not_picked":["Weave","Fasting2","ClearTheMind"],"picked":"SKIP","floor":14.0},{"not_picked":["Ragnarok","ConjureBlade"],"picked":"Devotion","floor":16.0},{"not_picked":["Study","SashWhip","BowlingBash"],"picked":"SKIP","floor":18.0},{"not_picked":["Study","SashWhip"],"picked":"BowlingBash","floor":18.0},{"not_picked":["Halt","FlurryOfBlows","ClearTheMind"],"picked":"SKIP","floor":22.0},{"not_picked":["BattleHymn","FearNoEvil","Worship"],"picked":"SKIP","floor":23.0},{"not_picked":["CrushJoints","CutThroughFate"],"picked":"Sanctity","floor":25.0},{"not_picked":["Sanctity","Adaptation"],"picked":"Study+1","floor":28.0},{"not_picked":["DeceiveReality","FollowUp","ReachHeaven"],"picked":"SKIP","floor":29.0},{"not_picked":["Indignation+1","ClearTheMind"],"picked":"Prostrate+1","floor":31.0},{"not_picked":["LessonLearned","Blasphemy"],"picked":"Wish","floor":33.0},{"not_picked":["FollowUp","Protect"],"picked":"WheelKick","floor":35.0},{"not_picked":["EmptyBody","Consecrate"],"picked":"Wireheading","floor":37.0},{"not_picked":["Crescendo","CrushJoints"],"picked":"InnerPeace","floor":41.0},{"not_picked":["Consecrate","BowlingBash"],"picked":"Protect","floor":42.0},{"not_picked":["SashWhip","BattleHymn"],"picked":"Wallop","floor":44.0},{"not_picked":["Adaptation","EmptyFist"],"picked":"Prostrate","floor":45.0},{"not_picked":["FlyingSleeves","Wireheading","FollowUp+1"],"picked":"SKIP","floor":46.0},{"not_picked":["FlurryOfBlows","Protect"],"picked":"Evaluate","floor":47.0},{"not_picked":["Evaluate","Fasting2"],"picked":"Omniscience","floor":48.0},{"not_picked":["WindmillStrike+1","Wireheading+1"],"picked":"LikeWater","floor":54}],"player_experience":1246814,"relics_obtained":[{"floor":6.0,"key":"Whetstone"},{"floor":9.0,"key":"Dream Catcher"},{"floor":12.0,"key":"Eternal Feather"},{"floor":14.0,"key":"Bag of Marbles"},{"floor":23.0,"key":"Omamori"},{"floor":25.0,"key":"Toy Ornithopter"},{"floor":26.0,"key":"Akabeko"},{"floor":41.0,"key":"Ancient Tea Set"},{"floor":45.0,"key":"Du-Vu Doll"},{"floor":54,"key":"Dead Branch"}],"event_choices":[{"damage_healed":0.0,"max_hp_gain":5.0,"max_hp_loss":0.0,"gold_gain":0.0,"event_name":"Big Fish","player_choice":"Donut","floor":2.0,"gold_loss":0.0,"damage_taken":0.0},{"damage_healed":0.0,"max_hp_gain":0.0,"max_hp_loss":0.0,"gold_gain":0.0,"event_name":"Shining Light","player_choice":"Entered Light","floor":8.0,"gold_loss":0.0,"damage_taken":22.0,"cards_upgraded":["CrushJoints","ClearTheMind"]},{"damage_healed":0.0,"max_hp_gain":0.0,"max_hp_loss":0.0,"gold_gain":0.0,"event_name":"Nest","player_choice":"Joined the Cult","floor":19.0,"gold_loss":0.0,"damage_taken":6.0,"cards_obtained":["RitualDagger"]},{"cards_removed":["Alpha"],"damage_healed":0.0,"max_hp_gain":0.0,"max_hp_loss":0.0,"gold_gain":0.0,"event_name":"Beggar","player_choice":"Gave Gold","floor":20.0,"gold_loss":75.0,"damage_taken":0.0},{"damage_healed":0.0,"max_hp_gain":0.0,"max_hp_loss":0.0,"gold_gain":0.0,"event_name":"Back to Basics","player_choice":"Simplicity","floor":21.0,"gold_loss":0.0,"damage_taken":0.0,"cards_upgraded":[]},{"damage_healed":0.0,"max_hp_gain":0.0,"max_hp_loss":0.0,"gold_gain":0.0,"event_name":"Purifier","player_choice":"Ignored","floor":39.0,"gold_loss":0.0,"damage_taken":0.0}],"is_beta":false,"boss_relics":[{"not_picked":["SlaversCollar","Astrolabe"],"picked":"Cursed Key"},{"not_picked":["Snecko Eye","Busted Crown"],"picked":"Philosopher\u0027s Stone"}],"items_purged_floors":[36,53],"is_endless":false,"potions_floor_spawned":[1,5,6,11,18,22,23,28,31,37,41,42,47],"killed_by":"The Heart","ascension_level":15}}