{"host":"vpaavrwbmey593fx","time":1611287091,"event":{"mods":["AchievementEnabler","BaseMod","Bestiary","Colored Map","Colored Powertips","DeckTracker","Minty Spire (QoL Compilation)","Relic Sorter"],"gold_per_floor":[218,40,53,72,87,87,113,113,113,143,143,161,186,205,205,309,309,322,333,353,353,68,102,102,136,159,84,119,119,130,148,148,244,244,255,266,276,19,34,34,48,48,48,63,90,70,105,122,122,122,122,122,21,51,51],"floor_reached":56,"language":"ENG","playtime":7152,"items_purged":["Writhe"],"score":1489,"play_id":"20ed2cc3-d778-400f-80ee-3cab4fe9e74b","local_time":"20210121194451","is_ascension_mode":true,"campfire_choices":[{"data":"Terror","floor":6,"key":"SMITH"},{"data":"Dagger Spray","floor":8,"key":"SMITH"},{"floor":11,"key":"REST"},{"data":"Leg Sweep","floor":15,"key":"SMITH"},{"floor":24,"key":"REST"},{"data":"Prepared","floor":29,"key":"SMITH"},{"data":"Bouncing Flask","floor":32,"key":"SMITH"},{"floor":40,"key":"REST"},{"floor":42,"key":"RECALL"},{"floor":49,"key":"REST"},{"floor":52,"key":"REST"}],"circlet_count":0,"master_deck":["Strike_G","Strike_G","Strike_G+1","Strike_G","Defend_G","Defend_G","Defend_G","Defend_G","Defend_G","Survivor","Neutralize","Dagger Spray+1","Slice+1","Terror+1","Corpse Explosion","PiercingWail","Dodge and Roll","Prepared+1","Leg Sweep+1","Venomology","Underhanded Strike+1","Bouncing Flask+1","Leg Sweep+1","Concentrate","Skewer+1","Malaise","Flechettes+1"],"relics":["Ring of the Snake","HornCleat","PreservedInsect","White Beast Statue","Matryoshka","Molten Egg 2","Whetstone","Snecko Eye","Potion Belt","DollysMirror","Ancient Tea Set","Regal Pillow","Bottled Lightning","Fusion Hammer","ClockworkSouvenir","Vajra","Anchor","Lantern","Incense Burner","Snake Skull"],"acts_visited":["Exordium","TheCity","TheBeyond","TheEnding"],"potions_floor_usage":[16,18,18,18,19,20,23,23,25,28,28,33,33,33,33,33,36,37,37,39,39,41,44,45,45,46,47,48,48,50,50,54,54,55,55,55,55,55,55,55,55],"damage_taken":[{"damage":0,"enemies":"2 Louse","floor":1,"turns":3},{"damage":1,"enemies":"Cultist","floor":3,"turns":3},{"damage":8,"enemies":"Jaw Worm","floor":4,"turns":5},{"damage":12,"enemies":"Gremlin Gang","floor":5,"turns":5},{"damage":12,"enemies":"Lagavulin","floor":7,"turns":4},{"damage":10,"enemies":"Gremlin Nob","floor":10,"turns":3},{"damage":0,"enemies":"Blue Slaver","floor":12,"turns":3},{"damage":1,"enemies":"3 Sentries","floor":13,"turns":2},{"damage":1,"enemies":"Exordium Wildlife","floor":14,"turns":4},{"damage":19,"enemies":"The Guardian","floor":16,"turns":11},{"damage":17,"enemies":"Spheric Guardian","floor":18,"turns":5},{"damage":2,"enemies":"3 Byrds","floor":19,"turns":3},{"damage":11,"enemies":"Centurion and Healer","floor":20,"turns":4},{"damage":22,"enemies":"Book of Stabbing","floor":23,"turns":7},{"damage":2,"enemies":"Slavers","floor":25,"turns":2},{"damage":2,"enemies":"Book of Stabbing","floor":28,"turns":4},{"damage":0,"enemies":"Snake Plant","floor":30,"turns":3},{"damage":0,"enemies":"3 Cultists","floor":31,"turns":2},{"damage":39,"enemies":"Automaton","floor":33,"turns":9},{"damage":4,"enemies":"Orb Walker","floor":35,"turns":5},{"damage":23,"enemies":"3 Shapes","floor":36,"turns":3},{"damage":7,"enemies":"3 Darklings","floor":37,"turns":4},{"damage":3,"enemies":"Jaw Worm Horde","floor":39,"turns":3},{"damage":4,"enemies":"4 Shapes","floor":41,"turns":3},{"damage":0,"enemies":"Transient","floor":44,"turns":5},{"damage":11,"enemies":"Nemesis","floor":45,"turns":7},{"damage":27,"enemies":"Reptomancer","floor":47,"turns":7},{"damage":0,"enemies":"Spire Growth","floor":48,"turns":3},{"damage":28,"enemies":"Donu and Deca","floor":50,"turns":7},{"damage":32,"enemies":"Shield and Spear","floor":54,"turns":6},{"damage":62,"enemies":"The Heart","floor":55,"turns":11}],"seed_played":"4717101984657249948","potions_obtained":[{"floor":7,"key":"Swift Potion"},{"floor":10,"key":"AttackPotion"},{"floor":12,"key":"FearPotion"},{"floor":13,"key":"DuplicationPotion"},{"floor":16,"key":"Strength Potion"},{"floor":18,"key":"FairyPotion"},{"floor":19,"key":"Fruit Juice"},{"floor":20,"key":"Energy Potion"},{"floor":23,"key":"DistilledChaos"},{"floor":25,"key":"Energy Potion"},{"floor":28,"key":"ColorlessPotion"},{"floor":30,"key":"Fire Potion"},{"floor":33,"key":"DuplicationPotion"},{"floor":35,"key":"EssenceOfSteel"},{"floor":36,"key":"Energy Potion"},{"floor":37,"key":"Energy Potion"},{"floor":39,"key":"Ancient Potion"},{"floor":44,"key":"LiquidMemories"},{"floor":45,"key":"Strength Potion"},{"floor":46,"key":"Fruit Juice"},{"floor":47,"key":"PowerPotion"},{"floor":48,"key":"PowerPotion"},{"floor":54,"key":"Regen Potion"}],"is_trial":false,"path_per_floor":["M","$","M","M","M","R","E","R","T","E","R","M","E","M","R","B",null,"M","M","M","?","$","E","R","E","T","?","E","R","M","M","R","B",null,"M","M","M","$","M","R","M","R","T","M","E","?","E","M","R","B",null,"R","$","E","B",null],"character_chosen":"THE_SILENT","items_purchased":["PreservedInsect","Slice","Bouncing Flask","DollysMirror","ClockworkSouvenir","EntropicBrew","SmokeBomb"],"campfire_rested":5,"item_purchase_floors":[2,2,22,22,38,38,53],"current_hp_per_floor":[70,70,69,61,49,49,37,37,37,27,48,48,47,46,46,27,59,42,45,34,34,34,12,34,32,32,32,30,30,30,30,30,15,60,56,33,26,26,23,60,56,56,56,56,45,50,23,23,62,34,69,80,80,48,1],"gold":51,"neow_bonus":"HUNDRED_GOLD","is_daily":false,"chose_seed":false,"campfire_upgraded":5,"win_rate":0.0,"timestamp":1611287091,"path_taken":["M","$","M","M","M","R","E","R","T","E","R","M","E","M","R","BOSS","M","M","M","?","$","E","R","E","T","?","E","R","M","M","R","BOSS","M","M","M","$","M","R","M","R","T","M","E","?","E","M","R","BOSS","R","$","E","BOSS"],"items_purchased_type":["Relic","Card","Card","Relic","Relic","Potion","Potion"],"build_version":"2020-12-22","purchased_purges":1,"victory":true,"max_hp_per_floor":[70,70,70,70,70,70,70,70,70,70,70,70,70,70,70,70,70,70,75,75,75,75,75,75,75,75,75,75,75,75,75,75,75,75,75,75,75,75,75,75,75,75,75,75,75,80,80,80,80,80,80,80,80,80,80],"card_choices":[{"not_picked":["Choke","Dagger Throw"],"picked":"Dagger Spray","floor":1},{"not_picked":["Underhanded Strike","Deflect","Bane"],"picked":"SKIP","floor":3},{"not_picked":["Prepared","Dagger Spray"],"picked":"Terror","floor":4},{"not_picked":["Accuracy","Dagger Throw","Bane"],"picked":"SKIP","floor":5},{"not_picked":["Endless Agony","Envenom"],"picked":"Corpse Explosion","floor":7},{"not_picked":["Acrobatics","Prepared"],"picked":"PiercingWail","floor":10},{"not_picked":["Masterful Stab+1","Venomology"],"picked":"Dodge and Roll","floor":12},{"not_picked":["Reflex","Endless Agony+1"],"picked":"Prepared","floor":13},{"not_picked":["Deadly Poison","PiercingWail"],"picked":"Leg Sweep","floor":14},{"not_picked":["Corpse Explosion","Storm of Steel"],"picked":"Venomology","floor":16},{"not_picked":["Acrobatics+1","Quick Slash+1","Endless Agony+1"],"picked":"SKIP","floor":18},{"not_picked":["Sucker Punch+1","Prepared"],"picked":"Underhanded Strike+1","floor":19},{"not_picked":["Quick Slash+1","Infinite Blades","Masterful Stab+1"],"picked":"SKIP","floor":20},{"not_picked":["Dagger Spray+1","Predator+1"],"picked":"Concentrate","floor":23},{"not_picked":["Outmaneuver","Flying Knee+1","Terror"],"picked":"SKIP","floor":25},{"not_picked":["Dagger Throw+1","Poisoned Stab+1"],"picked":"Skewer+1","floor":28},{"not_picked":["Sucker Punch+1","Prepared","Underhanded Strike+1"],"picked":"SKIP","floor":30},{"not_picked":["Sucker Punch+1","Prepared","Underhanded Strike+1"],"picked":"SKIP","floor":30},{"not_picked":["Escape Plan","Outmaneuver+1","Expertise"],"picked":"SKIP","floor":31},{"not_picked":["Storm of Steel","Doppelganger"],"picked":"Malaise","floor":33},{"not_picked":["PiercingWail+1","Prepared+1","Accuracy"],"picked":"SKIP","floor":35},{"not_picked":["Dagger Throw+1","Terror"],"picked":"Flechettes+1","floor":36},{"not_picked":["Dodge and Roll","Outmaneuver","Heel Hook+1"],"picked":"SKIP","floor":37},{"not_picked":["Deflect","PiercingWail+1","Dagger Throw+1"],"picked":"SKIP","floor":39},{"not_picked":["Terror","Malaise","Prepared+1"],"picked":"SKIP","floor":41},{"not_picked":["All Out Attack+1","Heel Hook+1","Accuracy"],"picked":"SKIP","floor":44},{"not_picked":["Sucker Punch+1","Dagger Spray+1","PiercingWail+1"],"picked":"SKIP","floor":45},{"not_picked":["Acrobatics+1","Deflect+1","Backflip"],"picked":"SKIP","floor":47},{"not_picked":["Escape Plan+1","Quick Slash+1","Dagger Throw+1"],"picked":"SKIP","floor":48},{"not_picked":["Blade Dance","Tactician","Corpse Explosion"],"picked":"SKIP","floor":54}],"player_experience":239981,"relics_obtained":[{"floor":7,"key":"White Beast Statue"},{"floor":9,"key":"Matryoshka"},{"floor":10,"key":"Molten Egg 2"},{"floor":13,"key":"Whetstone"},{"floor":23,"key":"Ancient Tea Set"},{"floor":25,"key":"HornCleat"},{"floor":26,"key":"Regal Pillow"},{"floor":28,"key":"Bottled Lightning"},{"floor":43,"key":"Vajra"},{"floor":43,"key":"Anchor"},{"floor":45,"key":"Lantern"},{"floor":47,"key":"Incense Burner"},{"floor":54,"key":"Snake Skull"}],"event_choices":[{"damage_healed":0,"gold_gain":0,"player_choice":"Opened","damage_taken":0,"relics_obtained":["Potion Belt"],"max_hp_gain":0,"max_hp_loss":0,"event_name":"The Mausoleum","floor":21,"gold_loss":0,"cards_obtained":["Writhe"]},{"cards_removed":["Strike_G"],"damage_healed":0,"gold_gain":0,"player_choice":"Gave Gold","damage_taken":0,"max_hp_gain":0,"max_hp_loss":0,"event_name":"Beggar","floor":27,"gold_loss":75},{"damage_healed":0,"gold_gain":0,"player_choice":"Bought 1 Potion","damage_taken":0,"max_hp_gain":0,"max_hp_loss":0,"event_name":"The Woman in Blue","floor":46,"gold_loss":0}],"is_beta":false,"boss_relics":[{"not_picked":["Cursed Key","Empty Cage"],"picked":"Snecko Eye"},{"not_picked":["Sozu","SacredBark"],"picked":"Fusion Hammer"}],"items_purged_floors":[22],"is_endless":false,"potions_floor_spawned":[7,10,12,13,14,16,18,19,20,23,25,28,30,31,33,35,36,37,39,41,44,45,47,48,54],"ascension_level":5}}