{"host":"kh6fvhxn285ncg0o","time":1611356517,"event":{"mods":["Act Like it!","BaseMod","Colored Map","Friendly Minions","Keyboard Shortcuts","Minty Spire (QoL Compilation)","Quick Restart","Relic Stats","StSLib","SuperFastMode"],"gold_per_floor":[118,118,43,58,58,87,87,87,112,112,112,112,127,152,152,224,224,244,244,244,244,262,262,262,262],"floor_reached":24,"language":"KOR","playtime":395,"items_purged":["Strike_B"],"score":500,"play_id":"0a7c6ba8-f0bc-4b31-a9d1-e1dca71644eb","local_time":"20210123080157","is_ascension_mode":true,"campfire_choices":[{"data":"Ball Lightning","floor":10,"key":"SMITH"},{"data":"Buffer","floor":12,"key":"SMITH"},{"data":"Seek","floor":15,"key":"SMITH"},{"data":"Defragment","floor":23,"key":"SMITH"}],"circlet_count":0,"master_deck":["AscendersBane","Strike_B+1","Strike_B+1","Defend_B","Defend_B","Defend_B","Defend_B","Zap+1","Dualcast","Ball Lightning+1","Genetic Algorithm","Buffer+1","Seek+1","Tempest","Meteor Strike","Defragment+1","Defragment","Conserve Battery+1"],"relics":["Cracked Core","NeowsBlessing","Dream Catcher","Regal Pillow","Whetstone","Nuclear Battery"],"acts_visited":["Exordium","TheCity"],"potions_floor_usage":[24],"damage_taken":[{"damage":0.0,"enemies":"2 Louse","floor":1.0,"turns":1.0},{"damage":0.0,"enemies":"Cultist","floor":4.0,"turns":1.0},{"damage":0.0,"enemies":"Lagavulin","floor":6.0,"turns":1.0},{"damage":3,"enemies":"Small Slimes","floor":13,"turns":3},{"damage":0,"enemies":"Gremlin Nob","floor":14,"turns":4},{"damage":36,"enemies":"Slime Boss","floor":16,"turns":8},{"damage":0,"enemies":"Chosen","floor":18,"turns":4},{"damage":19,"enemies":"3 Byrds","floor":22,"turns":4},{"damage":52,"enemies":"Book of Stabbing","floor":24,"turns":5}],"seed_played":"-437849623240942282","potions_obtained":[{"floor":1.0,"key":"Ancient Potion"},{"floor":13,"key":"Dexterity Potion"},{"floor":16,"key":"Swift Potion"},{"floor":18,"key":"SteroidPotion"}],"is_trial":false,"path_per_floor":["M","?","$","M","$","E","?","$","T","R","?","R","M","E","R","B",null,"M","?","?","?","M","R","E"],"character_chosen":"DEFECT","items_purchased":[],"campfire_rested":0,"item_purchase_floors":[],"current_hp_per_floor":[64,64,64,64,64,64,64,64,64,64,69,69,66,66,66,30,65,65,65,65,65,46,46,0,0],"gold":262,"neow_bonus":"THREE_ENEMY_KILL","is_daily":false,"chose_seed":false,"campfire_upgraded":4,"win_rate":0.0,"timestamp":1611356517,"path_taken":["M","?","$","?","?","E","?","?","T","R","?","R","M","E","R","BOSS","M","?","?","?","M","R","E"],"items_purchased_type":[],"build_version":"2020-12-22","purchased_purges":1,"victory":false,"max_hp_per_floor":[71,71,71,71,71,71,71,71,71,71,76,76,76,76,76,76,76,76,76,76,76,76,76,76,76],"relic_stats":{"Dream Catcher":0,"Regal Pillow":0,"counters":[9,31],"Whetstone":["Strike_B","Strike_B"],"obtain_stats":[{"Dream Catcher":6,"Regal Pillow":9,"NeowsBlessing":0,"Whetstone":14,"Cracked Core":0,"Nuclear Battery":17},{"Dream Catcher":3,"Regal Pillow":3,"NeowsBlessing":0,"Whetstone":5,"Cracked Core":0,"Nuclear Battery":6},{"Dream Catcher":3,"Regal Pillow":3,"NeowsBlessing":0,"Whetstone":10,"Cracked Core":0,"Nuclear Battery":18}]},"card_choices":[{"not_picked":["Hello World","Lockon"],"picked":"Ball Lightning","floor":4.0},{"not_picked":["Redo","Ball Lightning"],"picked":"Genetic Algorithm","floor":6},{"not_picked":["Hologram","Rebound"],"picked":"Seek","floor":13},{"not_picked":["Fusion","Rebound"],"picked":"Tempest","floor":14},{"not_picked":["Multi-Cast","Hyperbeam"],"picked":"Meteor Strike","floor":16},{"not_picked":["Coolheaded","Compile Driver"],"picked":"Defragment","floor":18},{"not_picked":["Redo","Beam Cell"],"picked":"Conserve Battery+1","floor":22}],"player_experience":1264153,"relics_obtained":[{"floor":6,"key":"Dream Catcher"},{"floor":9,"key":"Regal Pillow"},{"floor":14,"key":"Whetstone"}],"event_choices":[{"damage_healed":0.0,"max_hp_gain":0.0,"max_hp_loss":0.0,"gold_gain":0.0,"event_name":"Upgrade Shrine","player_choice":"Upgraded","floor":2.0,"gold_loss":0.0,"damage_taken":0.0,"cards_upgraded":["Zap"]},{"damage_healed":0,"gold_gain":0,"player_choice":"1 cards matched","damage_taken":0,"max_hp_gain":0,"max_hp_loss":0,"event_name":"Match and Keep!","floor":7,"gold_loss":0,"cards_obtained":["Buffer"]},{"damage_healed":0,"gold_gain":0,"player_choice":"Donut","damage_taken":0,"max_hp_gain":5,"max_hp_loss":0,"event_name":"Big Fish","floor":11,"gold_loss":0},{"cards_removed":["Strike_B"],"damage_healed":0,"gold_gain":0,"player_choice":"Elegance","damage_taken":0,"max_hp_gain":0,"max_hp_loss":0,"event_name":"Back to Basics","floor":19,"gold_loss":0},{"damage_healed":0,"gold_gain":0,"player_choice":"Read","damage_taken":0,"max_hp_gain":0,"max_hp_loss":0,"event_name":"The Library","floor":20,"gold_loss":0,"cards_obtained":["Defragment"]},{"damage_healed":0,"gold_gain":0,"player_choice":"Ignored","damage_taken":0,"max_hp_gain":0,"max_hp_loss":0,"event_name":"The Mausoleum","floor":21,"gold_loss":0}],"is_beta":false,"boss_relics":[{"not_picked":["SlaversCollar","Velvet Choker"],"picked":"Nuclear Battery"}],"items_purged_floors":[3],"is_endless":false,"potions_floor_spawned":[1,13,16,18],"killed_by":"Book of Stabbing","ascension_level":20}}