{"host":"ibckqdmmf9y74ymf","time":1611317089,"event":{"mods":["2.2 Compatiblity","Ascension Unlocker","BaseMod","Colored Map","Curses Come First","Highlight Path","Minty Spire (QoL Compilation)","Quick Restart","Rare Cards Sparkle","Relic Stats","StSLib"],"gold_per_floor":[99,99,99,99,99,99,99,99,99,99,99,99,99,99,99,99,99,99,99,24,4,4,4,4,4,4,4,4,4,4,4,4,4,4,4,4,4,4,4,4,4,4,4,4,4,4,4,4,4,4,4,4,4,4,4,4,4],"floor_reached":56,"language":"ENG","playtime":3654,"items_purged":["Strike_P"],"score":2256,"play_id":"1b1a8896-ccc2-418e-8652-150ac75e3f11","local_time":"20210122130449","is_ascension_mode":true,"campfire_choices":[{"data":"Tantrum","floor":6.0,"key":"SMITH"},{"floor":11.0,"key":"REST"},{"data":"CutThroughFate","floor":13.0,"key":"SMITH"},{"data":"Scrawl","floor":15.0,"key":"SMITH"},{"data":"LikeWater","floor":24.0,"key":"SMITH"},{"data":"FlurryOfBlows","floor":27.0,"key":"SMITH"},{"data":"CutThroughFate","floor":32.0,"key":"SMITH"},{"floor":41.0,"key":"RECALL"},{"data":"1","floor":46.0,"key":"LIFT"},{"data":"2","floor":49.0,"key":"LIFT"},{"data":"3","floor":53,"key":"LIFT"}],"circlet_count":0,"master_deck":["AscendersBane","Strike_P+1","Strike_P","Strike_P+1","Defend_P","Defend_P","Defend_P","Eruption","Vigilance","Tantrum+1","CutThroughFate+1","LikeWater+1","EmptyBody","CutThroughFate+1","Scrawl+1","FearNoEvil","Establishment","Protect","Halt","EmptyMind+1","FlurryOfBlows+1","LikeWater","SpiritShield","EmptyBody+1","Ragnarok","Omniscience","Meditate","LikeWater","Violence","MentalFortress+1","WheelKick"],"relics":["Ectoplasm","Bag of Preparation","Omamori","Centennial Puzzle","Dream Catcher","Bottled Lightning","Runic Pyramid","Vajra","Happy Flower","Meat on the Bone","Letter Opener","Toy Ornithopter","Old Coin","InkBottle","Coffee Dripper","Ice Cream","Bag of Marbles","Girya","Nunchaku"],"acts_visited":["Exordium","TheCity","TheBeyond","TheEnding"],"potions_floor_usage":[51],"damage_taken":[{"damage":2.0,"enemies":"Cultist","floor":1.0,"turns":3.0},{"damage":0.0,"enemies":"2 Louse","floor":2.0,"turns":2.0},{"damage":4.0,"enemies":"Small Slimes","floor":3.0,"turns":3.0},{"damage":5.0,"enemies":"3 Sentries","floor":7.0,"turns":12.0},{"damage":0.0,"enemies":"Exordium Thugs","floor":8.0,"turns":2.0},{"damage":0.0,"enemies":"Gremlin Nob","floor":12.0,"turns":2.0},{"damage":10.0,"enemies":"3 Sentries","floor":14.0,"turns":9.0},{"damage":0.0,"enemies":"Slime Boss","floor":16.0,"turns":2.0},{"damage":0.0,"enemies":"Chosen","floor":18.0,"turns":2.0},{"damage":4.0,"enemies":"2 Thieves","floor":21.0,"turns":2.0},{"damage":2.0,"enemies":"Snecko","floor":22.0,"turns":4.0},{"damage":3.0,"enemies":"Book of Stabbing","floor":23.0,"turns":3.0},{"damage":0.0,"enemies":"Gremlin Leader","floor":25.0,"turns":4.0},{"damage":6.0,"enemies":"Book of Stabbing","floor":28.0,"turns":2.0},{"damage":16.0,"enemies":"Slavers","floor":30.0,"turns":4.0},{"damage":0.0,"enemies":"Colosseum Slavers","floor":31.0,"turns":2.0},{"damage":7.0,"enemies":"Colosseum Nobs","floor":31.0,"turns":3.0},{"damage":12.0,"enemies":"Automaton","floor":33.0,"turns":8.0},{"damage":0.0,"enemies":"Orb Walker","floor":35.0,"turns":1.0},{"damage":0.0,"enemies":"3 Darklings","floor":37.0,"turns":4.0},{"damage":0.0,"enemies":"4 Shapes","floor":38.0,"turns":5.0},{"damage":3.0,"enemies":"Writhing Mass","floor":39.0,"turns":5.0},{"damage":0.0,"enemies":"Nemesis","floor":40.0,"turns":3.0},{"damage":0.0,"enemies":"Giant Head","floor":42.0,"turns":5.0},{"damage":0.0,"enemies":"Spire Growth","floor":45.0,"turns":2.0},{"damage":0.0,"enemies":"Transient","floor":47.0,"turns":6.0},{"damage":12.0,"enemies":"Jaw Worm Horde","floor":48.0,"turns":3.0},{"damage":31.0,"enemies":"Time Eater","floor":50.0,"turns":7.0},{"damage":9,"enemies":"Awakened One","floor":51,"turns":9},{"damage":16,"enemies":"Shield and Spear","floor":55,"turns":6},{"damage":45,"enemies":"The Heart","floor":56,"turns":5}],"seed_played":"-4763887525110764767","potions_obtained":[{"floor":2.0,"key":"Fire Potion"},{"floor":3.0,"key":"Swift Potion"},{"floor":7.0,"key":"Dexterity Potion"},{"floor":16.0,"key":"SteroidPotion"},{"floor":25.0,"key":"SteroidPotion"}],"is_trial":false,"path_per_floor":["M","M","M","?","?","R","E","M","T","?","R","E","R","E","R","B",null,"M","?","$","M","M","E","R","E","T","R","E","$","E","?","R","B",null,"M","?","M","M","M","E","R","E","T","?","M","R","M","M","R","B","B",null,"R","$","E","B"],"character_chosen":"WATCHER","items_purchased":[],"campfire_rested":1,"item_purchase_floors":[],"current_hp_per_floor":[59,59,55,44,37,37,32,32,32,12,32,32,32,22,22,22,57,57,57,57,53,51,48,48,48,48,48,42,42,38,43,43,43,62,62,62,62,62,59,59,59,59,59,59,59,59,59,47,47,28,36,60,60,60,44,0,0],"gold":4,"neow_bonus":"BOSS_RELIC","is_daily":false,"chose_seed":false,"campfire_upgraded":6,"win_rate":0.0,"timestamp":1611317089,"path_taken":["M","M","M","?","?","R","E","M","T","?","R","E","R","E","R","BOSS","M","?","$","M","M","E","R","E","T","R","E","$","E","?","R","BOSS","M","?","?","M","M","E","R","E","T","?","M","R","M","M","R","BOSS","BOSS","R","$","E","BOSS"],"items_purchased_type":[],"build_version":"2020-12-22","purchased_purges":1,"victory":false,"max_hp_per_floor":[68,68,68,68,68,68,68,68,68,68,68,68,68,68,68,68,68,68,68,68,68,68,68,68,68,68,68,68,68,68,68,68,68,68,68,68,68,68,68,68,68,68,68,68,68,68,68,68,68,68,68,68,68,68,68,68,68],"relic_stats":{"Centennial Puzzle":[39],"Dream Catcher":0,"Nunchaku":[1],"Happy Flower":[28],"counters":[31,130],"Ectoplasm":1152,"Bag of Preparation":[56],"Letter Opener":[200],"obtain_stats":[{"Ice Cream":40,"Girya":43,"Happy Flower":23,"Vajra":19,"Bag of Preparation":4,"Omamori":7,"Letter Opener":28,"Old Coin":31,"Centennial Puzzle":9,"Dream Catcher":12,"Nunchaku":55,"Ectoplasm":0,"Coffee Dripper":34,"Bag of Marbles":42,"Bottled Lightning":14,"PureWater":0,"Toy Ornithopter":30,"InkBottle":31,"Runic Pyramid":17,"Meat on the Bone":25},{"Ice Cream":23,"Girya":24,"Happy Flower":12,"Vajra":9,"Bag of Preparation":3,"Omamori":4,"Letter Opener":14,"Old Coin":17,"Centennial Puzzle":5,"Dream Catcher":6,"Nunchaku":30,"Ectoplasm":0,"Coffee Dripper":18,"Bag of Marbles":24,"Bottled Lightning":7,"PureWater":0,"Toy Ornithopter":15,"InkBottle":17,"Runic Pyramid":8,"Meat on the Bone":13},{"Ice Cream":87,"Girya":92,"Happy Flower":46,"Vajra":37,"Bag of Preparation":8,"Omamori":20,"Letter Opener":52,"Old Coin":61,"Centennial Puzzle":22,"Dream Catcher":24,"Nunchaku":125,"Ectoplasm":0,"Coffee Dripper":69,"Bag of Marbles":92,"Bottled Lightning":33,"PureWater":0,"Toy Ornithopter":56,"InkBottle":61,"Runic Pyramid":35,"Meat on the Bone":50}],"Toy Ornithopter":5,"InkBottle":[41],"Meat on the Bone":60},"card_choices":[{"not_picked":["Prostrate","Fasting2"],"picked":"Tantrum","floor":1.0},{"not_picked":["EmptyMind","Halt"],"picked":"CutThroughFate","floor":2.0},{"not_picked":["Pray","PathToVictory"],"picked":"LikeWater","floor":3.0},{"not_picked":["JustLucky","Consecrate"],"picked":"EmptyBody","floor":7.0},{"not_picked":["Evaluate","JustLucky"],"picked":"CutThroughFate","floor":8.0},{"not_picked":["SashWhip","Worship"],"picked":"Scrawl","floor":12.0},{"not_picked":["Halt","SandsOfTime"],"picked":"FearNoEvil","floor":14.0},{"not_picked":["Judgement","Brilliance"],"picked":"Establishment","floor":16.0},{"not_picked":["Adaptation","EmptyFist","Study"],"picked":"SKIP","floor":18.0},{"not_picked":["FearNoEvil","FlurryOfBlows"],"picked":"Protect","floor":21.0},{"not_picked":["PathToVictory","Consecrate"],"picked":"Halt","floor":22.0},{"not_picked":["Tantrum+1","CrushJoints"],"picked":"EmptyMind+1","floor":23.0},{"not_picked":["CutThroughFate","CarveReality"],"picked":"FlurryOfBlows","floor":25.0},{"not_picked":["SashWhip","EmptyFist"],"picked":"LikeWater","floor":28.0},{"not_picked":["Prostrate","Protect"],"picked":"SpiritShield","floor":30.0},{"not_picked":["ForeignInfluence","PathToVictory"],"picked":"EmptyBody+1","floor":31.0},{"not_picked":["Alpha","Establishment"],"picked":"Ragnarok","floor":33.0},{"not_picked":["CarveReality","JustLucky","CrushJoints"],"picked":"SKIP","floor":35.0},{"not_picked":["CrushJoints","Protect"],"picked":"LikeWater","floor":37.0},{"not_picked":["Fasting2","Prostrate","CrushJoints"],"picked":"SKIP","floor":38.0},{"not_picked":["FlurryOfBlows","Conclude+1","EmptyBody"],"picked":"SKIP","floor":39.0},{"not_picked":["Consecrate","Perseverance+1","WreathOfFlame"],"picked":"SKIP","floor":40.0},{"not_picked":["WaveOfTheHand","WindmillStrike","FlurryOfBlows"],"picked":"SKIP","floor":42.0},{"not_picked":["Secret Weapon","The Bomb"],"picked":"Violence","floor":44.0},{"not_picked":["EmptyFist","BowlingBash"],"picked":"MentalFortress+1","floor":45.0},{"not_picked":["CrushJoints","CutThroughFate","Consecrate"],"picked":"SKIP","floor":47.0},{"not_picked":["EmptyBody+1","CutThroughFate+1","WaveOfTheHand"],"picked":"SKIP","floor":48.0},{"not_picked":["Crescendo+1","Consecrate"],"picked":"WheelKick","floor":55}],"player_experience":646799,"relics_obtained":[{"floor":7.0,"key":"Omamori"},{"floor":9.0,"key":"Centennial Puzzle"},{"floor":12.0,"key":"Dream Catcher"},{"floor":14.0,"key":"Bottled Lightning"},{"floor":23.0,"key":"Happy Flower"},{"floor":25.0,"key":"Meat on the Bone"},{"floor":28.0,"key":"Letter Opener"},{"floor":30.0,"key":"Toy Ornithopter"},{"floor":31.0,"key":"Old Coin"},{"floor":31.0,"key":"InkBottle"},{"floor":40.0,"key":"Ice Cream"},{"floor":42.0,"key":"Bag of Marbles"},{"floor":43.0,"key":"Girya"},{"floor":55,"key":"Nunchaku"}],"event_choices":[{"damage_healed":0.0,"max_hp_gain":0.0,"max_hp_loss":0.0,"gold_gain":0.0,"event_name":"Scrap Ooze","player_choice":"Success","floor":4.0,"gold_loss":0.0,"damage_taken":11.0,"relics_obtained":["Bag of Preparation"]},{"cards_removed":["Defend_P"],"damage_healed":0.0,"max_hp_gain":0.0,"max_hp_loss":0.0,"gold_gain":0.0,"event_name":"Golden Wing","player_choice":"Card Removal","floor":5.0,"gold_loss":0.0,"damage_taken":7.0},{"damage_healed":0.0,"max_hp_gain":0.0,"max_hp_loss":0.0,"gold_gain":0.0,"event_name":"Shining Light","player_choice":"Entered Light","floor":10.0,"gold_loss":0.0,"damage_taken":20.0,"cards_upgraded":["Strike_P","Strike_P"]},{"damage_healed":0.0,"max_hp_gain":0.0,"max_hp_loss":0.0,"gold_gain":0.0,"event_name":"The Mausoleum","player_choice":"Opened","floor":19.0,"gold_loss":0.0,"damage_taken":0.0,"relics_obtained":["Vajra"],"cards_obtained":["Writhe"]},{"damage_healed":0.0,"max_hp_gain":0.0,"max_hp_loss":0.0,"gold_gain":0.0,"event_name":"Colosseum","player_choice":"Fight","floor":31.0,"gold_loss":0.0,"damage_taken":0.0},{"damage_healed":0.0,"max_hp_gain":0.0,"max_hp_loss":0.0,"gold_gain":0.0,"event_name":"Colosseum","player_choice":"Fought Nobs","floor":31.0,"gold_loss":0.0,"damage_taken":0.0},{"damage_healed":0.0,"max_hp_gain":0.0,"max_hp_loss":0.0,"gold_gain":0.0,"event_name":"Match and Keep!","player_choice":"2 cards matched","floor":36.0,"gold_loss":0.0,"damage_taken":0.0,"cards_obtained":["Omniscience","Meditate"]},{"damage_healed":0.0,"max_hp_gain":0.0,"max_hp_loss":0.0,"gold_gain":0.0,"event_name":"SensoryStone","player_choice":"Memory 1","floor":44.0,"gold_loss":0.0,"damage_taken":0.0}],"is_beta":false,"boss_relics":[{"not_picked":["Velvet Choker","Calling Bell"],"picked":"Runic Pyramid"},{"not_picked":["Black Star","Astrolabe"],"picked":"Coffee Dripper"}],"items_purged_floors":[20],"is_endless":false,"potions_floor_spawned":[2,3,7,16,25,30,31,31,37,40,48],"killed_by":"The Heart","ascension_level":20}}