{"host":"lzlnscgb2n0l5w2m","time":1611303861,"event":{"mods":["AchievementEnabler","BaseMod","Block Reminder","Colored Powertips","Googly Eyes","Highlight Path","Minty Spire (QoL Compilation)","Permanent Neow","Relic Stats","StSLib"],"gold_per_floor":[119,132,132,132,132,172,172,5,31,31,71,71,107,7,7,128,128,146,169,192,208,208,208,246,246,246,269,91,91,126,126,126,126,126],"floor_reached":33,"language":"ZHT","playtime":2382,"items_purged":["Strike_R","Injury","Strike_R"],"score":437,"play_id":"5dc8e659-e51c-4987-96bb-433427d00f96","local_time":"20210122162421","is_ascension_mode":true,"campfire_choices":[{"data":"Infernal Blade","floor":7.0,"key":"SMITH"},{"floor":10.0,"key":"RECALL"},{"data":"Reaper","floor":12.0,"key":"SMITH"},{"data":"Reaper","floor":15.0,"key":"SMITH"},{"data":"Offering","floor":23.0,"key":"SMITH"},{"data":"Anger","floor":25.0,"key":"SMITH"},{"data":"J.A.X.","floor":32,"key":"SMITH"}],"circlet_count":0,"master_deck":["Strike_R","Strike_R","Defend_R+1","Defend_R+1","Defend_R","Defend_R","Bash","Cleave","Anger+1","Infernal Blade+1","Pommel Strike","Metallicize","Reaper+1","Reaper+1","Offering+1","Flex","Pommel Strike","J.A.X.+1","Anger+1","Shrug It Off"],"relics":["Burning Blood","NeowsBlessing","Golden Idol","Lantern","Art of War","War Paint","Ginger","Coffee Dripper","Frozen Egg 2","Matryoshka","Mango","Enchiridion"],"acts_visited":["Exordium","TheCity"],"potions_floor_usage":[30,30],"damage_taken":[{"damage":0.0,"enemies":"Cultist","floor":1.0,"turns":1.0},{"damage":0.0,"enemies":"Jaw Worm","floor":2.0,"turns":1.0},{"damage":0.0,"enemies":"Gremlin Nob","floor":6.0,"turns":1.0},{"damage":19.0,"enemies":"Lagavulin","floor":11.0,"turns":5.0},{"damage":30.0,"enemies":"3 Sentries","floor":13.0,"turns":8.0},{"damage":43.0,"enemies":"Hexaghost","floor":16.0,"turns":11.0},{"damage":6.0,"enemies":"3 Byrds","floor":18.0,"turns":4.0},{"damage":44.0,"enemies":"2 Thieves","floor":19.0,"turns":3.0},{"damage":16.0,"enemies":"Snecko","floor":20.0,"turns":4.0},{"damage":15.0,"enemies":"Cultist and Chosen","floor":21.0,"turns":4.0},{"damage":42.0,"enemies":"Gremlin Leader","floor":24.0,"turns":6.0},{"damage":21.0,"enemies":"Chosen and Byrds","floor":27.0,"turns":4.0},{"damage":22,"enemies":"Book of Stabbing","floor":30,"turns":3},{"damage":86,"enemies":"Champ","floor":33,"turns":6}],"seed_played":"2601486635024319805","potions_obtained":[{"floor":13.0,"key":"FearPotion"},{"floor":20.0,"key":"Explosive Potion"},{"floor":24.0,"key":"LiquidMemories"},{"floor":27.0,"key":"SkillPotion"}],"is_trial":false,"path_per_floor":["M","M","?","?","T","E","R","$","T","R","E","R","E","$","R","B",null,"M","M","M","M","?","R","E","R","T","M","$","?","E","?","R","B"],"character_chosen":"IRONCLAD","items_purchased":["Pommel Strike","Metallicize","Shrug It Off"],"campfire_rested":0,"item_purchase_floors":[8,8,28],"current_hp_per_floor":[78,80,80,80,80,80,80,80,80,80,67,67,53,53,53,30,68,80,62,69,77,77,77,53,53,53,61,61,61,85,69,69,0,0],"gold":126,"neow_bonus":"THREE_ENEMY_KILL","is_daily":false,"chose_seed":false,"campfire_upgraded":6,"win_rate":0.0,"timestamp":1611303861,"path_taken":["M","?","?","?","?","E","R","$","T","R","E","R","E","$","R","BOSS","M","?","M","M","?","R","E","R","T","M","$","?","E","?","R","BOSS"],"items_purchased_type":["Card","Card","Card"],"build_version":"2020-12-22","purchased_purges":3,"victory":false,"max_hp_per_floor":[80,80,80,80,80,80,80,80,80,80,80,80,80,80,80,80,80,80,80,80,80,80,80,80,80,80,80,80,80,94,94,94,94,94],"relic_stats":{"counters":[14,61],"Golden Idol":84,"Art of War":[1],"Ginger":[5],"War Paint":["Defend_R","Defend_R"],"obtain_stats":[{"Lantern":6,"Matryoshka":26,"NeowsBlessing":0,"Golden Idol":4,"Enchiridion":31,"Mango":30,"Art of War":9,"Coffee Dripper":17,"Ginger":13,"War Paint":11,"Frozen Egg 2":24,"Burning Blood":0},{"Lantern":3,"Matryoshka":11,"NeowsBlessing":0,"Golden Idol":2,"Enchiridion":13,"Mango":13,"Art of War":3,"Coffee Dripper":6,"Ginger":5,"War Paint":4,"Frozen Egg 2":11,"Burning Blood":0},{"Lantern":3,"Matryoshka":48,"NeowsBlessing":0,"Golden Idol":2,"Enchiridion":55,"Mango":55,"Art of War":3,"Coffee Dripper":27,"Ginger":16,"War Paint":8,"Frozen Egg 2":48,"Burning Blood":0}],"Burning Blood":68},"card_choices":[{"not_picked":["Armaments","Warcry"],"picked":"Cleave","floor":1.0},{"not_picked":["Heavy Blade","Sword Boomerang"],"picked":"Anger","floor":2.0},{"not_picked":["Twin Strike","Anger"],"picked":"Infernal Blade","floor":6.0},{"not_picked":["Armaments","Wild Strike"],"picked":"Reaper","floor":11.0},{"not_picked":["Havoc","Combust"],"picked":"Reaper","floor":13.0},{"not_picked":["Barricade","Berserk"],"picked":"Offering","floor":16.0},{"not_picked":["Heavy Blade","Pommel Strike+1"],"picked":"Flex","floor":18.0},{"not_picked":["Headbutt+1","Armaments","Immolate"],"picked":"SKIP","floor":19.0},{"not_picked":["Bloodletting","Cleave","Metallicize"],"picked":"SKIP","floor":20.0},{"not_picked":["Clothesline+1","Sword Boomerang+1"],"picked":"Pommel Strike","floor":21.0},{"not_picked":["Sentinel","Twin Strike","Entrench+1"],"picked":"SKIP","floor":24.0},{"not_picked":["Combust+1","Whirlwind"],"picked":"Anger+1","floor":27.0},{"not_picked":["Body Slam+1","Bludgeon","Anger"],"picked":"SKIP","floor":30}],"player_experience":230396,"relics_obtained":[{"floor":6.0,"key":"Lantern"},{"floor":9.0,"key":"Art of War"},{"floor":11.0,"key":"War Paint"},{"floor":13.0,"key":"Ginger"},{"floor":24.0,"key":"Frozen Egg 2"},{"floor":26.0,"key":"Matryoshka"},{"floor":30,"key":"Mango"},{"floor":31,"key":"Enchiridion"}],"event_choices":[{"cards_removed":["Strike_R"],"damage_healed":0.0,"max_hp_gain":0.0,"max_hp_loss":0.0,"gold_gain":0.0,"event_name":"Living Wall","player_choice":"Forget","floor":3.0,"gold_loss":0.0,"damage_taken":0.0},{"damage_healed":0.0,"max_hp_gain":0.0,"max_hp_loss":0.0,"gold_gain":0.0,"event_name":"Golden Idol","player_choice":"Take Wound","floor":4.0,"gold_loss":0.0,"damage_taken":0.0,"relics_obtained":["Golden Idol"],"cards_obtained":["Injury"]},{"damage_healed":0.0,"max_hp_gain":0.0,"max_hp_loss":0.0,"gold_gain":0.0,"event_name":"Drug Dealer","player_choice":"Obtain J.A.X.","floor":22.0,"gold_loss":0.0,"damage_taken":0.0,"cards_obtained":["J.A.X."]},{"damage_healed":0.0,"max_hp_gain":0.0,"max_hp_loss":0.0,"gold_gain":0.0,"event_name":"Ghosts","player_choice":"Ignored","floor":29.0,"gold_loss":0.0,"damage_taken":0.0},{"damage_healed":0,"gold_gain":0,"player_choice":"Obtained Book","damage_taken":16,"max_hp_gain":0,"max_hp_loss":0,"event_name":"Cursed Tome","floor":31,"gold_loss":0}],"is_beta":false,"boss_relics":[{"not_picked":["Astrolabe","Tiny House"],"picked":"Coffee Dripper"}],"items_purged_floors":[8,14,28],"is_endless":false,"potions_floor_spawned":[13,20,24,27],"killed_by":"Champ","ascension_level":7}}