{"host":"wghdsg8ym2wc7ov9","time":1611287383,"event":{"mods":["AchievementEnabler","Astrologer","BaseMod","Beaked The Cultist","Better Altar","Better Note","ChefMod","Colored Map","Evolution","Fox Events","Hermit","Highlight Path","Jorbs\u0027s Wanderer Trilogy","KinomotoSakuraMod(????)","Minty Spire (QoL Compilation)","Random Character Button","Relic Stats","SIMod","Shop Mod","StSLib","The Blackbeard","The Bladedancer","The Construct","The Cursed","The Death Knight","The Gatherer","The Hierophant","The Marked","The Mystic","The Necromancer","The Runesmith","The Senshi","The Servant 0.9.4"],"gold_per_floor":[118,128,6,26,40,70,70,83,108,108,108,108,121,101,101,101,101],"floor_reached":16,"language":"ENG","playtime":1618,"items_purged":[],"score":102,"play_id":"b767dfa5-5409-49dd-949b-422b6f644bb5","local_time":"20210121194943","is_ascension_mode":false,"campfire_choices":[{"floor":7,"key":"REST"},{"floor":10,"key":"REST"},{"floor":12,"key":"REST"},{"floor":15,"key":"REST"}],"circlet_count":0,"master_deck":["DeathKnight:Strike_DeathKnight","DeathKnight:Strike_DeathKnight","DeathKnight:Strike_DeathKnight","DeathKnight:Strike_DeathKnight","DeathKnight:Strike_DeathKnight","DeathKnight:Defend_DeathKnight","DeathKnight:Defend_DeathKnight","DeathKnight:Defend_DeathKnight","DeathKnight:Defend_DeathKnight","DeathKnight:Defend_DeathKnight","DeathKnight:RuneTap+1","DeathKnight:RuneStrike","DeathKnight:ThirstingStrike","DeathKnight:DeathGrip","DeathKnight:DeathAndDecay","DeathKnight:RuneShock","DeathKnight:FrosPresence","DeathKnight:Contagion","DeathKnight:DarkSuccor","DeathKnight:DarkSuccor","DeathKnight:PillarOfFrost","DeathKnight:Contagion"],"relics":["DeathKnight:BrokenRuneblade","EVO:Axolotl","DeathKnight:PutricidesVial","PreservedInsect"],"acts_visited":["Exordium"],"potions_floor_usage":[8,16,16,16,16],"damage_taken":[{"damage":5,"enemies":"Jaw Worm","floor":1,"turns":5},{"damage":0,"enemies":"Small Slimes","floor":2,"turns":3},{"damage":4,"enemies":"Cultist","floor":4,"turns":4},{"damage":10,"enemies":"2 Fungi Beasts","floor":5,"turns":4},{"damage":46,"enemies":"Gremlin Nob","floor":6,"turns":5},{"damage":29,"enemies":"Exordium Thugs","floor":8,"turns":5},{"damage":39,"enemies":"Lots of Slimes","floor":13,"turns":7},{"damage":31,"enemies":"The Guardian","floor":16,"turns":5}],"seed_played":"8546899660851487268","potions_obtained":[{"floor":2,"key":"DeathKnight:RunicPotion"},{"floor":8,"key":"DeathKnight:RimePotion"},{"floor":13,"key":"DeathKnight:RunicPotion"},{"floor":14,"key":"CultistPotion"}],"is_trial":false,"path_per_floor":["M","M","$","M","M","E","R","M","T","R","?","R","M","?","R","B"],"character_chosen":"DEATH_KNIGHT","items_purchased":["DeathKnight:DeathAndDecay","DeathKnight:RuneShock","DeathKnight:FrosPresence"],"campfire_rested":4,"item_purchase_floors":[3,3,3],"current_hp_per_floor":[70,70,70,66,56,10,32,3,3,25,25,47,8,8,30,0,0],"gold":101,"neow_bonus":"UPGRADE_CARD","is_daily":false,"chose_seed":false,"campfire_upgraded":0,"win_rate":0.0,"timestamp":1611287383,"path_taken":["M","M","$","M","M","E","R","M","T","R","?","R","M","?","R","BOSS"],"items_purchased_type":["Card","Card","Card"],"build_version":"2020-12-22","purchased_purges":0,"victory":false,"max_hp_per_floor":[75,75,75,75,75,75,75,75,75,75,75,75,75,75,75,75,75],"relic_stats":{"counters":[8,38],"PreservedInsect":0,"obtain_stats":[{"DeathKnight:PutricidesVial":6,"PreservedInsect":9,"EVO:Axolotl":0,"DeathKnight:BrokenRuneblade":0},{"DeathKnight:PutricidesVial":5,"PreservedInsect":6,"EVO:Axolotl":0,"DeathKnight:BrokenRuneblade":0},{"DeathKnight:PutricidesVial":21,"PreservedInsect":26,"EVO:Axolotl":0,"DeathKnight:BrokenRuneblade":0}]},"card_choices":[{"not_picked":["DeathKnight:Pestilence","DeathKnight:Ossuary"],"picked":"DeathKnight:ThirstingStrike","floor":1},{"not_picked":["DeathKnight:DeathCoil","DeathKnight:FoulBulwark"],"picked":"DeathKnight:DeathGrip","floor":2},{"not_picked":["DeathKnight:DeathGrip","DeathKnight:ReapingStrike"],"picked":"DeathKnight:Contagion","floor":4},{"not_picked":["DeathKnight:Lichborne","DeathKnight:DeathAndDecay"],"picked":"DeathKnight:DarkSuccor","floor":5},{"not_picked":["DeathKnight:MutagenicPlague","DeathKnight:FrosPresence"],"picked":"DeathKnight:DarkSuccor","floor":6},{"not_picked":["DeathKnight:FrostStrike","DeathKnight:UnholyFrenzy"],"picked":"DeathKnight:Lichborne","floor":8},{"not_picked":["DeathKnight:HartStrike","DeathKnight:Lichborne"],"picked":"DeathKnight:Contagion","floor":13}],"player_experience":709625,"relics_obtained":[{"floor":6,"key":"DeathKnight:PutricidesVial"},{"floor":9,"key":"PreservedInsect"}],"event_choices":[{"damage_healed":0,"gold_gain":0,"cards_transformed":["DeathKnight:Lichborne"],"player_choice":"Change","damage_taken":0,"max_hp_gain":0,"max_hp_loss":0,"event_name":"Living Wall","floor":11,"gold_loss":0,"cards_obtained":["DeathKnight:PillarOfFrost"]},{"damage_healed":0,"gold_gain":0,"player_choice":"Bought 1 Potion","damage_taken":0,"max_hp_gain":0,"max_hp_loss":0,"event_name":"The Woman in Blue","floor":14,"gold_loss":0}],"is_beta":false,"boss_relics":[],"items_purged_floors":[],"is_endless":false,"potions_floor_spawned":[2,8,13],"killed_by":"The Guardian","ascension_level":0}}