{"host":"g2kelmgng7xf1xjg","time":1611337900,"event":{"mods":["BaseMod","Bestiary","Highlight Path","Minty Spire (QoL Compilation)","Relic Stats","StSLib"],"gold_per_floor":[119,134,134,7,17,17,37,37,62,96,118,118,155,155,155,288,288,315,315,315],"floor_reached":19,"language":"ENG","playtime":1378,"items_purged":["Strike_B"],"score":257,"play_id":"a1f0f1bf-c98a-4067-9b60-1a594e1793ff","local_time":"20210122115140","is_ascension_mode":true,"campfire_choices":[{"data":"Go for the Eyes","floor":6,"key":"SMITH"},{"data":"Zap","floor":8,"key":"SMITH"},{"floor":12,"key":"REST"},{"data":"Coolheaded","floor":15,"key":"SMITH"}],"circlet_count":0,"master_deck":["Strike_B","Strike_B","Strike_B","Defend_B","Defend_B","Defend_B","Defend_B","Zap+1","Dualcast","Doom and Gloom","Core Surge","Go for the Eyes+1","Cold Snap","Ball Lightning","Coolheaded+1","Conserve Battery","Machine Learning","Cold Snap"],"relics":["Cracked Core","StoneCalendar","Lantern","CeramicFish","Sundial","Golden Idol","Inserter"],"acts_visited":["Exordium","TheCity"],"potions_floor_usage":[13,16,16],"damage_taken":[{"damage":8,"enemies":"Small Slimes","floor":1,"turns":5},{"damage":10,"enemies":"Jaw Worm","floor":2,"turns":4},{"damage":0,"enemies":"2 Louse","floor":5,"turns":2},{"damage":2,"enemies":"Exordium Wildlife","floor":7,"turns":3},{"damage":26,"enemies":"3 Sentries","floor":10,"turns":5},{"damage":19,"enemies":"Exordium Thugs","floor":11,"turns":4},{"damage":9,"enemies":"Lagavulin","floor":13,"turns":4},{"damage":7,"enemies":"Hexaghost","floor":16,"turns":9},{"damage":24,"enemies":"2 Thieves","floor":18,"turns":4},{"damage":36,"enemies":"Masked Bandits","floor":19,"turns":3}],"seed_played":"8817249261899727829","potions_obtained":[{"floor":5,"key":"Swift Potion"},{"floor":7,"key":"EssenceOfDarkness"},{"floor":13,"key":"SteroidPotion"}],"is_trial":false,"path_per_floor":["M","M","?","$","M","R","M","R","T","E","M","R","E","?","R","B",null,"M","?"],"character_chosen":"DEFECT","items_purchased":["Go for the Eyes"],"campfire_rested":1,"item_purchase_floors":[4],"current_hp_per_floor":[60,50,50,50,50,50,48,48,48,22,3,25,16,16,16,9,54,30,0,0],"gold":315,"neow_bonus":"ONE_RARE_RELIC","is_daily":false,"chose_seed":false,"campfire_upgraded":3,"win_rate":0.0,"timestamp":1611337900,"path_taken":["M","M","?","$","M","R","M","R","T","E","M","R","E","?","R","BOSS","M","?"],"items_purchased_type":["Card"],"build_version":"2020-12-22","purchased_purges":1,"victory":false,"max_hp_per_floor":[75,75,75,75,75,75,75,75,75,75,75,75,75,69,69,69,69,69,69,69],"relic_stats":{"Inserter":[3],"counters":[10,43],"Sundial":[2],"Golden Idol":37,"CeramicFish":36,"StoneCalendar":[52],"obtain_stats":[{"Lantern":9,"Inserter":17,"Sundial":13,"Golden Idol":14,"CeramicFish":10,"StoneCalendar":0,"Cracked Core":0},{"Lantern":4,"Inserter":8,"Sundial":7,"Golden Idol":7,"CeramicFish":5,"StoneCalendar":0,"Cracked Core":0},{"Lantern":14,"Inserter":36,"Sundial":27,"Golden Idol":27,"CeramicFish":19,"StoneCalendar":0,"Cracked Core":0}]},"card_choices":[{"not_picked":["Stack","Skim"],"picked":"Doom and Gloom","floor":1},{"not_picked":["Steam","Leap"],"picked":"Core Surge","floor":2},{"not_picked":["Storm","Rebound"],"picked":"Cold Snap","floor":5},{"not_picked":["Stack","Doom and Gloom"],"picked":"Ball Lightning","floor":7},{"not_picked":["Stack","Heatsinks","Aggregate"],"picked":"SKIP","floor":10},{"not_picked":["Darkness","FTL"],"picked":"Coolheaded","floor":11},{"not_picked":["Leap","Coolheaded"],"picked":"Conserve Battery","floor":13},{"not_picked":["Thunder Strike","Rainbow"],"picked":"Machine Learning","floor":16},{"not_picked":["Beam Cell","Conserve Battery+1"],"picked":"Cold Snap","floor":18}],"player_experience":1012878,"relics_obtained":[{"floor":9,"key":"Lantern"},{"floor":10,"key":"CeramicFish"},{"floor":13,"key":"Sundial"}],"event_choices":[{"cards_removed":["Pain"],"damage_healed":0,"gold_gain":0,"player_choice":"Forget","damage_taken":0,"max_hp_gain":0,"max_hp_loss":0,"event_name":"Living Wall","floor":3,"gold_loss":0},{"damage_healed":0,"gold_gain":0,"player_choice":"Lose Max HP","damage_taken":0,"relics_obtained":["Golden Idol"],"max_hp_gain":0,"max_hp_loss":6,"event_name":"Golden Idol","floor":14,"gold_loss":0},{"damage_healed":0,"gold_gain":0,"player_choice":"Fought Bandits","damage_taken":0,"max_hp_gain":0,"max_hp_loss":0,"event_name":"Masked Bandits","floor":19,"gold_loss":0}],"is_beta":false,"boss_relics":[{"not_picked":["SacredBark","Fusion Hammer"],"picked":"Inserter"}],"items_purged_floors":[4],"is_endless":false,"potions_floor_spawned":[5,7,13],"killed_by":"Masked Bandits","ascension_level":9}}