{"host":"3zmssa4s99zhxek5","time":1611283649,"event":{"mods":["AchievementEnabler","BaseMod","Minty Spire (QoL Compilation)","Permanent Neow","Relic Stats"],"gold_per_floor":[209,227,244,244,79,106,106,121,121,46,46,57,83,94,94,166,166,177,177,102,12,12,12,12,38,108,127,139,194,209,234,234,309,309,328,342,342,5,24,24,56,73,120,155,169,119,119,138,138,138,138],"floor_reached":52,"language":"KOR","playtime":3830,"items_purged":["Strike_G"],"score":2009,"play_id":"a327ee4c-9fc3-44b4-8f0c-56e48f3890c1","local_time":"20210122114729","is_ascension_mode":true,"campfire_choices":[{"data":"Noxious Fumes","floor":7,"key":"SMITH"},{"data":"Neutralize","floor":11,"key":"SMITH"},{"data":"Bouncing Flask","floor":15,"key":"SMITH"},{"data":"Noxious Fumes","floor":23,"key":"SMITH"},{"data":"Venomology","floor":32,"key":"SMITH"},{"data":"Malaise","floor":40,"key":"SMITH"},{"data":"Leg Sweep","floor":47,"key":"SMITH"},{"data":"Blur","floor":49,"key":"SMITH"}],"circlet_count":0,"master_deck":["AscendersBane","Strike_G","Strike_G","Strike_G","Defend_G","Defend_G","Defend_G","Defend_G","Survivor","Neutralize+1","Underhanded Strike","Leg Sweep+1","Backflip","Noxious Fumes+1","Blur+1","PiercingWail","Deadly Poison","Dagger Throw","PiercingWail","Poisoned Stab","Backflip","Dagger Throw","Bouncing Flask+1","Corpse Explosion","Noxious Fumes+1","Deflect","Venomology+1","Malaise+1","Deadly Poison+1","Crippling Poison","Good Instincts","Good Instincts","Panache","Bouncing Flask+1","Acrobatics"],"relics":["Ring of the Snake","InkBottle","Orrery","Meat on the Bone","FossilizedHelix","Bag of Preparation","SlaversCollar","Red Mask","Mercury Hourglass","Snake Skull","Sundial","Coffee Dripper","Gambling Chip","Ginger","Smiling Mask","Centennial Puzzle"],"acts_visited":["Exordium","TheCity","TheBeyond"],"potions_floor_usage":[13,25,33,33,36,39,41,41,42,44,44,45,45,50,50,51,51],"damage_taken":[{"damage":3.0,"enemies":"Cultist","floor":1.0,"turns":6.0},{"damage":0,"enemies":"Jaw Worm","floor":2,"turns":3},{"damage":0,"enemies":"2 Louse","floor":3,"turns":4},{"damage":17,"enemies":"3 Sentries","floor":6,"turns":9},{"damage":1,"enemies":"2 Fungi Beasts","floor":8,"turns":3},{"damage":0,"enemies":"3 Louse","floor":12,"turns":5},{"damage":12,"enemies":"Gremlin Nob","floor":13,"turns":5},{"damage":0,"enemies":"Exordium Wildlife","floor":14,"turns":3},{"damage":0,"enemies":"Hexaghost","floor":16,"turns":8},{"damage":0,"enemies":"Chosen","floor":18,"turns":4},{"damage":0,"enemies":"Masked Bandits","floor":25,"turns":2},{"damage":9,"enemies":"Shell Parasite","floor":27,"turns":7},{"damage":26,"enemies":"Shelled Parasite and Fungi","floor":28,"turns":5},{"damage":0,"enemies":"Sentry and Sphere","floor":30,"turns":4},{"damage":21,"enemies":"Slavers","floor":31,"turns":3},{"damage":31,"enemies":"Champ","floor":33,"turns":11},{"damage":0,"enemies":"3 Shapes","floor":35,"turns":4},{"damage":13,"enemies":"3 Darklings","floor":36,"turns":3},{"damage":7,"enemies":"Transient","floor":39,"turns":6},{"damage":0,"enemies":"Nemesis","floor":41,"turns":7},{"damage":6,"enemies":"Spire Growth","floor":42,"turns":5},{"damage":15,"enemies":"Reptomancer","floor":44,"turns":5},{"damage":10,"enemies":"3 Darklings","floor":45,"turns":4},{"damage":11,"enemies":"Writhing Mass","floor":48,"turns":5},{"damage":32,"enemies":"Time Eater","floor":50,"turns":12},{"damage":19,"enemies":"Donu and Deca","floor":51,"turns":7}],"seed_played":"-5300130522862382334","potions_obtained":[{"floor":6,"key":"Block Potion"},{"floor":13,"key":"Fire Potion"},{"floor":14,"key":"SteroidPotion"},{"floor":16,"key":"Fire Potion"},{"floor":25,"key":"Strength Potion"},{"floor":42,"key":"Swift Potion"},{"floor":44,"key":"Weak Potion"}],"is_trial":false,"path_per_floor":["M","M","M","T","$","E","R","M","T","?","R","M","E","M","R","B",null,"M","?","?","$","?","R","?","?","T","M","M","T","M","E","R","B",null,"M","M","?","$","M","R","E","M","T","E","M","$","R","M","R","B","B",null],"character_chosen":"THE_SILENT","items_purchased":["Orrery","Noxious Fumes","Gambling Chip"],"campfire_rested":0,"item_purchase_floors":[5,21,38],"current_hp_per_floor":[56,56,56,56,56,39,39,38,38,38,38,38,38,38,38,38,59,59,59,59,59,59,59,41,41,41,44,30,30,42,33,33,14,57,57,44,34,34,39,39,39,45,45,42,44,44,44,45,45,25,18],"gold":138,"neow_bonus":"HUNDRED_GOLD","is_daily":false,"chose_seed":false,"campfire_upgraded":8,"win_rate":0.0,"timestamp":1611283649,"path_taken":["M","M","M","?","$","E","R","M","T","?","R","M","E","M","R","BOSS","M","?","?","$","?","R","?","?","T","M","?","?","M","E","R","BOSS","M","M","?","$","M","R","E","M","T","E","M","$","R","M","R","BOSS","BOSS"],"items_purchased_type":["Relic","Card","Relic"],"build_version":"2020-12-22","purchased_purges":1,"victory":true,"max_hp_per_floor":[66,66,66,66,66,66,66,66,66,66,66,66,66,66,66,66,66,66,66,66,66,66,66,71,71,71,71,71,71,71,71,71,71,71,71,71,71,71,71,71,71,71,71,71,71,71,71,71,71,71,71],"relic_stats":{"counters":[26,140],"Snake Skull":[196],"Bag of Preparation":[38],"Ginger":[4],"Smiling Mask":25,"Mercury Hourglass":[295],"Centennial Puzzle":[12],"Sundial":[8],"Gambling Chip":[37],"obtain_stats":[{"Snake Skull":29,"Bag of Preparation":13,"Ginger":41,"Smiling Mask":43,"Mercury Hourglass":26,"SlaversCollar":17,"Centennial Puzzle":44,"Sundial":31,"Gambling Chip":38,"Orrery":5,"Red Mask":25,"Coffee Dripper":34,"InkBottle":4,"FossilizedHelix":9,"Ring of the Snake":0,"Meat on the Bone":6},{"Snake Skull":13,"Bag of Preparation":7,"Ginger":20,"Smiling Mask":21,"Mercury Hourglass":11,"SlaversCollar":9,"Centennial Puzzle":22,"Sundial":15,"Gambling Chip":18,"Orrery":3,"Red Mask":11,"Coffee Dripper":16,"InkBottle":3,"FossilizedHelix":5,"Ring of the Snake":0,"Meat on the Bone":4},{"Snake Skull":64,"Bag of Preparation":35,"Ginger":102,"Smiling Mask":107,"Mercury Hourglass":52,"SlaversCollar":46,"Centennial Puzzle":112,"Sundial":71,"Gambling Chip":89,"Orrery":13,"Red Mask":52,"Coffee Dripper":82,"InkBottle":13,"FossilizedHelix":25,"Ring of the Snake":0,"Meat on the Bone":22}],"InkBottle":[46],"Ring of the Snake":[52],"Meat on the Bone":156},"card_choices":[{"not_picked":["Dodge and Roll","PiercingWail"],"picked":"Underhanded Strike","floor":1.0},{"not_picked":["Bane","Prepared"],"picked":"Leg Sweep","floor":2},{"not_picked":["Bane","Cloak And Dagger"],"picked":"Backflip","floor":3},{"not_picked":["Quick Slash","Dagger Spray"],"picked":"Noxious Fumes","floor":5},{"not_picked":["PiercingWail","Slice"],"picked":"Blur","floor":5},{"not_picked":["Sucker Punch","Quick Slash"],"picked":"PiercingWail","floor":5},{"not_picked":["Prepared","Escape Plan"],"picked":"Deadly Poison","floor":5},{"not_picked":["Slice","Setup"],"picked":"Dagger Throw","floor":5},{"not_picked":["Doppelganger","Expertise"],"picked":"PiercingWail","floor":6},{"not_picked":["Dagger Spray","Underhanded Strike"],"picked":"Poisoned Stab","floor":8},{"not_picked":["Slice","Choke"],"picked":"Backflip","floor":12},{"not_picked":["PiercingWail","Unload"],"picked":"Dagger Throw","floor":13},{"not_picked":["Setup","Dagger Spray"],"picked":"Bouncing Flask","floor":14},{"not_picked":["Tools of the Trade","Grand Finale"],"picked":"Corpse Explosion","floor":16},{"not_picked":["Bane","Cloak And Dagger","Reflex"],"picked":"SKIP","floor":18},{"not_picked":["Dagger Spray","Eviscerate+1","Accuracy"],"picked":"SKIP","floor":27},{"not_picked":["Outmaneuver","Cloak And Dagger"],"picked":"Deflect","floor":28},{"not_picked":["Accuracy","Heel Hook","Dagger Spray"],"picked":"SKIP","floor":30},{"not_picked":["Concentrate","Dodge and Roll+1"],"picked":"Venomology","floor":31},{"not_picked":["Phantasmal Killer","Grand Finale"],"picked":"Malaise","floor":33},{"not_picked":["Dodge and Roll+1","PiercingWail+1"],"picked":"Deadly Poison+1","floor":35},{"not_picked":["Eviscerate","Terror"],"picked":"Crippling Poison","floor":36},{"not_picked":["Enlightenment","Panacea"],"picked":"Good Instincts","floor":37},{"not_picked":["PanicButton","Transmutation"],"picked":"Good Instincts","floor":37},{"not_picked":["Impatience","Bandage Up"],"picked":"Panache","floor":37},{"not_picked":["Blade Dance","Backstab","Dagger Throw+1"],"picked":"SKIP","floor":39},{"not_picked":["Leg Sweep","Heel Hook"],"picked":"Bouncing Flask+1","floor":41},{"not_picked":["Outmaneuver+1","Underhanded Strike+1"],"picked":"Acrobatics","floor":42},{"not_picked":["Predator","Expertise","Unload"],"picked":"SKIP","floor":44},{"not_picked":["Riddle With Holes","Predator+1","PiercingWail"],"picked":"SKIP","floor":45},{"not_picked":["Riddle With Holes","Predator+1","PiercingWail"],"picked":"SKIP","floor":45},{"not_picked":["Flying Knee","Predator","Prepared"],"picked":"SKIP","floor":48}],"player_experience":1557731,"relics_obtained":[{"floor":4,"key":"InkBottle"},{"floor":6,"key":"Meat on the Bone"},{"floor":9,"key":"FossilizedHelix"},{"floor":13,"key":"Bag of Preparation"},{"floor":25,"key":"Red Mask"},{"floor":26,"key":"Mercury Hourglass"},{"floor":29,"key":"Snake Skull"},{"floor":31,"key":"Sundial"},{"floor":41,"key":"Ginger"},{"floor":43,"key":"Smiling Mask"},{"floor":44,"key":"Centennial Puzzle"}],"event_choices":[{"cards_removed":["Defend_G"],"damage_healed":0,"gold_gain":0,"player_choice":"Card Removal","damage_taken":0,"max_hp_gain":0,"max_hp_loss":0,"event_name":"The Cleric","floor":10,"gold_loss":75},{"damage_healed":0,"gold_gain":0,"player_choice":"Ignored","damage_taken":0,"max_hp_gain":0,"max_hp_loss":0,"event_name":"The Mausoleum","floor":19,"gold_loss":0},{"cards_removed":["Strike_G"],"damage_healed":0,"gold_gain":0,"player_choice":"Gave Gold","damage_taken":0,"max_hp_gain":0,"max_hp_loss":0,"event_name":"Beggar","floor":20,"gold_loss":75},{"damage_healed":0,"gold_gain":0,"player_choice":"Ignored","damage_taken":0,"max_hp_gain":0,"max_hp_loss":0,"event_name":"Ghosts","floor":22,"gold_loss":0},{"damage_healed":0,"gold_gain":0,"player_choice":"Shed Blood","damage_taken":23,"max_hp_gain":5,"max_hp_loss":0,"event_name":"Forgotten Altar","floor":24,"gold_loss":0},{"damage_healed":0,"gold_gain":0,"player_choice":"Fought Bandits","damage_taken":0,"max_hp_gain":0,"max_hp_loss":0,"event_name":"Masked Bandits","floor":25,"gold_loss":0},{"damage_healed":0,"gold_gain":0,"player_choice":"Memory 3","damage_taken":10,"max_hp_gain":0,"max_hp_loss":0,"event_name":"SensoryStone","floor":37,"gold_loss":0}],"is_beta":false,"boss_relics":[{"not_picked":["HoveringKite","SacredBark"],"picked":"SlaversCollar"},{"not_picked":["Calling Bell","Snecko Eye"],"picked":"Coffee Dripper"}],"items_purged_floors":[46],"is_endless":false,"potions_floor_spawned":[6,13,14,16,25,31,36,42,44],"ascension_level":20}}