{"host":"1mdoazogr9tl4b3g","time":1611326408,"event":{"mods":["Act Like it!","Aspiration","Bard","BaseMod","Beaked The Cultist","BetterRewards","Block Reminder","Conspire","Glutton Mod","Hubris","Infinite Spire","Marisa????????","Mimic Mod","Minty Spire (QoL Compilation)","Rare Cards Sparkle","Replay The Spire","Shop Mod","StSLib","The Bladedancer","The Construct","The Hierophant","The Runesmith","The Servant 0.9.4","Uncapped","Wandering Minibosses"],"gold_per_floor":[109,121,71,88,88,88,115,115,115,150,150,150,167,180,180,284,284,298,208,227,238,238,238,18,50,90,189,209,229,249,267,267,362,362,378,378,389,400,97,126,126,179,206,206,206,206,223,242,242,242],"floor_reached":51,"language":"ENG","playtime":2013,"items_purged":["Defend_G","Strike_G","Replay:Poison Smokescreen+1","Defend_G"],"score":1034,"play_id":"41afeba8-db42-458b-96c3-2fcdb12385c7","local_time":"20210122084008","is_ascension_mode":false,"campfire_choices":[{"data":"Infinite Blades","floor":6,"key":"SMITH"},{"data":"Cloak And Dagger","floor":15,"key":"SMITH"},{"data":"Malaise","floor":23,"key":"SMITH"},{"floor":32,"key":"DIG"},{"data":"ReplayTheSpireMod:Shiv Toss","floor":44,"key":"SMITH"},{"data":"Replay:Fractal Strike","floor":49,"key":"SMITH"}],"circlet_count":0,"master_deck":["Strike_G","Strike_G","Defend_G","Defend_G","Survivor","Neutralize","Blade Dance","Infinite Blades+1","Caltrops","ReplayTheSpireMod:Exploit Weakness+1","Blade Dance","Cloak And Dagger+1","Malaise+1","hubris:InfiniteBlow+380","Blade Dance","ReplayTheSpireMod:Shiv Toss+1","Blade Dance","Blade Dance+1","beaked:AwakenedForm+1","Replay:Fractal Strike+1"],"relics":["Ring of the Snake","aspiration:Nostalgia","m_SnakeCloak","Anchor","infinitespire:EmpoweringShard","beaked:ShinyBauble","Quantum Egg","hubris:Towel","Kunai","conspire:SlowCooker","Coffee Dripper","hubris:BottledRain","aspiration:ChemicalBlood","infinitespire:FocusingShard","Bottled Flame","Pantograph","Frozen Egg 2","conspire:SpecialSausage","Replay:Wax Seal","hubris:EmptyBottle","hubris:BundleOfHerbs","beaked:SacredDeck","Question Card","CatCart","Pen Nib"],"acts_visited":["Exordium","TheCity","TheBeyond"],"potions_floor_usage":[10,25,37,38,40,47,48,48,48,48,48],"damage_taken":[{"damage":0,"enemies":"2 Louse","floor":1,"turns":3},{"damage":0,"enemies":"Jaw Worm","floor":2,"turns":5},{"damage":2,"enemies":"Small Slimes","floor":4,"turns":3},{"damage":18,"enemies":"3 Sentries","floor":7,"turns":8},{"damage":6,"enemies":"Gremlin Nob","floor":10,"turns":4},{"damage":0,"enemies":"2 Fungi Beasts","floor":13,"turns":3},{"damage":0,"enemies":"Exordium Wildlife","floor":14,"turns":3},{"damage":0,"enemies":"Hexaghost","floor":16,"turns":6},{"damage":3,"enemies":"3 Byrds","floor":18,"turns":4},{"damage":0,"enemies":"Spheric Guardian","floor":20,"turns":3},{"damage":4,"enemies":"Shelled Parasite and Fungi","floor":21,"turns":3},{"damage":31,"enemies":"Slavers","floor":25,"turns":4},{"damage":4,"enemies":"Snake Plant","floor":26,"turns":3},{"damage":0,"enemies":"Snake Plant","floor":28,"turns":1},{"damage":0,"enemies":"Snecko","floor":29,"turns":1},{"damage":0,"enemies":"Centurion and Healer","floor":30,"turns":3},{"damage":0,"enemies":"3 Cultists","floor":31,"turns":2},{"damage":0,"enemies":"hubris:MusketHawk","floor":33,"turns":1},{"damage":15,"enemies":"3 Darklings","floor":35,"turns":4},{"damage":30,"enemies":"3 Shapes","floor":37,"turns":4},{"damage":4,"enemies":"Sphere and 2 Shapes","floor":38,"turns":2},{"damage":0,"enemies":"R_Hoarder","floor":40,"turns":1},{"damage":0,"enemies":"Orin","floor":42,"turns":4},{"damage":0,"enemies":"Maw","floor":47,"turns":1},{"damage":0,"enemies":"3 Darklings","floor":48,"turns":3},{"damage":0,"enemies":"hubris:GrandSnecko","floor":50,"turns":1}],"seed_played":"7090423141124429090","potions_obtained":[{"floor":1,"key":"Energy Potion"},{"floor":4,"key":"SpeedPotion"},{"floor":10,"key":"construct:ShiftPotion"},{"floor":14,"key":"Elixir"},{"floor":16,"key":"DuplicationPotion"},{"floor":18,"key":"Adrenaline Potion"},{"floor":33,"key":"Flashbang"},{"floor":35,"key":"DuplicationPotion"},{"floor":37,"key":"SmokeBomb"},{"floor":38,"key":"EssenceOfSteel"},{"floor":38,"key":"EntropicBrew"}],"is_trial":false,"path_per_floor":["M","M","?","M","?","R","E","T","T","E","?","?","M","M","R","B",null,"M","?","M","M","AVR","R","$","E","MIM","?","M","M","M","M","R","B",null,"M","?","M","M","$","E","AVR","?","T","R","?","?","M","M","R","B",null],"character_chosen":"THE_SILENT","items_purchased":["aspiration:ChemicalBlood","Replay:Wax Seal","hubris:EmptyBottle"],"campfire_rested":0,"item_purchase_floors":[24,39,39],"current_hp_per_floor":[70,70,70,68,61,61,43,43,43,37,37,19,19,19,19,19,70,67,67,67,63,63,63,63,32,28,28,28,28,28,28,28,53,70,55,55,25,21,21,21,21,21,21,21,21,4,4,4,4,29],"gold":242,"neow_bonus":"NOSTALGIA","is_daily":false,"chose_seed":false,"campfire_upgraded":5,"win_rate":0.0,"timestamp":1611326408,"path_taken":["M","M","?","M","?","R","E","?","T","E","?","?","M","M","R","BOSS","M","?","M","M","AVR","R","?","E","MIM","?","M","M","M","?","R","BOSS","M","?","?","M","$","E","AVR","?","T","R","?","?","M","M","R","BOSS"],"items_purchased_type":["Relic","Relic","Relic"],"build_version":"2020-12-22","purchased_purges":4,"victory":true,"max_hp_per_floor":[70,70,70,70,70,70,70,70,70,70,70,70,70,70,70,70,70,70,70,70,70,70,70,70,70,70,70,70,70,70,70,70,70,70,70,70,70,70,70,70,70,70,70,70,70,70,70,70,70,70],"card_choices":[{"not_picked":["Dagger Spray","PiercingWail"],"picked":"Blade Dance","floor":1},{"not_picked":["Cloak And Dagger","Well Laid Plans"],"picked":"Infinite Blades","floor":2},{"not_picked":["Sucker Punch","Hidden Blade"],"picked":"Caltrops","floor":4},{"not_picked":["Endless Agony","Flying Knee"],"picked":"ReplayTheSpireMod:Exploit Weakness","floor":7},{"not_picked":["Setup","Sucker Punch","PiercingWail"],"picked":"SKIP","floor":10},{"not_picked":["Deflect","Underhanded Strike"],"picked":"Blade Dance","floor":13},{"not_picked":["Concentrate","Acrobatics"],"picked":"Cloak And Dagger","floor":14},{"not_picked":["Underhanded Strike+1","Prepared+1","Dodge and Roll+1"],"picked":"SKIP","floor":18},{"not_picked":["Dagger Throw","Deflect"],"picked":"Malaise","floor":20},{"not_picked":["Heel Hook","Well Laid Plans","Bane+1"],"picked":"SKIP","floor":21},{"not_picked":["Leg Sweep","Tactician+1"],"picked":"Blade Dance","floor":25},{"not_picked":["Backflip+1","Poisoned Stab"],"picked":"ReplayTheSpireMod:Shiv Toss","floor":26},{"not_picked":["Sucker Punch+1","Slice"],"picked":"Blade Dance","floor":28},{"not_picked":["PiercingWail","Hidden Blade+1"],"picked":"Blade Dance+1","floor":29},{"not_picked":["Reflex+1","conspire:PoisonWeapons","Choke"],"picked":"SKIP","floor":30},{"not_picked":["Deflect","Cloak And Dagger+1","Outmaneuver"],"picked":"SKIP","floor":31},{"not_picked":["Predator+1","Fluid Movement+1","Bane"],"picked":"SKIP","floor":35},{"not_picked":["Choke+1","hubris:Counter"],"picked":"Replay:Poison Smokescreen+1","floor":37},{"not_picked":["Heel Hook","ReplayTheSpireMod:Scrap Shanks+1","Riddle With Holes"],"picked":"SKIP","floor":38},{"not_picked":["Underhanded Strike+1","Deflect","Tactician"],"picked":"SKIP","floor":40},{"not_picked":["ReplayTheSpireMod:Chaos Vortex","infinitespire:NeuralNetwork"],"picked":"Replay:Fractal Strike","floor":46},{"not_picked":["Outmaneuver","Bane+1","Slice","Underhanded Strike+1"],"picked":"SKIP","floor":47},{"not_picked":["Acrobatics+1","Prepared+1","Accuracy+1","ReplayTheSpireMod:Shiv Toss"],"picked":"SKIP","floor":48}],"player_experience":352204,"relics_obtained":[{"floor":7,"key":"Anchor"},{"floor":8,"key":"infinitespire:EmpoweringShard"},{"floor":9,"key":"beaked:ShinyBauble"},{"floor":10,"key":"Quantum Egg"},{"floor":25,"key":"infinitespire:FocusingShard"},{"floor":26,"key":"Bottled Flame"},{"floor":26,"key":"Pantograph"},{"floor":32,"key":"Frozen Egg 2"},{"floor":40,"key":"hubris:BundleOfHerbs"},{"floor":42,"key":"CatCart"},{"floor":43,"key":"Pen Nib"}],"event_choices":[{"cards_removed":["Strike_G"],"damage_healed":0,"gold_gain":0,"player_choice":"Card Removal","damage_taken":0,"max_hp_gain":0,"max_hp_loss":0,"event_name":"The Cleric","floor":3,"gold_loss":50},{"cards_removed":["Defend_G"],"damage_healed":0,"gold_gain":0,"player_choice":"Card Removal","damage_taken":7,"max_hp_gain":0,"max_hp_loss":0,"event_name":"Golden Wing","floor":5,"gold_loss":0},{"damage_healed":0,"gold_gain":0,"player_choice":"Success","damage_taken":18,"relics_obtained":["Kunai"],"max_hp_gain":0,"max_hp_loss":0,"event_name":"Scrap Ooze","floor":12,"gold_loss":0},{"cards_removed":["Strike_G"],"damage_healed":0,"gold_gain":0,"player_choice":"Upgrade and Remove","damage_taken":0,"max_hp_gain":0,"max_hp_loss":0,"event_name":"Designer","floor":19,"gold_loss":90,"cards_upgraded":["ReplayTheSpireMod:Exploit Weakness"]},{"damage_healed":0,"gold_gain":99,"player_choice":"Stole From Cult","damage_taken":0,"max_hp_gain":0,"max_hp_loss":0,"event_name":"Nest","floor":27,"gold_loss":0},{"damage_healed":0,"gold_gain":0,"player_choice":"Got Potions","damage_taken":0,"max_hp_gain":0,"max_hp_loss":0,"event_name":"Lab","floor":36,"gold_loss":0},{"damage_healed":0,"gold_gain":0,"player_choice":"Fight","damage_taken":0,"max_hp_gain":0,"max_hp_loss":0,"event_name":"OrinTheCat","floor":42,"gold_loss":0}],"is_beta":false,"boss_relics":[{"not_picked":["Runic Dome","Painkiller Herb"],"picked":"conspire:SlowCooker"},{"not_picked":["Velvet Choker","hubris:GrandSneckoEye"],"picked":"conspire:SpecialSausage"}],"items_purged_floors":[22,24,39,41],"is_endless":false,"potions_floor_spawned":[1,4,10,14,16,18,29,31,33,35,37,38],"ascension_level":0}}