{"host":"xu0zbcebhy6w9mdv","time":1611351694,"event":{"mods":["AchievementEnabler","Act Like it!","Aspiration","BaseMod","Better Match","Better Third Choice","BetterRewards","Colored Powertips","Downfall","Duelist Mod","Friendly Minions","Gensokyo","Hallownest","Hubris","Infinite Spire","Marisa????????","Minty Spire (QoL Compilation)","Potionbrewer","Quick Restart","READ ME - Guardian Mod","READ ME - Snecko Mod","Rare Cards Sparkle","Replay The Spire","Shop Mod","StSLib","The Animator","The Blackbeard","The Bug Knight","The Cursed","The Hierophant","The Necromancer","The Runesmith","The Servant 0.9.4"],"gold_per_floor":[119,7,7,7,26,53,53,86,110,61,74,91,103,203,203,300,300,312,272,286,186,198,198,198,198],"floor_reached":24,"language":"ENG","playtime":3354,"items_purged":["Strike_R","Combust"],"score":321,"play_id":"326ec137-24c5-407d-8e6a-e64948b3bc0b","local_time":"20210122164134","is_ascension_mode":true,"campfire_choices":[{"floor":7,"key":"REST"},{"data":"Feel No Pain","floor":15,"key":"SMITH"},{"data":"Twin Strike","floor":23,"key":"SMITH"}],"circlet_count":0,"master_deck":["Strike_R","Strike_R","Strike_R","Strike_R","Defend_R","Defend_R","Defend_R","Defend_R","Bash","ReplayTheSpireMod:Private Reserves","Twin Strike+1","hubris:ReadiedAction","Evolve","Thunderclap","Metallicize+1","Shockwave","Infernal Blade+1","Feel No Pain+1","Shrug It Off+1","Carnage","Bloodletting+1"],"relics":["Burning Blood","BargainBundle","FaceOfCleric","Toxic Egg 2","infinitespire:BottledMercury","Blood Vial","hubris:GrandSneckoEye"],"acts_visited":["Exordium","TheCity"],"potions_floor_usage":[12,16,20,20,24,24],"damage_taken":[{"damage":1,"enemies":"Cultist","floor":1,"turns":3},{"damage":0,"enemies":"Small Slimes","floor":5,"turns":3},{"damage":27,"enemies":"3 Sentries","floor":6,"turns":5},{"damage":9,"enemies":"HollowMod:MossKnight","floor":8,"turns":5},{"damage":9,"enemies":"Jaw Worm","floor":11,"turns":4},{"damage":19,"enemies":"Gremlin Gang","floor":12,"turns":4},{"damage":8,"enemies":"Exordium Wildlife","floor":13,"turns":5},{"damage":43,"enemies":"Hexaghost","floor":16,"turns":9},{"damage":1,"enemies":"Chosen","floor":18,"turns":4},{"damage":8,"enemies":"Shell Parasite","floor":20,"turns":3},{"damage":7,"enemies":"Centurion and Healer","floor":22,"turns":7},{"damage":93,"enemies":"Nightmare","floor":24,"turns":9}],"seed_played":"-1935186786487425645","potions_obtained":[{"floor":5,"key":"bronze:BurnAndBuffPotion"},{"floor":12,"key":"Slimebound:ThreeZeroPotion"},{"floor":19,"key":"potionbrewer:HastePotion"},{"floor":19,"key":"PowerPotion"},{"floor":19,"key":"Languid Potion"},{"floor":22,"key":"Swift Potion"}],"is_trial":false,"path_per_floor":["M","$","?","?","M","E","R","E","T","$","M","M","M","?","R","B",null,"M","?","M","$","M","R","NM"],"character_chosen":"IRONCLAD","items_purchased":["BargainBundle","ReplayTheSpireMod:Private Reserves","Twin Strike","hubris:ReadiedAction","Evolve","Metallicize","Shockwave","Shrug It Off+1"],"campfire_rested":1,"item_purchase_floors":[0,0,0,0,0,2,2,10],"current_hp_per_floor":[80,80,80,80,81,61,82,80,80,80,80,70,71,71,71,37,87,88,88,87,87,89,89,0,0],"gold":198,"neow_bonus":"","is_daily":false,"chose_seed":false,"campfire_upgraded":2,"win_rate":0.0,"timestamp":1611351694,"path_taken":["M","$","?","?","?","E","R","E","T","$","M","M","M","?","R","BOSS","M","?","M","$","M","R","NM"],"items_purchased_type":["Relic","Card","Card","Card","Card","Card","Card","Card"],"build_version":"2020-12-22","purchased_purges":2,"victory":false,"max_hp_per_floor":[80,80,80,80,81,82,82,83,83,83,84,85,86,86,86,87,87,88,88,89,89,90,90,90,90],"card_choices":[{"not_picked":["Cleave","Hemokinesis"],"picked":"Thunderclap","floor":1},{"not_picked":["Wild Strike","Shockwave"],"picked":"Combust","floor":5},{"not_picked":["Cleave","Disarm+1"],"picked":"Infernal Blade+1","floor":6},{"not_picked":["Run Through","ReplayTheSpireMod:LeadingStrike"],"picked":"Feel No Pain","floor":8},{"not_picked":["Fire Breathing","Replay:Undeath\u0027s Touch","Cleave"],"picked":"SKIP","floor":11},{"not_picked":["Headbutt","Abandon+1","Body Slam"],"picked":"SKIP","floor":12},{"not_picked":["Pommel Strike","Clash"],"picked":"Carnage","floor":13},{"not_picked":["Headbutt","Clothesline"],"picked":"Bloodletting+1","floor":18},{"not_picked":["ReplayTheSpireMod:Corrosion Curse+1","Spot Weakness+1","Uppercut"],"picked":"SKIP","floor":20},{"not_picked":["ReplayTheSpireMod:Strike From Hell","Warcry+1","Pommel Strike"],"picked":"SKIP","floor":22}],"player_experience":640083,"relics_obtained":[{"floor":6,"key":"Toxic Egg 2"},{"floor":8,"key":"infinitespire:BottledMercury"},{"floor":9,"key":"Blood Vial"}],"event_choices":[{"damage_healed":0,"gold_gain":0,"player_choice":"Trade","damage_taken":0,"relics_obtained":["FaceOfCleric"],"max_hp_gain":0,"max_hp_loss":0,"event_name":"FaceTrader","floor":4,"gold_loss":0},{"damage_healed":0,"gold_gain":100,"player_choice":"Pray","damage_taken":0,"max_hp_gain":0,"max_hp_loss":0,"event_name":"Golden Shrine","floor":14,"gold_loss":0},{"damage_healed":0,"gold_gain":0,"player_choice":"Bought 3 Potions","damage_taken":0,"max_hp_gain":0,"max_hp_loss":0,"event_name":"The Woman in Blue","floor":19,"gold_loss":0}],"is_beta":false,"boss_relics":[{"not_picked":["Replay:Ancient Bell","Coffee Dripper"],"picked":"hubris:GrandSneckoEye"}],"items_purged_floors":[0,21],"is_endless":false,"potions_floor_spawned":[5,12,22],"killed_by":"Nightmare","ascension_level":1}}