{"host":"TheShotgunBoss","time":1611284108,"event":{"mods":["AchievementEnabler","Always Whale","Aspiration","BaseMod","Beaked The Cultist","Colored Map","Colored Powertips","Colorless Booster Pack","Conspire","Downfall","Energized Spire","FetchMod","GifTheSpireLib","Halation","Hubris","Infinite Spire","Jedi Mod","Minty Spire (QoL Compilation)","Poor People Problems","Quick Restart","RNG!","Relic Sorter","SacredBarkPlus","Shop Mod","Spikes Relics","StSLib","Stuff the Spire","The Blue Laboratory","The Construct","Uncapped","Unceasing Turn Reminder","everything is the same but u backflip on backflip","vexMod","??????REMEMod"],"gold_per_floor":[99,112,130,147,200,228,277,312,112,130,40,75,89,89,101,101,101,101],"floor_reached":16,"language":"ENG","playtime":813,"items_purged":["Guardian:Strike_Guardian"],"score":128,"play_id":"d3f0edd5-65a3-4f4f-9bb8-e2481ba419ec","local_time":"20210121215508","is_ascension_mode":true,"campfire_choices":[{"data":"Guardian:TwinSlam","floor":1,"key":"SMITH"},{"data":"Guardian:VentSteam","floor":9,"key":"SMITH"}],"circlet_count":0,"master_deck":["Guardian:Strike_Guardian","Guardian:Strike_Guardian","Guardian:Strike_Guardian","Guardian:Defend_Guardian","Guardian:Defend_Guardian","Guardian:Defend_Guardian","Guardian:Defend_Guardian","Guardian:CurlUp","Guardian:TwinSlam+1","construct:QuickAttack","Guardian:DonusPower","Guardian:VentSteam+1","Guardian:BronzeArmor","Guardian:Gem_Synthetic","Guardian:Gem_Green","Guardian:Gem_Red"],"relics":["Guardian:ModeShifter","REME_ComplimentaryCards","aspiration:Lifesprig","Ginger","Vajra","downfall:HeartBlessingGreen","downfall:HeartBlessingBlue","conspire:GlowingRock","GremlinMask"],"acts_visited":["Exordium"],"potions_floor_usage":[16,16,16],"damage_taken":[{"damage":0,"enemies":"Cultist","floor":2,"turns":4},{"damage":6,"enemies":"Jaw Worm","floor":3,"turns":4},{"damage":3,"enemies":"Small Slimes","floor":4,"turns":4},{"damage":14,"enemies":"Gremlin Nob","floor":6,"turns":5},{"damage":14,"enemies":"Lagavulin","floor":8,"turns":8},{"damage":10,"enemies":"Exordium Thugs","floor":10,"turns":5},{"damage":2,"enemies":"downfall:FleeingMerchant","floor":11,"turns":4},{"damage":19,"enemies":"3 Sentries","floor":12,"turns":11},{"damage":0,"enemies":"3 Louse","floor":13,"turns":3},{"damage":7,"enemies":"Lots of Slimes","floor":15,"turns":5},{"damage":18,"enemies":"IC_STATUS_ARCHETYPE","floor":16,"turns":10}],"seed_played":"6725599750857578447","potions_obtained":[{"floor":4,"key":"EssenceOfSteel"},{"floor":6,"key":"Fire Potion"},{"floor":13,"key":"ColorlessPotion"}],"is_trial":false,"path_per_floor":["R","M","M","M","T","E","T","E","R","M","$","E","M","?","M","B"],"character_chosen":"GUARDIAN","items_purchased":[],"campfire_rested":0,"item_purchase_floors":[],"current_hp_per_floor":[80,80,74,71,71,57,57,43,53,43,41,22,22,22,15,0,0,0],"gold":101,"neow_bonus":"THREE_CARDS","is_daily":false,"chose_seed":false,"campfire_upgraded":2,"win_rate":0.0,"timestamp":1611284108,"path_taken":["R","M","?","M","?","E","T","E","R","M","?","E","?","?","M","BOSS"],"items_purchased_type":[],"build_version":"2020-12-18","purchased_purges":1,"victory":false,"max_hp_per_floor":[80,80,80,80,80,80,80,80,90,90,90,90,90,90,90,90,90,90],"card_choices":[{"not_picked":["Guardian:Suspension","Guardian:WalkerClaw"],"picked":"Guardian:Gem_Green","floor":0},{"not_picked":["Guardian:SentryBeam","Guardian:Clone"],"picked":"Guardian:DonusPower","floor":2},{"not_picked":["Guardian:RollAttack","Guardian:DonusPower","Guardian:Gem_Lightblue"],"picked":"SKIP","floor":3},{"not_picked":["Guardian:ArmoredProtocol","Guardian:TimeCapacitor"],"picked":"Guardian:VentSteam","floor":4},{"not_picked":["Guardian:Recover","Guardian:Emergency","Guardian:Gem_Green"],"picked":"SKIP","floor":6},{"not_picked":["Guardian:Gem_Lightblue","Guardian:Gem_Blue"],"picked":"Guardian:Gem_Red","floor":8},{"not_picked":["Guardian:RefractedBeam","Guardian:StasisStrike","Guardian:ShieldCharger"],"picked":"SKIP","floor":10},{"not_picked":["Guardian:ShieldCharger","Guardian:VentSteam"],"picked":"Guardian:BronzeArmor","floor":11},{"not_picked":["Guardian:RollAttack","Guardian:ChargeCore"],"picked":"Guardian:Gem_Synthetic","floor":12},{"not_picked":["Guardian:FloatingOrbs","Guardian:TimeCapacitor"],"picked":"Guardian:Gem_Green","floor":13},{"not_picked":["Guardian:BronzeOrb","Guardian:Gem_Purple"],"picked":"Guardian:Gem_Red","floor":15}],"player_experience":286885,"relics_obtained":[{"floor":5,"key":"aspiration:Lifesprig"},{"floor":6,"key":"Ginger"},{"floor":8,"key":"Vajra"},{"floor":12,"key":"conspire:GlowingRock"}],"event_choices":[{"damage_healed":0,"gold_gain":0,"player_choice":"Trade","damage_taken":0,"relics_obtained":["GremlinMask"],"max_hp_gain":0,"max_hp_loss":0,"event_name":"FaceTrader","floor":14,"gold_loss":0}],"is_beta":true,"boss_relics":[],"items_purged_floors":[11],"is_endless":false,"potions_floor_spawned":[4,6,13],"killed_by":"IC_STATUS_ARCHETYPE","ascension_level":1}}