{"host":"6rz02yiipefhcw4r","time":1611280101,"event":{"mods":["2.2 Compatiblity","BaseMod","Block Reminder","Colored Map","DeckTracker","Googly Eyes","Minty Spire (QoL Compilation)","Quick Restart","Rare Cards Sparkle","StSLib"],"gold_per_floor":[15,15,39,57,77,108,128,128,128],"floor_reached":8,"language":"ENG","playtime":392,"items_purged":[],"score":117,"play_id":"657a8e60-58a1-4920-aa9e-b77de2088eb7","local_time":"20210121234821","is_ascension_mode":true,"campfire_choices":[],"circlet_count":0,"master_deck":["AscendersBane","Strike_B","Strike_B","Strike_B","Strike_B","Defend_B","Defend_B","Defend_B","Defend_B","Zap","Dualcast","Seek","Streamline","Leap","Conserve Battery","Chaos"],"relics":["Cracked Core","Golden Idol","Emotion Chip"],"acts_visited":["Exordium"],"potions_floor_usage":[6,7,8],"damage_taken":[{"damage":4,"enemies":"Small Slimes","floor":1,"turns":3},{"damage":0,"enemies":"2 Louse","floor":3,"turns":2},{"damage":12,"enemies":"Jaw Worm","floor":4,"turns":3},{"damage":6,"enemies":"3 Louse","floor":5,"turns":3},{"damage":33,"enemies":"3 Sentries","floor":6,"turns":8},{"damage":5,"enemies":"Large Slime","floor":7,"turns":6},{"damage":9,"enemies":"Lagavulin","floor":8,"turns":7}],"seed_played":"-2866683096485872827","potions_obtained":[{"floor":4,"key":"EssenceOfSteel"},{"floor":6,"key":"Block Potion"},{"floor":7,"key":"Fruit Juice"}],"is_trial":false,"path_per_floor":["M","?","M","M","M","E","M","E"],"character_chosen":"DEFECT","items_purchased":[],"campfire_rested":0,"item_purchase_floors":[],"current_hp_per_floor":[60,60,60,48,42,9,9,0,0],"gold":128,"neow_bonus":"THREE_RARE_CARDS","is_daily":false,"chose_seed":false,"campfire_upgraded":0,"win_rate":0.0,"timestamp":1611280101,"path_taken":["M","?","M","M","M","E","M","E"],"items_purchased_type":[],"build_version":"2020-12-22","purchased_purges":0,"victory":false,"max_hp_per_floor":[71,64,64,64,64,64,69,69,69],"card_choices":[{"not_picked":["Thunder Strike","Reboot"],"picked":"Seek","floor":0},{"not_picked":["Leap","Sweeping Beam"],"picked":"Streamline","floor":1},{"not_picked":["Stack","Melter","Turbo"],"picked":"SKIP","floor":3},{"not_picked":["Ball Lightning","Streamline"],"picked":"Leap","floor":4},{"not_picked":["Fusion","Stack"],"picked":"Conserve Battery","floor":5},{"not_picked":["Melter","Rip and Tear"],"picked":"Chaos","floor":6},{"not_picked":["Reprogram","Creative AI","Storm"],"picked":"SKIP","floor":7}],"player_experience":711976,"relics_obtained":[{"floor":6,"key":"Emotion Chip"}],"event_choices":[{"damage_healed":0,"gold_gain":0,"player_choice":"Lose Max HP","damage_taken":0,"relics_obtained":["Golden Idol"],"max_hp_gain":0,"max_hp_loss":7,"event_name":"Golden Idol","floor":2,"gold_loss":0}],"is_beta":false,"boss_relics":[],"items_purged_floors":[],"is_endless":false,"potions_floor_spawned":[4,6,7],"killed_by":"Lagavulin","ascension_level":19}}