{"host":"ws1rigs6jhqnf67d","time":1611337515,"event":{"mods":["BaseMod","Friendly Minions","KinomotoSakuraMod(ƒæ÷Æ±æ”£)","Kiyohime£®«Âºß£©","Lobotomy","LobotomyExtend","Marisa£®ÏF”Í°°ƒß¿Ì…≥£©","Minty Spire (QoL Compilation)","Remilia£®¿Ÿ√◊¿Ú—«£©","StSLib","The Bug Knight","Youmu£®ªÍ∆«—˝√Œ£©","[IsaacMod]“‘»ˆº‚À˛"],"gold_per_floor":[111,129,140,157,171,211,221,261,311,311,66,92,92,106,106,220,220,234,263,292,306,315,315,315],"floor_reached":23,"language":"ZHS","playtime":780,"items_purged":[],"score":339,"play_id":"20963938-e815-447c-bbd9-e52550f968c1","local_time":"20210123014515","is_ascension_mode":true,"campfire_choices":[{"floor":15,"key":"REST"}],"circlet_count":0,"master_deck":["Strike_B","Strike_B","Strike_B","Strike_B","Defend_B","Defend_B","Defend_B","Defend_B","Zap","Dualcast","Rebound","Ball Lightning","Electrodynamics","Creative AI","Storm+1","Conserve Battery","Decay"],"relics":["Cracked Core","HushsDoor","Pen Nib","BelialBook","LetterFromLob","CeramicFish","Centennial Puzzle","Smiling Mask","Matryoshka","MealTicket","InspiredRelic","Gaze_r","SlaversCollar","GuppysHairball"],"acts_visited":["Exordium","TheCity"],"potions_floor_usage":[6,12,12,13,19,21],"damage_taken":[{"damage":0,"enemies":"Small Slimes","floor":1,"turns":3},{"damage":4,"enemies":"2 Louse","floor":2,"turns":2},{"damage":1,"enemies":"Cultist","floor":3,"turns":3},{"damage":11,"enemies":"3 Louse","floor":4,"turns":4},{"damage":6,"enemies":"Lots of Slimes","floor":5,"turns":4},{"damage":30,"enemies":"Lagavulin","floor":6,"turns":5},{"damage":0,"enemies":"Exordium Wildlife","floor":7,"turns":3},{"damage":13,"enemies":"Gremlin Nob","floor":8,"turns":3},{"damage":0,"enemies":"3 Sentries","floor":12,"turns":2},{"damage":3,"enemies":"Looter","floor":13,"turns":5},{"damage":4,"enemies":"Looter","floor":14,"turns":2},{"damage":7,"enemies":"Hexaghost","floor":16,"turns":7},{"damage":4,"enemies":"Chosen","floor":18,"turns":4},{"damage":12,"enemies":"2 Thieves","floor":19,"turns":3},{"damage":18,"enemies":"Snake Plant","floor":20,"turns":4},{"damage":10,"enemies":"Centurion and Healer","floor":21,"turns":3},{"damage":9,"enemies":"Book of Stabbing","floor":23,"turns":2}],"seed_played":"7363961884665931700","potions_obtained":[{"floor":2,"key":"FocusPotion"},{"floor":3,"key":"DistilledChaos"},{"floor":4,"key":"Dexterity Potion"},{"floor":6,"key":"ColorlessPotion"},{"floor":14,"key":"LiquidBronze"},{"floor":19,"key":"PowerPotion"},{"floor":20,"key":"Dexterity Potion"}],"is_trial":false,"path_per_floor":["M","M","M","M","M","E","M","E","T","?","$","E","M","M","R","B",null,"M","M","M","M","?","E"],"character_chosen":"DEFECT","items_purchased":["Matryoshka","GuppysHairball"],"campfire_rested":1,"item_purchase_floors":[11,17],"current_hp_per_floor":[68,64,63,52,46,16,16,3,3,8,8,8,5,1,22,15,50,46,34,16,6,6,0,0],"gold":315,"neow_bonus":"RANDOM_COMMON_RELIC","is_daily":false,"chose_seed":false,"campfire_upgraded":0,"win_rate":0.0,"timestamp":1611337515,"path_taken":["M","M","M","M","M","E","M","E","T","?","$","E","M","M","R","BOSS","M","M","M","M","?","E"],"items_purchased_type":["Relic","Relic"],"build_version":"2020-12-22","purchased_purges":0,"victory":false,"max_hp_per_floor":[75,75,75,75,75,75,75,75,75,80,80,80,71,71,71,71,61,61,61,61,61,61,61,61],"card_choices":[{"not_picked":[],"picked":"ChaosCard","floor":0},{"not_picked":["Conserve Battery","Consume","Go for the Eyes"],"picked":"SKIP","floor":1},{"not_picked":["Chill","Heatsinks","Sweeping Beam"],"picked":"SKIP","floor":2},{"not_picked":["Consume","Stack","Force Field"],"picked":"SKIP","floor":3},{"not_picked":["Scrape","Compile Driver","Barrage"],"picked":"SKIP","floor":4},{"not_picked":["Gash","Distribution"],"picked":"Rebound","floor":5},{"not_picked":["Static Discharge","Leap"],"picked":"Ball Lightning","floor":6},{"not_picked":["Self Repair","Hologram","Beam Cell"],"picked":"SKIP","floor":7},{"not_picked":["Stack","Loop"],"picked":"Electrodynamics","floor":8},{"not_picked":["Steam","Barrage","Fission"],"picked":"SKIP","floor":12},{"not_picked":["Coolheaded","Leap","Rebound"],"picked":"SKIP","floor":14},{"not_picked":["ElectricPowerLearning","Machine Learning"],"picked":"Creative AI","floor":16},{"not_picked":["Coolheaded","Rip and Tear+1","Reprogram"],"picked":"SKIP","floor":18},{"not_picked":["Reprogram+1","Coolheaded"],"picked":"Storm+1","floor":19},{"not_picked":["Skim","Aggregate+1"],"picked":"Conserve Battery","floor":20},{"not_picked":["Conserve Battery","Ball Lightning","Go for the Eyes"],"picked":"SKIP","floor":21}],"player_experience":825471,"relics_obtained":[{"floor":1,"key":"LetterFromLob"},{"floor":6,"key":"CeramicFish"},{"floor":8,"key":"Centennial Puzzle"},{"floor":9,"key":"Smiling Mask"},{"floor":12,"key":"MealTicket"}],"event_choices":[{"damage_healed":0,"gold_gain":0,"player_choice":"Donut","damage_taken":0,"max_hp_gain":5,"max_hp_loss":0,"event_name":"Big Fish","floor":10,"gold_loss":0},{"damage_healed":0,"gold_gain":0,"player_choice":"Smashed Altar","damage_taken":0,"max_hp_gain":0,"max_hp_loss":0,"event_name":"Forgotten Altar","floor":22,"gold_loss":0,"cards_obtained":["Decay"]}],"is_beta":false,"boss_relics":[{"not_picked":["Coffee Dripper","Empty Cage"],"picked":"SlaversCollar"},{"not_picked":[]}],"items_purged_floors":[],"is_endless":false,"potions_floor_spawned":[2,3,4,6,7,14,19,20],"killed_by":"Book of Stabbing","ascension_level":8}}