{"host":"qmnyg5dk1o6rw6mz","time":1611322356,"event":{"mods":["100% Spire Juice","2.2 Compatiblity","AchievementEnabler","Act Like it!","AlwaysNeverKeys","Arknights The Spire","Ascension Reborn","Aspiration","Astrologer","BaseMod","BetterRewards","CapriCore","Challenge The Spire","Colored Map","Colored Powertips","Conjunction","Conspire","DeckTracker","Defuse TimeMaze Blight","Disable Question Mark Monsters","Energized Spire","Friendly Minions","Gensokyo","GifTheSpireLib","Gremlin Skip","Hermit","Highlight Path","HololiveMod","HornydragonMod","Hubris","Hyrulean Relics","Infinite Spire","Jedi Mod","KinomotoSakuraMod(木之本?)","Kiyohime（清姬）","KomeijiMod","Marisa（霧雨　魔理沙）","Minty Spire (QoL Compilation)","Pale of the Ancients","Permanent Neow","Prisma Mod","Quick Restart","Rare Cards Sparkle","Reimu（博???）","Replay The Spire","Reworked Bosses","Robot Space Explorer","SIMod","StSLib","Stuff the Spire","SuperFastMode","The Alterego","The Animator","The Cursed","The Gatherer","The Immortal","The Jungle","The Marked","The Runesmith","The Showman","Unceasing Turn Reminder","Unknown Chances","Wandering Minibosses","Yuri Mod","vexMod"],"gold_per_floor":[109,109,120,120,134,164,144,176,203,203,216,234,244,279,291,403,415,440,452,19,19,33,33,67,67,67,86,106,56,56,56],"floor_reached":30,"language":"ZHS","playtime":1384,"items_purged":["hermit:Strike_Hermit","hermit:Strike_Hermit"],"score":295,"play_id":"9519059b-a4bc-45f2-abb8-2019eb1b85c9","local_time":"20210122213236","is_ascension_mode":true,"campfire_choices":[{"data":"hermit:GoldenBullet","floor":10,"key":"SMITH"},{"data":"hermit:Malice","floor":15,"key":"SMITH"},{"data":"hermit:DeadOrAlive","floor":23,"key":"SMITH"},{"data":"hermit:Reprieve","floor":25,"key":"SMITH"}],"circlet_count":0,"master_deck":["hermit:Strike_Hermit","hermit:Strike_Hermit","hermit:Defend_Hermit","hermit:Defend_Hermit","hermit:Defend_Hermit","hermit:Snapshot","hermit:Covet+1","hermit:ItchyTrigger","hubris:NaturalOne","hermit:TrackingShot","hermit:Misfire","hermit:Reprieve+1","hermit:GoldenBullet+1","hermit:LoneWolf","hermit:Manifest","hermit:Malice+1","hermit:DeadOrAlive+1","Shame","hermit:GoldenBullet+1","hermit:Misfire","hermit:Ricochet+1","hermit:Showdown","hermit:Determination+1"],"relics":["hermit:Momento","hubris:Icosahedron","StuffTheSpire:MayFlowers","conspire:Flyswatter","MealTicket","MawBank","Black Star","vexMod:CardConverter","DollysMirror","jedi:cryingmask","hubris:CrystalStatue","StuffTheSpire:Rhapsscallions","StuffTheSpire:Experiment12","conspire:Boomerang"],"acts_visited":["Exordium","TheCity"],"potions_floor_usage":[6,6,8,12,13,22,24,24],"damage_taken":[{"damage":0,"enemies":"Small Slimes","floor":1,"turns":4},{"damage":0,"enemies":"Cultist","floor":3,"turns":2},{"damage":1,"enemies":"Jaw Worm","floor":5,"turns":3},{"damage":24,"enemies":"3 Sentries","floor":6,"turns":9},{"damage":8,"enemies":"Gremlin Nob","floor":8,"turns":3},{"damage":15,"enemies":"Exordium Wildlife","floor":11,"turns":3},{"damage":16,"enemies":"Blue Slaver","floor":12,"turns":4},{"damage":3,"enemies":"3 Louse","floor":13,"turns":3},{"damage":9,"enemies":"Replay:BlueRogue","floor":14,"turns":4},{"damage":30,"enemies":"Slime Boss","floor":16,"turns":9},{"damage":32,"enemies":"Spheric Guardian","floor":18,"turns":5},{"damage":2,"enemies":"2 Thieves","floor":22,"turns":5},{"damage":74,"enemies":"conspire:SneckoGhost","floor":24,"turns":9},{"damage":22,"enemies":"conspire:HollyBat","floor":27,"turns":8},{"damage":19,"enemies":"Chosen and Byrds","floor":28,"turns":6},{"damage":11,"enemies":"Replay:Snechameleon","floor":30,"turns":2}],"seed_played":"779327942214033080","potions_obtained":[{"floor":1,"key":"SteroidPotion"},{"floor":3,"key":"Energy Potion"},{"floor":6,"key":"jedi:StrikingPotion"},{"floor":7,"key":"PowerPotion"},{"floor":12,"key":"Fruit Juice"},{"floor":16,"key":"Block Potion"},{"floor":18,"key":"Block Potion"},{"floor":22,"key":"Adrenaline Potion"}],"is_trial":false,"path_per_floor":["M","?","M","?","M","E","?","E","T","R","M","M","M","E","R","B",null,"M","?","$","AVR","M","R","E","R","T","M","M","?","E"],"character_chosen":"HERMIT","items_purchased":["DollysMirror","jedi:cryingmask"],"campfire_rested":0,"item_purchase_floors":[20,20],"current_hp_per_floor":[82,82,82,82,81,57,57,53,53,53,42,26,28,31,31,15,69,49,51,68,68,71,71,16,16,16,14,10,10,0,0],"gold":56,"neow_bonus":"TEN_PERCENT_HP_BONUS","is_daily":false,"chose_seed":false,"campfire_upgraded":4,"win_rate":0.0,"timestamp":1611322356,"path_taken":["M","?","M","?","M","E","?","E","T","R","?","M","M","E","R","BOSS","M","?","?","AVR","M","R","E","R","T","M","M","?","E"],"items_purchased_type":["Relic","Relic"],"build_version":"2020-12-22","purchased_purges":2,"victory":false,"max_hp_per_floor":[82,82,82,82,82,82,82,82,82,82,82,82,87,87,87,87,87,87,89,91,91,93,93,98,98,98,100,102,102,102,102],"card_choices":[{"not_picked":["hermit:Grudge","hermit:PistolWhip"],"picked":"hermit:ItchyTrigger","floor":1},{"not_picked":["hermit:HoleUp","hermit:FlashPowder"],"picked":"hermit:TrackingShot","floor":3},{"not_picked":["hermit:Dive","hermit:Manifest"],"picked":"hermit:Misfire","floor":5},{"not_picked":["hermit:Snipe","hermit:Quickdraw"],"picked":"hermit:Reprieve","floor":6},{"not_picked":["hermit:Midnight","hermit:Spite"],"picked":"hermit:GoldenBullet","floor":8},{"not_picked":["hermit:ItchyTrigger","hermit:Malice"],"picked":"hermit:LoneWolf","floor":11},{"not_picked":["hermit:Scavenge","hermit:LowProfile"],"picked":"hermit:Manifest","floor":12},{"not_picked":["hermit:TakeAim","hermit:Deadeye","hermit:LoneWolf"],"picked":"SKIP","floor":13},{"not_picked":["hermit:Glare","hermit:Scavenge"],"picked":"hermit:Malice","floor":14},{"not_picked":["hermit:Adapt","hermit:Magnum"],"picked":"hermit:DeadOrAlive","floor":16},{"not_picked":["hermit:BodyArmor","hermit:SprayPray","hermit:Desperado"],"picked":"SKIP","floor":18},{"not_picked":["hermit:ItchyTrigger","hermit:FlashPowder"],"picked":"hermit:Misfire","floor":22},{"not_picked":["hermit:Manifest+1","hermit:Malice"],"picked":"hermit:Ricochet+1","floor":24},{"not_picked":["hermit:TrackingShot","hermit:OverwhelmingPower"],"picked":"hermit:Showdown","floor":27},{"not_picked":["hermit:HighCaliber","hermit:CalledShot"],"picked":"hermit:Determination+1","floor":28}],"player_experience":205915,"relics_obtained":[{"floor":6,"key":"StuffTheSpire:MayFlowers"},{"floor":8,"key":"conspire:Flyswatter"},{"floor":9,"key":"MealTicket"},{"floor":14,"key":"MawBank"},{"floor":24,"key":"StuffTheSpire:Rhapsscallions"},{"floor":24,"key":"StuffTheSpire:Experiment12"},{"floor":26,"key":"conspire:Boomerang"}],"event_choices":[{"damage_healed":0,"gold_gain":0,"player_choice":"Bought 1 Potion","damage_taken":0,"max_hp_gain":0,"max_hp_loss":0,"event_name":"The Woman in Blue","floor":7,"gold_loss":0},{"damage_healed":0,"gold_gain":0,"player_choice":"Stole Relic","damage_taken":0,"relics_obtained":["vexMod:CardConverter"],"max_hp_gain":0,"max_hp_loss":0,"event_name":"Addict","floor":19,"gold_loss":0,"cards_obtained":["Shame"]}],"is_beta":false,"boss_relics":[{"not_picked":["ReplayTheSpireMod:SealedPack","Abe\u0027s Treasure"],"picked":"Black Star"}],"items_purged_floors":[20,20],"is_endless":false,"potions_floor_spawned":[1,3,6,12,16,18,22],"killed_by":"Replay:Snechameleon","ascension_level":0}}