{"host":"6rz02yiipefhcw4r","time":1611345789,"event":{"mods":["2.2 Compatiblity","BaseMod","Block Reminder","Colored Map","DeckTracker","Googly Eyes","Minty Spire (QoL Compilation)","Quick Restart","Rare Cards Sparkle","StSLib"],"gold_per_floor":[109,109,109,120,120,120,147,167,192,230,249,249,249,324,324,410,410,371,38,38,38],"floor_reached":20,"language":"ENG","playtime":2305,"items_purged":["Strike_R"],"score":410,"play_id":"65ecfb03-86b5-4ab7-93d0-6837888218df","local_time":"20210122180309","is_ascension_mode":true,"campfire_choices":[{"data":"Bash","floor":6.0,"key":"SMITH"},{"data":"Limit Break","floor":12.0,"key":"SMITH"},{"floor":15.0,"key":"REST"}],"circlet_count":0,"master_deck":["AscendersBane","Strike_R","Strike_R","Strike_R","Defend_R","Defend_R","Defend_R","Defend_R","Bash+1","Cleave","Limit Break+1","Pommel Strike","Thunderclap","Inflame","Shrug It Off","Reaper","Armaments","Demon Form","True Grit","Shockwave"],"relics":["Burning Blood","NeowsBlessing","Blue Candle","Ancient Tea Set","Regal Pillow","CeramicFish","SlaversCollar"],"acts_visited":["Exordium","TheCity"],"potions_floor_usage":[],"damage_taken":[{"damage":0.0,"enemies":"Cultist","floor":1.0,"turns":1.0},{"damage":0.0,"enemies":"Jaw Worm","floor":4.0,"turns":1.0},{"damage":0.0,"enemies":"Lagavulin","floor":7.0,"turns":1.0},{"damage":0.0,"enemies":"Small Slimes","floor":8.0,"turns":4.0},{"damage":45.0,"enemies":"3 Sentries","floor":10.0,"turns":11.0},{"damage":3.0,"enemies":"2 Fungi Beasts","floor":11.0,"turns":4.0},{"damage":69.0,"enemies":"Slime Boss","floor":16.0,"turns":11.0},{"damage":35.0,"enemies":"2 Thieves","floor":18.0,"turns":5.0},{"damage":52,"enemies":"Spheric Guardian","floor":20,"turns":7}],"seed_played":"5345303046015687","potions_obtained":[{"floor":4.0,"key":"Ancient Potion"},{"floor":8.0,"key":"Block Potion"},{"floor":16.0,"key":"HeartOfIron"}],"is_trial":false,"path_per_floor":["M","$","?","M","T","R","E","M","T","E","M","R","?","?","R","B",null,"M","$","M"],"character_chosen":"IRONCLAD","items_purchased":["Demon Form","True Grit","Shockwave"],"campfire_rested":1,"item_purchase_floors":[19,19,19],"current_hp_per_floor":[74,74,67,73,73,73,75,75,75,36,39,39,44,33,72,9,62,49,49,0,0],"gold":38,"neow_bonus":"THREE_ENEMY_KILL","is_daily":false,"chose_seed":false,"campfire_upgraded":2,"win_rate":0.0,"timestamp":1611345789,"path_taken":["M","?","?","M","?","R","E","M","T","E","M","R","?","?","R","BOSS","M","$","M"],"items_purchased_type":["Card","Card","Card"],"build_version":"2020-12-22","purchased_purges":1,"victory":false,"max_hp_per_floor":[75,75,75,75,75,75,75,75,75,75,75,75,80,80,80,80,80,80,80,80,80],"card_choices":[{"not_picked":["Body Slam","Pommel Strike"],"picked":"Cleave","floor":1.0},{"not_picked":["Iron Wave","Sentinel"],"picked":"Limit Break","floor":4.0},{"not_picked":["Pummel","Entrench"],"picked":"Pommel Strike","floor":7.0},{"not_picked":["Anger","Clothesline"],"picked":"Thunderclap","floor":8.0},{"not_picked":["Carnage","Twin Strike"],"picked":"Inflame","floor":10.0},{"not_picked":["Havoc","Infernal Blade"],"picked":"Shrug It Off","floor":11.0},{"not_picked":["Brutality","Juggernaut"],"picked":"Reaper","floor":16.0},{"not_picked":["Feel No Pain","Bloodletting"],"picked":"Armaments","floor":18.0}],"player_experience":720545,"relics_obtained":[{"floor":5.0,"key":"Blue Candle"},{"floor":7.0,"key":"Ancient Tea Set"},{"floor":9.0,"key":"Regal Pillow"},{"floor":10.0,"key":"CeramicFish"}],"event_choices":[{"cards_removed":["Strike_R"],"damage_healed":0.0,"max_hp_gain":0.0,"max_hp_loss":0.0,"gold_gain":0.0,"event_name":"Golden Wing","player_choice":"Card Removal","floor":3.0,"gold_loss":0.0,"damage_taken":7.0},{"damage_healed":0.0,"max_hp_gain":5.0,"max_hp_loss":0.0,"gold_gain":0.0,"event_name":"Big Fish","player_choice":"Donut","floor":13.0,"gold_loss":0.0,"damage_taken":0.0},{"damage_healed":0.0,"max_hp_gain":0.0,"max_hp_loss":0.0,"gold_gain":75.0,"event_name":"World of Goop","player_choice":"Gather Gold","floor":14.0,"gold_loss":0.0,"damage_taken":11.0}],"is_beta":false,"boss_relics":[{"not_picked":["Black Star","Runic Cube"],"picked":"SlaversCollar"}],"items_purged_floors":[19],"is_endless":false,"potions_floor_spawned":[4,8,16],"killed_by":"Spheric Guardian","ascension_level":20}}