{"host":"fmb9x04chdot191d","time":1611312521,"event":{"mods":["2.2 Compatiblity","AchievementEnabler","BaseMod","BetterRewards","Downfall","Hermit","Highlight Path","Marisa（霧雨　魔理沙）","Minty Spire (QoL Compilation)","Quick Restart","Rare Cards Sparkle","StSLib","The Cursed","[IsaacMod]以撒尖塔"],"gold_per_floor":[116,128,148,148,164,164,192,192,192,208,133,133,183,183,183,281,281,281,281],"floor_reached":18,"language":"ENG","playtime":1061,"items_purged":["Defend_MRS"],"score":160,"play_id":"f6e121db-75c8-45ce-ae9b-20f42bf685cc","local_time":"20210122234841","is_ascension_mode":false,"campfire_choices":[{"data":"UpSweep","floor":6.0,"key":"SMITH"},{"data":"UltimateShortwave","floor":8.0,"key":"SMITH"},{"data":"MasterSpark","floor":12.0,"key":"SMITH"},{"data":"MagicChant","floor":15.0,"key":"SMITH"}],"circlet_count":0,"master_deck":["Strike_MRS","Strike_MRS","Defend_MRS","Defend_MRS","Defend_MRS","MasterSpark+1","UpSweep+1","Parasite","Parasite","UltimateShortwave+1","MagicChant+1","BlazingStar"],"relics":["MiniHakkero","HushsDoor","YumHeart","ShroomBag","PunchingBag","Meat on the Bone","Eternal Feather","Anchor","Empty Cage"],"acts_visited":["Exordium","TheCity"],"potions_floor_usage":[],"damage_taken":[{"damage":5.0,"enemies":"Small Slimes","floor":1.0,"turns":4.0},{"damage":3.0,"enemies":"Jaw Worm","floor":2.0,"turns":3.0},{"damage":0.0,"enemies":"2 Louse","floor":3.0,"turns":4.0},{"damage":6.0,"enemies":"Red Slaver","floor":5.0,"turns":4.0},{"damage":13.0,"enemies":"3 Sentries","floor":7.0,"turns":3.0},{"damage":5.0,"enemies":"Looter","floor":10.0,"turns":4.0},{"damage":34.0,"enemies":"Hiden Room Battle","floor":13.0,"turns":4.0},{"damage":48.0,"enemies":"Hexaghost","floor":16.0,"turns":12.0},{"damage":0,"enemies":"Shell Parasite","floor":18,"turns":1}],"seed_played":"88730640601194257","potions_obtained":[{"floor":1.0,"key":"Weak Potion"},{"floor":2.0,"key":"Slimebound:ThreeZeroPotion"},{"floor":3.0,"key":"Dexterity Potion"},{"floor":16.0,"key":"SneckoOil"}],"is_trial":false,"path_per_floor":["M","M","M","?","M","R","E","R","T","M","$","R","?","?","R","B",null,"M"],"character_chosen":"MARISA","items_purchased":[],"campfire_rested":0,"item_purchase_floors":[],"current_hp_per_floor":[77,74,74,81,76,76,75,75,75,74,74,74,44,44,50,43,82,82,82],"gold":281,"neow_bonus":"TEN_PERCENT_HP_BONUS","is_daily":false,"chose_seed":false,"campfire_upgraded":4,"win_rate":0.0,"timestamp":1611312521,"path_taken":["M","M","M","?","M","R","E","R","T","M","$","R","?","?","R","BOSS","M"],"items_purchased_type":[],"build_version":"2020-12-22","purchased_purges":1,"victory":false,"max_hp_per_floor":[82,82,82,82,82,82,82,82,82,82,82,82,82,82,82,82,82,82,82],"card_choices":[{"not_picked":["GalacticHalo","UnstableBomb","PropBag"],"picked":"SKIP","floor":1.0},{"not_picked":["DC","IllusionStar"],"picked":"Bomb","floor":2.0},{"not_picked":["GravityBeat","DC","IllusionStar"],"picked":"SKIP","floor":3.0},{"not_picked":["ShootingEcho","GravityBeat","6A"],"picked":"SKIP","floor":5.0},{"not_picked":["GalacticHalo","ManaRampage"],"picked":"UltimateShortwave","floor":7.0},{"not_picked":["AlicesGift","GrandCross"],"picked":"Bomb","floor":10.0},{"not_picked":["WitchOfGreed","NonDirectionalLaser"],"picked":"MagicChant","floor":13.0},{"not_picked":["SuperNova","EscapeVelocity"],"picked":"BlazingStar","floor":16.0}],"player_experience":22200,"relics_obtained":[{"floor":7.0,"key":"PunchingBag"},{"floor":9.0,"key":"Meat on the Bone"},{"floor":13.0,"key":"Eternal Feather"},{"floor":13.0,"key":"Anchor"}],"event_choices":[{"damage_healed":0.0,"max_hp_gain":0.0,"max_hp_loss":0.0,"gold_gain":0.0,"event_name":"Scrap Ooze","player_choice":"Success","floor":4.0,"gold_loss":0.0,"damage_taken":18.0,"relics_obtained":["ShroomBag"]},{"damage_healed":0.0,"max_hp_gain":0.0,"max_hp_loss":0.0,"gold_gain":0.0,"event_name":"HidenRoomEvent","player_choice":"Fight","floor":13.0,"gold_loss":0.0,"damage_taken":0.0},{"damage_healed":0.0,"max_hp_gain":0.0,"max_hp_loss":0.0,"gold_gain":0.0,"event_name":"Liars Game","player_choice":"Ignored","floor":14.0,"gold_loss":0.0,"damage_taken":0.0}],"is_beta":false,"boss_relics":[{"not_picked":["RampagingMagicTools","Ectoplasm"],"picked":"Empty Cage"},{"not_picked":[]}],"items_purged_floors":[11],"is_endless":false,"potions_floor_spawned":[1,2,3,16],"killed_by":"Shell Parasite","ascension_level":0}}