{"host":"h9c2ptiayi21rmia","time":1611291340,"event":{"mods":["AchievementEnabler","Aspiration","BaseMod","Better Altar","Better Match","Better Note","Better Sensory Stone","Better Skull","Better Third Choice","Better Vampires","Block Reminder","ChefMod","Dio Mod","Evolution","Hermit","Hubris","JesterMod","Jorbs\u0027s Wanderer Trilogy","Kratos Character Expansion","Minty Spire (QoL Compilation)","Permanent Neow","Relic Stats","Replay The Spire","Shade Mod","Small Relic Pack","Spicy Shops","StS++","StSLib","The Dragon Tamer","The Marked","TheSwordswoman"],"gold_per_floor":[120,140,150,6,6,6,6,41,41,41,75,75,102,102,102,116,116,212,212,224,240,16,30,41,68,92,92,92,102,130,141,152,62,62,160,160,180,0,10,10,28,28,61,78,78,78,78,78],"floor_reached":47,"language":"ENG","playtime":25529,"items_purged":["Limit Break","Reaper"],"score":645,"play_id":"bdce73b3-17e4-4698-9455-0735d1214bf4","local_time":"20210121235540","is_ascension_mode":true,"campfire_choices":[{"data":"stsjorbsmod:ArcaneWeapon","floor":6,"key":"SMITH"},{"data":"stsjorbsmod:EyeOfTheStorm","floor":10,"key":"SMITH"},{"floor":12,"key":"REST"},{"floor":17,"key":"DIG"},{"floor":27,"key":"REST"},{"floor":34,"key":"REST"},{"data":"stsjorbsmod:Rediscovery","floor":42,"key":"SMITH"},{"floor":46,"key":"REST"}],"circlet_count":0,"master_deck":["stsjorbsmod:ForbiddenGrimoire+1","stsjorbsmod:Strike_Wanderer","stsjorbsmod:Strike_Wanderer","stsjorbsmod:Strike_Wanderer","stsjorbsmod:Strike_Wanderer","stsjorbsmod:Defend_Wanderer","stsjorbsmod:Defend_Wanderer","stsjorbsmod:Defend_Wanderer","stsjorbsmod:Defend_Wanderer","stsjorbsmod:FreshAdventure","stsjorbsmod:EyeOfTheStorm+1","Cold Snap","stsjorbsmod:TinyHut+1","stsjorbsmod:WanderingMind","stsjorbsmod:ArcaneWeapon+1","stsjorbsmod:RayOfFrost","stsjorbsmod:ChatteringStrike","Defragment","stsjorbsmod:FracturedMind","stsjorbsmod:Determination+1","Double Tap","stsjorbsmod:Withdraw","ReplayTheSpireMod:Omega Cannon","stsjorbsmod:Fireball","stsjorbsmod:Banish","stsjorbsmod:SiphonEnergy","stsjorbsmod:Pyromancy","stsjorbsmod:MirrorImage","stsjorbsmod:ArcaneForm","stsjorbsmod:CorrodingBarrier","Juggernaut","Barricade","stsjorbsmod:ThirstingSword","stsjorbsmod:PurgeMind","stsjorbsmod:Entangle","stsjorbsmod:HoldMonster","stsjorbsmod:DeathThroes","stsjorbsmod:Trauma","Firewall","stsjorbsmod:Feast","stsjorbsmod:GatherPower","stsjorbsmod:Rediscovery+1","Offering","Mirror Shield","stsjorbsmod:Determination","stsjorbsmod:IvoryTower","stsjorbsmod:LocateObject","stsjorbsmod:WeightOfMemory","stsjorbsmod:MagicMissiles","stsjorbsmod:DoubleCheck+1","stsjorbsmod:Message","stsjorbsmod:ArcaneWeapon+1","stsjorbsmod:ColorSpray","stsjorbsmod:DeathThroes","Writhe","stsjorbsmod:FindFamiliar"],"relics":["stsjorbsmod:GrimoireRelic","EVO:Axolotl","aspiration:Nostalgia","Iron Core","jesterMod:MirrorMask","Lantern","Replay:Bottled Steam","Nunchaku","Chameleon Ring","MealTicket","StSpp:CrystalBall","Replay:Mystery Machine","ReplayTheSpireMod:Ninjato","Vajra","Runic Pyramid","Red Mask","FossilizedHelix","Darkstone Periapt"],"acts_visited":["Exordium","TheCity","TheBeyond"],"potions_floor_usage":[20,23,29,30,30,35,43,44,47],"damage_taken":[{"damage":6,"enemies":"Cultist","floor":1,"turns":5},{"damage":5,"enemies":"Small Slimes","floor":2,"turns":4},{"damage":0,"enemies":"2 Louse","floor":3,"turns":3},{"damage":16,"enemies":"3 Sentries","floor":8,"turns":6},{"damage":15,"enemies":"Lagavulin","floor":11,"turns":5},{"damage":6,"enemies":"Gremlin Nob","floor":13,"turns":3},{"damage":2,"enemies":"Exordium Wildlife","floor":16,"turns":3},{"damage":16,"enemies":"Fading Forest","floor":18,"turns":11},{"damage":8,"enemies":"Shell Parasite","floor":20,"turns":5},{"damage":39,"enemies":"Spheric Guardian","floor":21,"turns":7},{"damage":9,"enemies":"3 Cultists","floor":23,"turns":5},{"damage":6,"enemies":"Cultist and Chosen","floor":24,"turns":2},{"damage":39,"enemies":"Book of Stabbing","floor":25,"turns":10},{"damage":11,"enemies":"Snecko","floor":26,"turns":4},{"damage":0,"enemies":"3 Cultists","floor":29,"turns":4},{"damage":28,"enemies":"Slavers","floor":30,"turns":5},{"damage":4,"enemies":"Cultist and Chosen","floor":31,"turns":3},{"damage":5,"enemies":"Chosen and Byrds","floor":32,"turns":6},{"damage":27,"enemies":"Champ","floor":35,"turns":6},{"damage":28,"enemies":"3 Darklings","floor":37,"turns":8},{"damage":10,"enemies":"3 Shapes","floor":39,"turns":3},{"damage":9,"enemies":"Sphere and 2 Shapes","floor":41,"turns":1},{"damage":38,"enemies":"Nemesis","floor":43,"turns":5},{"damage":0,"enemies":"Jaw Worm Horde","floor":44,"turns":3},{"damage":33,"enemies":"Maw","floor":47,"turns":7}],"seed_played":"4153212594657051498","potions_obtained":[{"floor":8,"key":"Energy Potion"},{"floor":11,"key":"FairyPotion"},{"floor":21,"key":"DistilledChaos"},{"floor":23,"key":"Strength Potion"},{"floor":25,"key":"Block Potion"},{"floor":29,"key":"Fire Potion"},{"floor":31,"key":"Swift Potion"},{"floor":32,"key":"SpeedPotion"},{"floor":41,"key":"LiquidMemories"},{"floor":43,"key":"DistilledChaos"},{"floor":44,"key":"Milkshake"}],"is_trial":false,"path_per_floor":["M","M","M","$","?","R","$","E","T","R","E","R","E","PTL","PTL","M","R","B",null,"M","M","$","M","M","E","M","R","T","M","E","M","M","?","R","B",null,"M","?","M","?","M","R","E","M","T","R","M"],"character_chosen":"WANDERER","items_purchased":["stsjorbsmod:ArcaneWeapon","jesterMod:MirrorMask","stsjorbsmod:WeightOfMemory"],"campfire_rested":4,"item_purchase_floors":[4,4,22],"current_hp_per_floor":[65,62,63,63,63,63,63,50,50,50,39,59,54,54,54,58,58,60,72,68,29,44,50,44,12,3,23,23,27,31,28,28,28,48,21,68,43,43,37,53,45,45,11,13,13,32,0,0],"gold":78,"neow_bonus":"NOSTALGIA","is_daily":false,"chose_seed":false,"campfire_upgraded":3,"win_rate":0.0,"timestamp":1611291340,"path_taken":["M","?","M","?","?","R","?","E","T","R","E","R","E","PTL","PTL","?","R","BOSS","M","M","$","M","M","E","?","R","T","?","E","M","M","?","R","BOSS","M","?","M","?","M","R","E","M","T","R","M"],"items_purchased_type":["Card","Relic","Card"],"build_version":"2020-12-22","purchased_purges":2,"victory":false,"max_hp_per_floor":[68,68,68,68,68,68,68,68,68,68,68,68,68,68,68,72,72,72,72,72,72,72,71,71,68,68,68,68,68,68,68,68,68,68,68,68,65,65,65,65,65,65,65,65,65,65,65,65],"relic_stats":{"Darkstone Periapt":0,"Nunchaku":[12],"counters":[25,124],"MealTicket":15,"obtain_stats":[{"Darkstone Periapt":45,"Iron Core":0,"Lantern":8,"ReplayTheSpireMod:Ninjato":28,"aspiration:Nostalgia":0,"Vajra":30,"stsjorbsmod:GrimoireRelic":0,"EVO:Axolotl":0,"Replay:Mystery Machine":25,"jesterMod:MirrorMask":4,"StSpp:CrystalBall":19,"Nunchaku":11,"Chameleon Ring":13,"MealTicket":17,"Red Mask":38,"FossilizedHelix":43,"Replay:Bottled Steam":9,"Runic Pyramid":36},{"Darkstone Periapt":24,"Iron Core":0,"Lantern":4,"ReplayTheSpireMod:Ninjato":14,"aspiration:Nostalgia":0,"Vajra":16,"stsjorbsmod:GrimoireRelic":0,"EVO:Axolotl":0,"Replay:Mystery Machine":13,"jesterMod:MirrorMask":3,"StSpp:CrystalBall":8,"Nunchaku":5,"Chameleon Ring":6,"MealTicket":7,"Red Mask":20,"FossilizedHelix":23,"Replay:Bottled Steam":4,"Runic Pyramid":19},{"Darkstone Periapt":117,"Iron Core":0,"Lantern":18,"ReplayTheSpireMod:Ninjato":73,"aspiration:Nostalgia":0,"Vajra":82,"stsjorbsmod:GrimoireRelic":0,"EVO:Axolotl":0,"Replay:Mystery Machine":69,"jesterMod:MirrorMask":12,"StSpp:CrystalBall":40,"Nunchaku":23,"Chameleon Ring":26,"MealTicket":29,"Red Mask":105,"FossilizedHelix":114,"Replay:Bottled Steam":18,"Runic Pyramid":97}]},"card_choices":[{"not_picked":["stsjorbsmod:FracturedMind","Headbutt"],"picked":"Cold Snap","floor":1},{"not_picked":["stsjorbsmod:AnimateObjects","Gash"],"picked":"stsjorbsmod:TinyHut","floor":2},{"not_picked":["Force Field","Fire Breathing"],"picked":"stsjorbsmod:WanderingMind","floor":3},{"not_picked":["Flex","stsjorbsmod:PurgeMind"],"picked":"stsjorbsmod:RayOfFrost","floor":8},{"not_picked":["Iron Wave","stsjorbsmod:Will"],"picked":"stsjorbsmod:ChatteringStrike","floor":11},{"not_picked":["Flex","stsjorbsmod:ChatteringStrike"],"picked":"Defragment","floor":13},{"not_picked":["Fire Breathing","stsjorbsmod:Mindworm"],"picked":"stsjorbsmod:FracturedMind","floor":16},{"not_picked":["Offering","Limit Break"],"picked":"stsjorbsmod:Determination","floor":18},{"not_picked":["stsjorbsmod:BookOfTongues","stsjorbsmod:DisguiseSelf+1","stsjorbsmod:TrueStrike+1"],"picked":"SKIP","floor":20},{"not_picked":["stsjorbsmod:Index","stsjorbsmod:Mending"],"picked":"stsjorbsmod:LocateObject","floor":21},{"not_picked":["stsjorbsmod:WeightOfMemory","stsjorbsmod:Hurt"],"picked":"stsjorbsmod:MagicMissiles","floor":23},{"not_picked":["stsjorbsmod:ParryingBlow","stsjorbsmod:DisguiseSelf+1","stsjorbsmod:Message"],"picked":"SKIP","floor":24},{"not_picked":["stsjorbsmod:FaerieFire+1","stsjorbsmod:UnseenServant"],"picked":"stsjorbsmod:DoubleCheck+1","floor":25},{"not_picked":["stsjorbsmod:Index","stsjorbsmod:RayOfFrost"],"picked":"stsjorbsmod:Message","floor":26},{"not_picked":["stsjorbsmod:CorrodingBarrier","stsjorbsmod:MageArmor"],"picked":"stsjorbsmod:ArcaneWeapon+1","floor":29},{"not_picked":["stsjorbsmod:Patron","stsjorbsmod:Mindworm"],"picked":"stsjorbsmod:ColorSpray","floor":30},{"not_picked":["stsjorbsmod:FlameWard","stsjorbsmod:ScorchingRay","stsjorbsmod:Channel"],"picked":"SKIP","floor":31},{"not_picked":["stsjorbsmod:FranticSearch","stsjorbsmod:FracturedMind","stsjorbsmod:UnseenServant"],"picked":"SKIP","floor":32},{"not_picked":["stsjorbsmod:HoldMonster","stsjorbsmod:Pyromancy"],"picked":"stsjorbsmod:DeathThroes","floor":35},{"not_picked":["stsjorbsmod:DisguiseSelf+1","stsjorbsmod:Message","stsjorbsmod:WanderingMind"],"picked":"SKIP","floor":37},{"not_picked":["stsjorbsmod:DisguiseSelf","stsjorbsmod:Mindworm+1","stsjorbsmod:FlameWard"],"picked":"SKIP","floor":39},{"not_picked":["stsjorbsmod:MagicMissiles+1","stsjorbsmod:Mindworm+1"],"picked":"stsjorbsmod:FindFamiliar","floor":41},{"not_picked":["stsjorbsmod:DoubleCheck","stsjorbsmod:Inferno+1","stsjorbsmod:DisguiseSelf+1"],"picked":"SKIP","floor":43},{"not_picked":["stsjorbsmod:UnseenServant+1","stsjorbsmod:SchoolsOfMagic","stsjorbsmod:WeightOfMemory"],"picked":"SKIP","floor":44}],"player_experience":243730,"relics_obtained":[{"floor":8,"key":"Lantern"},{"floor":9,"key":"Replay:Bottled Steam"},{"floor":11,"key":"Nunchaku"},{"floor":13,"key":"Chameleon Ring"},{"floor":17,"key":"MealTicket"},{"floor":25,"key":"Replay:Mystery Machine"},{"floor":28,"key":"ReplayTheSpireMod:Ninjato"},{"floor":30,"key":"Vajra"},{"floor":43,"key":"FossilizedHelix"},{"floor":45,"key":"Darkstone Periapt"}],"event_choices":[{"damage_healed":0,"gold_gain":0,"player_choice":"Grow","damage_taken":0,"max_hp_gain":0,"max_hp_loss":0,"event_name":"Living Wall","floor":5,"gold_loss":0,"cards_upgraded":["stsjorbsmod:TinyHut"]},{"cards_removed":["stsjorbsmod:Fear"],"damage_healed":0,"gold_gain":0,"player_choice":"Upgrade and Remove","damage_taken":0,"max_hp_gain":0,"max_hp_loss":0,"event_name":"Designer","floor":33,"gold_loss":90,"cards_upgraded":["stsjorbsmod:Determination"]},{"damage_healed":0,"gold_gain":0,"player_choice":"Paid","damage_taken":0,"relics_obtained":["Red Mask"],"max_hp_gain":0,"max_hp_loss":0,"event_name":"Tomb of Lord Red Mask","floor":38,"gold_loss":180},{"damage_healed":16,"gold_gain":0,"player_choice":"Writhe","damage_taken":0,"max_hp_gain":0,"max_hp_loss":0,"event_name":"Winding Halls","floor":40,"gold_loss":0,"cards_obtained":["Writhe"]}],"is_beta":false,"boss_relics":[{"not_picked":["StSpp:PileOfSugar","StSpp:FireArrow"],"picked":"StSpp:CrystalBall"},{"not_picked":["Replay:Drink Me","hubris:RunicObelisk"],"picked":"Runic Pyramid"}],"items_purged_floors":[22,22],"is_endless":false,"potions_floor_spawned":[8,11,21,23,25,29,31,32,41,43,44],"killed_by":"Maw","ascension_level":1}}