{"host":"d85gwtocd8go8gx0","time":1611284041,"event":{"mods":["AchievementEnabler","BaseMod","Better Altar","Better Skull","Better Third Choice","Block Reminder","Colored Powertips","Curses Come First","Dark Map","Filter the Spire","Highlight Path","Minty Spire (QoL Compilation)","Permanent Neow","Quick Restart","Shop Mod","StSLib","SuperFastMode","UnlockEverythingMod"],"gold_per_floor":[115,135,213,228,239,239,267,267,267,286,286,319,319,354,354,433,433,451,451,218,218,228,228,260,260,260,273,289,303,303,315,315,315,315],"floor_reached":33,"language":"ENG","playtime":1320,"items_purged":[],"score":649,"play_id":"8fc8e1e5-93b5-464a-b273-07e0298fc63c","local_time":"20210121185401","is_ascension_mode":true,"campfire_choices":[{"data":"Eruption","floor":6.0,"key":"SMITH"},{"data":"Wireheading","floor":8.0,"key":"SMITH"},{"floor":11.0,"key":"REST"},{"floor":13.0,"key":"REST"},{"floor":15.0,"key":"REST"},{"data":"Ragnarok","floor":23.0,"key":"SMITH"},{"floor":25,"key":"REST"},{"floor":30,"key":"REST"},{"floor":32,"key":"REST"}],"circlet_count":0,"master_deck":["AscendersBane","Strike_P","Strike_P","Strike_P","Strike_P","Defend_P","Defend_P","Defend_P","Defend_P","Eruption+1","Vigilance","Protect","Conclude","FollowUp","Consecrate","Wireheading+1","ThirdEye+1","Weave","FlurryOfBlows","Ragnarok+1","JustLucky","Halt+1","FlurryOfBlows","Metamorphosis+1","Necronomicurse","Swivel+1","Crescendo+1","Wallop","ClearTheMind+1","Consecrate+1","FlurryOfBlows","FlurryOfBlows","FearNoEvil","Weave"],"relics":["Runic Pyramid","Toxic Egg 2","StrikeDummy","Question Card","Vajra","Velvet Choker","Necronomicon","Dream Catcher","Ornamental Fan"],"acts_visited":["Exordium","TheCity"],"potions_floor_usage":[31,31],"damage_taken":[{"damage":7.0,"enemies":"Jaw Worm","floor":1.0,"turns":3.0},{"damage":0.0,"enemies":"2 Louse","floor":2.0,"turns":2.0},{"damage":7.0,"enemies":"Small Slimes","floor":4.0,"turns":3.0},{"damage":8.0,"enemies":"3 Louse","floor":5.0,"turns":2.0},{"damage":0.0,"enemies":"Lagavulin","floor":7.0,"turns":4.0},{"damage":7.0,"enemies":"Gremlin Gang","floor":10.0,"turns":2.0},{"damage":27.0,"enemies":"Gremlin Nob","floor":12.0,"turns":4.0},{"damage":3.0,"enemies":"3 Sentries","floor":14.0,"turns":3.0},{"damage":40.0,"enemies":"Hexaghost","floor":16.0,"turns":6.0},{"damage":0.0,"enemies":"Spheric Guardian","floor":18.0,"turns":1.0},{"damage":0.0,"enemies":"3 Byrds","floor":22.0,"turns":3.0},{"damage":13,"enemies":"Gremlin Leader","floor":24,"turns":2},{"damage":19,"enemies":"Snake Plant","floor":27,"turns":2},{"damage":8,"enemies":"Cultist and Chosen","floor":28,"turns":4},{"damage":14,"enemies":"Snecko","floor":29,"turns":5},{"damage":12,"enemies":"Shelled Parasite and Fungi","floor":31,"turns":3},{"damage":69,"enemies":"Collector","floor":33,"turns":6}],"seed_played":"-7890033081659262545","potions_obtained":[{"floor":2.0,"key":"Strength Potion"},{"floor":4.0,"key":"BlessingOfTheForge"},{"floor":18.0,"key":"Fire Potion"},{"floor":31,"key":"FairyPotion"}],"is_trial":false,"path_per_floor":["M","M","?","M","M","R","E","R","T","M","R","E","R","E","R","B",null,"M","?","$","?","M","R","E","R","T","M","M","M","R","M","R","B"],"character_chosen":"WATCHER","items_purchased":["FlurryOfBlows","Metamorphosis+1"],"campfire_rested":6,"item_purchase_floors":[20,20],"current_hp_per_floor":[54,54,54,47,39,39,39,39,39,32,52,25,45,42,62,22,57,57,57,57,36,36,36,23,43,43,24,16,2,22,10,30,0,0],"gold":315,"neow_bonus":"BOSS_RELIC","is_daily":false,"chose_seed":false,"campfire_upgraded":3,"win_rate":0.0,"timestamp":1611284041,"path_taken":["M","M","?","M","M","R","E","R","T","M","R","E","R","E","R","BOSS","M","?","$","?","M","R","E","R","T","M","M","M","R","M","R","BOSS"],"items_purchased_type":["Card","Card"],"build_version":"2020-12-22","purchased_purges":0,"victory":false,"max_hp_per_floor":[68,68,68,68,68,68,68,68,68,68,68,68,68,68,68,68,68,68,68,68,68,68,68,68,68,68,68,68,68,68,68,68,68,68],"card_choices":[{"not_picked":["Fasting2","Nirvana"],"picked":"Protect","floor":1.0},{"not_picked":["ClearTheMind","Worship"],"picked":"Conclude","floor":2.0},{"not_picked":["Halt","Tantrum"],"picked":"FollowUp","floor":4.0},{"not_picked":["SignatureMove","SashWhip"],"picked":"Consecrate","floor":5.0},{"not_picked":["Consecrate","TalkToTheHand"],"picked":"Wireheading","floor":7.0},{"not_picked":["SashWhip","EmptyFist"],"picked":"ThirdEye+1","floor":10.0},{"not_picked":["Crescendo+1","Meditate+1"],"picked":"Weave","floor":12.0},{"not_picked":["InnerPeace+1","WreathOfFlame+1","CrushJoints"],"picked":"FlurryOfBlows","floor":14.0},{"not_picked":["DeusExMachina+1","Devotion","Omniscience+1"],"picked":"Ragnarok","floor":16.0},{"not_picked":["Evaluate+1","TalkToTheHand","LikeWater"],"picked":"JustLucky","floor":18.0},{"not_picked":["TalkToTheHand","BowlingBash","FlyingSleeves"],"picked":"Swivel+1","floor":22.0},{"not_picked":["CutThroughFate","FlyingSleeves","Adaptation"],"picked":"Crescendo+1","floor":24},{"not_picked":["ClearTheMind+1","Halt+1","Nirvana+1"],"picked":"Wallop","floor":25},{"not_picked":["Crescendo+1","ThirdEye+1","InnerPeace+1"],"picked":"ClearTheMind+1","floor":27},{"not_picked":["BowlingBash","PathToVictory+1","FollowUp"],"picked":"Consecrate+1","floor":28},{"not_picked":["SashWhip","InnerPeace+1","EmptyFist"],"picked":"FlurryOfBlows","floor":29},{"not_picked":["BowlingBash","Wireheading","MasterReality"],"picked":"FlurryOfBlows","floor":30},{"not_picked":["JustLucky","SashWhip+1","BowlingBash"],"picked":"FearNoEvil","floor":31},{"not_picked":["Ragnarok","Perseverance+1","ThirdEye+1"],"picked":"Weave","floor":32}],"player_experience":19657,"relics_obtained":[{"floor":7.0,"key":"Toxic Egg 2"},{"floor":9.0,"key":"StrikeDummy"},{"floor":12.0,"key":"Question Card"},{"floor":14.0,"key":"Vajra"},{"floor":21.0,"key":"Necronomicon"},{"floor":24,"key":"Dream Catcher"},{"floor":26,"key":"Ornamental Fan"}],"event_choices":[{"damage_healed":0.0,"max_hp_gain":0.0,"max_hp_loss":0.0,"gold_gain":78.0,"event_name":"Golden Wing","player_choice":"Gained Gold","floor":3.0,"gold_loss":0.0,"damage_taken":0.0},{"damage_healed":0.0,"max_hp_gain":0.0,"max_hp_loss":0.0,"gold_gain":0.0,"event_name":"The Library","player_choice":"Read","floor":19.0,"gold_loss":0.0,"damage_taken":0.0,"cards_obtained":["Halt"]},{"damage_healed":0.0,"max_hp_gain":0.0,"max_hp_loss":0.0,"gold_gain":0.0,"event_name":"Cursed Tome","player_choice":"Obtained Book","floor":21.0,"gold_loss":0.0,"damage_taken":21.0}],"is_beta":false,"boss_relics":[{"not_picked":["Coffee Dripper","SacredBark"],"picked":"Velvet Choker"}],"items_purged_floors":[],"is_endless":false,"potions_floor_spawned":[2,4,5,14,16,18,22,28,31],"killed_by":"Collector","ascension_level":20}}