{"host":"y9jgkjnf95sujozk","time":1611319242,"event":{"mods":["2.2 Compatiblity","AchievementEnabler","Act Like it!","BaseMod","BetterRewards","Block Reminder","Colored Map","Colored Powertips","Decade(王小明)","Downfall","Friendly Minions","Gensokyo","GifTheSpireLib","Hallownest","Hermit","Highlight Path","HololiveMod","Hubris","Infinite Spire","Jorbs\u0027s Wanderer Trilogy","Koishi","Marisa（霧雨　魔理沙）","Minty Spire (QoL Compilation)","Quick Restart","Random Character Button","Rare Cards Sparkle","Reimu（博??梦）","Remilia（蕾米莉?）","Shop Mod","StSLib","SuperFastMode","The Animator","The Bug Knight","The Cursed","The Disciple","The Hierophant","The Jungle","The Runesmith","The Senshi","The Servant 0.9.4"],"gold_per_floor":[110,110,110,129,149,181,181,199,223,237,237,512,532,155,155,155,155,155],"floor_reached":16,"language":"ENG","playtime":497,"items_purged":[],"score":102,"play_id":"b1cc1abd-dc08-4743-bd42-f5ad4b45ce33","local_time":"20210122134042","is_ascension_mode":false,"campfire_choices":[{"floor":7,"key":"REST"},{"floor":11,"key":"REST"},{"floor":15,"key":"REST"}],"circlet_count":0,"master_deck":["bronze:Strike","bronze:Strike","bronze:Strike","bronze:Strike","bronze:Defend","bronze:Defend","bronze:Defend","bronze:Defend","bronze:Replicate","bronze:Goto","bronze:BuggyMess+1","hubris:NaturalOne","bronze:ChosenStrike","bronze:CloningBeam","bronze:BuggyMess","bronze:Branch","bronze:Optimize","Regret","bronze:BuggyMess","bronze:Overheat","bronze:Deprecate","Chrysalis","Mind Blast"],"relics":["bronze:BronzeCore","PureWhite:ReiMu","OrangePellets","Toy Ornithopter","hubris:MedicalManual","hubris:Icosahedron","infinitespire:BottledMercury","Runesmith:AutoHammer"],"acts_visited":["Exordium"],"potions_floor_usage":[6,6,6,16],"damage_taken":[{"damage":5,"enemies":"Small Slimes","floor":1,"turns":5},{"damage":6,"enemies":"Jaw Worm","floor":4,"turns":3},{"damage":4,"enemies":"2 Louse","floor":5,"turns":4},{"damage":28,"enemies":"Gremlin Nob","floor":6,"turns":4},{"damage":13,"enemies":"Exordium Wildlife","floor":8,"turns":5},{"damage":0,"enemies":"Blue Slaver","floor":10,"turns":3},{"damage":7,"enemies":"Looter","floor":13,"turns":3},{"damage":73,"enemies":"Hexaghost","floor":16,"turns":16}],"seed_played":"-4521413278058047996","potions_obtained":[{"floor":1,"key":"hexamod:SoulburnPotion"},{"floor":10,"key":"ColorlessPotion"}],"is_trial":false,"path_per_floor":["M","?","?","M","M","E","R","M","T","M","R","?","M","$","R","B"],"character_chosen":"THE_AUTOMATON","items_purchased":["OrangePellets","Toy Ornithopter","hubris:MedicalManual","BlessingOfTheForge","Swift Potion","bronze:Overheat","bronze:Deprecate","Chrysalis","Mind Blast"],"campfire_rested":3,"item_purchase_floors":[0,0,0,0,0,14,14,14,14],"current_hp_per_floor":[65,65,65,59,55,42,63,50,50,50,70,70,65,65,70,0,0,0],"gold":155,"neow_bonus":"","is_daily":false,"chose_seed":false,"campfire_upgraded":0,"win_rate":0.0,"timestamp":1611319242,"path_taken":["M","?","?","M","M","E","R","M","T","M","R","?","M","$","R","BOSS"],"items_purchased_type":["Relic","Relic","Relic","Potion","Potion","Card","Card","Card","Card"],"build_version":"2020-12-22","purchased_purges":0,"victory":false,"max_hp_per_floor":[70,70,70,70,70,70,70,70,70,70,70,70,70,70,70,70,70,70],"card_choices":[{"not_picked":["bronze:Shield","bronze:Overheat"],"picked":"bronze:BuggyMess","floor":1},{"not_picked":["bronze:Shield","bronze:OilSpill"],"picked":"bronze:ChosenStrike","floor":4},{"not_picked":["bronze:Repulsor","bronze:Boost"],"picked":"bronze:CloningBeam","floor":5},{"not_picked":["bronze:FollowUp","bronze:Allocate"],"picked":"bronze:BuggyMess","floor":6},{"not_picked":["bronze:Repulsor","bronze:DelayedSlice"],"picked":"bronze:Branch","floor":8},{"not_picked":["bronze:Invalidate","bronze:HyperBeam"],"picked":"bronze:Optimize","floor":10},{"not_picked":["bronze:FineTuning","bronze:OilSpill"],"picked":"bronze:BuggyMess","floor":13}],"player_experience":159593,"relics_obtained":[{"floor":6,"key":"infinitespire:BottledMercury"},{"floor":9,"key":"Runesmith:AutoHammer"}],"event_choices":[{"damage_healed":0,"gold_gain":0,"player_choice":"Grow","damage_taken":0,"max_hp_gain":0,"max_hp_loss":0,"event_name":"Living Wall","floor":2,"gold_loss":0,"cards_upgraded":["bronze:BuggyMess"]},{"damage_healed":0,"gold_gain":275,"player_choice":"Desecrate","damage_taken":0,"max_hp_gain":0,"max_hp_loss":0,"event_name":"Golden Shrine","floor":12,"gold_loss":0,"cards_obtained":["Regret"]}],"is_beta":false,"boss_relics":[],"items_purged_floors":[],"is_endless":false,"potions_floor_spawned":[1,4,10],"killed_by":"Hexaghost","ascension_level":0}}