{"host":"egwexuw5uvnxf11j","time":1611297473,"event":{"mods":["2.2 Compatiblity","Aspiration","BaseMod","Better Altar","Better Note","Better Sensory Stone","Better Third Choice","Displayed Cursed Tome","Downfall","Hermit","Key Reminder","Koishi","Marisa????????","Minty Spire (QoL Compilation)","Quick Restart","Shade Mod","Spicy Shops","StSLib","The Construct","The Cursed","The Hierophant","The Runesmith","The Senshi","The Servant 0.9.4","Transform Curses"],"gold_per_floor":[109,120,136,155,43,69,69,101,101,119,147,162,179,197,197,298,298,315,315,101,26,42,42,87,87,87,87,103,181,214,228,228,333,333,343,14,40,88,88,88,27,27,27,62,79,79,79],"floor_reached":46,"language":"ENG","playtime":2513,"items_purged":["hermit:Strike_Hermit"],"score":540,"play_id":"7a5891b2-e654-441a-af30-14c51a608f39","local_time":"20210122013753","is_ascension_mode":true,"campfire_choices":[{"floor":7.0,"key":"REST"},{"floor":15,"key":"REST"},{"floor":23,"key":"REST"},{"floor":25,"key":"REST"},{"floor":32,"key":"REST"},{"floor":40,"key":"REST"}],"circlet_count":0,"master_deck":["hermit:Strike_Hermit","hermit:Strike_Hermit","hermit:Strike_Hermit","hermit:Defend_Hermit","hermit:Defend_Hermit","hermit:Defend_Hermit","hermit:Defend_Hermit","hermit:Snapshot","hermit:Covet","Impatience","hermit:ItchyTrigger","hermit:Glare","hermit:Ricochet","hermit:CalledShot+1","hermit:Brawl","hermit:ItchyTrigger","hermit:Midnight","hermit:Snipe","hermit:Magnum","hermit:Dive","hermit:Deadeye","hermit:LowProfile","hermit:Roughhouse","hermit:Determination","hermit:BigShot","HandOfGreed","hermit:GhostlyPresence","hermit:BigShot","hermit:LowProfile+1","hermit:Malice","hermit:Manifest+1","hermit:NoHoldsBarred","hermit:FatalDesire","hermit:Grudge","hermit:TakeAim","hermit:HoleUp+1","Writhe","Decay","hermit:SprayPray+1","hermit:TrackingShot"],"relics":["hermit:Momento","Pen Nib","aspiration:ChemicalBlood","StoneCalendar","aspiration:FrozenJewel","keyreminder:keyreminder","construct:ClawGrip","Shuriken","MealTicket","Kunai","Toxic Egg 2","aspiration:MobileForge","PreservedInsect","theSenshi:SailorFukuRelic","construct:RocketBooster","HandDrill","Happy Flower"],"acts_visited":["Exordium","TheCity","TheBeyond"],"potions_floor_usage":[11,12,14,16,16,16,18,24,24,28,30,30,31,33,33,33,38,38,44,44,44,45,45,46],"damage_taken":[{"damage":10.0,"enemies":"Cultist","floor":1.0,"turns":4.0},{"damage":0.0,"enemies":"2 Louse","floor":2.0,"turns":2.0},{"damage":0.0,"enemies":"Small Slimes","floor":3.0,"turns":3.0},{"damage":9.0,"enemies":"Blue Slaver","floor":4.0,"turns":2.0},{"damage":32.0,"enemies":"3 Sentries","floor":6.0,"turns":6.0},{"damage":22.0,"enemies":"Gremlin Nob","floor":8.0,"turns":4.0},{"damage":7.0,"enemies":"Lots of Slimes","floor":10.0,"turns":4.0},{"damage":9,"enemies":"Lagavulin","floor":11,"turns":6},{"damage":9,"enemies":"Exordium Wildlife","floor":12,"turns":4},{"damage":5,"enemies":"Blue Slaver","floor":13,"turns":4},{"damage":4,"enemies":"Exordium Thugs","floor":14,"turns":3},{"damage":3,"enemies":"Slime Boss","floor":16,"turns":7},{"damage":20,"enemies":"3 Byrds","floor":18,"turns":6},{"damage":5,"enemies":"Shell Parasite","floor":22,"turns":4},{"damage":35,"enemies":"Slavers","floor":24,"turns":5},{"damage":15,"enemies":"Snake Plant","floor":28,"turns":4},{"damage":27,"enemies":"Shelled Parasite and Fungi","floor":30,"turns":4},{"damage":0,"enemies":"Centurion and Healer","floor":31,"turns":5},{"damage":20,"enemies":"Collector","floor":33,"turns":7},{"damage":25,"enemies":"Orb Walker","floor":35,"turns":3},{"damage":28,"enemies":"2 Orb Walkers","floor":38,"turns":5},{"damage":42,"enemies":"Giant Head","floor":44,"turns":8},{"damage":29,"enemies":"3 Darklings","floor":45,"turns":3},{"damage":12,"enemies":"4 Shapes","floor":46,"turns":1}],"seed_played":"2197735299733931780","potions_obtained":[{"floor":3.0,"key":"FairyPotion"},{"floor":10.0,"key":"DistilledChaos"},{"floor":11,"key":"champ:CounterPotion"},{"floor":12,"key":"Fire Potion"},{"floor":13,"key":"SkillPotion"},{"floor":14,"key":"SkillPotion"},{"floor":16,"key":"EssenceOfSteel"},{"floor":24,"key":"Fire Potion"},{"floor":28,"key":"LiquidBronze"},{"floor":30,"key":"hexamod:SoulburnPotion"}],"is_trial":false,"path_per_floor":["M","M","M","M","$","E","R","E","T","M","E","M","M","M","R","B",null,"M","?","$","$","M","R","E","R","T","?","M","T","M","M","R","B",null,"M","$","T","?","?","R","$","?","T","E","M","M"],"character_chosen":"HERMIT","items_purchased":["hermit:Brawl","hermit:BigShot","HandOfGreed","hermit:GhostlyPresence","PreservedInsect","hermit:TakeAim","HandDrill"],"campfire_rested":6,"item_purchase_floors":[5,20,20,21,36,36,41],"current_hp_per_floor":[65,65,65,56,56,24,46,24,24,17,8,22,17,13,35,32,75,55,55,55,55,50,72,37,59,59,59,44,44,17,17,39,19,75,50,65,65,37,56,75,75,75,75,33,4,0,0],"gold":79,"neow_bonus":"RANDOM_COLORLESS","is_daily":false,"chose_seed":false,"campfire_upgraded":0,"win_rate":0.0,"timestamp":1611297473,"path_taken":["M","M","M","M","?","E","R","E","T","M","E","M","M","M","R","BOSS","M","?","?","$","M","R","E","R","T","?","M","?","M","M","R","BOSS","M","$","?","?","?","R","$","?","T","E","M","?"],"items_purchased_type":["Card","Card","Card","Card","Relic","Card","Relic"],"build_version":"2020-12-22","purchased_purges":1,"victory":false,"max_hp_per_floor":[75,75,75,75,75,75,75,75,75,75,75,75,75,75,75,75,75,75,75,75,75,75,75,75,75,75,75,75,75,75,75,75,75,75,75,75,75,75,75,75,75,75,75,75,75,75,75],"card_choices":[{"not_picked":["Madness","Enlightenment"],"picked":"Impatience","floor":0.0},{"not_picked":["hermit:SprayPray","hermit:Snipe"],"picked":"hermit:ItchyTrigger","floor":1.0},{"not_picked":["hermit:Cheat","hermit:HighCaliber"],"picked":"hermit:Glare","floor":2.0},{"not_picked":["hermit:Quickdraw","hermit:Feint"],"picked":"hermit:Ricochet","floor":3.0},{"not_picked":["hermit:Roulette","hermit:Coalescence"],"picked":"hermit:CalledShot","floor":4.0},{"not_picked":["hermit:OverwhelmingPower","hermit:Roulette"],"picked":"hermit:ItchyTrigger","floor":6.0},{"not_picked":["hermit:Combo","hermit:Roulette"],"picked":"hermit:Midnight","floor":8.0},{"not_picked":["hermit:Feint","hermit:TrackingShot"],"picked":"hermit:Snipe","floor":10.0},{"not_picked":["hermit:Manifest","hermit:LuckOfTheDraw"],"picked":"hermit:Magnum","floor":11},{"not_picked":["hermit:Horror","hermit:Glare"],"picked":"hermit:Dive","floor":12},{"not_picked":["hermit:LowProfile","hermit:FlashPowder"],"picked":"hermit:Deadeye","floor":13},{"not_picked":["hermit:CursedWeapon","hermit:Glare"],"picked":"hermit:LowProfile","floor":14},{"not_picked":["hermit:Purgatory","hermit:HighNoon"],"picked":"hermit:Roughhouse","floor":16},{"not_picked":["hermit:LowProfile+1","hermit:Quickdraw"],"picked":"hermit:Determination","floor":18},{"not_picked":["hermit:Ricochet","hermit:HoleUp"],"picked":"hermit:BigShot","floor":22},{"not_picked":["hermit:Midnight","hermit:Adapt"],"picked":"hermit:LowProfile+1","floor":24},{"not_picked":["hermit:BodyArmor","hermit:Snipe"],"picked":"hermit:Malice","floor":28},{"not_picked":["hermit:BodyArmor+1","hermit:Dive+1"],"picked":"hermit:Manifest+1","floor":30},{"not_picked":["hermit:TakeAim","hermit:Feint+1"],"picked":"hermit:NoHoldsBarred","floor":31},{"not_picked":["hermit:HeroicBravado+1","hermit:EternalForm"],"picked":"hermit:FatalDesire","floor":33},{"not_picked":["hermit:LowProfile+1","hermit:LoneWolf+1"],"picked":"hermit:Grudge","floor":35},{"not_picked":["hermit:Cheat+1","hermit:TakeCover+1"],"picked":"hermit:HoleUp+1","floor":38},{"not_picked":["hermit:ItchyTrigger+1","hermit:Dissolve+1"],"picked":"hermit:SprayPray+1","floor":44},{"not_picked":["hermit:CursedWeapon","hermit:GhostlyPresence+1"],"picked":"hermit:TrackingShot","floor":45}],"player_experience":2302320,"relics_obtained":[{"floor":6.0,"key":"Pen Nib"},{"floor":8.0,"key":"aspiration:ChemicalBlood"},{"floor":9.0,"key":"StoneCalendar"},{"floor":11,"key":"aspiration:FrozenJewel"},{"floor":24,"key":"MealTicket"},{"floor":26,"key":"Kunai"},{"floor":29,"key":"Toxic Egg 2"},{"floor":37,"key":"theSenshi:SailorFukuRelic"},{"floor":38,"key":"construct:RocketBooster"},{"floor":44,"key":"Happy Flower"}],"event_choices":[{"damage_healed":0,"gold_gain":0,"player_choice":"Gave Potion","damage_taken":0,"relics_obtained":["Shuriken"],"max_hp_gain":0,"max_hp_loss":0,"event_name":"WeMeetAgain","floor":19,"gold_loss":0},{"damage_healed":0,"gold_gain":0,"player_choice":"Ignored","damage_taken":0,"max_hp_gain":0,"max_hp_loss":0,"event_name":"Beggar","floor":27,"gold_loss":0},{"damage_healed":0,"gold_gain":0,"player_choice":"Fight","damage_taken":0,"max_hp_gain":0,"max_hp_loss":0,"event_name":"Mysterious Sphere","floor":38,"gold_loss":0},{"damage_healed":19,"gold_gain":0,"player_choice":"Writhe","damage_taken":0,"max_hp_gain":0,"max_hp_loss":0,"event_name":"Winding Halls","floor":39,"gold_loss":0,"cards_obtained":["Writhe"]}],"is_beta":false,"boss_relics":[{"not_picked":["Busted Crown","SlaversCollar"],"picked":"construct:ClawGrip"},{"not_picked":["Empty Cage","theSenshi:MoonKaleidoScopeRelic"],"picked":"aspiration:MobileForge"}],"items_purged_floors":[36],"is_endless":false,"potions_floor_spawned":[3,10,11,12,13,14,16,18,24,28,30,44],"killed_by":"4 Shapes","ascension_level":1}}