{"host":"ydg0vn0pu4pubmdt","time":1611356285,"event":{"mods":["AchievementEnabler","BaseMod","Colored Map","Gold Saver","Minty Spire (QoL Compilation)","Quick Restart","SuperFastMode"],"gold_per_floor":[110,35,85,10,22,97,129,147,147,147,164,1,22,22,22,97,97,112,112,112,112,129,129,141,171,198,30,30,30,30,47,47,47,47],"floor_reached":33,"language":"KOR","playtime":699,"items_purged":["Defend_R"],"score":575,"play_id":"1492c49b-d2db-4884-a849-b1850d87538a","local_time":"20210123075805","is_ascension_mode":true,"campfire_choices":[{"data":"Body Slam","floor":10,"key":"SMITH"},{"data":"Offering","floor":15,"key":"SMITH"},{"data":"Ghostly","floor":23,"key":"SMITH"},{"floor":32,"key":"REST"}],"circlet_count":0,"master_deck":["AscendersBane","Defend_R+1","Defend_R","Bash","Body Slam+1","Cleave+1","Body Slam+1","Offering+1","Feed+1","Flex+1","Sword Boomerang+1","Ghostly+1","Ghostly+1","Ghostly","Flame Barrier+1","Second Wind","Clothesline+1","Hemokinesis+1","Hemokinesis+1"],"relics":["Burning Blood","NeowsBlessing","Molten Egg 2","Gremlin Horn","Odd Mushroom","Astrolabe","Dream Catcher","War Paint","Membership Card"],"acts_visited":["Exordium","TheCity"],"potions_floor_usage":[13,16,33],"damage_taken":[{"damage":0,"enemies":"Jaw Worm","floor":1,"turns":1},{"damage":0,"enemies":"2 Louse","floor":5,"turns":1},{"damage":0,"enemies":"Lagavulin","floor":7,"turns":1},{"damage":7,"enemies":"Cultist","floor":8,"turns":4},{"damage":6,"enemies":"Looter","floor":11,"turns":2},{"damage":8,"enemies":"The Mushroom Lair","floor":13,"turns":2},{"damage":60,"enemies":"Slime Boss","floor":16,"turns":11},{"damage":6,"enemies":"Chosen","floor":18,"turns":2},{"damage":8,"enemies":"3 Byrds","floor":22,"turns":4},{"damage":7,"enemies":"3 Cultists","floor":24,"turns":5},{"damage":6,"enemies":"Gremlin Leader","floor":25,"turns":6},{"damage":5,"enemies":"Snake Plant","floor":31,"turns":4},{"damage":52,"enemies":"Automaton","floor":33,"turns":6}],"seed_played":"7841919343511310148","potions_obtained":[{"floor":5,"key":"BlessingOfTheForge"},{"floor":8,"key":"SkillPotion"},{"floor":13,"key":"SpeedPotion"},{"floor":22,"key":"Swift Potion"}],"is_trial":false,"path_per_floor":["M","?","?","$","M","?","E","M","T","R","M","$","?","$","R","B",null,"M","?","?","?","M","R","M","E","T","$","?","$","?","M","R","B"],"character_chosen":"IRONCLAD","items_purchased":["Offering","Membership Card"],"campfire_rested":1,"item_purchase_floors":[12,27],"current_hp_per_floor":[74,74,67,67,73,62,68,67,67,67,67,67,65,65,65,11,59,63,63,39,39,41,41,44,48,48,48,48,48,35,36,52,0,0],"gold":47,"neow_bonus":"THREE_ENEMY_KILL","is_daily":false,"chose_seed":false,"campfire_upgraded":3,"win_rate":0.0,"timestamp":1611356285,"path_taken":["M","?","?","$","?","?","E","M","T","R","M","?","?","?","R","BOSS","M","?","?","?","?","R","M","E","T","$","?","$","?","M","R","BOSS"],"items_purchased_type":["Card","Relic"],"build_version":"2020-12-22","purchased_purges":1,"victory":false,"max_hp_per_floor":[75,75,75,75,75,75,75,75,75,75,75,75,75,75,75,75,75,79,79,39,39,43,43,47,51,51,51,51,51,56,56,56,56,56],"card_choices":[{"not_picked":["Heavy Blade","Havoc","Sword Boomerang"],"picked":"SKIP","floor":1},{"not_picked":["Heavy Blade","Headbutt"],"picked":"Body Slam","floor":5},{"not_picked":["Cleave+1","Disarm","Corruption"],"picked":"SKIP","floor":7},{"not_picked":["Disarm","Corruption"],"picked":"Cleave+1","floor":7},{"not_picked":["Clash+1","Infernal Blade","Sword Boomerang+1"],"picked":"SKIP","floor":8},{"not_picked":["Reckless Charge+1","Headbutt+1"],"picked":"Body Slam+1","floor":11},{"not_picked":["Corruption","Brutality"],"picked":"Feed+1","floor":16},{"not_picked":["Perfected Strike+1","Rage","Warcry"],"picked":"SKIP","floor":18},{"not_picked":["Seeing Red","Clothesline+1","Combust"],"picked":"SKIP","floor":22},{"not_picked":["Perfected Strike+1","Anger+1"],"picked":"Flame Barrier","floor":24},{"not_picked":["Intimidate","Power Through"],"picked":"Second Wind","floor":25},{"not_picked":["Dropkick+1","Havoc+1","Perfected Strike+1"],"picked":"SKIP","floor":31},{"not_picked":["Body Slam+1","Burning Pact"],"picked":"Hemokinesis+1","floor":32}],"player_experience":555063,"relics_obtained":[{"floor":7,"key":"Molten Egg 2"},{"floor":9,"key":"Gremlin Horn"},{"floor":13,"key":"Odd Mushroom"},{"floor":25,"key":"Dream Catcher"},{"floor":26,"key":"War Paint"}],"event_choices":[{"cards_removed":["Strike_R"],"damage_healed":0,"gold_gain":0,"player_choice":"Card Removal","damage_taken":0,"max_hp_gain":0,"max_hp_loss":0,"event_name":"The Cleric","floor":2,"gold_loss":75},{"damage_healed":0,"gold_gain":50,"player_choice":"Touch","damage_taken":7,"max_hp_gain":0,"max_hp_loss":0,"event_name":"FaceTrader","floor":3,"gold_loss":0},{"damage_healed":0,"gold_gain":75,"player_choice":"Gather Gold","damage_taken":11,"max_hp_gain":0,"max_hp_loss":0,"event_name":"World of Goop","floor":6,"gold_loss":0},{"damage_healed":0,"gold_gain":0,"player_choice":"Fought Mushrooms","damage_taken":0,"max_hp_gain":0,"max_hp_loss":0,"event_name":"Mushrooms","floor":13,"gold_loss":0},{"cards_removed":["Strike_R"],"damage_healed":0,"gold_gain":0,"player_choice":"Elegance","damage_taken":0,"max_hp_gain":0,"max_hp_loss":0,"event_name":"Back to Basics","floor":19,"gold_loss":0},{"damage_healed":0,"gold_gain":0,"player_choice":"Became a Ghost","damage_taken":0,"max_hp_gain":0,"max_hp_loss":40,"event_name":"Ghosts","floor":20,"gold_loss":0,"cards_obtained":["Ghostly","Ghostly","Ghostly"]},{"damage_healed":0,"gold_gain":0,"player_choice":"Upgraded","damage_taken":0,"max_hp_gain":0,"max_hp_loss":0,"event_name":"Upgrade Shrine","floor":21,"gold_loss":0,"cards_upgraded":["Ghostly"]},{"damage_healed":0,"gold_gain":0,"cards_transformed":["Intimidate","Strike_R"],"player_choice":"Became Test Subject","damage_taken":0,"max_hp_gain":0,"max_hp_loss":0,"event_name":"Drug Dealer","floor":28,"gold_loss":0,"cards_obtained":["Clothesline","Hemokinesis"]},{"damage_healed":0,"gold_gain":0,"player_choice":"Shed Blood","damage_taken":18,"max_hp_gain":5,"max_hp_loss":0,"event_name":"Forgotten Altar","floor":30,"gold_loss":0}],"is_beta":false,"boss_relics":[{"not_picked":["Tiny House","SacredBark"],"picked":"Astrolabe"}],"items_purged_floors":[4],"is_endless":false,"potions_floor_spawned":[5,8,13,22,25],"killed_by":"Automaton","ascension_level":17}}