{"host":"c52z9ixzgdjttcmx","time":1611349260,"event":{"mods":["BaseMod","Colored Powertips","Minty Spire (QoL Compilation)","Rare Cards Sparkle","Relic Stats"],"gold_per_floor":[119,131,131,149,168,168,196,0,300,335,335,335,352,352,352,424,424,443,459,33,49,49,49,49],"floor_reached":23,"language":"ENG","playtime":802,"items_purged":["Pain"],"score":352,"play_id":"f4f19f61-cc38-4fd6-bfae-e60185e54c13","local_time":"20210122150100","is_ascension_mode":true,"campfire_choices":[{"data":"Carnage","floor":6,"key":"SMITH"},{"data":"Fire Breathing","floor":11,"key":"SMITH"},{"floor":15,"key":"REST"}],"circlet_count":0,"master_deck":["AscendersBane","Strike_R","Defend_R","Defend_R","Defend_R","Defend_R","Bash","Carnage+1","Fire Breathing+1","Wild Strike","Evolve","Cleave","Shrug It Off","Good Instincts","Power Through","Body Slam","Exhume","Rage+1","Metallicize+1","Body Slam+1","Feel No Pain","Seeing Red","Entrench","Shockwave","Armaments"],"relics":["Burning Blood","NeowsBlessing","Paper Frog","Calipers","Old Coin","Regal Pillow","WarpedTongs","White Beast Statue","Astrolabe","FossilizedHelix"],"acts_visited":["Exordium","TheCity"],"potions_floor_usage":[5,16,18,23,23],"damage_taken":[{"damage":0,"enemies":"2 Louse","floor":1,"turns":1},{"damage":0,"enemies":"Cultist","floor":2,"turns":1},{"damage":0,"enemies":"Small Slimes","floor":4,"turns":1},{"damage":8,"enemies":"Red Slaver","floor":5,"turns":4},{"damage":25,"enemies":"Lagavulin","floor":7,"turns":7},{"damage":15,"enemies":"3 Sentries","floor":10,"turns":4},{"damage":17,"enemies":"Exordium Thugs","floor":13,"turns":4},{"damage":12,"enemies":"Slime Boss","floor":16,"turns":6},{"damage":14,"enemies":"Spheric Guardian","floor":18,"turns":5},{"damage":13,"enemies":"Shell Parasite","floor":19,"turns":7},{"damage":26,"enemies":"Snake Plant","floor":21,"turns":6},{"damage":38,"enemies":"Slavers","floor":23,"turns":4}],"seed_played":"7624850214889778242","potions_obtained":[{"floor":4,"key":"Fire Potion"},{"floor":5,"key":"SpeedPotion"},{"floor":10,"key":"DistilledChaos"},{"floor":16,"key":"SpeedPotion"},{"floor":18,"key":"PowerPotion"},{"floor":19,"key":"Swift Potion"}],"is_trial":false,"path_per_floor":["M","M","?","M","M","R","E","$","T","E","R","?","M","?","R","B",null,"M","M","$","M","?","E"],"character_chosen":"IRONCLAD","items_purchased":["Shrug It Off","Good Instincts","SkillPotion","FossilizedHelix","Entrench"],"campfire_rested":1,"item_purchase_floors":[8,8,8,20,20],"current_hp_per_floor":[74,75,64,70,68,68,49,49,49,40,40,40,29,29,66,60,71,63,56,56,36,36,0,0],"gold":49,"neow_bonus":"THREE_ENEMY_KILL","is_daily":false,"chose_seed":false,"campfire_upgraded":2,"win_rate":0.0,"timestamp":1611349260,"path_taken":["M","M","?","M","M","R","E","$","T","E","R","?","?","?","R","BOSS","M","?","$","M","?","E"],"items_purchased_type":["Card","Card","Potion","Relic","Card"],"build_version":"2020-12-22","purchased_purges":1,"victory":false,"max_hp_per_floor":[75,75,75,75,75,75,75,75,75,75,75,75,75,75,75,75,75,75,75,75,75,75,75,75],"relic_stats":{"Regal Pillow":15,"counters":[12,50],"Astrolabe":["Rage","Metallicize","Body Slam"],"obtain_stats":[{"Regal Pillow":10,"Calipers":7,"NeowsBlessing":0,"Astrolabe":17,"Burning Blood":0,"White Beast Statue":14,"FossilizedHelix":20,"Paper Frog":3,"Old Coin":9,"WarpedTongs":12},{"Regal Pillow":6,"Calipers":5,"NeowsBlessing":0,"Astrolabe":8,"Burning Blood":0,"White Beast Statue":7,"FossilizedHelix":10,"Paper Frog":2,"Old Coin":5,"WarpedTongs":6},{"Regal Pillow":18,"Calipers":14,"NeowsBlessing":0,"Astrolabe":28,"Burning Blood":0,"White Beast Statue":22,"FossilizedHelix":40,"Paper Frog":2,"Old Coin":14,"WarpedTongs":18}],"Burning Blood":61,"WarpedTongs":[32]},"card_choices":[{"not_picked":["Clash","Heavy Blade"],"picked":"Carnage","floor":1},{"not_picked":["Cleave","Clash"],"picked":"Fire Breathing","floor":2},{"not_picked":["Body Slam","Sentinel"],"picked":"Wild Strike","floor":4},{"not_picked":["Havoc","Combust"],"picked":"Evolve","floor":5},{"not_picked":["Body Slam","Searing Blow"],"picked":"Cleave","floor":7},{"not_picked":["Sword Boomerang","Dark Embrace"],"picked":"Power Through","floor":10},{"not_picked":["Heavy Blade","Clothesline"],"picked":"Body Slam","floor":13},{"not_picked":["Brutality","Bludgeon"],"picked":"Exhume","floor":16},{"not_picked":["Body Slam","Sword Boomerang"],"picked":"Feel No Pain","floor":18},{"not_picked":["Anger","Warcry"],"picked":"Seeing Red","floor":19},{"not_picked":["Wild Strike","Clash"],"picked":"Shockwave","floor":21}],"player_experience":3308303,"relics_obtained":[{"floor":7,"key":"Calipers"},{"floor":9,"key":"Old Coin"},{"floor":10,"key":"Regal Pillow"},{"floor":14,"key":"White Beast Statue"}],"event_choices":[{"damage_healed":0,"gold_gain":0,"player_choice":"Success","damage_taken":11,"relics_obtained":["Paper Frog"],"max_hp_gain":0,"max_hp_loss":0,"event_name":"Scrap Ooze","floor":3,"gold_loss":0},{"damage_healed":0,"gold_gain":0,"player_choice":"Rummage","damage_taken":0,"relics_obtained":["WarpedTongs"],"max_hp_gain":0,"max_hp_loss":0,"event_name":"Accursed Blacksmith","floor":12,"gold_loss":0,"cards_obtained":["Pain"]},{"damage_healed":0,"gold_gain":0,"player_choice":"Relic","damage_taken":0,"max_hp_gain":0,"max_hp_loss":0,"event_name":"Wheel of Change","floor":14,"gold_loss":0},{"damage_healed":0,"gold_gain":0,"cards_transformed":["Strike_R"],"player_choice":"Transformed","damage_taken":0,"max_hp_gain":0,"max_hp_loss":0,"event_name":"Transmorgrifier","floor":22,"gold_loss":0,"cards_obtained":["Armaments"]}],"is_beta":false,"boss_relics":[{"not_picked":["Empty Cage","Ectoplasm"],"picked":"Astrolabe"}],"items_purged_floors":[20],"is_endless":false,"potions_floor_spawned":[4,5,10,13,16,18,19,21],"killed_by":"Slavers","ascension_level":15}}