{"host":"c97twqu0op5dg8i4","time":1611280608,"event":{"mods":["AchievementEnabler","BaseMod","Colored Map","Minty Spire (QoL Compilation)","Permanent Neow"],"gold_per_floor":[110,35,35,48,48,48,88,107,156,114,46,46,46,61,61,180,180,173,173,20,39,39,39,39],"floor_reached":23,"language":"ENG","playtime":582,"items_purged":["Doubt"],"score":243,"play_id":"ad211153-0a4f-4a51-b1c5-10cadd9fb8fe","local_time":"20210121205648","is_ascension_mode":true,"campfire_choices":[{"data":"Uppercut","floor":6,"key":"SMITH"},{"floor":13,"key":"REST"},{"data":"Limit Break","floor":15,"key":"SMITH"}],"circlet_count":0,"master_deck":["Strike_R","Strike_R","Strike_R","Strike_R","Strike_R","Defend_R","Defend_R","Defend_R","Defend_R","Bash","Limit Break+1","True Grit","Uppercut+1","Flex","Heavy Blade","Spot Weakness","Twin Strike","Inflame","Thunderclap"],"relics":["Burning Blood","StrikeDummy","Golden Idol","Blood Vial","Pen Nib","Philosopher\u0027s Stone","HornCleat","Membership Card"],"acts_visited":["Exordium","TheCity"],"potions_floor_usage":[7,21],"damage_taken":[{"damage":11,"enemies":"Cultist","floor":1,"turns":4},{"damage":15,"enemies":"Small Slimes","floor":4,"turns":3},{"damage":53,"enemies":"3 Sentries","floor":7,"turns":9},{"damage":0,"enemies":"2 Louse","floor":8,"turns":2},{"damage":12,"enemies":"Blue Slaver","floor":14,"turns":3},{"damage":22,"enemies":"Hexaghost","floor":16,"turns":8},{"damage":21,"enemies":"2 Thieves","floor":18,"turns":4},{"damage":35,"enemies":"3 Byrds","floor":21,"turns":4},{"damage":24,"enemies":"Book of Stabbing","floor":23,"turns":3}],"seed_played":"-984892352889283512","potions_obtained":[{"floor":1,"key":"SneckoOil"},{"floor":14,"key":"SkillPotion"}],"is_trial":false,"path_per_floor":["M","$","T","M","?","R","E","M","T","?","$","?","R","M","R","B",null,"M","T","$","M","?","E"],"character_chosen":"IRONCLAD","items_purchased":["Spot Weakness","Membership Card"],"campfire_rested":1,"item_purchase_floors":[11,20],"current_hp_per_floor":[67,67,67,58,58,58,11,19,19,19,19,19,41,37,37,23,61,48,48,48,21,21,0,0],"gold":39,"neow_bonus":"THREE_RARE_CARDS","is_daily":false,"chose_seed":false,"campfire_upgraded":2,"win_rate":0.0,"timestamp":1611280608,"path_taken":["M","$","?","?","?","R","E","M","T","?","$","?","R","?","R","BOSS","M","?","$","M","?","E"],"items_purchased_type":["Card","Relic"],"build_version":"2020-12-22","purchased_purges":1,"victory":false,"max_hp_per_floor":[80,80,80,80,74,74,74,74,74,74,74,74,74,74,74,74,74,74,74,74,74,74,74,74],"card_choices":[{"not_picked":["Fiend Fire","Berserk"],"picked":"Limit Break","floor":0},{"not_picked":["Power Through","Headbutt"],"picked":"True Grit","floor":1},{"not_picked":["Ghostly Armor","Shrug It Off"],"picked":"Uppercut","floor":4},{"not_picked":["Feel No Pain","Pommel Strike"],"picked":"Flex","floor":7},{"not_picked":["Dropkick","Bludgeon"],"picked":"Heavy Blade","floor":8},{"not_picked":["Armaments","Headbutt"],"picked":"Twin Strike","floor":14},{"not_picked":["Cleave+1","Shrug It Off"],"picked":"Inflame","floor":18},{"not_picked":["Intimidate","Infernal Blade"],"picked":"Thunderclap","floor":21}],"player_experience":284972,"relics_obtained":[{"floor":3,"key":"StrikeDummy"},{"floor":7,"key":"Blood Vial"},{"floor":9,"key":"Pen Nib"},{"floor":19,"key":"HornCleat"}],"event_choices":[{"damage_healed":0,"gold_gain":0,"player_choice":"Lose Max HP","damage_taken":0,"relics_obtained":["Golden Idol"],"max_hp_gain":0,"max_hp_loss":6,"event_name":"Golden Idol","floor":5,"gold_loss":0},{"damage_healed":0,"gold_gain":0,"player_choice":"Left Gold","damage_taken":0,"max_hp_gain":0,"max_hp_loss":0,"event_name":"World of Goop","floor":10,"gold_loss":42},{"damage_healed":0,"gold_gain":0,"player_choice":"Ignored","damage_taken":0,"max_hp_gain":0,"max_hp_loss":0,"event_name":"Shining Light","floor":12,"gold_loss":0},{"damage_healed":0,"gold_gain":0,"player_choice":"Ignored","damage_taken":0,"max_hp_gain":0,"max_hp_loss":0,"event_name":"Cursed Tome","floor":22,"gold_loss":0}],"is_beta":false,"boss_relics":[{"not_picked":["Runic Cube","Pandora\u0027s Box"],"picked":"Philosopher\u0027s Stone"}],"items_purged_floors":[2],"is_endless":false,"potions_floor_spawned":[1,14],"killed_by":"Book of Stabbing","ascension_level":6}}