{"host":"og6lam4kt3nibbw0","time":1611338827,"event":{"mods":["AchievementEnabler","BaseMod","Colored Map","DeckTracker","Highlight Path","Keyboard Shortcuts","Minty Spire (QoL Compilation)","Permanent Neow","Quick Restart","StSLib","SuperFastMode"],"gold_per_floor":[119,138,138,155,155,155,189,189,189,189,189,207,207,132,132,228,228,251,274,274,274],"floor_reached":20,"language":"KOR","playtime":566,"items_purged":["Strike_B"],"score":344,"play_id":"9b91e081-d78f-4171-9d30-3773be5c744c","local_time":"20210123030707","is_ascension_mode":true,"campfire_choices":[{"data":"Doom and Gloom","floor":6.0,"key":"SMITH"},{"data":"Sunder","floor":8.0,"key":"SMITH"},{"data":"Self Repair","floor":11.0,"key":"SMITH"},{"floor":15.0,"key":"REST"}],"circlet_count":0,"master_deck":["AscendersBane","Strike_B","Defend_B","Defend_B","Zap","Dualcast","Thunder Strike","Doom and Gloom+1","Self Repair+1","Conserve Battery","FTL","Sunder+1","Tempest","Biased Cognition","Chaos","Ball Lightning"],"relics":["Cracked Core","Golden Idol","Ornamental Fan","Bottled Lightning","Bottled Tornado","Inserter"],"acts_visited":["Exordium","TheCity"],"potions_floor_usage":[18],"damage_taken":[{"damage":7.0,"enemies":"Jaw Worm","floor":1.0,"turns":4.0},{"damage":2.0,"enemies":"2 Louse","floor":2.0,"turns":3.0},{"damage":0.0,"enemies":"Cultist","floor":4.0,"turns":4.0},{"damage":28.0,"enemies":"3 Sentries","floor":7.0,"turns":6.0},{"damage":5.0,"enemies":"Gremlin Gang","floor":12.0,"turns":3.0},{"damage":37.0,"enemies":"The Guardian","floor":16.0,"turns":9.0},{"damage":42,"enemies":"Shell Parasite","floor":18,"turns":5},{"damage":39,"enemies":"3 Byrds","floor":19,"turns":5},{"damage":19,"enemies":"Shelled Parasite and Fungi","floor":20,"turns":1}],"seed_played":"4813303485734775247","potions_obtained":[{"floor":2.0,"key":"Block Potion"},{"floor":7.0,"key":"FairyPotion"},{"floor":18,"key":"Explosive Potion"}],"is_trial":false,"path_per_floor":["M","M","?","M","?","R","E","R","T","?","R","M","T","$","R","B",null,"M","M","M"],"character_chosen":"DEFECT","items_purchased":[],"campfire_rested":1,"item_purchase_floors":[],"current_hp_per_floor":[39,44,37,44,44,44,23,23,23,23,23,28,28,28,47,10,51,9,11,0,0],"gold":274,"neow_bonus":"TRANSFORM_TWO_CARDS","is_daily":false,"chose_seed":false,"campfire_upgraded":3,"win_rate":0.0,"timestamp":1611338827,"path_taken":["M","M","?","M","?","R","E","R","T","?","R","M","?","$","R","BOSS","M","M","?"],"items_purchased_type":[],"build_version":"2020-12-22","purchased_purges":1,"victory":false,"max_hp_per_floor":[71,71,71,71,64,64,64,64,64,64,64,64,64,64,64,64,64,64,64,64,64],"card_choices":[{"not_picked":["Cold Snap","Chill"],"picked":"Self Repair","floor":1.0},{"not_picked":["Redo","Go for the Eyes"],"picked":"Conserve Battery","floor":2.0},{"not_picked":["Streamline","Rainbow"],"picked":"FTL","floor":4.0},{"not_picked":["Barrage","Go for the Eyes"],"picked":"Sunder","floor":7.0},{"not_picked":["Melter","Sweeping Beam"],"picked":"Tempest","floor":12.0},{"not_picked":["Amplify","Hyperbeam"],"picked":"Biased Cognition","floor":16.0},{"not_picked":["Barrage","Capacitor"],"picked":"Chaos","floor":18},{"not_picked":["Compile Driver","Sweeping Beam"],"picked":"Ball Lightning","floor":19}],"player_experience":947549,"relics_obtained":[{"floor":7.0,"key":"Ornamental Fan"},{"floor":9.0,"key":"Bottled Lightning"},{"floor":13.0,"key":"Bottled Tornado"}],"event_choices":[{"cards_removed":["Defend_B"],"damage_healed":0.0,"max_hp_gain":0.0,"max_hp_loss":0.0,"gold_gain":0.0,"event_name":"Golden Wing","player_choice":"Card Removal","floor":3.0,"gold_loss":0.0,"damage_taken":7.0},{"damage_healed":0.0,"max_hp_gain":0.0,"max_hp_loss":7.0,"gold_gain":0.0,"event_name":"Golden Idol","player_choice":"Lose Max HP","floor":5.0,"gold_loss":0.0,"damage_taken":0.0,"relics_obtained":["Golden Idol"]},{"cards_removed":["Strike_B"],"damage_healed":0.0,"max_hp_gain":0.0,"max_hp_loss":0.0,"gold_gain":0.0,"event_name":"Living Wall","player_choice":"Forget","floor":10.0,"gold_loss":0.0,"damage_taken":0.0}],"is_beta":false,"boss_relics":[{"not_picked":["Busted Crown","Fusion Hammer"],"picked":"Inserter"}],"items_purged_floors":[14],"is_endless":false,"potions_floor_spawned":[2,7,18],"killed_by":"Shelled Parasite and Fungi","ascension_level":20}}