{"host":"3jjxuhjpio8e4zkv","time":1611352151,"event":{"mods":["BaseMod","Colored Map","Highlight Path","Minty Spire (QoL Compilation)","Permanent Neow","Relic Stats","StSLib"],"gold_per_floor":[18,32,52,65,65,65,84,9,26,85,85,103,133,133,149,175,190,190,264,264,279,295,136,149,149,199,230,230,230],"floor_reached":28,"language":"ENG","playtime":1165,"items_purged":["Strike_R"],"score":558,"play_id":"b582278b-44a2-4039-951e-0b8c8e3c58fa","local_time":"20210122164911","is_ascension_mode":true,"campfire_choices":[{"data":"Combust","floor":6,"key":"SMITH"},{"data":"Berserk","floor":14,"key":"SMITH"},{"data":"Rupture","floor":18,"key":"SMITH"}],"circlet_count":0,"master_deck":["AscendersBane","Strike_R","Strike_R","Strike_R","Defend_R","Defend_R","Defend_R","Defend_R","Bash","Feed+1","Flame Barrier","Headbutt","Combust+1","Thunderclap","Berserk+1","Twin Strike","Cleave","Rupture+1","Rupture","Metallicize","Dual Wield","Impervious","Battle Trance","Feel No Pain","Heavy Blade+1","Sever Soul+1"],"relics":["Burning Blood","Potion Belt","Thread and Needle","Du-Vu Doll","Torii","Calling Bell","Red Skull","Sundial","Turnip","MutagenicStrength","Paper Frog"],"acts_visited":["Exordium","TheCity"],"potions_floor_usage":[10,13,16,19,24,27,27,27],"damage_taken":[{"damage":7,"enemies":"Small Slimes","floor":1,"turns":3},{"damage":3,"enemies":"2 Louse","floor":2,"turns":3},{"damage":12,"enemies":"Jaw Worm","floor":3,"turns":2},{"damage":9,"enemies":"Looter","floor":4,"turns":4},{"damage":9,"enemies":"2 Fungi Beasts","floor":7,"turns":3},{"damage":15,"enemies":"Exordium Thugs","floor":9,"turns":4},{"damage":24,"enemies":"Gremlin Nob","floor":10,"turns":4},{"damage":5,"enemies":"Exordium Wildlife","floor":12,"turns":2},{"damage":18,"enemies":"3 Sentries","floor":13,"turns":6},{"damage":10,"enemies":"3 Louse","floor":15,"turns":2},{"damage":27,"enemies":"Gremlin Nob","floor":16,"turns":4},{"damage":2,"enemies":"Large Slime","floor":17,"turns":5},{"damage":15,"enemies":"Hexaghost","floor":19,"turns":8},{"damage":33,"enemies":"Chosen","floor":21,"turns":7},{"damage":8,"enemies":"3 Byrds","floor":22,"turns":4},{"damage":3,"enemies":"3 Cultists","floor":24,"turns":4},{"damage":56,"enemies":"Gremlin Leader","floor":27,"turns":8},{"damage":23,"enemies":"Snake Plant","floor":28,"turns":2}],"seed_played":"8146138939190552089","potions_obtained":[{"floor":1,"key":"Block Potion"},{"floor":3,"key":"EssenceOfSteel"},{"floor":10,"key":"Weak Potion"},{"floor":13,"key":"SpeedPotion"},{"floor":15,"key":"DistilledChaos"},{"floor":17,"key":"DuplicationPotion"},{"floor":19,"key":"PowerPotion"},{"floor":22,"key":"Block Potion"}],"is_trial":false,"path_per_floor":["M","M","M","M","?","R","M","?","M","?","T","M","E","R","M","E","M","R","B",null,"M","M","$","M","?","?","E","M"],"character_chosen":"IRONCLAD","items_purchased":["Feel No Pain"],"campfire_rested":0,"item_purchase_floors":[23],"current_hp_per_floor":[70,76,73,70,70,70,71,71,66,52,52,53,41,41,41,20,28,28,23,87,64,66,66,73,73,73,23,0,0],"gold":230,"neow_bonus":"THREE_RARE_CARDS","is_daily":false,"chose_seed":false,"campfire_upgraded":3,"win_rate":0.0,"timestamp":1611352151,"path_taken":["M","M","M","M","?","R","M","?","M","?","T","M","E","R","M","E","M","R","BOSS","M","M","$","M","?","?","E","M"],"items_purchased_type":["Card"],"build_version":"2020-12-22","purchased_purges":1,"victory":false,"max_hp_per_floor":[78,81,84,84,84,84,88,88,92,96,96,96,96,96,100,100,104,104,108,108,112,116,116,120,120,120,120,120,120],"relic_stats":{"Torii":8,"counters":[18,75],"Sundial":[2],"Turnip":[0],"obtain_stats":[{"Potion Belt":10,"Du-Vu Doll":13,"Calling Bell":20,"Torii":16,"Sundial":20,"MutagenicStrength":25,"Thread and Needle":11,"Turnip":20,"Burning Blood":0,"Red Skull":20,"Paper Frog":27},{"Potion Belt":7,"Du-Vu Doll":9,"Calling Bell":13,"Torii":11,"Sundial":13,"MutagenicStrength":16,"Thread and Needle":7,"Turnip":13,"Burning Blood":0,"Red Skull":13,"Paper Frog":17},{"Potion Belt":23,"Du-Vu Doll":31,"Calling Bell":50,"Torii":37,"Sundial":50,"MutagenicStrength":65,"Thread and Needle":23,"Turnip":50,"Burning Blood":0,"Red Skull":50,"Paper Frog":73}],"Burning Blood":102},"card_choices":[{"not_picked":["Berserk","Demon Form"],"picked":"Feed","floor":0},{"not_picked":["Flex","Clothesline"],"picked":"Flame Barrier","floor":1},{"not_picked":["Clash","Fire Breathing"],"picked":"Headbutt","floor":2},{"not_picked":["Rupture","Dark Embrace"],"picked":"Combust","floor":3},{"not_picked":["Warcry","Uppercut"],"picked":"Thunderclap","floor":4},{"not_picked":["Ghostly Armor","Reckless Charge"],"picked":"Berserk","floor":7},{"not_picked":["Rage","Blood for Blood"],"picked":"Twin Strike","floor":9},{"not_picked":["Clash","Sword Boomerang"],"picked":"Cleave","floor":10},{"not_picked":["Infernal Blade","Armaments"],"picked":"Rupture","floor":12},{"not_picked":["Twin Strike","Second Wind","Warcry"],"picked":"SKIP","floor":13},{"not_picked":["Rage","Metallicize"],"picked":"Rupture","floor":15},{"not_picked":["Dual Wield","Fiend Fire"],"picked":"Metallicize","floor":16},{"not_picked":["Iron Wave","Flex"],"picked":"Dual Wield","floor":17},{"not_picked":["Barricade","Demon Form"],"picked":"Impervious","floor":19},{"not_picked":["Flame Barrier","Clash","Burning Pact"],"picked":"SKIP","floor":21},{"not_picked":["Fire Breathing","Rupture"],"picked":"Battle Trance","floor":22},{"not_picked":["Iron Wave","Reckless Charge"],"picked":"Heavy Blade+1","floor":24},{"not_picked":["Power Through","Rupture"],"picked":"Sever Soul+1","floor":27}],"player_experience":1224227,"relics_obtained":[{"floor":10,"key":"Potion Belt"},{"floor":11,"key":"Thread and Needle"},{"floor":13,"key":"Du-Vu Doll"},{"floor":16,"key":"Torii"},{"floor":20,"key":"Red Skull"},{"floor":20,"key":"Sundial"},{"floor":20,"key":"Turnip"},{"floor":27,"key":"Paper Frog"}],"event_choices":[{"damage_healed":0,"gold_gain":0,"player_choice":"Grow","damage_taken":0,"max_hp_gain":0,"max_hp_loss":0,"event_name":"Living Wall","floor":5,"gold_loss":0,"cards_upgraded":["Feed"]},{"cards_removed":["Strike_R"],"damage_healed":0,"gold_gain":0,"player_choice":"Card Removal","damage_taken":0,"max_hp_gain":0,"max_hp_loss":0,"event_name":"The Cleric","floor":8,"gold_loss":75},{"damage_healed":0,"gold_gain":0,"player_choice":"Searched \u00271\u0027 times","damage_taken":0,"max_hp_gain":0,"max_hp_loss":0,"event_name":"Dead Adventurer","floor":10,"gold_loss":0},{"damage_healed":0,"gold_gain":0,"player_choice":"Inject Mutagens","damage_taken":0,"relics_obtained":["MutagenicStrength"],"max_hp_gain":0,"max_hp_loss":0,"event_name":"Drug Dealer","floor":25,"gold_loss":0},{"damage_healed":0,"gold_gain":50,"player_choice":"Stole From Cult","damage_taken":0,"max_hp_gain":0,"max_hp_loss":0,"event_name":"Nest","floor":26,"gold_loss":0}],"is_beta":false,"boss_relics":[{"not_picked":["Velvet Choker","Mark of Pain"],"picked":"Calling Bell"}],"items_purged_floors":[23],"is_endless":false,"potions_floor_spawned":[1,3,10,13,15,17,19,22],"killed_by":"Snake Plant","ascension_level":20}}