{"host":"0fm1w3v00gid44jl","time":1611296677,"event":{"mods":["AchievementEnabler","BaseMod","Colored Map","Colored Powertips","Displayed Cursed Tome","Downfall","Googly Eyes","Highlight Path","Minty Spire (QoL Compilation)","Permanent Neow","Relic Stats","StSLib","SuperFastMode","slay the spire mod where everything is the same but ironclad has a cowboy hat"],"gold_per_floor":[99,99,99,110,120,120,146,146,163,188,205,205,220,43,60,156,156,156,156,156],"floor_reached":18,"language":"ENG","playtime":574,"items_purged":[],"score":187,"play_id":"9abeb5fb-71e8-482f-9037-52530a34f041","local_time":"20210122002437","is_ascension_mode":false,"campfire_choices":[{"data":"bronze:Replicate","floor":1,"key":"SMITH"},{"data":"bronze:Overheat","floor":12,"key":"SMITH"}],"circlet_count":0,"master_deck":["bronze:Strike","bronze:Strike","bronze:Strike","bronze:Defend","bronze:Defend+1","bronze:Defend","bronze:Defend+1","bronze:Replicate+1","bronze:Goto","bronze:Overheat+1","bronze:Optimize","bronze:DazingPulse","bronze:Deprecate","bronze:ClassDefault","bronze:Backtrace","bronze:Backtrace","bronze:Boost","bronze:WhirlingStrike","bronze:Terminator","bronze:CloningBeam","bronze:SpaghettiCode"],"relics":["Velvet Choker","bronze:BottledCode","War Paint","Nunchaku","Cursed Key"],"acts_visited":["Exordium","TheCity"],"potions_floor_usage":[],"damage_taken":[{"damage":4,"enemies":"2 Louse","floor":4,"turns":3},{"damage":1,"enemies":"Jaw Worm","floor":5,"turns":3},{"damage":0,"enemies":"Jaw Worm","floor":6,"turns":2},{"damage":0,"enemies":"Cultist","floor":9,"turns":3},{"damage":0,"enemies":"Lagavulin","floor":10,"turns":5},{"damage":0,"enemies":"Large Slime","floor":11,"turns":4},{"damage":6,"enemies":"Exordium Wildlife","floor":13,"turns":3},{"damage":0,"enemies":"downfall:FleeingMerchant","floor":14,"turns":4},{"damage":0,"enemies":"2 Fungi Beasts","floor":15,"turns":1},{"damage":49,"enemies":"IC_STATUS_ARCHETYPE","floor":16,"turns":11}],"seed_played":"-8664081387574114602","potions_obtained":[{"floor":6,"key":"Strength Potion"},{"floor":9,"key":"Energy Potion"},{"floor":10,"key":"Strength Potion"}],"is_trial":false,"path_per_floor":["R","?","?","M","M","?","T","?","M","E","M","R","M","$","M","B",null,"R"],"character_chosen":"THE_AUTOMATON","items_purchased":["bronze:Boost","bronze:WhirlingStrike","bronze:Terminator"],"campfire_rested":0,"item_purchase_floors":[14,14,14],"current_hp_per_floor":[70,60,60,56,55,55,55,60,60,60,60,60,54,54,54,5,65,65,65,65],"gold":156,"neow_bonus":"BOSS_RELIC","is_daily":false,"chose_seed":false,"campfire_upgraded":2,"win_rate":0.0,"timestamp":1611296677,"path_taken":["R","?","?","M","?","?","T","?","M","E","M","R","M","?","M","BOSS","R"],"items_purchased_type":["Card","Card","Card"],"build_version":"2020-12-22","purchased_purges":0,"victory":false,"max_hp_per_floor":[70,60,60,60,60,60,60,65,65,65,65,65,65,65,65,65,65,65,65,65],"relic_stats":{"Nunchaku":[5],"counters":[10,39],"War Paint":["bronze:Defend","bronze:Defend"],"Cursed Key":0,"obtain_stats":[{"bronze:BottledCode":2,"Nunchaku":10,"bronze:BronzeCore":0,"Velvet Choker":0,"War Paint":7,"Cursed Key":17},{"bronze:BottledCode":0,"Nunchaku":5,"bronze:BronzeCore":0,"Velvet Choker":0,"War Paint":3,"Cursed Key":10},{"bronze:BottledCode":0,"Nunchaku":16,"bronze:BronzeCore":0,"Velvet Choker":0,"War Paint":8,"Cursed Key":39}]},"card_choices":[{"not_picked":["bronze:Invalidate","bronze:Separator"],"picked":"bronze:Overheat","floor":4},{"not_picked":["bronze:Refactor","bronze:Branch"],"picked":"bronze:Optimize","floor":5},{"not_picked":[],"picked":"bronze:DazingPulse","floor":6},{"not_picked":["bronze:DigitalCarnage","bronze:MaxOutput"],"picked":"bronze:Deprecate","floor":9},{"not_picked":["bronze:Deprecate","bronze:InfiniteBeams"],"picked":"bronze:ClassDefault","floor":10},{"not_picked":["bronze:WhirlingStrike","bronze:Iterate"],"picked":"bronze:Backtrace","floor":11},{"not_picked":["bronze:Virus","bronze:Branch","bronze:BugBarrage"],"picked":"SKIP","floor":13},{"not_picked":["bronze:DelayedSlice","bronze:Constructor"],"picked":"bronze:Backtrace","floor":14},{"not_picked":["bronze:InfiniteBeams","bronze:Frontload"],"picked":"bronze:CloningBeam","floor":15},{"not_picked":["bronze:AlphaBuild","bronze:BurnOut"],"picked":"bronze:SpaghettiCode","floor":16}],"player_experience":1487997,"relics_obtained":[{"floor":7,"key":"War Paint"},{"floor":10,"key":"Nunchaku"}],"event_choices":[{"damage_healed":0,"gold_gain":0,"player_choice":"Donut","damage_taken":0,"max_hp_gain":5,"max_hp_loss":0,"event_name":"Big Fish","floor":8,"gold_loss":0}],"is_beta":false,"boss_relics":[{"not_picked":["Runic Dome","Sozu"],"picked":"Cursed Key"}],"items_purged_floors":[],"is_endless":false,"potions_floor_spawned":[6,9,10,13,15],"ascension_level":0}}