{"host":"yfdtuf6ojcxn06xg","time":1611294918,"event":{"mods":["2.2 Compatiblity","AchievementEnabler","BaseMod","Colored Map","Colored Powertips","Curses Come First","Hermit","JesterMod","Jorbs\u0027s Wanderer Trilogy","Minty Spire (QoL Compilation)","Quick Restart","Rare Cards Sparkle","Relic Stats","Replay The Spire","StSLib","The Cursed","The Disciple","The Hierophant","The Jungle","The Marked","The Necromancer","The Servant 0.9.4"],"gold_per_floor":[216,229,229,304,6,34,34,67,92,92,110,125,148,202,202,307,307,321,353,13,26,26,26,58,70,70,70,70,102,102,115,115,217,217,233,233,24,34,34,68,123,123,123],"floor_reached":42,"language":"ENG","playtime":2138,"items_purged":["Strike_G","Strike_G","Defend_G"],"score":594,"play_id":"6feea41f-0526-44df-a410-a7cb10463345","local_time":"20210122005518","is_ascension_mode":true,"campfire_choices":[{"floor":7,"key":"REST"},{"floor":15,"key":"REST"},{"data":"A Thousand Cuts","floor":23,"key":"SMITH"},{"data":"Infinite Blades","floor":27,"key":"SMITH"},{"floor":32,"key":"REST"}],"circlet_count":0,"master_deck":["Strike_G+2","Strike_G","Strike_G","Defend_G","Defend_G+1","Defend_G","Defend_G","Neutralize","Backstab","Finisher","m_Survivalism","Master of Strategy","Prepared+1","ReplayTheSpireMod:Shiv Toss","Swift Strike","Unload+1","Slice","Infinite Blades+1","A Thousand Cuts+1","Blade Dance","Caltrops+1","Backstab","Panache","Swift Strike","ReplayTheSpireMod:Shiv Toss","Hidden Blade","Cloak And Dagger","Infinite Blades","Tools of the Trade","Dramatic Entrance","Neutralize","Blade Dance+1"],"relics":["Ring of the Snake","Juzu Bracelet","ReplayTheSpireMod:Shallot","Oddly Smooth Stone","Odd Mushroom","ChewingGum","Red Mask","ReplayTheSpireMod:ShopPack","Simple Rune","Dream Catcher","Letter Opener","Ginger","Replay:Bronze Core","Ring of Fury","Whetstone","Pondfish Scales"],"acts_visited":["Exordium","TheCity","TheBeyond"],"potions_floor_usage":[6,16,16,24,29,31,40],"damage_taken":[{"damage":2,"enemies":"Jaw Worm","floor":1,"turns":5},{"damage":0,"enemies":"Small Slimes","floor":2,"turns":3},{"damage":22,"enemies":"Gremlin Nob","floor":6,"turns":5},{"damage":19,"enemies":"3 Sentries","floor":8,"turns":11},{"damage":0,"enemies":"Cultist","floor":11,"turns":2},{"damage":0,"enemies":"Large Slime","floor":12,"turns":4},{"damage":3,"enemies":"The Mushroom Lair","floor":13,"turns":4},{"damage":23,"enemies":"Fading Forest","floor":16,"turns":11},{"damage":2,"enemies":"3 Byrds","floor":18,"turns":4},{"damage":19,"enemies":"Masked Bandits","floor":19,"turns":3},{"damage":0,"enemies":"Chosen","floor":21,"turns":2},{"damage":0,"enemies":"Book of Stabbing","floor":24,"turns":4},{"damage":0,"enemies":"3 Cultists","floor":25,"turns":3},{"damage":9,"enemies":"Gremlin Leader","floor":29,"turns":5},{"damage":29,"enemies":"Snecko","floor":31,"turns":5},{"damage":26,"enemies":"Pondfish","floor":33,"turns":6},{"damage":4,"enemies":"Orb Walker","floor":35,"turns":4},{"damage":9,"enemies":"3 Shapes","floor":38,"turns":3},{"damage":25,"enemies":"Giant Head","floor":40,"turns":6},{"damage":26,"enemies":"2 Orb Walkers","floor":41,"turns":4},{"damage":37,"enemies":"Nemesis","floor":42,"turns":3}],"seed_played":"-3769366479038905102","potions_obtained":[{"floor":2,"key":"SkillPotion"},{"floor":8,"key":"Swift Potion"},{"floor":12,"key":"Energy Potion"},{"floor":19,"key":"ColorlessPotion"},{"floor":25,"key":"Reflective Coating"},{"floor":29,"key":"Dexterity Potion"},{"floor":38,"key":"BlessingOfTheForge"},{"floor":41,"key":"GamblersBrew"}],"is_trial":false,"path_per_floor":["M","M","?","?","$","E","R","E","T","?","M","M","?","?","R","B",null,"M","?","$","M","$","R","E","M","T","R","?","E","T","M","R","B",null,"M","?","$","M","?","E","?","E"],"character_chosen":"THE_SILENT","items_purchased":["Master of Strategy","Prepared+1","Caltrops+1","ReplayTheSpireMod:ShopPack","Backstab","Dramatic Entrance"],"campfire_rested":3,"item_purchase_floors":[5,5,20,20,20,37],"current_hp_per_floor":[68,68,68,57,57,35,56,37,37,37,37,37,34,34,55,40,70,68,49,49,49,49,49,49,49,49,49,49,40,40,11,32,6,70,66,66,66,57,57,32,6,0,0],"gold":123,"neow_bonus":"HUNDRED_GOLD","is_daily":false,"chose_seed":false,"campfire_upgraded":2,"win_rate":0.0,"timestamp":1611294918,"path_taken":["M","M","?","?","$","E","R","E","T","?","M","M","?","?","R","BOSS","M","?","$","M","$","R","E","M","T","R","?","E","?","M","R","BOSS","M","?","$","M","?","E","?","E"],"items_purchased_type":["Card","Card","Card","Relic","Card","Card"],"build_version":"2020-12-22","purchased_purges":3,"victory":false,"max_hp_per_floor":[70,70,70,70,70,70,70,70,70,70,70,70,70,70,70,70,70,70,70,70,70,70,70,70,70,70,70,70,70,70,70,70,70,70,70,70,70,70,70,70,70,70,70],"relic_stats":{"Dream Catcher":1,"counters":[21,97],"Juzu Bracelet":2,"Letter Opener":[65],"Ginger":[3],"Whetstone":["Unload","Strike_G"],"obtain_stats":[{"Oddly Smooth Stone":9,"Juzu Bracelet":6,"Letter Opener":29,"Ginger":30,"Whetstone":40,"Odd Mushroom":13,"Dream Catcher":26,"Pondfish Scales":41,"ReplayTheSpireMod:Shallot":8,"Replay:Bronze Core":34,"ChewingGum":17,"Simple Rune":24,"Ring of Fury":36,"Red Mask":19,"Ring of the Snake":0,"ReplayTheSpireMod:ShopPack":20},{"Oddly Smooth Stone":4,"Juzu Bracelet":3,"Letter Opener":14,"Ginger":14,"Whetstone":19,"Odd Mushroom":7,"Dream Catcher":13,"Pondfish Scales":20,"ReplayTheSpireMod:Shallot":4,"Replay:Bronze Core":16,"ChewingGum":8,"Simple Rune":12,"Ring of Fury":17,"Red Mask":10,"Ring of the Snake":0,"ReplayTheSpireMod:ShopPack":10},{"Oddly Smooth Stone":24,"Juzu Bracelet":13,"Letter Opener":66,"Ginger":66,"Whetstone":90,"Odd Mushroom":34,"Dream Catcher":61,"Pondfish Scales":94,"ReplayTheSpireMod:Shallot":24,"Replay:Bronze Core":77,"ChewingGum":45,"Simple Rune":58,"Ring of Fury":81,"Red Mask":52,"Ring of the Snake":0,"ReplayTheSpireMod:ShopPack":52}],"Ring of the Snake":[42]},"card_choices":[{"not_picked":["Deadly Poison","Slice"],"picked":"Backstab","floor":1},{"not_picked":["Dagger Throw","Caltrops"],"picked":"Finisher","floor":2},{"not_picked":["Deadly Poison","Backflip","Quick Slash"],"picked":"SKIP","floor":6},{"not_picked":["Bane","Dagger Spray"],"picked":"ReplayTheSpireMod:Shiv Toss","floor":8},{"not_picked":["Distraction","Quick Slash","Doppelganger"],"picked":"SKIP","floor":11},{"not_picked":["Bane","Flechettes"],"picked":"Slice","floor":12},{"not_picked":["Acrobatics","Slice"],"picked":"Infinite Blades","floor":13},{"not_picked":["Corpse Explosion","Phantasmal Killer"],"picked":"A Thousand Cuts","floor":16},{"not_picked":["Dodge and Roll","ReplayTheSpireMod:The Works","Underhanded Strike"],"picked":"SKIP","floor":18},{"not_picked":["Flying Knee+1","Escape Plan"],"picked":"Blade Dance","floor":19},{"not_picked":["Metamorphosis","HandOfGreed"],"picked":"Panache","floor":20},{"not_picked":["Trip","Blind"],"picked":"Swift Strike","floor":20},{"not_picked":["Dagger Throw","Sucker Punch","Dodge and Roll"],"picked":"SKIP","floor":21},{"not_picked":["Deadly Poison+1","Sucker Punch+1","Acrobatics"],"picked":"SKIP","floor":24},{"not_picked":["Malaise","Fluid Movement+1"],"picked":"ReplayTheSpireMod:Shiv Toss","floor":25},{"not_picked":["Catalyst","Flechettes"],"picked":"Hidden Blade","floor":29},{"not_picked":["PiercingWail","Prepared"],"picked":"Cloak And Dagger","floor":31},{"not_picked":["Poisoned Stab+1","ReplayTheSpireMod:The Works"],"picked":"Infinite Blades","floor":32},{"not_picked":["Malaise","Atom Bomb"],"picked":"Tools of the Trade","floor":33},{"not_picked":["Underhanded Strike+1","Concentrate","Acrobatics"],"picked":"SKIP","floor":35},{"not_picked":["Sucker Punch+1","Predator","Poisoned Stab+1"],"picked":"SKIP","floor":38},{"not_picked":["Concentrate+1","Dagger Throw"],"picked":"Blade Dance+1","floor":40}],"player_experience":217235,"relics_obtained":[{"floor":6,"key":"Juzu Bracelet"},{"floor":8,"key":"ReplayTheSpireMod:Shallot"},{"floor":9,"key":"Oddly Smooth Stone"},{"floor":13,"key":"Odd Mushroom"},{"floor":19,"key":"Red Mask"},{"floor":24,"key":"Simple Rune"},{"floor":26,"key":"Dream Catcher"},{"floor":29,"key":"Letter Opener"},{"floor":30,"key":"Ginger"},{"floor":36,"key":"Ring of Fury"},{"floor":40,"key":"Whetstone"},{"floor":41,"key":"Pondfish Scales"}],"event_choices":[{"damage_healed":0,"gold_gain":75,"player_choice":"Gather Gold","damage_taken":11,"max_hp_gain":0,"max_hp_loss":0,"event_name":"World of Goop","floor":4,"gold_loss":0},{"damage_healed":0,"gold_gain":0,"player_choice":"2 cards matched","damage_taken":0,"max_hp_gain":0,"max_hp_loss":0,"event_name":"Match and Keep!","floor":10,"gold_loss":0,"cards_obtained":["Swift Strike","Unload"]},{"damage_healed":0,"gold_gain":0,"player_choice":"Fought Mushrooms","damage_taken":0,"max_hp_gain":0,"max_hp_loss":0,"event_name":"Mushrooms","floor":13,"gold_loss":0},{"damage_healed":0,"gold_gain":54,"player_choice":"Gained Gold","damage_taken":0,"max_hp_gain":0,"max_hp_loss":0,"event_name":"Golden Wing","floor":14,"gold_loss":0},{"damage_healed":0,"gold_gain":0,"player_choice":"Fought Bandits","damage_taken":0,"max_hp_gain":0,"max_hp_loss":0,"event_name":"Masked Bandits","floor":19,"gold_loss":0},{"damage_healed":0,"gold_gain":0,"player_choice":"Ignored","damage_taken":0,"max_hp_gain":0,"max_hp_loss":0,"event_name":"Cursed Tome","floor":28,"gold_loss":0},{"damage_healed":0,"gold_gain":0,"player_choice":"1 cards matched","damage_taken":0,"max_hp_gain":0,"max_hp_loss":0,"event_name":"Match and Keep!","floor":39,"gold_loss":0,"cards_obtained":["Neutralize"]},{"damage_healed":0,"gold_gain":0,"player_choice":"Fight","damage_taken":0,"max_hp_gain":0,"max_hp_loss":0,"event_name":"Mysterious Sphere","floor":41,"gold_loss":0}],"is_beta":false,"boss_relics":[{"not_picked":["Snecko Scales","Coffee Dripper"],"picked":"ChewingGum"},{"not_picked":["Busted Crown","Runic Dome"],"picked":"Replay:Bronze Core"}],"items_purged_floors":[5,20,37],"is_endless":false,"potions_floor_spawned":[2,8,12,19,25,29,38,41],"killed_by":"Nemesis","ascension_level":4}}