{"host":"nnxvcju6x1qybncj","time":1611334287,"event":{"mods":["BaseMod","Block Reminder","Curses Come First","Custom Start","Dark Map","Displayed Cursed Tome","Downfall","Evolution","Jorbs\u0027s Wanderer Trilogy","Minty Spire (QoL Compilation)","Quick Restart","Relic Stats","StSLib"],"gold_per_floor":[115,115,128,49,62,62,88,88,88,88,138,171,171,188,188,188,188],"floor_reached":16,"language":"ENG","playtime":470,"items_purged":[],"score":216,"play_id":"697dc3ce-0bfd-46cb-afae-82956ef3c70d","local_time":"20210122175127","is_ascension_mode":true,"campfire_choices":[{"data":"Hologram","floor":6,"key":"SMITH"},{"data":"Zap","floor":8,"key":"SMITH"},{"data":"Consume","floor":13,"key":"SMITH"},{"data":"Steam","floor":15,"key":"SMITH"}],"circlet_count":0,"master_deck":["AscendersBane","Strike_B","Strike_B","Strike_B","Defend_B","Defend_B","Defend_B","Defend_B","Zap+1","Dualcast","Ball Lightning","Consume+1","Coolheaded","Hologram+1","Gash","Cold Snap","Defragment+1","Steam+1"],"relics":["Cracked Core","EVO:Axolotl","Dead Branch","Frozen Egg 2","Mummified Hand","StrikeDummy"],"acts_visited":["Exordium"],"potions_floor_usage":[7,12],"damage_taken":[{"damage":2,"enemies":"Jaw Worm","floor":1,"turns":3},{"damage":6,"enemies":"Small Slimes","floor":3,"turns":3},{"damage":3,"enemies":"2 Louse","floor":5,"turns":2},{"damage":23,"enemies":"Gremlin Nob","floor":7,"turns":4},{"damage":6,"enemies":"3 Sentries","floor":12,"turns":5},{"damage":8,"enemies":"Lots of Slimes","floor":14,"turns":4},{"damage":35,"enemies":"Hexaghost","floor":16,"turns":9}],"seed_played":"-7808246070408524380","potions_obtained":[{"floor":3,"key":"Weak Potion"},{"floor":5,"key":"Explosive Potion"}],"is_trial":false,"path_per_floor":["M","?","M","$","M","R","E","R","T","?","?","E","R","M","R","B"],"character_chosen":"DEFECT","items_purchased":["Coolheaded","Hologram"],"campfire_rested":0,"item_purchase_floors":[4,4],"current_hp_per_floor":[62,55,49,49,46,46,23,23,23,44,44,38,38,30,30,0,0],"gold":188,"neow_bonus":"ONE_RARE_RELIC","is_daily":false,"chose_seed":false,"campfire_upgraded":4,"win_rate":0.0,"timestamp":1611334287,"path_taken":["M","?","M","$","M","R","E","R","T","?","?","E","R","M","R","BOSS"],"items_purchased_type":["Card","Card"],"build_version":"2020-12-22","purchased_purges":0,"victory":false,"max_hp_per_floor":[64,64,64,64,64,64,64,64,64,64,64,64,64,64,64,64,64],"relic_stats":{"counters":[7,30],"Mummified Hand":[2],"Dead Branch":[9],"obtain_stats":[{"Mummified Hand":9,"Dead Branch":0,"EVO:Axolotl":0,"Frozen Egg 2":7,"Cracked Core":0,"StrikeDummy":12},{"Mummified Hand":4,"Dead Branch":0,"EVO:Axolotl":0,"Frozen Egg 2":4,"Cracked Core":0,"StrikeDummy":5},{"Mummified Hand":12,"Dead Branch":0,"EVO:Axolotl":0,"Frozen Egg 2":12,"Cracked Core":0,"StrikeDummy":17}]},"card_choices":[{"not_picked":["Redo","Beam Cell"],"picked":"Ball Lightning","floor":1},{"not_picked":["Scrape","Stack"],"picked":"Consume","floor":3},{"not_picked":["Stack","Sweeping Beam"],"picked":"Gash","floor":5},{"not_picked":["Genetic Algorithm","Force Field"],"picked":"Cold Snap","floor":7},{"not_picked":["Leap","Stack"],"picked":"Defragment+1","floor":12},{"not_picked":["Sweeping Beam","Thunder Strike"],"picked":"Steam","floor":14}],"player_experience":706911,"relics_obtained":[{"floor":7,"key":"Frozen Egg 2"},{"floor":9,"key":"Mummified Hand"},{"floor":12,"key":"StrikeDummy"}],"event_choices":[{"cards_removed":["Strike_B"],"damage_healed":0,"gold_gain":0,"player_choice":"Card Removal","damage_taken":7,"max_hp_gain":0,"max_hp_loss":0,"event_name":"Golden Wing","floor":2,"gold_loss":0},{"damage_healed":21,"gold_gain":0,"player_choice":"Banana","damage_taken":0,"max_hp_gain":0,"max_hp_loss":0,"event_name":"Big Fish","floor":10,"gold_loss":0},{"damage_healed":0,"gold_gain":50,"player_choice":"Pray","damage_taken":0,"max_hp_gain":0,"max_hp_loss":0,"event_name":"Golden Shrine","floor":11,"gold_loss":0}],"is_beta":false,"boss_relics":[],"items_purged_floors":[],"is_endless":false,"potions_floor_spawned":[3,5],"killed_by":"Hexaghost","ascension_level":20}}