{"host":"hzinic87vu8p95wn","time":1611329939,"event":{"mods":["BaseMod","Minty Spire (QoL Compilation)"],"gold_per_floor":[109,109,109,23,38,73,73,73,96,139,158,171,207,219,231,243,243],"floor_reached":16,"language":"ENG","playtime":419,"items_purged":[],"score":272,"play_id":"a1311d3e-6d07-4dc3-9b5b-d357c8380100","local_time":"20210123023859","is_ascension_mode":true,"campfire_choices":[{"floor":8.0,"key":"REST"},{"floor":15,"key":"REST"}],"circlet_count":0,"master_deck":["AscendersBane","Strike_P","Strike_P","Strike_P","Strike_P","Defend_P","Defend_P+1","Defend_P","Defend_P+1","Eruption","Vigilance","FollowUp","LikeWater","FlurryOfBlows","Devotion","EmptyFist","Prostrate"],"relics":["PureWater","NeowsBlessing","Golden Idol","MealTicket","Bag of Marbles","Ancient Tea Set","MawBank"],"acts_visited":["Exordium"],"potions_floor_usage":[12],"damage_taken":[{"damage":0.0,"enemies":"Small Slimes","floor":1.0,"turns":2.0},{"damage":0.0,"enemies":"2 Louse","floor":5.0,"turns":1.0},{"damage":0.0,"enemies":"Lagavulin","floor":6.0,"turns":1.0},{"damage":3.0,"enemies":"Gremlin Nob","floor":10.0,"turns":3.0},{"damage":0.0,"enemies":"Cultist","floor":11.0,"turns":3.0},{"damage":10,"enemies":"Large Slime","floor":12,"turns":5},{"damage":34,"enemies":"3 Sentries","floor":13,"turns":8},{"damage":0,"enemies":"Slime Boss","floor":16,"turns":7}],"seed_played":"-6520311121509925394","potions_obtained":[{"floor":6.0,"key":"SteroidPotion"},{"floor":10.0,"key":"SpeedPotion"},{"floor":13,"key":"EssenceOfSteel"}],"is_trial":false,"path_per_floor":["M","?","?","$","M","E","$","R","T","E","M","M","E","?","R","B"],"character_chosen":"WATCHER","items_purchased":["LikeWater"],"campfire_rested":2,"item_purchase_floors":[4],"current_hp_per_floor":[61,38,18,18,18,18,33,53,53,50,50,40,6,6,26,26,26],"gold":243,"neow_bonus":"THREE_ENEMY_KILL","is_daily":false,"chose_seed":false,"campfire_upgraded":0,"win_rate":0.0,"timestamp":1611329939,"path_taken":["M","?","?","$","M","E","$","R","T","E","M","M","E","?","R","BOSS"],"items_purchased_type":["Card"],"build_version":"2020-12-22","purchased_purges":0,"victory":false,"max_hp_per_floor":[68,68,68,68,68,68,68,68,68,68,68,68,68,68,68,68,68],"card_choices":[{"not_picked":["EmptyBody","JustLucky"],"picked":"FollowUp","floor":1.0},{"not_picked":["Halt","PathToVictory"],"picked":"FlurryOfBlows","floor":5.0},{"not_picked":["Protect","Collect","ThirdEye"],"picked":"SKIP","floor":6.0},{"not_picked":["EmptyFist","DeceiveReality"],"picked":"Devotion","floor":10.0},{"not_picked":["Protect","TalkToTheHand","BowlingBash"],"picked":"SKIP","floor":11.0},{"not_picked":["WindmillStrike","Prostrate"],"picked":"EmptyFist","floor":12},{"not_picked":["Wallop","Evaluate","Halt"],"picked":"SKIP","floor":13}],"player_experience":1595740,"relics_obtained":[{"floor":6.0,"key":"MealTicket"},{"floor":9.0,"key":"Bag of Marbles"},{"floor":10.0,"key":"Ancient Tea Set"},{"floor":13,"key":"MawBank"}],"event_choices":[{"damage_healed":0.0,"max_hp_gain":0.0,"max_hp_loss":0.0,"gold_gain":0.0,"event_name":"Golden Idol","player_choice":"Take Damage","floor":2.0,"gold_loss":0.0,"damage_taken":23.0,"relics_obtained":["Golden Idol"]},{"damage_healed":0.0,"max_hp_gain":0.0,"max_hp_loss":0.0,"gold_gain":0.0,"event_name":"Shining Light","player_choice":"Entered Light","floor":3.0,"gold_loss":0.0,"damage_taken":20.0,"cards_upgraded":["Defend_P","Defend_P"]},{"damage_healed":0,"gold_gain":0,"player_choice":"1 cards matched","damage_taken":0,"max_hp_gain":0,"max_hp_loss":0,"event_name":"Match and Keep!","floor":14,"gold_loss":0,"cards_obtained":["Prostrate"]}],"is_beta":false,"boss_relics":[],"items_purged_floors":[],"is_endless":false,"potions_floor_spawned":[6,10,13],"killed_by":"Slime Boss","ascension_level":18}}