{"host":"s8eu5oacnz2jj6un","time":1611355108,"event":{"mods":["AchievementEnabler","Act Like it!","Astrologer","BaseMod","Colored Powertips","KinomotoSakuraMod(????)","Lobotomy","Marisa????????","Minty Spire (QoL Compilation)","Remilia??????","Replay The Spire","Shop Mod","StSLib","The Senshi","The Servant 0.9.4","Yuri Mod"],"gold_per_floor":[111,121,121,121,121,136,17,17,51,51,51,78,96,109,140,73,73,169,169,184,184,20,31,31,31,64,64,64,98,111,111,111,128,128,225,225,235,235,8,8,24,24,34,34,61,87,87,87,102,129,129,129,129,129,31,61,81],"floor_reached":58,"language":"ENG","playtime":8530,"items_purged":["Envy_TH","Amnesia"],"score":1804,"play_id":"27de918b-5490-42b1-853e-a8990055bacf","local_time":"20210122233828","is_ascension_mode":true,"campfire_choices":[{"floor":8.0,"key":"RECALL"},{"data":"ScarletNetherworld","floor":10.0,"key":"SMITH"},{"data":"ScarletDream","floor":17.0,"key":"SMITH"},{"floor":25.0,"key":"REST"},{"data":"GlobalNightmare","floor":27.0,"key":"SMITH"},{"data":"ScarletCoffin","floor":34,"key":"SMITH"},{"data":"DemonKingCradle","floor":42,"key":"SMITH"},{"data":"ScarletImprint","floor":42,"key":"SMITH"},{"data":"ScarletGensokyo","floor":44,"key":"SMITH"},{"data":"Panache","floor":44,"key":"SMITH"},{"floor":48,"key":"REST"},{"data":"CeilingFear","floor":51,"key":"SMITH"},{"data":"MastersStateliness","floor":51,"key":"SMITH"},{"data":"Panache","floor":54,"key":"SMITH"},{"data":"Stigmanizer","floor":54,"key":"SMITH"}],"circlet_count":0,"master_deck":["AscendersBane","Strike_RM+1","Strike_RM+1","Strike_RM+1","Strike_RM+1","Defend_RM","Defend_RM","Defend_RM","RedMoon+1","ScarletShoot","MastersStateliness+1","ScarletNetherworld+1","Stigmanizer+1","Panache+1","BombardNight","ScarletDream+1","ScarletCoffin+1","ScarletImprint+1","ScarletGensokyo+1","RedRainbow+1","GlobalNightmare+1","MillenniumVampire","Panache+1","EquivalentExchange","DemonKingCradle+1","AfternoonTea","Madness","Madness","Stigmanizer","ScarletSymphony+1","CeilingFear+1","Stigmanizer","UnderTheZenith+1"],"relics":["ScarletHat","ReplayTheSpireMod:CursedCoin","Eternal Feather","Smiling Mask","SlaversCollar","MerchantsRug","Enchiridion","Quantum Egg","FairyMaid","ScarletEmblem","Replay:Arrowhead","Centennial Puzzle","Replay:Mystery Machine","ReplayTheSpireMod:Ring of Collecting","ReplayTheSpireMod:Ring of Exchange","Happy Flower","Replay:Bottled Eggs","Anchor"],"acts_visited":["Exordium","TheCity","TheBeyond","TheEnding"],"potions_floor_usage":[35,37,41,46,52,57],"damage_taken":[{"damage":0.0,"enemies":"Jaw Worm","floor":1.0,"turns":4.0},{"damage":0.0,"enemies":"Cultist","floor":2.0,"turns":6.0},{"damage":0.0,"enemies":"Small Slimes","floor":6.0,"turns":3.0},{"damage":14.0,"enemies":"Lagavulin","floor":9.0,"turns":7.0},{"damage":5.0,"enemies":"3 Sentries","floor":12.0,"turns":2.0},{"damage":0.0,"enemies":"Red Slaver","floor":13.0,"turns":2.0},{"damage":10.0,"enemies":"Large Slime","floor":14.0,"turns":8.0},{"damage":10.0,"enemies":"Gremlin Nob","floor":15.0,"turns":5.0},{"damage":13.0,"enemies":"Slime Boss","floor":18.0,"turns":6.0},{"damage":14.0,"enemies":"2 Thieves","floor":20.0,"turns":4.0},{"damage":0.0,"enemies":"Chosen","floor":23.0,"turns":4.0},{"damage":36.0,"enemies":"Gremlin Leader","floor":26.0,"turns":8.0},{"damage":24.0,"enemies":"Replay:Snechameleon","floor":29.0,"turns":7.0},{"damage":0.0,"enemies":"Snake Plant","floor":30.0,"turns":4.0},{"damage":0.0,"enemies":"Cultist and Chosen","floor":33.0,"turns":2.0},{"damage":5,"enemies":"Pondfish","floor":35,"turns":7},{"damage":0,"enemies":"Orb Walker","floor":37,"turns":1},{"damage":19,"enemies":"3 Darklings","floor":41,"turns":3},{"damage":0,"enemies":"Jaw Worm Horde","floor":43,"turns":2},{"damage":62,"enemies":"R_Hoarder","floor":46,"turns":7},{"damage":0,"enemies":"Maw","floor":49,"turns":3},{"damage":27,"enemies":"Nemesis","floor":50,"turns":3},{"damage":68,"enemies":"Replay:Hell Engine","floor":52,"turns":5},{"damage":47,"enemies":"Shield and Spear","floor":56,"turns":3},{"damage":29,"enemies":"The Heart","floor":57,"turns":5}],"seed_played":"-1388155938454323057","potions_obtained":[{"floor":1.0,"key":"SteroidPotion"},{"floor":9.0,"key":"Dexterity Potion"},{"floor":12.0,"key":"SteroidPotion"},{"floor":15.0,"key":"Death Potion"},{"floor":18.0,"key":"SpeedPotion"},{"floor":23.0,"key":"Regen Potion"},{"floor":29.0,"key":"AttackPotion"},{"floor":30.0,"key":"LiquidBronze"},{"floor":35,"key":"Fire Potion"},{"floor":37,"key":"DistilledChaos"},{"floor":49,"key":"LiquidMemories"}],"is_trial":false,"path_per_floor":["M","M","?","PTL","PTL","M","$","R","E","R","T","E","M","M","E","$","R","B",null,"M","?","$","M","?","R","E","R","T","E","M","?","?","M","R","B",null,"M","?","$","?","M","R","M","R","T","E","?","R","M","E","R","B",null,"R","$","E","B",null],"character_chosen":"REMILIA","items_purchased":["ReplayTheSpireMod:CursedCoin","Panache","ScarletDream","MerchantsRug","ScarletGensokyo","Replay:Arrowhead","PowerPotion"],"campfire_rested":2,"item_purchase_floors":[7,7,16,22,22,39,55],"current_hp_per_floor":[71,75,75,75,75,75,75,75,62,71,71,68,68,61,52,52,61,50,69,58,52,52,53,37,71,48,60,60,59,59,85,85,85,85,83,85,85,85,85,74,58,73,73,85,85,27,27,70,74,66,84,60,79,85,85,38,33],"gold":81,"neow_bonus":"UPGRADE_CARD","is_daily":false,"chose_seed":false,"campfire_upgraded":12,"win_rate":0.0,"timestamp":1611355108,"path_taken":["M","M","?","PTL","PTL","M","$","R","E","R","T","E","?","M","E","$","R","BOSS","M","?","$","?","?","R","E","R","T","E","M","?","?","?","R","BOSS","M","?","$","?","M","R","M","R","T","E","?","R","M","E","R","BOSS","R","$","E","BOSS"],"items_purchased_type":["Relic","Card","Card","Relic","Card","Relic","Potion"],"build_version":"2020-12-22","purchased_purges":2,"victory":true,"max_hp_per_floor":[75,75,75,75,75,75,75,75,75,75,75,75,75,75,75,75,75,75,75,75,75,75,75,75,75,75,75,75,75,75,85,85,85,85,85,85,85,85,85,85,85,85,85,85,85,85,85,85,85,85,85,85,85,85,85,85,85],"card_choices":[{"not_picked":["EmergencyRegeneration","AfternoonTea"],"picked":"MastersStateliness","floor":1.0},{"not_picked":["MastersStateliness","UnderTheZenith"],"picked":"ScarletNetherworld","floor":2.0},{"not_picked":["Septette","NightDance"],"picked":"Stigmanizer","floor":6.0},{"not_picked":["RedRainbow","RedMagic"],"picked":"BombardNight","floor":9.0},{"not_picked":["DevilSight","SuperhumanBloodyKnife","CurseOfVladTepes"],"picked":"SKIP","floor":12.0},{"not_picked":["CharismaGuard","UnderTheZenith","BloodHunter"],"picked":"SKIP","floor":13.0},{"not_picked":["StarOfDavid","ChainGang","DiffusionOfMisfortune"],"picked":"SKIP","floor":14.0},{"not_picked":["Maim","VampireFantasy","UnderTheZenith"],"picked":"SKIP","floor":15.0},{"not_picked":["ForecastOfChange","EquivalentExchange"],"picked":"ScarletCoffin","floor":18.0},{"not_picked":["FavorOfDestiny","VampireKiss"],"picked":"ScarletImprint","floor":20.0},{"not_picked":["DiffusionOfMisfortune","RedNightlessCastle"],"picked":"RedRainbow+1","floor":23.0},{"not_picked":["StarOfDavid","BloodHunter"],"picked":"GlobalNightmare","floor":26.0},{"not_picked":["NightLord","Stigmanizer"],"picked":"MillenniumVampire","floor":29.0},{"not_picked":["EndlessAdversity","RedRainbow","StarOfDavid"],"picked":"SKIP","floor":30.0},{"not_picked":["ChainGang","DiffusionOfMisfortune"],"picked":"EquivalentExchange","floor":33},{"not_picked":["KillingBlow","ChaoticDestiny"],"picked":"DemonKingCradle","floor":35},{"not_picked":["BloodHunter","VampireKiss"],"picked":"AfternoonTea","floor":37},{"not_picked":["ScarletImprint+1","ChainGang"],"picked":"Stigmanizer","floor":41},{"not_picked":["DemonKingCradle","RedRainbow"],"picked":"ScarletSymphony+1","floor":43},{"not_picked":["VampirishNight","UnstableMagic","FavorOfDestiny"],"picked":"SKIP","floor":46},{"not_picked":["BloodHunter+1","UltimateOffering"],"picked":"CeilingFear","floor":49},{"not_picked":["RedRainbow","VampireKiss"],"picked":"Stigmanizer","floor":50},{"not_picked":["RedRainbow","BlasphemousPunishment"],"picked":"UnderTheZenith+1","floor":56}],"player_experience":746929,"relics_obtained":[{"floor":9.0,"key":"Eternal Feather"},{"floor":12.0,"key":"Smiling Mask"},{"floor":15.0,"key":"Replay:Bottled Flurry"},{"floor":24.0,"key":"Enchiridion"},{"floor":26.0,"key":"Pantograph"},{"floor":28.0,"key":"Quantum Egg"},{"floor":29.0,"key":"FairyMaid"},{"floor":45,"key":"Centennial Puzzle"},{"floor":46,"key":"Replay:Mystery Machine"},{"floor":47,"key":"ReplayTheSpireMod:Ring of Collecting"},{"floor":47,"key":"ReplayTheSpireMod:Ring of Exchange"},{"floor":50,"key":"Happy Flower"},{"floor":56,"key":"Replay:Bottled Eggs"},{"floor":56,"key":"Anchor"}],"event_choices":[{"cards_removed":["Defend_RM"],"damage_healed":0.0,"max_hp_gain":0.0,"max_hp_loss":0.0,"gold_gain":0.0,"event_name":"Purifier","player_choice":"Purged","floor":3.0,"gold_loss":0.0,"damage_taken":0.0},{"damage_healed":0.0,"max_hp_gain":0.0,"max_hp_loss":0.0,"gold_gain":0.0,"event_name":"Knowing Skull","player_choice":"","floor":21.0,"potions_obtained":[],"gold_loss":0.0,"damage_taken":6.0,"cards_obtained":[]},{"damage_healed":0.0,"max_hp_gain":0.0,"max_hp_loss":0.0,"gold_gain":0.0,"event_name":"Cursed Tome","player_choice":"Obtained Book","floor":24.0,"gold_loss":0.0,"damage_taken":16.0},{"damage_healed":0.0,"max_hp_gain":0.0,"max_hp_loss":0.0,"gold_gain":0.0,"event_name":"Duplicator","player_choice":"Copied","floor":32.0,"gold_loss":0.0,"damage_taken":0.0,"cards_obtained":["Panache"]},{"damage_healed":0,"gold_gain":0,"player_choice":"Memory 1","damage_taken":0,"max_hp_gain":0,"max_hp_loss":0,"event_name":"SensoryStone","floor":38,"gold_loss":0},{"damage_healed":0,"gold_gain":0,"player_choice":"Embrace Madness","damage_taken":11,"max_hp_gain":0,"max_hp_loss":0,"event_name":"Winding Halls","floor":40,"gold_loss":0,"cards_obtained":["Madness","Madness"]}],"is_beta":false,"boss_relics":[{"not_picked":["Runic Pyramid","Ring of Chaos"],"picked":"SlaversCollar"},{"not_picked":["ChewingGum","Abe\u0027s Treasure"],"picked":"ScarletEmblem"}],"items_purged_floors":[7,55],"is_endless":false,"potions_floor_spawned":[1,9,12,15,18,23,29,30,37,49],"ascension_level":12}}