{"host":"vhkdq3pn44gqx0jn","time":1611357643,"event":{"mods":["AchievementEnabler","BaseMod","Downfall","Hermit","Marisa????????","Minty Spire (QoL Compilation)","StSLib","The Cursed","The Servant 0.9.4"],"gold_per_floor":[118,118,137,137,62,97,122,132,132,157,157,206,206,239,239,359,359,396,413,413,266,306,306,306],"floor_reached":23,"language":"ENG","playtime":1144,"items_purged":["Strike_MRS"],"score":228,"play_id":"57453b44-f9e8-4a50-a6bc-8f56f4c2be6d","local_time":"20210122232043","is_ascension_mode":false,"campfire_choices":[{"data":"DC","floor":11,"key":"SMITH"},{"data":"WitchOfGreed","floor":15,"key":"SMITH"}],"circlet_count":0,"master_deck":["Strike_MRS","Strike_MRS","Strike_MRS","Defend_MRS","Defend_MRS","Defend_MRS","Defend_MRS","MasterSpark+1","UpSweep","DC+1","UnstableBomb","WitchOfGreed+1","DoubleSpark+1","PulseMagic+1","Acceleration+1","SporeBomb+1","UltimateShortwave+1","GrandCross+1","DoubleSpark+1","Occultation+1"],"relics":["BewitchedHakkero","NeowsBlessing","Pen Nib","HornCleat","Lantern","Toxic Egg 2","Frozen Egg 2","Nunchaku"],"acts_visited":["Exordium","TheCity"],"potions_floor_usage":[16,23],"damage_taken":[{"damage":0,"enemies":"Jaw Worm","floor":1,"turns":1},{"damage":0,"enemies":"Cultist","floor":3,"turns":1},{"damage":0,"enemies":"Lagavulin","floor":6,"turns":1},{"damage":5,"enemies":"Small Slimes","floor":7,"turns":3},{"damage":0,"enemies":"Red Slaver","floor":8,"turns":1},{"damage":0,"enemies":"2 Fungi Beasts","floor":10,"turns":2},{"damage":17,"enemies":"3 Sentries","floor":12,"turns":5},{"damage":0,"enemies":"Gremlin Gang","floor":14,"turns":4},{"damage":33,"enemies":"Slime Boss","floor":16,"turns":7},{"damage":12,"enemies":"Shell Parasite","floor":18,"turns":3},{"damage":10,"enemies":"Chosen","floor":19,"turns":2},{"damage":20,"enemies":"Sentry and Sphere","floor":22,"turns":4},{"damage":36,"enemies":"Gremlin Leader","floor":23,"turns":5}],"seed_played":"1326774796737282414","potions_obtained":[{"floor":7,"key":"DuplicationPotion"},{"floor":7,"key":"LiquidBronze"},{"floor":10,"key":"Block Potion"},{"floor":12,"key":"FearPotion"},{"floor":14,"key":"Guardian:BlockOnCardUsePotion"},{"floor":16,"key":"SmokeBomb"}],"is_trial":false,"path_per_floor":["M","?","M","T","$","E","M","M","T","M","R","E","?","M","R","B",null,"M","M","?","$","M","E"],"character_chosen":"MARISA","items_purchased":["Nunchaku"],"campfire_rested":0,"item_purchase_floors":[21],"current_hp_per_floor":[75,68,68,68,68,68,63,63,63,63,63,46,46,46,46,13,75,63,53,53,53,33,0,0],"gold":306,"neow_bonus":"THREE_ENEMY_KILL","is_daily":false,"chose_seed":false,"campfire_upgraded":2,"win_rate":0.0,"timestamp":1611357643,"path_taken":["M","?","M","?","$","E","M","M","T","?","R","E","?","?","R","BOSS","M","M","?","$","M","E"],"items_purchased_type":["Relic"],"build_version":"2020-12-22","purchased_purges":1,"victory":false,"max_hp_per_floor":[75,75,75,75,75,75,75,75,75,75,75,75,75,75,75,75,75,75,75,75,75,75,75,75],"card_choices":[{"not_picked":["MilkyWay","OortCloud"],"picked":"DC","floor":1},{"not_picked":["MilkyWay","DC"],"picked":"UnstableBomb","floor":3},{"not_picked":["GasGiant","LuminesStrike"],"picked":"WitchOfGreed","floor":6},{"not_picked":["WitchOfGreed","UnstableBomb"],"picked":"DoubleSpark","floor":7},{"not_picked":["GravityBeat","BigCrunch","DC"],"picked":"SKIP","floor":8},{"not_picked":["SporeBomb+1","IllusionStar+1"],"picked":"PulseMagic+1","floor":10},{"not_picked":["StarlightTyphoon+1","ShootingEcho"],"picked":"Acceleration+1","floor":12},{"not_picked":["ShootingEcho","GrandCross"],"picked":"SporeBomb+1","floor":14},{"not_picked":["JA","SuperNova+1"],"picked":"UltimateShortwave+1","floor":16},{"not_picked":["MagicAbsorber+1","DoubleSpark"],"picked":"GrandCross+1","floor":18},{"not_picked":["LuminesStrike","UnstableBomb+1"],"picked":"DoubleSpark+1","floor":19},{"not_picked":["ShootingEcho","LuminesStrike"],"picked":"Occultation+1","floor":22}],"player_experience":139826,"relics_obtained":[{"floor":4,"key":"HornCleat"},{"floor":6,"key":"Lantern"},{"floor":9,"key":"Toxic Egg 2"},{"floor":12,"key":"Frozen Egg 2"}],"event_choices":[{"damage_healed":0,"gold_gain":0,"player_choice":"Success","damage_taken":7,"relics_obtained":["Pen Nib"],"max_hp_gain":0,"max_hp_loss":0,"event_name":"Scrap Ooze","floor":2,"gold_loss":0},{"damage_healed":0,"gold_gain":0,"player_choice":"Upgraded","damage_taken":0,"max_hp_gain":0,"max_hp_loss":0,"event_name":"Upgrade Shrine","floor":13,"gold_loss":0,"cards_upgraded":["MasterSpark"]},{"damage_healed":0,"gold_gain":0,"player_choice":"Forge","damage_taken":0,"max_hp_gain":0,"max_hp_loss":0,"event_name":"Accursed Blacksmith","floor":20,"gold_loss":0,"cards_upgraded":["DoubleSpark"]}],"is_beta":false,"boss_relics":[{"not_picked":["Ectoplasm","SacredBark"],"picked":"BewitchedHakkero"}],"items_purged_floors":[5],"is_endless":false,"potions_floor_spawned":[7,12,16,18,19],"killed_by":"Gremlin Leader","ascension_level":0}}