{"host":"r10yh36zs2k9z1sa","time":1611320748,"event":{"mods":["AchievementEnabler","Act Like it!","Aspiration","Astrologer","BaseMod","Colored Map","Conspire","Decade(¤ý¤p©ú)","Gensokyo","Hermit","Highlight Path","KinomotoSakuraMod(¤ì¤§¥»?)","Koishi","KomeijiMod","Marisa¡]Ãú«B¡@Å]²z¨F¡^","Minty Spire (QoL Compilation)","Permanent Neow","Quick Restart","Reimu¡]³Õ???¡^","Remilia¡]Á¢¦Ì²ú?¡^","StSLib","SuperFastMode","The Administrix","The Animator","The Bug Knight","The Cursed","The Gatherer","The Marked","The Mystic","The Saiyan","The Senshi","The Servant 0.9.4","Youmu¡]»î¾z§¯?¡^","Yuri Mod","Yuyuko"],"gold_per_floor":[113,123,138,138,71,104,104,128,128,142,160,172,182,201,201,201,201],"floor_reached":16,"language":"ZHS","playtime":652,"items_purged":[],"score":210,"play_id":"79c83bff-27a4-4242-85bc-7521f6fc52b2","local_time":"20210122210548","is_ascension_mode":true,"campfire_choices":[{"floor":15,"key":"REST"}],"circlet_count":0,"master_deck":["AscendersBane","Strike_S","Strike_S","Strike_S","Strike_S","Defend_S","Defend_S","Defend_S","Defend_S","KidneyShot","Exchange","LightFlow","Ricochet","FastForward","Contraction","SilverMatrix","Parasite","FastForward","Contraction","BottledTime","Barrier"],"relics":["Uniform","Tea:ReiMu","StoneCalendar","ScarletDevilRocket","Ornamental Fan"],"acts_visited":["Exordium"],"potions_floor_usage":[11,11],"damage_taken":[{"damage":5,"enemies":"2 Louse","floor":1,"turns":3},{"damage":2,"enemies":"Jaw Worm","floor":2,"turns":3},{"damage":0,"enemies":"Cultist","floor":3,"turns":3},{"damage":0,"enemies":"Lagavulin","floor":6,"turns":9},{"damage":21,"enemies":"conspire:2 RoseBushes","floor":10,"turns":7},{"damage":12,"enemies":"Gremlin Gang","floor":11,"turns":5},{"damage":0,"enemies":"Exordium Wildlife","floor":12,"turns":3},{"damage":1,"enemies":"Looter","floor":13,"turns":4},{"damage":0,"enemies":"Blue Slaver","floor":14,"turns":4},{"damage":0,"enemies":"Slime Boss","floor":16,"turns":1}],"seed_played":"-5529562001087999796","potions_obtained":[{"floor":1,"key":"SneckoOil"},{"floor":6,"key":"CalmPotion"},{"floor":10,"key":"SpeedPotion"},{"floor":13,"key":"Swift Potion"}],"is_trial":false,"path_per_floor":["M","M","M","?","$","E","?","T","T","M","M","M","M","M","R","B"],"character_chosen":"THE_SERVANT","items_purchased":["SilverMatrix"],"campfire_rested":1,"item_purchase_floors":[5],"current_hp_per_floor":[54,52,52,19,19,19,35,35,35,14,2,2,1,1,20,20,20],"gold":201,"neow_bonus":"ONE_RANDOM_RARE_CARD","is_daily":false,"chose_seed":false,"campfire_upgraded":0,"win_rate":0.0,"timestamp":1611320748,"path_taken":["M","M","M","?","$","E","?","?","T","?","?","M","M","M","R","BOSS"],"items_purchased_type":["Card"],"build_version":"2020-12-22","purchased_purges":0,"victory":false,"max_hp_per_floor":[65,65,65,65,65,65,65,65,65,65,65,65,65,65,65,65,65],"card_choices":[{"not_picked":["Gouge","Moonlight"],"picked":"Ricochet","floor":1},{"not_picked":["TimeWarp","ShatteredReality"],"picked":"FastForward","floor":2},{"not_picked":["Desolation","Potential"],"picked":"Contraction","floor":3},{"not_picked":["ReturningBlade","ShatteredReality","Ricochet"],"picked":"SKIP","floor":6},{"not_picked":["Revamp","DualDimension"],"picked":"FastForward","floor":10},{"not_picked":["Desolation","Gouge"],"picked":"Contraction","floor":11},{"not_picked":["Reset","MoonPhase"],"picked":"BottledTime","floor":12},{"not_picked":["DancingSilver","Ricochet"],"picked":"Barrier","floor":13},{"not_picked":["Desolation","Ricochet","Collapse"],"picked":"SKIP","floor":14}],"player_experience":293011,"relics_obtained":[{"floor":6,"key":"StoneCalendar"},{"floor":8,"key":"ScarletDevilRocket"},{"floor":9,"key":"Ornamental Fan"}],"event_choices":[{"damage_healed":0,"gold_gain":0,"player_choice":"Success","damage_taken":33,"relics_obtained":["Tea:ReiMu"],"max_hp_gain":0,"max_hp_loss":0,"event_name":"Scrap Ooze","floor":4,"gold_loss":0},{"damage_healed":16,"gold_gain":0,"player_choice":"Healed and dodged fight","damage_taken":0,"max_hp_gain":0,"max_hp_loss":0,"event_name":"Mushrooms","floor":7,"gold_loss":0,"cards_obtained":["Parasite"]}],"is_beta":false,"boss_relics":[],"items_purged_floors":[],"is_endless":false,"potions_floor_spawned":[1,6,10,13],"killed_by":"Slime Boss","ascension_level":12}}