{"host":"kh6fvhxn285ncg0o","time":1611334835,"event":{"mods":["Act Like it!","BaseMod","Colored Map","Friendly Minions","Keyboard Shortcuts","Minty Spire (QoL Compilation)","Quick Restart","Relic Stats","StSLib","SuperFastMode"],"gold_per_floor":[109,34,54,54,54,82,82,102,102,102,102,136,136,169,169,243,243,253,233,250,268,3,33,33,64,64,82,96,96,96,111,111,189,189,200,245,1244,1257,711,740,740,771,821,821,840,860,887,903,903,903,903,903,903,56,85,85],"floor_reached":57,"language":"KOR","playtime":2919,"items_purged":["Strike_R","Strike_R","Bash+1","Immolate+1"],"score":3646,"play_id":"ada638cc-31e0-4348-8c46-29def6fd5089","local_time":"20210123020035","is_ascension_mode":true,"campfire_choices":[{"data":"Hemokinesis","floor":7.0,"key":"SMITH"},{"data":"Bash","floor":11.0,"key":"SMITH"},{"data":"Carnage","floor":13.0,"key":"SMITH"},{"data":"Shrug It Off","floor":15.0,"key":"SMITH"},{"floor":29.0,"key":"REST"},{"floor":32.0,"key":"REST"},{"data":"Feel No Pain","floor":41.0,"key":"SMITH"},{"floor":49,"key":"RECALL"},{"data":"Corruption","floor":53,"key":"SMITH"}],"circlet_count":0,"master_deck":["AscendersBane","Defend_R","Defend_R","Defend_R","Defend_R","Inflame","Hemokinesis+1","Shrug It Off+1","Reckless Charge+1","Carnage+1","Barricade+1","Evolve+1","Intimidate+1","Power Through","Havoc+1","Wild Strike+1","Ghostly Armor","Warcry","Sever Soul","Corruption+1","Armaments+1","Combust+1","Double Tap+1","Disarm+1","Battle Trance","Feel No Pain+1","Decay","Body Slam+1","Seeing Red+1","Panacea+1","Rage+1"],"relics":["Burning Blood","NeowsBlessing","Calipers","Ice Cream","Omamori","Dead Branch","Pocketwatch","Mark of Pain","Orrery","HornCleat","Centennial Puzzle","Matryoshka","Astrolabe","Prayer Wheel","Oddly Smooth Stone","Toolbox","Regal Pillow","Whetstone","Bag of Preparation","Toxic Egg 2","OrangePellets","Paper Frog","Toy Ornithopter"],"acts_visited":["Exordium","TheCity","TheBeyond","TheEnding"],"potions_floor_usage":[51,56,56],"damage_taken":[{"damage":0.0,"enemies":"Cultist","floor":1.0,"turns":1.0},{"damage":0.0,"enemies":"Jaw Worm","floor":3.0,"turns":1.0},{"damage":2.0,"enemies":"3 Sentries","floor":6.0,"turns":2.0},{"damage":11.0,"enemies":"Small Slimes","floor":8.0,"turns":3.0},{"damage":10.0,"enemies":"Gremlin Nob","floor":12.0,"turns":3.0},{"damage":24.0,"enemies":"3 Sentries","floor":14.0,"turns":5.0},{"damage":0.0,"enemies":"The Guardian","floor":16.0,"turns":8.0},{"damage":25.0,"enemies":"3 Byrds","floor":18.0,"turns":6.0},{"damage":2.0,"enemies":"Spheric Guardian","floor":20.0,"turns":3.0},{"damage":21.0,"enemies":"Cultist and Chosen","floor":21.0,"turns":5.0},{"damage":43.0,"enemies":"Book of Stabbing","floor":23.0,"turns":7.0},{"damage":2.0,"enemies":"Gremlin Leader","floor":25.0,"turns":5.0},{"damage":0.0,"enemies":"Snecko","floor":27.0,"turns":5.0},{"damage":9.0,"enemies":"Shelled Parasite and Fungi","floor":28.0,"turns":4.0},{"damage":9.0,"enemies":"Centurion and Healer","floor":31.0,"turns":5.0},{"damage":6.0,"enemies":"Collector","floor":33.0,"turns":12.0},{"damage":0.0,"enemies":"3 Shapes","floor":35.0,"turns":3.0},{"damage":4.0,"enemies":"2 Orb Walkers","floor":36.0,"turns":2.0},{"damage":0.0,"enemies":"3 Darklings","floor":38.0,"turns":7.0},{"damage":0.0,"enemies":"Giant Head","floor":40.0,"turns":8.0},{"damage":0,"enemies":"Reptomancer","floor":42,"turns":3},{"damage":11,"enemies":"Transient","floor":45,"turns":6},{"damage":0,"enemies":"Maw","floor":46,"turns":6},{"damage":6,"enemies":"Giant Head","floor":47,"turns":4},{"damage":2,"enemies":"Jaw Worm Horde","floor":48,"turns":2},{"damage":38,"enemies":"Time Eater","floor":50,"turns":5},{"damage":0,"enemies":"Awakened One","floor":51,"turns":5},{"damage":3,"enemies":"Shield and Spear","floor":55,"turns":4},{"damage":4,"enemies":"The Heart","floor":56,"turns":7}],"seed_played":"5797021036959155505","potions_obtained":[{"floor":1.0,"key":"Block Potion"},{"floor":12.0,"key":"BloodPotion"},{"floor":16.0,"key":"Block Potion"},{"floor":19.0,"key":"CultistPotion"},{"floor":20.0,"key":"Explosive Potion"},{"floor":23.0,"key":"Fire Potion"},{"floor":25.0,"key":"AttackPotion"},{"floor":31.0,"key":"Explosive Potion"},{"floor":35.0,"key":"EssenceOfSteel"},{"floor":40.0,"key":"Swift Potion"},{"floor":45,"key":"Regen Potion"},{"floor":48,"key":"ElixirPotion"}],"is_trial":false,"path_per_floor":["M","$","M","?","$","E","R","M","T","?","R","E","R","E","R","B",null,"M","?","M","M","$","E","?","E","T","M","M","R","?","M","R","B",null,"M","?","?","M","$","E","R","E","T","?","M","M","E","M","R","B","B",null,"R","$","E","B",null],"character_chosen":"IRONCLAD","items_purchased":["Orrery","Oddly Smooth Stone","Toolbox","Battle Trance","OrangePellets","Seeing Red+1","ElixirPotion","Paper Frog","Panacea+1"],"campfire_rested":2,"item_purchase_floors":[22,39,39,39,54,54,54,54,54],"current_hp_per_floor":[74,74,75,75,75,75,75,70,70,70,70,66,66,48,48,69,74,55,55,59,44,44,7,7,11,11,17,14,36,36,33,55,55,70,75,75,75,75,75,75,75,75,75,75,70,75,75,75,75,43,49,69,69,69,72,75],"gold":85,"neow_bonus":"THREE_ENEMY_KILL","is_daily":false,"chose_seed":false,"campfire_upgraded":6,"win_rate":0.0,"timestamp":1611334835,"path_taken":["M","?","M","?","$","E","R","M","T","?","R","E","R","E","R","BOSS","M","?","?","M","$","E","?","E","T","?","M","R","?","M","R","BOSS","M","?","?","M","$","E","R","E","T","?","M","M","E","?","R","BOSS","BOSS","R","$","E","BOSS"],"items_purchased_type":["Relic","Relic","Relic","Card","Relic","Card","Potion","Relic","Card"],"build_version":"2020-12-22","purchased_purges":4,"victory":true,"max_hp_per_floor":[75,75,75,75,75,75,75,75,75,75,75,75,75,75,75,75,75,75,75,75,75,75,75,75,75,75,75,75,75,75,75,75,75,75,75,75,75,75,75,75,75,75,75,75,75,75,75,75,75,75,75,75,75,75,75,75],"relic_stats":{"Regal Pillow":0,"counters":[29,137],"Dead Branch":[620],"Astrolabe":["Armaments","Combust","Double Tap"],"Bag of Preparation":[16],"Whetstone":["Immolate","Reckless Charge"],"Burning Blood":137,"OrangePellets":[7],"Centennial Puzzle":[25],"Prayer Wheel":4,"obtain_stats":[{"Ice Cream":9,"Regal Pillow":40,"Calipers":6,"NeowsBlessing":0,"Dead Branch":12,"Astrolabe":34,"Oddly Smooth Stone":39,"Omamori":10,"Bag of Preparation":43,"Whetstone":42,"Burning Blood":0,"OrangePellets":54,"Centennial Puzzle":25,"HornCleat":23,"Matryoshka":26,"Orrery":22,"Toolbox":39,"Prayer Wheel":36,"Mark of Pain":17,"Toxic Egg 2":47,"Toy Ornithopter":55,"Pocketwatch":14,"Paper Frog":54},{"Ice Cream":4,"Regal Pillow":20,"Calipers":3,"NeowsBlessing":0,"Dead Branch":5,"Astrolabe":16,"Oddly Smooth Stone":19,"Omamori":4,"Bag of Preparation":21,"Whetstone":21,"Burning Blood":0,"OrangePellets":27,"Centennial Puzzle":12,"HornCleat":11,"Matryoshka":12,"Orrery":10,"Toolbox":19,"Prayer Wheel":18,"Mark of Pain":7,"Toxic Egg 2":24,"Toy Ornithopter":28,"Pocketwatch":6,"Paper Frog":27},{"Ice Cream":7,"Regal Pillow":95,"Calipers":4,"NeowsBlessing":0,"Dead Branch":10,"Astrolabe":75,"Oddly Smooth Stone":87,"Omamori":7,"Bag of Preparation":98,"Whetstone":98,"Burning Blood":0,"OrangePellets":126,"Centennial Puzzle":49,"HornCleat":44,"Matryoshka":49,"Orrery":37,"Toolbox":87,"Prayer Wheel":80,"Mark of Pain":23,"Toxic Egg 2":114,"Toy Ornithopter":130,"Pocketwatch":15,"Paper Frog":126}],"Toy Ornithopter":3,"Pocketwatch":[130]},"card_choices":[{"not_picked":["Seeing Red","Armaments"],"picked":"Inflame","floor":1.0},{"not_picked":["True Grit","Havoc"],"picked":"Hemokinesis","floor":3.0},{"not_picked":["Burning Pact","Rampage"],"picked":"Shrug It Off","floor":6.0},{"not_picked":["Cleave","Armaments"],"picked":"Reckless Charge","floor":8.0},{"not_picked":["Clothesline","Heavy Blade"],"picked":"Carnage","floor":12.0},{"not_picked":["Searing Blow","Limit Break","Perfected Strike"],"picked":"SKIP","floor":14.0},{"not_picked":["Brutality","Bludgeon"],"picked":"Barricade","floor":16.0},{"not_picked":["Headbutt","Iron Wave"],"picked":"Evolve+1","floor":18.0},{"not_picked":["Twin Strike","Perfected Strike","Cleave"],"picked":"SKIP","floor":20.0},{"not_picked":["Cleave","Thunderclap","Headbutt"],"picked":"SKIP","floor":21.0},{"not_picked":["Sword Boomerang+1","Anger"],"picked":"Intimidate+1","floor":22.0},{"not_picked":["Ghostly Armor","Twin Strike"],"picked":"Power Through","floor":22.0},{"not_picked":["Dark Embrace","Headbutt"],"picked":"Havoc+1","floor":22.0},{"not_picked":["Rupture","Pommel Strike"],"picked":"Wild Strike+1","floor":22.0},{"not_picked":["Dark Embrace","Perfected Strike","Combust"],"picked":"SKIP","floor":23.0},{"not_picked":["Iron Wave","Infernal Blade","Evolve"],"picked":"SKIP","floor":25.0},{"not_picked":["Shrug It Off","Heavy Blade"],"picked":"Ghostly Armor","floor":27.0},{"not_picked":["Pommel Strike","Thunderclap"],"picked":"Warcry","floor":28.0},{"not_picked":["Hemokinesis","Bloodletting","Flex"],"picked":"SKIP","floor":31.0},{"not_picked":["Impervious","Demon Form"],"picked":"Corruption","floor":33.0},{"not_picked":["Power Through","Anger+1"],"picked":"Disarm+1","floor":35.0},{"not_picked":["Thunderclap","Shrug It Off","Pommel Strike"],"picked":"SKIP","floor":38.0},{"not_picked":["Havoc","Clash","Thunderclap"],"picked":"SKIP","floor":38.0},{"not_picked":["Sword Boomerang+1","Limit Break"],"picked":"Feel No Pain","floor":40.0},{"not_picked":["Thunderclap","Heavy Blade+1"],"picked":"Immolate","floor":42},{"not_picked":["Havoc","Pummel"],"picked":"Body Slam+1","floor":45},{"not_picked":["Intimidate","Rampage","Shrug It Off"],"picked":"SKIP","floor":45},{"not_picked":["Iron Wave","Metallicize+1","Clothesline"],"picked":"SKIP","floor":46},{"not_picked":["Headbutt","Rupture","Flame Barrier"],"picked":"SKIP","floor":46},{"not_picked":["Blood for Blood","Shrug It Off+1","Flex+1"],"picked":"SKIP","floor":47},{"not_picked":["Body Slam","Power Through+1","Pommel Strike"],"picked":"SKIP","floor":48},{"not_picked":["Heavy Blade","Searing Blow+1","Infernal Blade+1"],"picked":"SKIP","floor":48},{"not_picked":["Body Slam","Power Through+1","Pommel Strike"],"picked":"SKIP","floor":48},{"not_picked":["Heavy Blade","Searing Blow+1","Infernal Blade+1"],"picked":"SKIP","floor":48},{"not_picked":["Clash","Sword Boomerang"],"picked":"Rage+1","floor":55}],"player_experience":3497381,"relics_obtained":[{"floor":6.0,"key":"Calipers"},{"floor":9.0,"key":"Ice Cream"},{"floor":12.0,"key":"Dead Branch"},{"floor":14.0,"key":"Pocketwatch"},{"floor":23.0,"key":"HornCleat"},{"floor":25.0,"key":"Centennial Puzzle"},{"floor":26.0,"key":"Matryoshka"},{"floor":36.0,"key":"Prayer Wheel"},{"floor":40.0,"key":"Regal Pillow"},{"floor":42,"key":"Whetstone"},{"floor":43,"key":"Bag of Preparation"},{"floor":47,"key":"Toxic Egg 2"},{"floor":55,"key":"Toy Ornithopter"}],"event_choices":[{"damage_healed":0.0,"max_hp_gain":0.0,"max_hp_loss":0.0,"gold_gain":0.0,"event_name":"The Cleric","player_choice":"Leave","floor":4.0,"gold_loss":0.0,"damage_taken":0.0},{"damage_healed":0.0,"max_hp_gain":0.0,"max_hp_loss":0.0,"gold_gain":0.0,"event_name":"Dead Adventurer","player_choice":"Searched \u00272\u0027 times","floor":10.0,"gold_loss":0.0,"damage_taken":0.0,"relics_obtained":["Omamori"]},{"damage_healed":0.0,"max_hp_gain":0.0,"max_hp_loss":0.0,"gold_gain":0.0,"event_name":"The Woman in Blue","player_choice":"Bought 1 Potion","floor":19.0,"gold_loss":0.0,"damage_taken":0.0},{"damage_healed":0.0,"max_hp_gain":0.0,"max_hp_loss":0.0,"gold_gain":0.0,"event_name":"Upgrade Shrine","player_choice":"Upgraded","floor":24.0,"gold_loss":0.0,"damage_taken":0.0,"cards_upgraded":["Barricade"]},{"damage_healed":0.0,"max_hp_gain":0.0,"max_hp_loss":0.0,"gold_gain":0.0,"event_name":"The Library","player_choice":"Read","floor":30.0,"gold_loss":0.0,"damage_taken":0.0,"cards_obtained":["Sever Soul"]},{"damage_healed":0.0,"max_hp_gain":0.0,"max_hp_loss":0.0,"gold_gain":0.0,"event_name":"Mysterious Sphere","player_choice":"Fight","floor":36.0,"gold_loss":0.0,"damage_taken":0.0},{"damage_healed":0.0,"max_hp_gain":0.0,"max_hp_loss":0.0,"gold_gain":999.0,"event_name":"MindBloom","player_choice":"Gold","floor":37.0,"gold_loss":0.0,"damage_taken":0.0,"cards_obtained":["Normality","Normality"]},{"damage_healed":0,"gold_gain":0,"player_choice":"Cursed","damage_taken":0,"max_hp_gain":0,"max_hp_loss":0,"event_name":"Wheel of Change","floor":44,"gold_loss":0,"cards_obtained":["Decay"]}],"is_beta":false,"boss_relics":[{"not_picked":["Snecko Eye","Runic Dome"],"picked":"Mark of Pain"},{"not_picked":["Empty Cage","Tiny House"],"picked":"Astrolabe"}],"items_purged_floors":[2,22,39,54],"is_endless":false,"potions_floor_spawned":[1,12,16,20,23,25,31,35,36,40,45,48],"ascension_level":20}}