{"host":"kh6fvhxn285ncg0o","time":1611331788,"event":{"mods":["Act Like it!","BaseMod","Colored Map","Friendly Minions","Keyboard Shortcuts","Minty Spire (QoL Compilation)","Quick Restart","Relic Stats","StSLib","SuperFastMode"],"gold_per_floor":[112,127,144,144,160,192,192,192,192],"floor_reached":8,"language":"KOR","playtime":123,"items_purged":[],"score":116,"play_id":"6eae11ad-ea41-42d2-9db2-e9ee8674d506","local_time":"20210123010948","is_ascension_mode":true,"campfire_choices":[{"data":"Combust","floor":7,"key":"SMITH"}],"circlet_count":0,"master_deck":["AscendersBane","Strike_R","Strike_R","Strike_R","Strike_R","Strike_R","Defend_R","Defend_R","Defend_R","Defend_R","Bash","Combust+1","Pain","Evolve","Seeing Red"],"relics":["Burning Blood","NeowsBlessing","WarpedTongs","Nunchaku"],"acts_visited":["Exordium"],"potions_floor_usage":[6,6],"damage_taken":[{"damage":0,"enemies":"Cultist","floor":1,"turns":1},{"damage":0,"enemies":"2 Louse","floor":2,"turns":1},{"damage":0,"enemies":"Small Slimes","floor":3,"turns":1},{"damage":8,"enemies":"Exordium Thugs","floor":5,"turns":4},{"damage":28,"enemies":"Lagavulin","floor":6,"turns":7},{"damage":63,"enemies":"Gremlin Nob","floor":8,"turns":4}],"seed_played":"-8331935106187489144","potions_obtained":[{"floor":2,"key":"Explosive Potion"},{"floor":5,"key":"ElixirPotion"}],"is_trial":false,"path_per_floor":["M","M","M","?","M","E","R","E"],"character_chosen":"IRONCLAD","items_purchased":[],"campfire_rested":0,"item_purchase_floors":[],"current_hp_per_floor":[74,75,75,75,73,51,51,0,0],"gold":192,"neow_bonus":"THREE_ENEMY_KILL","is_daily":false,"chose_seed":false,"campfire_upgraded":1,"win_rate":0.0,"timestamp":1611331788,"path_taken":["M","?","M","?","M","E","R","E"],"items_purchased_type":[],"build_version":"2020-12-22","purchased_purges":0,"victory":false,"max_hp_per_floor":[75,75,75,75,75,75,75,75,75],"relic_stats":{"Nunchaku":[0],"counters":[6,18],"obtain_stats":[{"Nunchaku":6,"NeowsBlessing":0,"Burning Blood":0,"WarpedTongs":4},{"Nunchaku":5,"NeowsBlessing":0,"Burning Blood":0,"WarpedTongs":3},{"Nunchaku":14,"NeowsBlessing":0,"Burning Blood":0,"WarpedTongs":3}],"Burning Blood":19,"WarpedTongs":[15]},"card_choices":[{"not_picked":["Entrench","Havoc"],"picked":"Combust","floor":2},{"not_picked":["Havoc","Warcry","Bloodletting"],"picked":"SKIP","floor":3},{"not_picked":["Rage","Bloodletting"],"picked":"Evolve","floor":5},{"not_picked":["True Grit","Flex"],"picked":"Seeing Red","floor":6}],"player_experience":3497381,"relics_obtained":[{"floor":6,"key":"Nunchaku"}],"event_choices":[{"damage_healed":0,"gold_gain":0,"player_choice":"Rummage","damage_taken":0,"relics_obtained":["WarpedTongs"],"max_hp_gain":0,"max_hp_loss":0,"event_name":"Accursed Blacksmith","floor":4,"gold_loss":0,"cards_obtained":["Pain"]}],"is_beta":false,"boss_relics":[],"items_purged_floors":[],"is_endless":false,"potions_floor_spawned":[2,5],"killed_by":"Gremlin Nob","ascension_level":20}}