{"host":"t7mx8yfj1no5p62f","time":1611340245,"event":{"mods":["BaseMod","Bestiary","Colored Map","Colored Powertips","Minty Spire (QoL Compilation)","Relic Stats","StSLib","ojb\u0027s Info Mod"],"gold_per_floor":[117,132,57,70,89,89,117,117,117,117,10,10,41,64,64,160,160,176,201,222,6,6,37,37,37,37],"floor_reached":25,"language":"ENG","playtime":959,"items_purged":[],"score":462,"play_id":"582146c2-8d66-47a3-9a42-f454e6073c6b","local_time":"20210122133045","is_ascension_mode":true,"campfire_choices":[{"floor":6.0,"key":"REST"},{"floor":8.0,"key":"REST"},{"floor":12.0,"key":"REST"},{"floor":15.0,"key":"REST"},{"floor":24,"key":"REST"}],"circlet_count":0,"master_deck":["AscendersBane","Zap","Dualcast","Aggregate","Compile Driver","Beam Cell","Glacier","Cold Snap+1","Lockon","Doom and Gloom+1","Echo Form","Fission","Tempest","Echo Form","Skim","Self Repair","Stack","Capacitor","Compile Driver","Turbo","Biased Cognition","Hologram","BootSequence","Seek"],"relics":["Fusion Hammer","Toy Ornithopter","DataDisk","Golden Idol","Cables","Pandora\u0027s Box","Whetstone"],"acts_visited":["Exordium","TheCity"],"potions_floor_usage":[23,23,25],"damage_taken":[{"damage":0.0,"enemies":"2 Louse","floor":1.0,"turns":2.0},{"damage":7.0,"enemies":"Jaw Worm","floor":2.0,"turns":4.0},{"damage":12.0,"enemies":"Small Slimes","floor":4.0,"turns":2.0},{"damage":17.0,"enemies":"Exordium Wildlife","floor":5.0,"turns":6.0},{"damage":48.0,"enemies":"Lagavulin","floor":7.0,"turns":9.0},{"damage":19.0,"enemies":"Gremlin Nob","floor":13.0,"turns":5.0},{"damage":6.0,"enemies":"3 Louse","floor":14.0,"turns":4.0},{"damage":2.0,"enemies":"Slime Boss","floor":16.0,"turns":14.0},{"damage":25.0,"enemies":"2 Thieves","floor":18.0,"turns":3.0},{"damage":21.0,"enemies":"Shell Parasite","floor":19.0,"turns":7.0},{"damage":34.0,"enemies":"Shelled Parasite and Fungi","floor":20.0,"turns":5.0},{"damage":22,"enemies":"Gremlin Leader","floor":23,"turns":6},{"damage":33,"enemies":"Book of Stabbing","floor":25,"turns":2}],"seed_played":"-7960150101648549963","potions_obtained":[{"floor":4.0,"key":"ColorlessPotion"},{"floor":7.0,"key":"Fire Potion"},{"floor":16.0,"key":"Fire Potion"},{"floor":23,"key":"FocusPotion"}],"is_trial":false,"path_per_floor":["M","M","?","M","M","R","E","R","T","?","$","R","E","M","R","B",null,"M","M","M","$","?","E","R","E"],"character_chosen":"DEFECT","items_purchased":["Cold Snap","FocusPotion","Biased Cognition","FocusPotion"],"campfire_rested":5,"item_purchase_floors":[11,11,21,21],"current_hp_per_floor":[64,57,57,45,28,49,1,22,22,22,22,41,22,16,35,38,58,40,33,18,18,18,6,25,0,0],"gold":37,"neow_bonus":"BOSS_RELIC","is_daily":false,"chose_seed":false,"campfire_upgraded":0,"win_rate":0.0,"timestamp":1611340245,"path_taken":["M","M","?","M","M","R","E","R","T","?","$","R","E","M","R","BOSS","M","M","M","$","?","E","R","E"],"items_purchased_type":["Card","Potion","Card","Potion"],"build_version":"2020-12-22","purchased_purges":0,"victory":false,"max_hp_per_floor":[71,71,71,71,71,71,71,71,71,64,64,64,64,64,64,64,64,64,64,64,64,64,64,64,64,64],"relic_stats":{"counters":[13,69],"Golden Idol":48,"Pandora\u0027s Box":["Fission","Tempest","Echo Form","Skim","Meteor Strike","Self Repair","Stack"],"Whetstone":["Cold Snap","Doom and Gloom"],"obtain_stats":[{"DataDisk":9,"Golden Idol":10,"Pandora\u0027s Box":17,"Fusion Hammer":0,"Whetstone":23,"Cracked Core":0,"Toy Ornithopter":7,"Cables":13},{"DataDisk":5,"Golden Idol":5,"Pandora\u0027s Box":8,"Fusion Hammer":0,"Whetstone":12,"Cracked Core":0,"Toy Ornithopter":5,"Cables":6},{"DataDisk":23,"Golden Idol":23,"Pandora\u0027s Box":46,"Fusion Hammer":0,"Whetstone":67,"Cracked Core":0,"Toy Ornithopter":23,"Cables":28}],"Toy Ornithopter":25,"Cables":[33,5,26,2,0]},"card_choices":[{"not_picked":["Static Discharge","Go for the Eyes"],"picked":"Rebound","floor":1.0},{"not_picked":["Stack","Turbo"],"picked":"Aggregate","floor":2.0},{"not_picked":["Leap","Loop"],"picked":"Compile Driver","floor":4.0},{"not_picked":["Stack","Leap"],"picked":"Beam Cell","floor":5.0},{"not_picked":["Fission","Genetic Algorithm"],"picked":"Glacier","floor":7.0},{"not_picked":["Skim","Machine Learning"],"picked":"Lockon","floor":13.0},{"not_picked":["Turbo","Cold Snap"],"picked":"Doom and Gloom","floor":14.0},{"not_picked":["Creative AI","Seek"],"picked":"Echo Form","floor":16.0},{"not_picked":["Compile Driver+1","Fusion"],"picked":"Capacitor","floor":18.0},{"not_picked":["Stack","Beam Cell"],"picked":"Compile Driver","floor":19.0},{"not_picked":["Cold Snap","Go for the Eyes"],"picked":"Turbo","floor":20.0},{"not_picked":["Genetic Algorithm","Turbo"],"picked":"Seek","floor":23}],"player_experience":1819765,"relics_obtained":[{"floor":7.0,"key":"Toy Ornithopter"},{"floor":9.0,"key":"DataDisk"},{"floor":13.0,"key":"Cables"},{"floor":23,"key":"Whetstone"}],"event_choices":[{"cards_removed":["Strike_B"],"damage_healed":0.0,"max_hp_gain":0.0,"max_hp_loss":0.0,"gold_gain":0.0,"event_name":"The Cleric","player_choice":"Card Removal","floor":3.0,"gold_loss":75.0,"damage_taken":0.0},{"damage_healed":0.0,"max_hp_gain":0.0,"max_hp_loss":7.0,"gold_gain":0.0,"event_name":"Golden Idol","player_choice":"Lose Max HP","floor":10.0,"gold_loss":0.0,"damage_taken":0.0,"relics_obtained":["Golden Idol"]},{"damage_healed":0.0,"max_hp_gain":0.0,"max_hp_loss":0.0,"gold_gain":0.0,"cards_transformed":["Meteor Strike","Rebound"],"event_name":"Drug Dealer","player_choice":"Became Test Subject","floor":22.0,"gold_loss":0.0,"damage_taken":0.0,"cards_obtained":["Hologram","BootSequence"]}],"is_beta":false,"boss_relics":[{"not_picked":["Runic Pyramid","Inserter"],"picked":"Pandora\u0027s Box"}],"items_purged_floors":[],"is_endless":false,"potions_floor_spawned":[4,7,14,16,18,19,23],"killed_by":"Book of Stabbing","ascension_level":20}}