{"host":"uv231blk40vjdojr","time":1611328243,"event":{"mods":["AchievementEnabler","BaseMod","Bestiary","Minty Spire (QoL Compilation)","Relic Stats"],"gold_per_floor":[109,184,184,184,19,19,36,36,36,10,10,42,59,77,77,149,149,161,161,175,17,27,27,27,53,353,382,400,400,411,326,326,326,326],"floor_reached":33,"language":"ENG","playtime":1303,"items_purged":[],"score":716,"play_id":"8ff3a8b9-caa5-448f-9e4d-3e418b1d8099","local_time":"20210122161043","is_ascension_mode":true,"campfire_choices":[{"data":"Neutralize","floor":6.0,"key":"SMITH"},{"data":"Quick Slash","floor":8.0,"key":"SMITH"},{"data":"Slice","floor":11.0,"key":"SMITH"},{"data":"Blade Dance","floor":15.0,"key":"SMITH"},{"data":"Night Terror","floor":23,"key":"SMITH"},{"data":"Venomology","floor":29,"key":"SMITH"},{"data":"Finisher","floor":32,"key":"SMITH"}],"circlet_count":0,"master_deck":["AscendersBane","Strike_G","Strike_G","Strike_G","Strike_G","Defend_G","Defend_G","Defend_G","Defend_G","Defend_G","Survivor","Neutralize+1","Slice+1","Quick Slash+1","PiercingWail","Dagger Spray","Night Terror+1","Blade Dance+1","After Image","Ghostly","Ghostly","Ghostly","Deflect","Calculated Gamble","Finisher+1","Predator","Venomology+1","Leg Sweep+1"],"relics":["Ring of the Snake","NeowsBlessing","Blood Vial","Gremlin Horn","Dream Catcher","WristBlade","Happy Flower","The Courier","Old Coin","StoneCalendar","Orichalcum"],"acts_visited":["Exordium","TheCity"],"potions_floor_usage":[16,22,30,33,33,33],"damage_taken":[{"damage":0.0,"enemies":"Small Slimes","floor":1.0,"turns":1.0},{"damage":0.0,"enemies":"2 Louse","floor":7.0,"turns":1.0},{"damage":0.0,"enemies":"Gremlin Nob","floor":12.0,"turns":1.0},{"damage":0.0,"enemies":"Jaw Worm","floor":13.0,"turns":2.0},{"damage":8.0,"enemies":"Exordium Thugs","floor":14.0,"turns":5.0},{"damage":0,"enemies":"Slime Boss","floor":16,"turns":5},{"damage":5,"enemies":"Shell Parasite","floor":18,"turns":5},{"damage":8,"enemies":"Spheric Guardian","floor":20,"turns":8},{"damage":0,"enemies":"Shelled Parasite and Fungi","floor":22,"turns":5},{"damage":5,"enemies":"Book of Stabbing","floor":25,"turns":8},{"damage":14,"enemies":"Slavers","floor":27,"turns":5},{"damage":0,"enemies":"3 Cultists","floor":28,"turns":6},{"damage":3,"enemies":"Centurion and Healer","floor":30,"turns":6},{"damage":29,"enemies":"Automaton","floor":33,"turns":6}],"seed_played":"10856836271656953","potions_obtained":[{"floor":7.0,"key":"AttackPotion"},{"floor":12.0,"key":"Poison Potion"},{"floor":13.0,"key":"PowerPotion"},{"floor":20,"key":"Fire Potion"},{"floor":25,"key":"ColorlessPotion"}],"is_trial":false,"path_per_floor":["M","?","?","?","$","R","M","R","T","$","R","E","M","M","R","B",null,"M","?","M","$","M","R","$","E","T","E","M","R","M","?","R","B"],"character_chosen":"THE_SILENT","items_purchased":["Blood Vial","PiercingWail","Happy Flower"],"campfire_rested":0,"item_purchase_floors":[5,10,21],"current_hp_per_floor":[59,48,41,41,41,41,43,43,43,43,43,45,47,41,41,43,60,57,33,25,25,27,27,27,24,24,12,14,14,13,13,13,0,0],"gold":326,"neow_bonus":"THREE_ENEMY_KILL","is_daily":false,"chose_seed":false,"campfire_upgraded":7,"win_rate":0.0,"timestamp":1611328243,"path_taken":["M","?","?","?","?","R","M","R","T","$","R","E","M","?","R","BOSS","M","?","M","?","?","R","$","E","T","E","M","R","M","?","R","BOSS"],"items_purchased_type":["Relic","Card","Relic"],"build_version":"2020-12-22","purchased_purges":0,"victory":false,"max_hp_per_floor":[66,66,66,66,66,66,66,66,66,66,66,66,66,66,66,66,66,66,33,33,33,33,33,33,33,33,33,33,33,33,33,33,33,33],"relic_stats":{"Blood Vial":24,"Dream Catcher":0,"Gremlin Horn":[10,10],"Happy Flower":[12],"counters":[14,64],"StoneCalendar":[0],"Orichalcum":[0],"obtain_stats":[{"Blood Vial":5,"Dream Catcher":12,"NeowsBlessing":0,"Gremlin Horn":9,"WristBlade":17,"Happy Flower":21,"StoneCalendar":27,"The Courier":25,"Orichalcum":31,"Ring of the Snake":0,"Old Coin":26},{"Blood Vial":1,"Dream Catcher":3,"NeowsBlessing":0,"Gremlin Horn":2,"WristBlade":6,"Happy Flower":8,"StoneCalendar":11,"The Courier":10,"Orichalcum":13,"Ring of the Snake":0,"Old Coin":10},{"Blood Vial":1,"Dream Catcher":3,"NeowsBlessing":0,"Gremlin Horn":2,"WristBlade":15,"Happy Flower":28,"StoneCalendar":46,"The Courier":41,"Orichalcum":58,"Ring of the Snake":0,"Old Coin":41}],"Ring of the Snake":[28]},"card_choices":[{"not_picked":["Dodge and Roll","Prepared"],"picked":"Slice","floor":1.0},{"not_picked":["Crippling Poison","Bane"],"picked":"Quick Slash","floor":7.0},{"not_picked":["Flying Knee","Slice"],"picked":"Dagger Spray","floor":12.0},{"not_picked":["Prepared","Bane"],"picked":"Night Terror","floor":13.0},{"not_picked":["Endless Agony","Backflip"],"picked":"Blade Dance","floor":14.0},{"not_picked":["Envenom","Adrenaline"],"picked":"After Image","floor":16},{"not_picked":["Bane","Poisoned Stab","Infinite Blades"],"picked":"SKIP","floor":18},{"not_picked":["Concentrate","Quick Slash"],"picked":"Deflect","floor":20},{"not_picked":["Footwork","Flying Knee"],"picked":"Calculated Gamble","floor":22},{"not_picked":["Slice","Skewer"],"picked":"Finisher","floor":25},{"not_picked":["Outmaneuver","Distraction"],"picked":"Predator","floor":27},{"not_picked":["Flying Knee","Quick Slash"],"picked":"Venomology","floor":28},{"not_picked":["Expertise","Deadly Poison"],"picked":"Leg Sweep+1","floor":30}],"player_experience":716680,"relics_obtained":[{"floor":9.0,"key":"Gremlin Horn"},{"floor":12.0,"key":"Dream Catcher"},{"floor":25,"key":"The Courier"},{"floor":26,"key":"Old Coin"},{"floor":27,"key":"StoneCalendar"}],"event_choices":[{"damage_healed":0.0,"max_hp_gain":0.0,"max_hp_loss":0.0,"gold_gain":75.0,"event_name":"World of Goop","player_choice":"Gather Gold","floor":2.0,"gold_loss":0.0,"damage_taken":11.0},{"cards_removed":["Strike_G"],"damage_healed":0.0,"max_hp_gain":0.0,"max_hp_loss":0.0,"gold_gain":0.0,"event_name":"Golden Wing","player_choice":"Card Removal","floor":3.0,"gold_loss":0.0,"damage_taken":7.0},{"damage_healed":0.0,"max_hp_gain":0.0,"max_hp_loss":0.0,"gold_gain":0.0,"event_name":"Liars Game","player_choice":"Ignored","floor":4.0,"gold_loss":0.0,"damage_taken":0.0},{"damage_healed":0,"gold_gain":0,"player_choice":"Became a Ghost","damage_taken":0,"max_hp_gain":0,"max_hp_loss":33,"event_name":"Ghosts","floor":19,"gold_loss":0,"cards_obtained":["Ghostly","Ghostly","Ghostly"]},{"damage_healed":0,"gold_gain":0,"player_choice":"Obtained Relic","damage_taken":0,"relics_obtained":["Orichalcum"],"max_hp_gain":0,"max_hp_loss":0,"event_name":"Addict","floor":31,"gold_loss":85}],"is_beta":false,"boss_relics":[{"not_picked":["Pandora\u0027s Box","Coffee Dripper"],"picked":"WristBlade"}],"items_purged_floors":[],"is_endless":false,"potions_floor_spawned":[7,12,13,20,25,27,30],"killed_by":"Automaton","ascension_level":20}}