{"host":"zv753xhrtese558r","time":1611295364,"event":{"mods":["2.2 Compatiblity","AchievementEnabler","BaseMod","Bestiary","Better Match","Better Note","Better Skull","Better Third Choice","BetterRewards","Colored Map","Colored Powertips","Googly Eyes","Infinite Spire","Minty Spire (QoL Compilation)","Spicy Shops","StSLib"],"gold_per_floor":[117,127,25,25,25,25,44,44,44,59,59,59,59,9,9,128,128,142,142,67,67,80,113,113,113,113,113,43,43,0,0,0,120,120,135,135,155,115,115,115,17,17,17,48,111,126,146,146,146],"floor_reached":48,"language":"ENG","playtime":3069,"items_purged":["Strike_B"],"score":577,"play_id":"f2ed2320-f653-4505-a3c0-259ae4f97291","local_time":"20210121220244","is_ascension_mode":true,"campfire_choices":[{"data":"Zap","floor":6.0,"key":"SMITH"},{"data":"Redo","floor":8.0,"key":"SMITH"},{"floor":12.0,"key":"REST"},{"data":"Dualcast","floor":15.0,"key":"SMITH"},{"floor":24.0,"key":"REST"},{"floor":25.0,"key":"REST"},{"data":"Echo Form","floor":29.0,"key":"SMITH"},{"data":"Fusion","floor":32.0,"key":"SMITH"},{"floor":40.0,"key":"REST"},{"data":"Creative AI","floor":42.0,"key":"SMITH"}],"circlet_count":0,"master_deck":["Strike_B","Strike_B","Defend_B","Defend_B","Defend_B","Zap+1","Dualcast+1","Loop+1","Storm","Conserve Battery","Redo+1","Conserve Battery+1","Hello World","Core Surge","Coolheaded","Fusion+1","Echo Form+1","Lockon+1","Creative AI+1","Sweeping Beam+1","Biased Cognition","Doubt","Static Discharge","Undo+1"],"relics":["Cracked Core","NeowsBlessing","infinitespire:Freezer","Omamori","Golden Idol","SlaversCollar","Art of War","WingedGreaves","Molten Egg 2","Calling Bell","Vajra","Toxic Egg 2","Ice Cream","Eternal Feather","Cursed Key","Du-Vu Doll","InkBottle","infinitespire:Magic Flask"],"acts_visited":["Exordium","TheCity","TheBeyond"],"potions_floor_usage":[46,47,47,48,48],"damage_taken":[{"damage":0.0,"enemies":"2 Louse","floor":1.0,"turns":1.0},{"damage":0.0,"enemies":"Jaw Worm","floor":2.0,"turns":1.0},{"damage":0.0,"enemies":"Small Slimes","floor":7.0,"turns":1.0},{"damage":3.0,"enemies":"2 Fungi Beasts","floor":10.0,"turns":4.0},{"damage":30.0,"enemies":"The Guardian","floor":16.0,"turns":11.0},{"damage":7.0,"enemies":"Shell Parasite","floor":18.0,"turns":5.0},{"damage":12.0,"enemies":"3 Byrds","floor":22.0,"turns":5.0},{"damage":38.0,"enemies":"Slavers","floor":23.0,"turns":6.0},{"damage":21.0,"enemies":"Champ","floor":33.0,"turns":16.0},{"damage":20.0,"enemies":"3 Shapes","floor":35.0,"turns":5.0},{"damage":19.0,"enemies":"3 Darklings","floor":37.0,"turns":6.0},{"damage":31.0,"enemies":"Nemesis","floor":44.0,"turns":5.0},{"damage":15.0,"enemies":"Mind Bloom Boss Battle","floor":45.0,"turns":6.0},{"damage":23,"enemies":"Maw","floor":46,"turns":5},{"damage":0,"enemies":"Transient","floor":47,"turns":5},{"damage":7,"enemies":"Jaw Worm Horde","floor":48,"turns":3}],"seed_played":"4088337191743684032","potions_obtained":[{"floor":1.0,"key":"Ancient Potion"},{"floor":7.0,"key":"Dexterity Potion"},{"floor":16.0,"key":"SkillPotion"},{"floor":18.0,"key":"CultistPotion"},{"floor":22.0,"key":"FocusPotion"},{"floor":23.0,"key":"DuplicationPotion"},{"floor":33.0,"key":"SpeedPotion"},{"floor":35.0,"key":"ColorlessPotion"},{"floor":44.0,"key":"GamblersBrew"},{"floor":45.0,"key":"Explosive Potion"},{"floor":47,"key":"Weak Potion"}],"is_trial":false,"path_per_floor":["M","M","$","?","?","R","M","R","T","M","?","R","$","?","R","B",null,"M","?","$","?","M","E","R","R","T","?","$","R","?","$","R","B",null,"M","?","M","?","AVR","R","$","R","T","E","?","M","M","M"],"character_chosen":"DEFECT","items_purchased":["Conserve Battery","Redo","Lockon+1","Energy Potion"],"campfire_rested":4,"item_purchase_floors":[3,3,28,41],"current_hp_per_floor":[75,75,75,75,63,63,63,63,63,60,60,75,75,75,75,45,75,68,68,68,68,56,18,40,62,62,62,62,62,62,62,62,41,75,55,55,36,36,36,70,70,75,75,44,29,6,6,0,0],"gold":146,"neow_bonus":"THREE_ENEMY_KILL","is_daily":false,"chose_seed":false,"campfire_upgraded":6,"win_rate":0.0,"timestamp":1611295364,"path_taken":["M","M","$","?","?","R","M","R","T","?","?","R","$","?","R","BOSS","M","?","$","?","M","E","R","R","T","?","$","R","?","?","R","BOSS","M","?","?","?","AVR","R","?","R","T","E","?","?","M","M"],"items_purchased_type":["Card","Card","Card","Potion"],"build_version":"2020-12-22","purchased_purges":1,"victory":false,"max_hp_per_floor":[75,75,75,75,75,75,75,75,75,75,75,75,75,75,75,75,75,75,75,75,75,75,75,75,75,75,75,75,75,75,75,75,75,75,75,75,75,75,75,75,75,75,75,75,75,75,75,75,75],"card_choices":[{"not_picked":["Heatsinks","Leap"],"picked":"Loop","floor":1.0},{"not_picked":["Redo","Leap"],"picked":"Storm","floor":2.0},{"not_picked":["Steam","Leap"],"picked":"Conserve Battery","floor":7.0},{"not_picked":["Stack","Barrage"],"picked":"Hello World","floor":10.0},{"not_picked":["Rainbow","All For One"],"picked":"Core Surge","floor":16.0},{"not_picked":["Undo","Leap"],"picked":"Coolheaded","floor":18.0},{"not_picked":["Cold Snap","Rip and Tear+1"],"picked":"Fusion","floor":22.0},{"not_picked":["Heatsinks+1","Leap+1"],"picked":"Echo Form","floor":23.0},{"not_picked":["Buffer","Meteor Strike+1"],"picked":"Creative AI","floor":33.0},{"not_picked":["Turbo+1","Hologram+1"],"picked":"Sweeping Beam+1","floor":35.0},{"not_picked":["Go for the Eyes+1","Barrage+1"],"picked":"Biased Cognition","floor":37.0},{"not_picked":["Stack+1","Genetic Algorithm+1","Beam Cell+1"],"picked":"SKIP","floor":44.0},{"not_picked":["Go for the Eyes+1","Compile Driver+1"],"picked":"Static Discharge","floor":46},{"not_picked":["Fission+1","Fusion+1"],"picked":"Undo+1","floor":47}],"player_experience":397393,"relics_obtained":[{"floor":9.0,"key":"Omamori"},{"floor":23.0,"key":"WingedGreaves"},{"floor":26.0,"key":"Molten Egg 2"},{"floor":34.0,"key":"Vajra"},{"floor":34.0,"key":"Toxic Egg 2"},{"floor":34.0,"key":"Ice Cream"},{"floor":43.0,"key":"Du-Vu Doll"},{"floor":44.0,"key":"InkBottle"},{"floor":45.0,"key":"infinitespire:Magic Flask"}],"event_choices":[{"damage_healed":0.0,"max_hp_gain":0.0,"max_hp_loss":0.0,"gold_gain":0.0,"event_name":"betterThird:BetterScrap","player_choice":"Relic ","floor":5.0,"gold_loss":0.0,"damage_taken":12.0,"cards_obtained":["Glass Knife"]},{"damage_healed":0.0,"max_hp_gain":0.0,"max_hp_loss":0.0,"gold_gain":0.0,"event_name":"Golden Idol","player_choice":"Take Wound","floor":11.0,"gold_loss":0.0,"damage_taken":0.0,"relics_obtained":["Golden Idol"],"cards_obtained":["Injury"]},{"cards_removed":["Defend_B"],"damage_healed":0.0,"max_hp_gain":0.0,"max_hp_loss":0.0,"gold_gain":0.0,"event_name":"The Cleric","player_choice":"Card Removal","floor":14.0,"gold_loss":50.0,"damage_taken":0.0},{"damage_healed":0.0,"max_hp_gain":0.0,"max_hp_loss":0.0,"gold_gain":0.0,"event_name":"The Mausoleum","player_choice":"Opened","floor":19.0,"gold_loss":0.0,"damage_taken":0.0,"relics_obtained":["Art of War"]},{"damage_healed":0.0,"max_hp_gain":0.0,"max_hp_loss":0.0,"gold_gain":0.0,"event_name":"betterThird:BetterWriting","player_choice":"Adaptability","floor":21.0,"gold_loss":0.0,"damage_taken":0.0},{"damage_healed":0.0,"max_hp_gain":0.0,"max_hp_loss":0.0,"gold_gain":0.0,"event_name":"Ghosts","player_choice":"Ignored","floor":27.0,"gold_loss":0.0,"damage_taken":0.0},{"damage_healed":0.0,"max_hp_gain":0.0,"max_hp_loss":0.0,"gold_gain":0.0,"event_name":"Masked Bandits","player_choice":"Paid Fearfully","floor":30.0,"gold_loss":43.0,"damage_taken":0.0},{"cards_removed":["Strike_B"],"damage_healed":0.0,"max_hp_gain":0.0,"max_hp_loss":0.0,"gold_gain":0.0,"event_name":"Bonfire Elementals","player_choice":"Offered Basic","floor":36.0,"gold_loss":0.0,"damage_taken":0.0},{"damage_healed":0.0,"max_hp_gain":0.0,"max_hp_loss":0.0,"gold_gain":0.0,"event_name":"Designer","player_choice":"Upgraded Two","floor":38.0,"gold_loss":40.0,"damage_taken":0.0,"cards_upgraded":["Loop","Conserve Battery"]},{"damage_healed":0.0,"max_hp_gain":0.0,"max_hp_loss":0.0,"gold_gain":0.0,"event_name":"MindBloom","player_choice":"Fight","floor":45.0,"gold_loss":0.0,"damage_taken":0.0}],"is_beta":false,"boss_relics":[{"not_picked":["Empty Cage","Snecko Eye"],"picked":"SlaversCollar"},{"not_picked":["Astrolabe","Pandora\u0027s Box"],"picked":"Calling Bell"}],"items_purged_floors":[20],"is_endless":false,"potions_floor_spawned":[1,7,16,18,22,23,33,35,44,45,47],"killed_by":"Jaw Worm Horde","ascension_level":4}}