{"host":"2zc57igszyqgae0y","time":1611315938,"event":{"mods":["ATMod(°¢èªMod)","Act Like it!","Aspiration","BaseMod","CapriCore","GifTheSpireLib","Minty Spire (QoL Compilation)","Quick Restart","Rare Cards Sparkle","Replay The Spire","RumiaBox-Â¶Ã×æ«µÄÉñÃØºÐ×Ó","Shop Mod","StSLib","[IsaacMod]ÒÔÈö¼âËþ","vexMod","¡¾ÒÅÎï¿¨ÅÆ¡¿REMEMod"],"gold_per_floor":[117,117,42,42,58,85,85,101,124,149,160,195,41,41,41,141,141,155,169,179,195,195,195,228,248,274,14,14,45,109,127,127,329,995,1006,878,878,878,1028,1163,1163,1163,1163,1292,1305,1305,1305,1316,1316,1516],"floor_reached":51,"language":"ZHS","playtime":1934,"items_purged":["Strike_P","Pride"],"score":1240,"play_id":"24b2152a-771e-4a1a-973d-bccf3046b103","local_time":"20210122194538","is_ascension_mode":true,"campfire_choices":[{"data":"Eruption","floor":7.0,"key":"SMITH"},{"data":"AT_FamilyPortrait","floor":15.0,"key":"SMITH"},{"data":"AT_EmpoweredMortalDraw","floor":23.0,"key":"SMITH"},{"data":"Fasting2","floor":28.0,"key":"SMITH"},{"floor":32.0,"key":"DIG"},{"data":"WheelKick","floor":41,"key":"SMITH"},{"floor":46,"key":"REST"},{"data":"AT_MachinaRedman","floor":49,"key":"SMITH"}],"circlet_count":0,"master_deck":["Strike_P+1","Strike_P","Defend_P+1","Defend_P","Defend_P+1","Defend_P+1","Eruption+1","Vigilance","LessonLearned","AT_FamilyPortrait+1","FollowUp","Wallop","AT_MachinaRedman+1","Fasting2+1","DevaForm","AT_EmpoweredMortalDraw+1","CutThroughFate+1","WheelKick+1","Omniscience+1","Pride","Pride","Wallop","Protect","AT_MachinaRedman+1"],"relics":["PureWater","HushsDoor","AT_ATBox","REME_ComplimentaryCards","NeowsBlessing","MagicDraw2","Ccalipers","AT_SunfireAegis","AT_EbonyIvory","HandDrill","AT_MortalBlade","Orichalcum","MerchantsRug","AT_TheCollector","SteamSale","Blue Candle","vexMod:RockOfEvil","Replay:Wax Seal","Durian","MagicDraw4","BookOfRevelations","ReplayTheSpireMod:TigerMarble"],"acts_visited":["Exordium","TheCity","TheBeyond"],"potions_floor_usage":[48],"damage_taken":[{"damage":0.0,"enemies":"Cultist","floor":1.0,"turns":2.0},{"damage":1.0,"enemies":"2 Louse","floor":5.0,"turns":2.0},{"damage":0.0,"enemies":"3 Sentries","floor":6.0,"turns":2.0},{"damage":0.0,"enemies":"Jaw Worm","floor":8.0,"turns":3.0},{"damage":7.0,"enemies":"Replay:BlueRogue","floor":10.0,"turns":2.0},{"damage":9.0,"enemies":"Gremlin Gang","floor":11.0,"turns":3.0},{"damage":0.0,"enemies":"Gremlin Nob","floor":12.0,"turns":1.0},{"damage":0.0,"enemies":"Fading Forest","floor":16.0,"turns":12.0},{"damage":0.0,"enemies":"Spheric Guardian","floor":18.0,"turns":1.0},{"damage":4.0,"enemies":"Shell Parasite","floor":19.0,"turns":3.0},{"damage":0.0,"enemies":"Cultist and Chosen","floor":20.0,"turns":3.0},{"damage":0.0,"enemies":"3 Cultists","floor":21.0,"turns":2.0},{"damage":0.0,"enemies":"Book of Stabbing","floor":24.0,"turns":2.0},{"damage":0.0,"enemies":"Snecko","floor":25.0,"turns":2.0},{"damage":0.0,"enemies":"REME_1_Revenger","floor":29.0,"turns":2.0},{"damage":0.0,"enemies":"Cultist and Chosen","floor":31.0,"turns":3.0},{"damage":50.0,"enemies":"Collector","floor":33.0,"turns":5.0},{"damage":42.0,"enemies":"3 Darklings","floor":35.0,"turns":4.0},{"damage":2,"enemies":"Mind Bloom Boss Battle","floor":39,"turns":4},{"damage":2,"enemies":"Nemesis","floor":40,"turns":4},{"damage":0,"enemies":"Giant Head","floor":44,"turns":4},{"damage":0,"enemies":"3 Shapes","floor":45,"turns":1},{"damage":0,"enemies":"Maw","floor":48,"turns":4},{"damage":15,"enemies":"Replay:Hell Engine","floor":50,"turns":5}],"seed_played":"-5717551766895482612","potions_obtained":[{"floor":5.0,"key":"BottledMiracle"},{"floor":6.0,"key":"PowerPotion"},{"floor":8.0,"key":"Toxic Potion"},{"floor":19.0,"key":"Dexterity Potion"},{"floor":39,"key":"DistilledChaos"},{"floor":40,"key":"CultistPotion"}],"is_trial":false,"path_per_floor":["M","?","$","?","M","E","R","M","T","E","M","E","$","?","R","B",null,"M","M","M","M","T","R","E","M","T","$","R","E","$","M","R","B",null,"M","$","?","?","?","E","R","?","T","E","M","R","?","M","R","B",null],"character_chosen":"WATCHER","items_purchased":["HandDrill","MerchantsRug","AT_TheCollector","Replay:Wax Seal","Wallop"],"campfire_rested":1,"item_purchase_floors":[13,27,27,36,36],"current_hp_per_floor":[65,65,65,65,64,64,64,64,64,57,48,48,48,48,48,64,70,70,66,66,66,66,66,66,66,66,66,66,66,66,66,66,16,58,16,16,16,16,19,17,17,17,17,21,25,48,48,52,52,41],"gold":1516,"neow_bonus":"THREE_ENEMY_KILL","is_daily":false,"chose_seed":false,"campfire_upgraded":6,"win_rate":0.0,"timestamp":1611315938,"path_taken":["M","?","$","?","M","E","R","M","T","E","M","E","$","?","R","BOSS","M","?","M","M","?","R","E","M","T","$","R","E","$","M","R","BOSS","M","$","?","?","?","E","R","?","T","E","M","R","?","M","R","BOSS"],"items_purchased_type":["Relic","Relic","Relic","Relic","Card"],"build_version":"2020-12-22","purchased_purges":2,"victory":true,"max_hp_per_floor":[72,72,72,72,72,72,72,72,72,72,72,72,72,72,72,72,72,72,72,72,72,72,72,72,72,72,72,72,72,72,72,72,72,72,72,72,72,72,77,77,77,77,77,77,77,77,77,77,77,77],"card_choices":[{"not_picked":["Protect","ReachHeaven"],"picked":"FollowUp","floor":1.0},{"not_picked":["SashWhip","ClearTheMind"],"picked":"SandsOfTime","floor":5.0},{"not_picked":["LikeWater","Prostrate","SashWhip"],"picked":"SKIP","floor":6.0},{"not_picked":["Pray","Protect"],"picked":"Wallop","floor":8.0},{"not_picked":["TalkToTheHand","EmptyFist"],"picked":"AT_MachinaRedman","floor":10.0},{"not_picked":["CarveReality","Halt"],"picked":"Fasting2","floor":11.0},{"not_picked":["ThirdEye","REME_EmptyShield","Crescendo"],"picked":"SKIP","floor":12.0},{"not_picked":["ConjureBlade","LessonLearned"],"picked":"DevaForm","floor":16.0},{"not_picked":["Replay:AtTheReady","Halt+1","AT_SoftenMuscles"],"picked":"SKIP","floor":18.0},{"not_picked":["AT_OneInchPunch","EmptyFist"],"picked":"CutThroughFate","floor":19.0},{"not_picked":["Protect+1","EmptyFist","Replay:AtTheReady"],"picked":"SKIP","floor":20.0},{"not_picked":["CrushJoints","BowlingBash","WreathOfFlame"],"picked":"SKIP","floor":21.0},{"not_picked":["Replay:Battleflow","REME_WorshipGod","Halt+1"],"picked":"SKIP","floor":24.0},{"not_picked":["Wallop","PathToVictory"],"picked":"WheelKick","floor":25.0},{"not_picked":["AT_SoftenMuscles","SashWhip+1","CrushJoints"],"picked":"SKIP","floor":29.0},{"not_picked":["BowlingBash+1","Replay:Anticipation","Brilliance"],"picked":"SKIP","floor":31.0},{"not_picked":["DeusExMachina","Replay:LoomingThreat"],"picked":"Omniscience","floor":33.0},{"not_picked":["LikeWater","Evaluate","FlyingSleeves+1"],"picked":"SKIP","floor":35.0},{"not_picked":["Collect","AT_RealFormLess+1","Sanctity+1"],"picked":"SKIP","floor":40},{"not_picked":["ThirdEye","Replay:BluntJabs+1","EmptyBody+1"],"picked":"SKIP","floor":44},{"not_picked":["Replay:Anticipation+1","EmptyFist+1","Weave"],"picked":"SKIP","floor":45},{"not_picked":["Consecrate+1","EmptyBody"],"picked":"AT_MachinaRedman","floor":48}],"player_experience":309427,"relics_obtained":[{"floor":6.0,"key":"MagicDraw2"},{"floor":9.0,"key":"Ccalipers"},{"floor":10.0,"key":"AT_SunfireAegis"},{"floor":12.0,"key":"AT_EbonyIvory"},{"floor":22.0,"key":"StoneCalendar"},{"floor":24.0,"key":"Orichalcum"},{"floor":26.0,"key":"Boot"},{"floor":29.0,"key":"aspiration:SeaSaltIceCream"},{"floor":32.0,"key":"Blue Candle"},{"floor":39,"key":"Durian"},{"floor":40,"key":"MagicDraw4"},{"floor":43,"key":"BookOfRevelations"},{"floor":44,"key":"ReplayTheSpireMod:TigerMarble"}],"event_choices":[{"cards_removed":["Strike_P"],"damage_healed":0.0,"max_hp_gain":0.0,"max_hp_loss":0.0,"gold_gain":0.0,"event_name":"Purifier","player_choice":"Purged","floor":14.0,"gold_loss":0.0,"damage_taken":0.0},{"damage_healed":0,"gold_gain":0,"player_choice":"1 cards matched","damage_taken":0,"max_hp_gain":0,"max_hp_loss":0,"event_name":"Match and Keep!","floor":37,"gold_loss":0,"cards_obtained":["Protect"]},{"damage_healed":0,"gold_gain":0,"player_choice":"Upgraded","damage_taken":0,"max_hp_gain":0,"max_hp_loss":0,"event_name":"Upgrade Shrine","floor":38,"gold_loss":0,"cards_upgraded":["Omniscience"]},{"damage_healed":0,"gold_gain":0,"player_choice":"Fight","damage_taken":0,"max_hp_gain":0,"max_hp_loss":0,"event_name":"MindBloom","floor":39,"gold_loss":0},{"cards_removed":["SandsOfTime"],"damage_healed":0,"gold_gain":0,"player_choice":"Purged","damage_taken":0,"max_hp_gain":0,"max_hp_loss":0,"event_name":"Purifier","floor":42,"gold_loss":0}],"is_beta":false,"boss_relics":[{"not_picked":["EasyGame_NEW","Replay:Ancient Bell"],"picked":"AT_MortalBlade"},{"not_picked":[]},{"not_picked":["Kintsugi","Replay:Wanted Poster"],"picked":"vexMod:RockOfEvil"},{"not_picked":[]}],"items_purged_floors":[3,36],"is_endless":false,"potions_floor_spawned":[5,6,8,19,20,31,39,40],"ascension_level":9}}