{"host":"xp5rvh2jwe2ejyfm","time":1611348329,"event":{"mods":["BaseMod","Downfall","Duelist Mod","GifTheSpireLib","Gremlin Mod","Hermit","Hubris","Minty Spire (QoL Compilation)","Robot Space Explorer","StSLib","The Blackbeard","The Clintock","The Construct","The Cursed","The Disciple","The Forsaken","The Hierophant","The Necromancer","The Runesmith","The Servant 0.9.4"],"gold_per_floor":[99,114,133,149,162,62,62,74,74,74,149,149,149,176,191,191,191,191],"floor_reached":16,"language":"ENG","playtime":507,"items_purged":[],"score":102,"play_id":"1f71e686-6696-42ea-b6c2-f31054fdaec3","local_time":"20210122154529","is_ascension_mode":false,"campfire_choices":[{"floor":1,"key":"RECALL"},{"data":"Slimebound:Split","floor":6,"key":"SMITH"},{"data":"Slimebound:AcidTongue","floor":9,"key":"SMITH"},{"data":"Slimebound:CorrosiveSpit","floor":12,"key":"SMITH"}],"circlet_count":0,"master_deck":["Slimebound:Strike_Slimebound","Slimebound:Strike_Slimebound","Slimebound:Strike_Slimebound","Slimebound:Tackle","Slimebound:Defend_Slimebound","Slimebound:Defend_Slimebound","Slimebound:Defend_Slimebound","Slimebound:Defend_Slimebound+1","Slimebound:Split+1","Slimebound:CorrosiveSpit+1","Slimebound:SpikyOuterGoop+1","Slimebound:AcidTongue+1","Slimebound:HauntingLick+1","Slimebound:LivingWall","Slimebound:SplitBruiser","Slimebound:Chomp","downfall:Malfunctioning","Slimebound:Schlurp","Slimebound:RollThrough"],"relics":["Slimebound:AbsorbEndCombat","downfall:HeartBlessingRed","Ornamental Fan","Slimebound:StickyStick","Orichalcum"],"acts_visited":["Exordium"],"potions_floor_usage":[14,16,16],"damage_taken":[{"damage":0,"enemies":"Small Slimes","floor":2,"turns":3},{"damage":1,"enemies":"2 Louse","floor":3,"turns":3},{"damage":14,"enemies":"Jaw Worm","floor":4,"turns":5},{"damage":19,"enemies":"Lots of Slimes","floor":5,"turns":5},{"damage":0,"enemies":"Large Slime","floor":8,"turns":4},{"damage":35,"enemies":"Lagavulin","floor":14,"turns":7},{"damage":5,"enemies":"Exordium Wildlife","floor":15,"turns":4},{"damage":10,"enemies":"DF_ARCHETYPE_STREAMLINE","floor":16,"turns":4}],"seed_played":"7993014611763840","potions_obtained":[{"floor":2,"key":"EssenceOfSteel"},{"floor":3,"key":"CultistPotion"},{"floor":4,"key":"SmokeBomb"},{"floor":8,"key":"SkillPotion"},{"floor":15,"key":"hexamod:SoulburnPotion"}],"is_trial":false,"path_per_floor":["R","M","M","M","M","R","T","M","R","?","?","R","?","E","M","B"],"character_chosen":"SLIMEBOUND","items_purchased":[],"campfire_rested":0,"item_purchase_floors":[],"current_hp_per_floor":[65,65,65,55,44,44,44,48,48,48,48,48,36,9,10,2,2,2],"gold":191,"neow_bonus":"THREE_CARDS","is_daily":false,"chose_seed":false,"campfire_upgraded":3,"win_rate":0.0,"timestamp":1611348329,"path_taken":["R","M","M","M","M","R","T","M","R","?","?","R","?","E","M","BOSS"],"items_purchased_type":[],"build_version":"2020-12-22","purchased_purges":0,"victory":false,"max_hp_per_floor":[65,65,65,65,65,65,65,65,65,65,65,65,65,65,65,65,65,65],"card_choices":[{"not_picked":["Slimebound:SplitAcid","Slimebound:DisruptingSlam"],"picked":"Slimebound:SpikyOuterGoop","floor":0},{"not_picked":["Slimebound:RainOfGoop","Slimebound:SplitAcid"],"picked":"Slimebound:AcidTongue","floor":2},{"not_picked":["Slimebound:SplitBruiser","Slimebound:LeechEnergy"],"picked":"Slimebound:HauntingLick","floor":3},{"not_picked":["Slimebound:Dissolve","Slimebound:SplitLeeching"],"picked":"Slimebound:LivingWall","floor":4},{"not_picked":["Slimebound:Dissolve","Slimebound:SlimeBrawl"],"picked":"Slimebound:SplitBruiser","floor":5},{"not_picked":["Slimebound:ComboTackle","Slimebound:GoopTackle"],"picked":"Slimebound:Chomp","floor":8},{"not_picked":["Slimebound:Recycling","Slimebound:Overexert"],"picked":"Slimebound:Schlurp","floor":14},{"not_picked":["Slimebound:LivingWall","Slimebound:GoopTackle"],"picked":"Slimebound:RollThrough","floor":15}],"player_experience":307710,"relics_obtained":[{"floor":7,"key":"Ornamental Fan"},{"floor":14,"key":"Orichalcum"}],"event_choices":[{"damage_healed":0,"gold_gain":0,"player_choice":"Success","damage_taken":12,"relics_obtained":["Slimebound:StickyStick"],"max_hp_gain":0,"max_hp_loss":0,"event_name":"Scrap Ooze","floor":13,"gold_loss":0}],"is_beta":false,"boss_relics":[],"items_purged_floors":[],"is_endless":false,"potions_floor_spawned":[2,3,4,8,15],"killed_by":"DF_ARCHETYPE_STREAMLINE","ascension_level":0}}