{"host":"djjpvtbajazjoxm7","time":1611307163,"event":{"mods":["100% Spire Juice","Act Like it!","Arknights The Spire","Ascension Reborn","BaseMod","CapriCore","GungeonMod","KOR Keyword Fix","Lobotomy","Minty Spire (QoL Compilation)","Replay The Spire","StSLib","The Gatherer","The Hierophant","The Immortal","Waifu the Spire"],"gold_per_floor":[110,124,183,283,293,293,321,214,94,108,135,15,50,61,61,158,38,58,70,90,103,103,129,54,69,69,69,22,38,63,80,80,185,65,82,99,99,0,16,16,31,31,55,55,55,55,55],"floor_reached":46,"language":"KOR","playtime":2004,"items_purged":[],"score":509,"play_id":"5b3da4b3-779f-48f0-83e4-7012f3355269","local_time":"20210122181923","is_ascension_mode":true,"campfire_choices":[{"data":"Moonworks:x16BigRocket","floor":6.0,"key":"SMITH"},{"floor":15.0,"key":"RECALL"},{"floor":27.0,"key":"REST"},{"data":"Moonworks:HolyNight","floor":32.0,"key":"SMITH"},{"floor":40.0,"key":"REST"},{"floor":42.0,"key":"REST"},{"data":"Moonworks:CrystalBarrier","floor":44.0,"key":"SMITH"}],"circlet_count":0,"master_deck":["Moonworks:Strike","Moonworks:Strike","Moonworks:Strike","Moonworks:Strike","Moonworks:Defend","Moonworks:Defend","Moonworks:Defend","Moonworks:Ambush","Moonworks:LongDistanceShot","Moonworks:SakisCookie","Moonworks:EvilSpyWorkPreparation+1","Moonworks:Dinner","Moonworks:SweetBattle","Moonworks:x16BigRocket+2","Moonworks:RagingMadness","Moonworks:DeployBits","Moonworks:SakisCookie","Moonworks:AwakeningOfTalent","Moonworks:SweetBattle+1","Moonworks:DevilHand","Moonworks:HolyNight+1","Moonworks:ImOnFire","Moonworks:BigMagnum","Moonworks:BindingChains","Moonworks:ScrambledEve+1","Moonworks:MiracleRedBeanIceCream","Moonworks:Bloodlust+1","Moonworks:CloudOfSeagulls+1","Moonworks:ForcedRevival","Moonworks:LulusLuckyEgg+1","Moonworks:RocketCannon+1","Moonworks:JonathanRush+1","Moonworks:SakisCookie+1","Moonworks:CrystalBarrier+1"],"relics":["Moonworks:BrokenBomb","Moonworks:Homemark","Onion Ring","Mirror","Vajra","Nunchaku","DemoMod:RiddleOfLead","MutagenicStrength","Bag of Preparation","Molten Egg 2","War Paint","Red Mask","Blue Doll"],"acts_visited":["Exordium","TheCity","TheBeyond"],"potions_floor_usage":[],"damage_taken":[{"damage":10.0,"enemies":"Jaw Worm","floor":1.0,"turns":5.0},{"damage":9.0,"enemies":"Cultist","floor":2.0,"turns":4.0},{"damage":0.0,"enemies":"2 Louse","floor":5.0,"turns":1.0},{"damage":31.0,"enemies":"Replay:BlueRogue","floor":7.0,"turns":5.0},{"damage":11.0,"enemies":"Gremlin Gang","floor":8.0,"turns":3.0},{"damage":0.0,"enemies":"Blue Slaver","floor":10.0,"turns":3.0},{"damage":10.0,"enemies":"Lagavulin","floor":11.0,"turns":7.0},{"damage":4.0,"enemies":"Gremlin Nob","floor":13.0,"turns":3.0},{"damage":1.0,"enemies":"Exordium Wildlife","floor":14.0,"turns":4.0},{"damage":22.0,"enemies":"Slime Boss","floor":16.0,"turns":9.0},{"damage":0.0,"enemies":"Chosen","floor":18.0,"turns":3.0},{"damage":13.0,"enemies":"3 Byrds","floor":19.0,"turns":6.0},{"damage":19.0,"enemies":"Shelled Parasite and Fungi","floor":20.0,"turns":4.0},{"damage":21.0,"enemies":"3 Cultists","floor":21.0,"turns":5.0},{"damage":6.0,"enemies":"Slavers","floor":23.0,"turns":4.0},{"damage":15.0,"enemies":"Chosen and Byrds","floor":25.0,"turns":4.0},{"damage":29.0,"enemies":"Snake Plant","floor":29.0,"turns":4.0},{"damage":15.0,"enemies":"Gremlin Leader","floor":30.0,"turns":4.0},{"damage":21.0,"enemies":"Cultist and Chosen","floor":31.0,"turns":4.0},{"damage":62.0,"enemies":"Collector","floor":33.0,"turns":8.0},{"damage":39.0,"enemies":"3 Darklings","floor":35.0,"turns":4.0},{"damage":49.0,"enemies":"3 Shapes","floor":36.0,"turns":5.0},{"damage":7.0,"enemies":"Jaw Worm Horde","floor":39.0,"turns":3.0},{"damage":63.0,"enemies":"Writhing Mass","floor":41.0,"turns":5.0},{"damage":87,"enemies":"Nemesis","floor":46,"turns":6}],"seed_played":"-232731653446596997","potions_obtained":[{"floor":1.0,"key":"Adrenaline Potion"},{"floor":2.0,"key":"Swift Potion"},{"floor":5.0,"key":"PowerPotion"},{"floor":10.0,"key":"BlessingOfTheForge"},{"floor":13.0,"key":"DemoMod:LeadSkinPotion"},{"floor":16.0,"key":"DuplicationPotion"},{"floor":21.0,"key":"SteroidPotion"},{"floor":23.0,"key":"DemoMod:LeadSkinPotion"},{"floor":29.0,"key":"FearPotion"},{"floor":30.0,"key":"Explosive Potion"},{"floor":33.0,"key":"Swift Potion"},{"floor":35.0,"key":"GamblersBrew"}],"is_trial":false,"path_per_floor":["M","M","?","?","M","R","E","M","T","M","E","?","E","M","R","B",null,"M","M","M","M","?","E","?","M","T","R","$","M","E","M","R","B",null,"M","M","?","?","M","R","M","R","T","R","$","E"],"character_chosen":"THE_STARBREAKER","items_purchased":["Moonworks:CloudOfSeagulls+1"],"campfire_rested":3,"item_purchase_floors":[28],"current_hp_per_floor":[56,49,49,49,52,52,29,18,18,23,20,20,21,41,41,33,76,76,63,52,39,39,33,33,28,28,50,50,32,44,47,47,39,76,46,17,17,17,17,39,15,37,37,37,37,0,0],"gold":55,"neow_bonus":"TEN_PERCENT_HP_BONUS","is_daily":false,"chose_seed":false,"campfire_upgraded":3,"win_rate":0.0,"timestamp":1611307163,"path_taken":["M","M","?","?","M","R","E","?","T","M","E","?","E","M","R","BOSS","M","M","?","M","?","E","?","M","T","R","?","M","E","M","R","BOSS","M","M","?","?","M","R","M","R","T","R","$","E"],"items_purchased_type":["Card"],"build_version":"2020-12-22","purchased_purges":0,"victory":false,"max_hp_per_floor":[66,66,66,66,66,66,66,66,66,66,66,66,66,66,66,66,76,76,76,76,76,76,76,76,76,76,76,76,76,76,76,76,76,76,76,76,76,76,76,76,76,76,76,76,76,76,76],"card_choices":[{"not_picked":["Moonworks:Assault","Moonworks:MixPhenomenon"],"picked":"Moonworks:SakisCookie","floor":1.0},{"not_picked":["Moonworks:IndiscriminateFireSupport","Moonworks:CloudOfSeagulls"],"picked":"Moonworks:EvilSpyWorkPreparation","floor":2.0},{"not_picked":["Moonworks:DeployBits","Moonworks:ImOnFire"],"picked":"Moonworks:Dinner","floor":3.0},{"not_picked":["Moonworks:EvilSpyWorkPreparation","Moonworks:DeployBits"],"picked":"Moonworks:SweetBattle","floor":3.0},{"not_picked":["Moonworks:Assault","Moonworks:MiracleRedBeanIceCream"],"picked":"Moonworks:x16BigRocket","floor":5.0},{"not_picked":["Moonworks:EvilSpyWorkPreparation","Moonworks:RedAndBlue"],"picked":"Moonworks:RagingMadness","floor":7.0},{"not_picked":["Moonworks:ImOnFire","Moonworks:Assault"],"picked":"Moonworks:DeployBits","floor":8.0},{"not_picked":["Moonworks:BigMagnum","Moonworks:IndiscriminateFireSupport"],"picked":"Moonworks:SakisCookie","floor":10.0},{"not_picked":["Moonworks:IndiscriminateFireSupport","Moonworks:ExtendedPhotonRifle"],"picked":"Moonworks:AwakeningOfTalent","floor":11.0},{"not_picked":["Moonworks:MixPhenomenon","Moonworks:ImOnFire"],"picked":"Moonworks:SweetBattle","floor":13.0},{"not_picked":["Moonworks:RagingMadness","Moonworks:EvilSpyWorkPreparation"],"picked":"Moonworks:DevilHand","floor":14.0},{"not_picked":["Moonworks:GoAway","Moonworks:FinalBattle"],"picked":"Moonworks:HolyNight","floor":16.0},{"not_picked":["Moonworks:ReproductionOfRecords","Moonworks:DeployBits"],"picked":"Moonworks:ImOnFire","floor":18.0},{"not_picked":["Moonworks:DeployBits","Moonworks:DevilHand"],"picked":"Moonworks:BigMagnum","floor":19.0},{"not_picked":["Moonworks:DeployBits","Moonworks:BigMagnum+1"],"picked":"Moonworks:BindingChains","floor":20.0},{"not_picked":["Moonworks:RagingMadness","Moonworks:EvilSpyWorkPreparation"],"picked":"Moonworks:ScrambledEve+1","floor":21.0},{"not_picked":["Moonworks:ReproductionOfRecords+1","Moonworks:RedAndBlue"],"picked":"Moonworks:MiracleRedBeanIceCream","floor":23.0},{"not_picked":["Moonworks:SakisCookie+1","Moonworks:JonathanRush+1"],"picked":"Moonworks:Bloodlust+1","floor":25.0},{"not_picked":["Moonworks:CastOff","Moonworks:ImOnFire"],"picked":"Moonworks:ForcedRevival","floor":29.0},{"not_picked":["Moonworks:ImOnFire","Moonworks:EvilSpyWorkPreparation","Moonworks:WeAreWaruda"],"picked":"SKIP","floor":30.0},{"not_picked":["Moonworks:IndiscriminateFireSupport+1","Moonworks:Flamethrower"],"picked":"Moonworks:LulusLuckyEgg+1","floor":31.0},{"not_picked":["Moonworks:WeAreWaruda","Moonworks:HolyNight"],"picked":"Moonworks:RocketCannon+1","floor":33.0},{"not_picked":["Moonworks:DeployBits","Moonworks:NicePresent+1"],"picked":"Moonworks:JonathanRush+1","floor":35.0},{"not_picked":["Moonworks:NicePresent+1","Moonworks:BigMagnum+1"],"picked":"Moonworks:SakisCookie+1","floor":36.0},{"not_picked":["Moonworks:ImOnFire+1","Moonworks:IntelligenceOfficer+1","Moonworks:Poppoformation"],"picked":"SKIP","floor":39.0},{"not_picked":["Moonworks:IndiscriminateFireSupport+1","Moonworks:ImmovableObject+1"],"picked":"Moonworks:CrystalBarrier","floor":41.0}],"player_experience":198795,"relics_obtained":[{"floor":3.0,"key":"Onion Ring"},{"floor":7.0,"key":"Mirror"},{"floor":11.0,"key":"Vajra"},{"floor":13.0,"key":"Nunchaku"},{"floor":23.0,"key":"Bag of Preparation"},{"floor":26.0,"key":"Molten Egg 2"},{"floor":30.0,"key":"War Paint"},{"floor":43.0,"key":"Blue Doll"}],"event_choices":[{"damage_healed":0.0,"max_hp_gain":0.0,"max_hp_loss":0.0,"gold_gain":100.0,"event_name":"Golden Shrine","player_choice":"Pray","floor":4.0,"gold_loss":0.0,"damage_taken":0.0},{"damage_healed":0.0,"max_hp_gain":0.0,"max_hp_loss":0.0,"gold_gain":0.0,"event_name":"Accursed Blacksmith","player_choice":"Forge","floor":12.0,"gold_loss":0.0,"damage_taken":0.0,"cards_upgraded":["Moonworks:x16BigRocket"]},{"damage_healed":0.0,"max_hp_gain":0.0,"max_hp_loss":0.0,"gold_gain":0.0,"event_name":"Drug Dealer","player_choice":"Inject Mutagens","floor":22.0,"gold_loss":0.0,"damage_taken":0.0,"relics_obtained":["MutagenicStrength"]},{"cards_removed":["Moonworks:Defend"],"damage_healed":0.0,"max_hp_gain":0.0,"max_hp_loss":0.0,"gold_gain":0.0,"event_name":"Beggar","player_choice":"Gave Gold","floor":24.0,"gold_loss":75.0,"damage_taken":0.0},{"damage_healed":0.0,"max_hp_gain":0.0,"max_hp_loss":0.0,"gold_gain":0.0,"event_name":"Mysterious Sphere","player_choice":"Ignored","floor":37.0,"gold_loss":0.0,"damage_taken":0.0},{"damage_healed":0.0,"max_hp_gain":0.0,"max_hp_loss":0.0,"gold_gain":0.0,"event_name":"Tomb of Lord Red Mask","player_choice":"Paid","floor":38.0,"gold_loss":99.0,"damage_taken":0.0,"relics_obtained":["Red Mask"]}],"is_beta":false,"boss_relics":[{"not_picked":["Runic Pyramid","Replay:Wanted Poster"],"picked":"DemoMod:RiddleOfLead"},{"not_picked":["Velvet Choker","Kintsugi","Replay:Drink Me"]}],"items_purged_floors":[],"is_endless":false,"potions_floor_spawned":[1,2,5,10,13,16,21,23,29,30,33,35],"killed_by":"Nemesis","ascension_level":0}}