{"host":"mp58o87p0odjvmog","time":1611346147,"event":{"mods":["BaseMod","BetterRewards","Colored Map","Hubris","Infinite Spire","Marisa????????","Minty Spire (QoL Compilation)","Replay The Spire","StSLib","The Servant 0.9.4"],"gold_per_floor":[115,130,130,130,143,143,168,168,192,267,267,292,292,327,327,446,546,605,530,530,530,530,617,617,682,682,767,485,575,575,669,669,833,833,911,990,990,1061,1133,1133,1226,1226,1276,1362,1362,1484,744,814,814,972,972,1034,1034,1103,626,688,764,838,907,907,985,985,985,1050,1109,1109,1236,1341,1390,1315,1315,1360,861,904,904,939,963,963,878,894,614,654,654,796,796,886,985,985,1055,1055,1016,1016],"floor_reached":91,"language":"ENG","playtime":3034,"items_purged":["Overencumbered","Strike_G","Strike_G","hubris:Greed","Pot Of Greed","hubris:Greed","hubris:Greed","Pot Of Greed"],"score":2389,"play_id":"cb431260-106c-49d7-bec6-76dbfd9cc4ec","local_time":"20210122140907","is_ascension_mode":false,"campfire_choices":[{"data":"Cloak And Dagger","floor":6,"key":"SMITH"},{"data":"Bandage Up","floor":8,"key":"SMITH"},{"floor":13,"key":"REST"},{"data":"A Thousand Cuts","floor":30,"key":"SMITH"},{"data":"Pot Of Greed","floor":32,"key":"SMITH"},{"data":"Pot Of Greed","floor":40,"key":"SMITH"},{"data":"Pot Of Greed","floor":42,"key":"SMITH"},{"floor":49,"key":"REST"},{"data":"hubris:InfiniteBlow","floor":63,"key":"SMITH"},{"floor":66,"key":"DIG"},{"data":"hubris:InfiniteBlow+1","floor":75,"key":"SMITH"},{"data":"Cloak And Dagger","floor":78,"key":"SMITH"},{"floor":83,"key":"DIG"}],"circlet_count":0,"master_deck":["Strike_G","Strike_G","Defend_G","Defend_G","Defend_G+1","Defend_G","Defend_G","Survivor","Neutralize","Bandage Up+1","Blade Dance","Backstab","Cloak And Dagger+1","Cloak And Dagger","Pot Of Greed+1","Pot Of Greed+1","hubris:Greed","Cloak And Dagger+1","hubris:Greed","ReplayTheSpireMod:Speed Training","A Thousand Cuts+1","hubris:Greed","hubris:Greed","hubris:Greed","hubris:Greed","hubris:Greed","Flying Knee+1","Acrobatics","Master of Strategy+1","Pot Of Greed+1","Fluid Movement","Dagger Throw+1","After Image+1","CurseOfTheBell","Flying Knee+1","Cloak And Dagger+1","Madness+1","Madness","Infinite Blades+1","Acrobatics","Acrobatics","After Image+1","Pot Of Greed+1","Hidden Blade+1","Discovery","Blade Dance","Infinite Blades+1","hubris:Greed","Tools of the Trade+1","Blade Dance","hubris:InfiniteBlow+2","Envenom+1","Concentrate","Hidden Blade+1","Cloak And Dagger+1","Replay:Fractal Strike","ReplayTheSpireMod:The Works","Accuracy+1","Hidden Blade+1","Adrenaline+1","ReplayTheSpireMod:Chaos Vortex+1"],"relics":["Ring of the Snake","Du-Vu Doll","Grinning Jar","ReplayTheSpireMod:TigerMarble","hubris:SlimyHat","Replay:Wanted Poster","Mummified Hand","Golden Egg","Iron Hammer","Nunchaku","Oddly Smooth Stone","Calling Bell","Gremlin Food","Replay:Bottled Steam","hubris:BundleOfHerbs","hubris:AncientText","Happy Flower","Mango","infinitespire:Bottled Soul","Tingsha","CaptainsWheel","hubris:ScarierMask","Snack Pack","Bag of Marbles","Letter Opener","Centennial Puzzle","ReplayTheSpireMod:Lightbulb","Runic Dome","Ice Cream","Tiny House","Replay:Mystery Machine","Regal Pillow","hubris:TenFootPole","Frozen Egg 2","Replay:Wax Seal","Potion Belt","infinitespire:EvilPickle","hubris:GrandSneckoEye","hubris:Icosahedron"],"acts_visited":["Exordium","TheCity","TheBeyond","Exordium","TheCity","TheBeyond"],"potions_floor_usage":[5,29,33,50,80,84],"damage_taken":[{"damage":4,"enemies":"Cultist","floor":1,"turns":5},{"damage":0,"enemies":"Small Slimes","floor":2,"turns":3},{"damage":0,"enemies":"Jaw Worm","floor":5,"turns":2},{"damage":48,"enemies":"Lagavulin","floor":7,"turns":10},{"damage":0,"enemies":"2 Fungi Beasts","floor":12,"turns":1},{"damage":10,"enemies":"Gremlin Nob","floor":14,"turns":3},{"damage":34,"enemies":"Hexaghost","floor":16,"turns":9},{"damage":2,"enemies":"Shell Parasite","floor":18,"turns":3},{"damage":10,"enemies":"Gremlin Leader","floor":23,"turns":4},{"damage":12,"enemies":"3 Byrds","floor":25,"turns":3},{"damage":0,"enemies":"Slavers","floor":27,"turns":1},{"damage":0,"enemies":"Gremlin Leader","floor":29,"turns":2},{"damage":0,"enemies":"3 Cultists","floor":31,"turns":3},{"damage":8,"enemies":"hubris:MusketHawk","floor":33,"turns":6},{"damage":0,"enemies":"Orb Walker","floor":35,"turns":2},{"damage":0,"enemies":"3 Darklings","floor":36,"turns":2},{"damage":19,"enemies":"Writhing Mass","floor":38,"turns":4},{"damage":0,"enemies":"Jaw Worm Horde","floor":39,"turns":3},{"damage":32,"enemies":"Nightmare","floor":41,"turns":5},{"damage":24,"enemies":"Nemesis","floor":44,"turns":5},{"damage":0,"enemies":"Transient","floor":48,"turns":5},{"damage":23,"enemies":"infinitespire:MassOfShapes","floor":50,"turns":8},{"damage":0,"enemies":"Cultist","floor":52,"turns":1},{"damage":0,"enemies":"Small Slimes","floor":54,"turns":1},{"damage":0,"enemies":"Jaw Worm","floor":56,"turns":1},{"damage":0,"enemies":"3 Sentries","floor":57,"turns":2},{"damage":0,"enemies":"Looter","floor":58,"turns":1},{"damage":0,"enemies":"Exordium Thugs","floor":59,"turns":1},{"damage":0,"enemies":"Gremlin Nob","floor":61,"turns":1},{"damage":0,"enemies":"3 Louse","floor":64,"turns":1},{"damage":0,"enemies":"Gremlin Gang","floor":65,"turns":1},{"damage":12,"enemies":"The Guardian","floor":67,"turns":3},{"damage":5,"enemies":"Shell Parasite","floor":69,"turns":2},{"damage":0,"enemies":"Spheric Guardian","floor":72,"turns":2},{"damage":0,"enemies":"Centurion and Healer","floor":74,"turns":1},{"damage":0,"enemies":"Snecko","floor":76,"turns":2},{"damage":0,"enemies":"Nightmare","floor":80,"turns":3},{"damage":0,"enemies":"Cultist and Chosen","floor":82,"turns":1},{"damage":0,"enemies":"Pondfish","floor":84,"turns":3},{"damage":0,"enemies":"3 Darklings","floor":86,"turns":2},{"damage":4,"enemies":"3 Shapes","floor":87,"turns":2},{"damage":0,"enemies":"Maw","floor":89,"turns":3},{"damage":109,"enemies":"Nightmare_Alpha","floor":91,"turns":3}],"seed_played":"-5260892501001747880","potions_obtained":[{"floor":5,"key":"Fruit Juice"},{"floor":12,"key":"Explosive Potion"},{"floor":18,"key":"CunningPotion"},{"floor":29,"key":"SpeedPotion"},{"floor":31,"key":"Dexterity Potion"},{"floor":33,"key":"BlessingOfTheForge"},{"floor":52,"key":"EssenceOfSteel"},{"floor":56,"key":"AttackPotion"},{"floor":57,"key":"Flashbang"},{"floor":67,"key":"BlessingOfTheForge"},{"floor":80,"key":"Fire Potion"}],"is_trial":false,"path_per_floor":["M","M","?","?","M","R","E","R","T","?","?","M","R","E","R_BF","B",null,"M","$","?","?","?","E","AVR","M","T","E","$","E","R","M","R","B",null,"M","M","?","M","M","R","NM","R","T","E","?","?","$","M","R","B",null,"M","?","M","$","M","E","M","M","T","E","AVR","R","M","M","R_BF","B",null,"M","?","?","M","$","M","R","M","T","R","?","NM","$","M","R_BF","B",null,"M","M","?","M","?","NM"],"character_chosen":"THE_SILENT","items_purchased":["Bandage Up","Master of Strategy","Tingsha","CaptainsWheel","Snack Pack","Infinite Blades","Replay:Mystery Machine","Hidden Blade","Regal Pillow","Accuracy+1"],"campfire_rested":2,"item_purchase_floors":[0,28,47,47,55,55,73,73,73,81],"current_hp_per_floor":[66,70,70,70,75,75,31,31,31,20,20,20,42,38,60,32,75,73,73,73,59,59,55,55,43,43,43,43,49,49,55,55,53,80,80,80,70,57,63,63,43,43,43,33,33,10,10,16,44,39,94,94,94,94,94,94,94,94,94,94,94,94,94,94,94,94,82,99,98,98,98,99,99,99,99,99,99,99,99,99,99,99,99,99,99,99,97,97,99,99,0,0],"gold":1016,"neow_bonus":"","is_daily":false,"chose_seed":false,"campfire_upgraded":9,"win_rate":0.0,"timestamp":1611346147,"path_taken":["M","M","?","?","?","R","E","R","T","?","?","M","R","E","R_BF","BOSS","M","$","?","?","?","E","AVR","?","T","E","?","E","R","M","R","BOSS","M","M","?","M","M","R","NM","R","T","E","?","?","$","M","R","BOSS","M","?","M","?","M","E","?","M","T","E","AVR","R","M","M","R_BF","BOSS","M","?","?","M","$","M","R","M","T","R","?","NM","$","M","R_BF","BOSS","M","M","?","?","?","NM"],"items_purchased_type":["Card","Card","Relic","Relic","Relic","Card","Relic","Card","Relic","Card"],"build_version":"2020-12-22","purchased_purges":8,"victory":false,"max_hp_per_floor":[70,70,70,70,75,75,75,75,75,75,75,75,75,75,75,75,75,75,75,75,80,80,80,80,80,80,80,80,80,80,80,80,80,80,80,80,80,80,80,80,80,80,80,94,94,94,94,94,94,94,94,94,94,94,94,94,94,94,94,94,94,94,94,94,94,94,94,99,99,99,99,99,99,99,99,99,99,99,99,99,99,99,99,99,99,99,99,99,99,99,99,99],"card_choices":[{"not_picked":["hubris:SlightOfHand","Concentrate"],"picked":"Blade Dance","floor":1},{"not_picked":["Sucker Punch","Dagger Spray"],"picked":"Backstab","floor":2},{"not_picked":["Distraction","Catalyst"],"picked":"Cloak And Dagger","floor":5},{"not_picked":["Backstab","ReplayTheSpireMod:Tripwire"],"picked":"Cloak And Dagger","floor":7},{"not_picked":["hubris:Fate","ReplayTheSpireMod:Black Plague"],"picked":"infinitespire:SealOfDarkness+","floor":11},{"not_picked":["Bane","Draining Mist"],"picked":"Cloak And Dagger","floor":12},{"not_picked":["Reflex","Hidden Blade"],"picked":"ReplayTheSpireMod:Speed Training","floor":14},{"not_picked":["Replay:Bag of Tricks","Grand Finale"],"picked":"A Thousand Cuts","floor":16},{"not_picked":["Underhanded Strike","Deflect","Sneak Up"],"picked":"SKIP","floor":18},{"not_picked":["Crippling Poison","Underhanded Strike"],"picked":"Flying Knee+1","floor":23},{"not_picked":["Bane","Dodge and Roll","ReplayTheSpireMod:Exploit Weakness"],"picked":"SKIP","floor":25},{"not_picked":["Tactician","Skewer"],"picked":"Acrobatics","floor":27},{"not_picked":["Bane","Sucker Punch"],"picked":"Fluid Movement","floor":29},{"not_picked":["Underhanded Strike","Outmaneuver"],"picked":"Dagger Throw+1","floor":31},{"not_picked":["Replay:Bag of Tricks","ReplayTheSpireMod:Necrosis"],"picked":"After Image","floor":33},{"not_picked":["Dodge and Roll","All Out Attack"],"picked":"Flying Knee+1","floor":35},{"not_picked":["Setup+1","ReplayTheSpireMod:Exploit Weakness"],"picked":"Cloak And Dagger+1","floor":36},{"not_picked":["Calculated Gamble","Bane"],"picked":"Infinite Blades+1","floor":38},{"not_picked":["Dagger Spray+1","Outmaneuver"],"picked":"Acrobatics","floor":39},{"not_picked":["Dagger Spray+1","Dagger Throw"],"picked":"Acrobatics","floor":41},{"not_picked":["ReplayTheSpireMod:Speed Training+1","Sneak Up+1"],"picked":"After Image","floor":44},{"not_picked":["ReplayTheSpireMod:Exploit Weakness","Outmaneuver+1"],"picked":"Hidden Blade+1","floor":46},{"not_picked":["Sucker Punch+1","Underhanded Strike+1","Blur"],"picked":"SKIP","floor":48},{"not_picked":["Eviscerate","Caltrops","Quick Slash"],"picked":"SKIP","floor":52},{"not_picked":["Eviscerate","Caltrops","Quick Slash"],"picked":"SKIP","floor":52},{"not_picked":["Setup","Acrobatics"],"picked":"Blade Dance","floor":54},{"not_picked":["hubris:Sniper","Underhanded Strike","Sucker Punch"],"picked":"SKIP","floor":56},{"not_picked":["Quick Slash","Finisher","Noxious Fumes"],"picked":"SKIP","floor":57},{"not_picked":["Backflip","Flying Knee"],"picked":"Tools of the Trade","floor":58},{"not_picked":["hubris:SlightOfHand","Bane","Dagger Throw"],"picked":"SKIP","floor":59},{"not_picked":["Quick Slash","Dagger Spray"],"picked":"Blade Dance","floor":61},{"not_picked":["Bane","Prepared","Hidden Blade"],"picked":"SKIP","floor":64},{"not_picked":["Bane","Prepared","Hidden Blade"],"picked":"SKIP","floor":64},{"not_picked":["Bane","Prepared","Hidden Blade"],"picked":"SKIP","floor":64},{"not_picked":["Dagger Spray","Dagger Throw","Eviscerate"],"picked":"SKIP","floor":65},{"not_picked":["Glass Knife","Replay:Bag of Tricks"],"picked":"Envenom","floor":67},{"not_picked":["hubris:Counter","hubris:SlightOfHand"],"picked":"Concentrate","floor":68},{"not_picked":["Well Laid Plans","Deflect","Sneak Up"],"picked":"SKIP","floor":69},{"not_picked":["Terror","Sucker Punch+1","Flechettes"],"picked":"SKIP","floor":72},{"not_picked":["Prepared","hubris:TrickCloak","hubris:Counter"],"picked":"SKIP","floor":74},{"not_picked":["Poisoned Stab","All Out Attack"],"picked":"Cloak And Dagger","floor":76},{"not_picked":["infinitespire:FutureSight","infinitespire:Oblivion"],"picked":"Replay:Fractal Strike","floor":80},{"not_picked":["Bouncing Flask","Concentrate"],"picked":"ReplayTheSpireMod:The Works","floor":80},{"not_picked":["Dagger Throw","Concentrate+1"],"picked":"Hidden Blade+1","floor":82},{"not_picked":["ReplayTheSpireMod:From All Sides","Corpse Explosion"],"picked":"Adrenaline","floor":84},{"not_picked":["infinitespire:FinalStrike","infinitespire:Fortify"],"picked":"ReplayTheSpireMod:Chaos Vortex","floor":84},{"not_picked":["Deadly Poison+1","Outmaneuver+1","Acrobatics"],"picked":"SKIP","floor":86},{"not_picked":["hubris:SlightOfHand","Dagger Spray","Leg Sweep"],"picked":"SKIP","floor":87},{"not_picked":["Burst","Heel Hook","Sucker Punch+1"],"picked":"SKIP","floor":89}],"player_experience":99613,"relics_obtained":[{"floor":7,"key":"Grinning Jar"},{"floor":9,"key":"ReplayTheSpireMod:TigerMarble"},{"floor":14,"key":"hubris:SlimyHat"},{"floor":23,"key":"Mummified Hand"},{"floor":26,"key":"Iron Hammer"},{"floor":27,"key":"Nunchaku"},{"floor":29,"key":"Oddly Smooth Stone"},{"floor":34,"key":"Gremlin Food"},{"floor":34,"key":"Replay:Bottled Steam"},{"floor":34,"key":"hubris:BundleOfHerbs"},{"floor":41,"key":"hubris:AncientText"},{"floor":43,"key":"Happy Flower"},{"floor":44,"key":"Mango"},{"floor":46,"key":"infinitespire:Bottled Soul"},{"floor":57,"key":"Bag of Marbles"},{"floor":60,"key":"Letter Opener"},{"floor":61,"key":"Centennial Puzzle"},{"floor":66,"key":"Ice Cream"},{"floor":77,"key":"hubris:TenFootPole"},{"floor":80,"key":"Replay:Wax Seal"},{"floor":83,"key":"Potion Belt"}],"event_choices":[{"damage_healed":0,"gold_gain":0,"player_choice":"Ignored","damage_taken":0,"max_hp_gain":0,"max_hp_loss":0,"event_name":"Liars Game","floor":3,"gold_loss":0},{"cards_removed":["Strike_G"],"damage_healed":0,"gold_gain":0,"player_choice":"Offered Basic","damage_taken":0,"max_hp_gain":0,"max_hp_loss":0,"event_name":"Bonfire Elementals","floor":4,"gold_loss":0},{"damage_healed":0,"gold_gain":75,"player_choice":"Gather Gold","damage_taken":11,"max_hp_gain":0,"max_hp_loss":0,"event_name":"World of Goop","floor":10,"gold_loss":0},{"damage_healed":0,"gold_gain":0,"player_choice":"Shed Blood","damage_taken":19,"max_hp_gain":5,"max_hp_loss":0,"event_name":"Forgotten Altar","floor":21,"gold_loss":0},{"damage_healed":0,"gold_gain":0,"player_choice":"Ignored","damage_taken":0,"max_hp_gain":0,"max_hp_loss":0,"event_name":"Ghosts","floor":22,"gold_loss":0},{"damage_healed":0,"gold_gain":0,"player_choice":"Embrace Madness","damage_taken":10,"max_hp_gain":0,"max_hp_loss":0,"event_name":"Winding Halls","floor":37,"gold_loss":0,"cards_obtained":["Madness","Madness"]},{"damage_healed":0,"gold_gain":0,"player_choice":"1 cards matched","damage_taken":0,"max_hp_gain":0,"max_hp_loss":0,"event_name":"Match and Keep!","floor":53,"gold_loss":0,"cards_obtained":["Discovery"]},{"cards_removed":["hubris:Greed"],"damage_healed":0,"gold_gain":0,"player_choice":"Gave Gold","damage_taken":0,"max_hp_gain":0,"max_hp_loss":0,"event_name":"Beggar","floor":70,"gold_loss":75},{"cards_removed":["hubris:Greed"],"damage_healed":0,"gold_gain":0,"player_choice":"Elegance","damage_taken":0,"max_hp_gain":0,"max_hp_loss":0,"event_name":"Back to Basics","floor":71,"gold_loss":0},{"damage_healed":0,"gold_gain":0,"player_choice":"Obtained Relic","damage_taken":0,"relics_obtained":["Frozen Egg 2"],"max_hp_gain":0,"max_hp_loss":0,"event_name":"Addict","floor":79,"gold_loss":85},{"damage_healed":0,"gold_gain":0,"player_choice":"Upgraded","damage_taken":0,"max_hp_gain":0,"max_hp_loss":0,"event_name":"Upgrade Shrine","floor":88,"gold_loss":0,"cards_upgraded":["Madness"]}],"is_beta":false,"boss_relics":[{"not_picked":["hubris:GrandSneckoEye","Ectoplasm"],"picked":"Replay:Wanted Poster"},{"not_picked":["Fusion Hammer","ChewingGum"],"picked":"Calling Bell"},{"not_picked":["Ring of the Serpent","hubris:CrackedHourglass"],"picked":"hubris:ScarierMask"},{"not_picked":["hubris:CrackedHourglass","hubris:RunicObelisk"],"picked":"Tiny House"},{"not_picked":["ReplayTheSpireMod:DimensionalGlitch","Honey Jar"],"picked":"hubris:GrandSneckoEye"}],"items_purged_floors":[19,24,28,47,55,62,73,81],"is_endless":true,"potions_floor_spawned":[5,12,18,29,31,33,36,39,48,52,56,57,59,67,74,80,82],"killed_by":"Nightmare_Alpha","ascension_level":0}}