{"host":"t7mx8yfj1no5p62f","time":1611298083,"event":{"mods":["BaseMod","Bestiary","Colored Map","Colored Powertips","Minty Spire (QoL Compilation)","Relic Stats","StSLib"],"gold_per_floor":[115,115,135,147,165,165,183,214,214,214,214],"floor_reached":10,"language":"ENG","playtime":319,"items_purged":[],"score":140,"play_id":"d67bb1bc-2ef2-4c80-8268-16845fab068d","local_time":"20210122014803","is_ascension_mode":true,"campfire_choices":[{"data":"Bash","floor":6,"key":"SMITH"}],"circlet_count":0,"master_deck":["AscendersBane","Strike_R","Strike_R","Strike_R","Strike_R","Strike_R","Defend_R","Defend_R","Defend_R","Defend_R","Bash+1","Heavy Blade","Iron Wave","Thunderclap","Disarm","Cleave","Metallicize"],"relics":["Burning Blood","Toy Ornithopter","Nunchaku","Happy Flower"],"acts_visited":["Exordium"],"potions_floor_usage":[7],"damage_taken":[{"damage":7,"enemies":"Small Slimes","floor":1,"turns":4},{"damage":9,"enemies":"Jaw Worm","floor":3,"turns":6},{"damage":1,"enemies":"Cultist","floor":4,"turns":3},{"damage":14,"enemies":"Blue Slaver","floor":5,"turns":6},{"damage":33,"enemies":"Large Slime","floor":7,"turns":6},{"damage":61,"enemies":"Lagavulin","floor":8,"turns":9},{"damage":33,"enemies":"3 Sentries","floor":10,"turns":6}],"seed_played":"3165658671755976188","potions_obtained":[{"floor":3,"key":"FairyPotion"},{"floor":5,"key":"BloodPotion"}],"is_trial":false,"path_per_floor":["M","?","M","M","M","R","M","E","T","E"],"character_chosen":"IRONCLAD","items_purchased":[],"campfire_rested":0,"item_purchase_floors":[],"current_hp_per_floor":[67,72,69,74,66,66,60,30,30,0,0],"gold":214,"neow_bonus":"RANDOM_COMMON_RELIC","is_daily":false,"chose_seed":false,"campfire_upgraded":1,"win_rate":0.0,"timestamp":1611298083,"path_taken":["M","?","M","M","M","R","M","E","T","E"],"items_purchased_type":[],"build_version":"2020-12-22","purchased_purges":0,"victory":false,"max_hp_per_floor":[75,80,80,80,80,80,80,80,80,80,80],"relic_stats":{"Nunchaku":[0],"Happy Flower":[2],"counters":[7,40],"obtain_stats":[{"Nunchaku":8,"Happy Flower":9,"Burning Blood":0,"Toy Ornithopter":0},{"Nunchaku":6,"Happy Flower":6,"Burning Blood":0,"Toy Ornithopter":0},{"Nunchaku":34,"Happy Flower":34,"Burning Blood":0,"Toy Ornithopter":0}],"Burning Blood":36,"Toy Ornithopter":5},"card_choices":[{"not_picked":["Wild Strike","Flex"],"picked":"Heavy Blade","floor":1},{"not_picked":["Wild Strike","Sentinel"],"picked":"Iron Wave","floor":3},{"not_picked":["Wild Strike","Intimidate"],"picked":"Thunderclap","floor":4},{"not_picked":["Armaments","Infernal Blade"],"picked":"Disarm","floor":5},{"not_picked":["Twin Strike","Perfected Strike"],"picked":"Cleave","floor":7},{"not_picked":["Anger","Rampage"],"picked":"Metallicize","floor":8}],"player_experience":1811890,"relics_obtained":[{"floor":8,"key":"Nunchaku"},{"floor":9,"key":"Happy Flower"}],"event_choices":[{"damage_healed":0,"gold_gain":0,"player_choice":"Donut","damage_taken":0,"max_hp_gain":5,"max_hp_loss":0,"event_name":"Big Fish","floor":2,"gold_loss":0}],"is_beta":false,"boss_relics":[],"items_purged_floors":[],"is_endless":false,"potions_floor_spawned":[3,5],"killed_by":"3 Sentries","ascension_level":20}}