{"host":"vpaavrwbmey593fx","time":1611336789,"event":{"mods":["AchievementEnabler","BaseMod","Bestiary","Colored Map","Colored Powertips","DeckTracker","Minty Spire (QoL Compilation)","Relic Sorter"],"gold_per_floor":[113,132,132,146,157,157,173,192,192,204,216,228,240,202,214,226,226],"floor_reached":16,"language":"ENG","playtime":832,"items_purged":[],"score":115,"play_id":"39106f78-0ce0-4489-8c20-21b9d885db39","local_time":"20210122093309","is_ascension_mode":true,"campfire_choices":[{"data":"Corruption","floor":6,"key":"SMITH"},{"data":"Cleave","floor":10,"key":"SMITH"},{"data":"Bash","floor":13,"key":"SMITH"},{"data":"Power Through","floor":15,"key":"SMITH"}],"circlet_count":0,"master_deck":["Strike_R","Strike_R","Strike_R","Defend_R","Defend_R","Defend_R","Defend_R","Bash+1","Corruption+1","Cleave+1","Power Through+1","Thunderclap","Shrug It Off"],"relics":["Burning Blood","MawBank"],"acts_visited":["Exordium"],"potions_floor_usage":[16,16],"damage_taken":[{"damage":7,"enemies":"Small Slimes","floor":1,"turns":3},{"damage":6,"enemies":"Cultist","floor":2,"turns":4},{"damage":1,"enemies":"Jaw Worm","floor":4,"turns":6},{"damage":14,"enemies":"Exordium Wildlife","floor":5,"turns":5},{"damage":15,"enemies":"Looter","floor":7,"turns":4},{"damage":15,"enemies":"Large Slime","floor":8,"turns":6},{"damage":81,"enemies":"The Guardian","floor":16,"turns":13}],"seed_played":"715665334715192244","potions_obtained":[{"floor":1,"key":"SmokeBomb"},{"floor":4,"key":"Regen Potion"},{"floor":5,"key":"Block Potion"}],"is_trial":false,"path_per_floor":["M","M","?","M","M","R","M","M","T","R","?","$","R","?","R","B"],"character_chosen":"IRONCLAD","items_purchased":[],"campfire_rested":0,"item_purchase_floors":[],"current_hp_per_floor":[79,79,79,80,72,72,63,54,54,54,54,54,54,54,54,0,0],"gold":226,"neow_bonus":"ONE_RANDOM_RARE_CARD","is_daily":false,"chose_seed":false,"campfire_upgraded":4,"win_rate":0.0,"timestamp":1611336789,"path_taken":["M","M","?","M","M","R","M","?","T","R","?","?","R","?","R","BOSS"],"items_purchased_type":[],"build_version":"2020-12-22","purchased_purges":0,"victory":false,"max_hp_per_floor":[80,80,80,80,80,80,80,80,80,80,80,80,80,80,80,80,80],"card_choices":[{"not_picked":["Perfected Strike","Rage"],"picked":"Cleave","floor":1},{"not_picked":["Havoc","Warcry"],"picked":"Power Through","floor":2},{"not_picked":["Cleave","Sword Boomerang","Pommel Strike"],"picked":"SKIP","floor":4},{"not_picked":["Armaments","Intimidate"],"picked":"Thunderclap","floor":5},{"not_picked":["Sentinel","Havoc"],"picked":"Shrug It Off","floor":7},{"not_picked":["Pommel Strike","Body Slam","Uppercut"],"picked":"SKIP","floor":8}],"player_experience":249832,"relics_obtained":[{"floor":9,"key":"MawBank"}],"event_choices":[{"cards_removed":["Strike_R"],"damage_healed":0,"gold_gain":0,"player_choice":"Purged","damage_taken":0,"max_hp_gain":0,"max_hp_loss":0,"event_name":"Purifier","floor":3,"gold_loss":0},{"damage_healed":0,"gold_gain":0,"player_choice":"Ignored","damage_taken":0,"max_hp_gain":0,"max_hp_loss":0,"event_name":"Liars Game","floor":11,"gold_loss":0},{"cards_removed":["Strike_R"],"damage_healed":0,"gold_gain":0,"player_choice":"Card Removal","damage_taken":0,"max_hp_gain":0,"max_hp_loss":0,"event_name":"The Cleric","floor":14,"gold_loss":50}],"is_beta":false,"boss_relics":[],"items_purged_floors":[],"is_endless":false,"potions_floor_spawned":[1,4,5],"killed_by":"The Guardian","ascension_level":5}}