{"host":"6rz02yiipefhcw4r","time":1611279706,"event":{"mods":["2.2 Compatiblity","BaseMod","Block Reminder","Colored Map","DeckTracker","Googly Eyes","Minty Spire (QoL Compilation)","Quick Restart","Rare Cards Sparkle","StSLib"],"gold_per_floor":[110,110,137,137,150,150,182,182,182,216,232,260,280,305,305,305,305],"floor_reached":16,"language":"ENG","playtime":460,"items_purged":[],"score":347,"play_id":"181613fa-ea2c-401d-9cb0-1389a9056e05","local_time":"20210121234146","is_ascension_mode":true,"campfire_choices":[{"data":"Streamline","floor":6.0,"key":"SMITH"},{"data":"Electrodynamics","floor":15.0,"key":"SMITH"}],"circlet_count":0,"master_deck":["AscendersBane","Strike_B","Strike_B","Strike_B","Defend_B","Defend_B","Defend_B","Defend_B","Zap","Dualcast","Compile Driver","Streamline+1","Electrodynamics+1","Hologram","Multi-Cast","Barrage"],"relics":["Cracked Core","NeowsBlessing","Juzu Bracelet","Dream Catcher","Kunai","Smiling Mask","HornCleat","Pen Nib"],"acts_visited":["Exordium"],"potions_floor_usage":[],"damage_taken":[{"damage":0.0,"enemies":"Cultist","floor":1.0,"turns":1.0},{"damage":0.0,"enemies":"Jaw Worm","floor":5.0,"turns":1.0},{"damage":0.0,"enemies":"3 Sentries","floor":7.0,"turns":1.0},{"damage":18.0,"enemies":"Lagavulin","floor":10.0,"turns":7.0},{"damage":0.0,"enemies":"Small Slimes","floor":11.0,"turns":2.0},{"damage":5.0,"enemies":"3 Sentries","floor":12.0,"turns":3.0},{"damage":1.0,"enemies":"Looter","floor":13.0,"turns":3.0},{"damage":0.0,"enemies":"Gremlin Nob","floor":14.0,"turns":3.0},{"damage":38,"enemies":"Hexaghost","floor":16,"turns":9}],"seed_played":"8283569060624624299","potions_obtained":[{"floor":5.0,"key":"Block Potion"},{"floor":10.0,"key":"DistilledChaos"},{"floor":12.0,"key":"PowerPotion"}],"is_trial":false,"path_per_floor":["M","?","T","?","M","R","E","?","T","E","M","E","M","E","R","B"],"character_chosen":"DEFECT","items_purchased":[],"campfire_rested":0,"item_purchase_floors":[],"current_hp_per_floor":[64,57,57,57,57,57,57,57,57,39,39,34,33,33,33,0,0],"gold":305,"neow_bonus":"THREE_ENEMY_KILL","is_daily":false,"chose_seed":false,"campfire_upgraded":2,"win_rate":0.0,"timestamp":1611279706,"path_taken":["M","?","?","?","M","R","E","?","T","E","M","E","M","E","R","BOSS"],"items_purchased_type":[],"build_version":"2020-12-22","purchased_purges":0,"victory":false,"max_hp_per_floor":[71,71,71,71,71,71,71,71,71,71,71,71,71,71,71,71,71],"card_choices":[{"not_picked":["Beam Cell","Lockon"],"picked":"Compile Driver","floor":1.0},{"not_picked":["Compile Driver","Redo"],"picked":"Streamline","floor":5.0},{"not_picked":["Rebound","Loop"],"picked":"Electrodynamics","floor":7.0},{"not_picked":["Redo","Chaos","Tempest"],"picked":"SKIP","floor":10.0},{"not_picked":["Redo","Turbo"],"picked":"Hologram","floor":11.0},{"not_picked":["Barrage","Sweeping Beam"],"picked":"Multi-Cast","floor":12.0},{"not_picked":["Compile Driver","Beam Cell"],"picked":"Barrage","floor":13.0},{"not_picked":["Barrage","Storm","Hello World"],"picked":"SKIP","floor":14.0}],"player_experience":711976,"relics_obtained":[{"floor":3.0,"key":"Juzu Bracelet"},{"floor":7.0,"key":"Dream Catcher"},{"floor":9.0,"key":"Kunai"},{"floor":10.0,"key":"Smiling Mask"},{"floor":12.0,"key":"HornCleat"},{"floor":14.0,"key":"Pen Nib"}],"event_choices":[{"cards_removed":["Strike_B"],"damage_healed":0.0,"max_hp_gain":0.0,"max_hp_loss":0.0,"gold_gain":0.0,"event_name":"Golden Wing","player_choice":"Card Removal","floor":2.0,"gold_loss":0.0,"damage_taken":7.0},{"damage_healed":0.0,"max_hp_gain":0.0,"max_hp_loss":0.0,"gold_gain":0.0,"event_name":"The Cleric","player_choice":"Leave","floor":4.0,"gold_loss":0.0,"damage_taken":0.0},{"damage_healed":0.0,"max_hp_gain":0.0,"max_hp_loss":0.0,"gold_gain":0.0,"event_name":"Liars Game","player_choice":"Ignored","floor":8.0,"gold_loss":0.0,"damage_taken":0.0}],"is_beta":false,"boss_relics":[],"items_purged_floors":[],"is_endless":false,"potions_floor_spawned":[5,10,12],"killed_by":"Hexaghost","ascension_level":19}}