{"host":"u7y9frlpoazak2mn","time":1611292032,"event":{"mods":["AchievementEnabler","Act Like it!","Alarm Clock","Aspiration","Astrologer","BaseMod","Beaked The Cultist","Better Altar","Better Match","Better Note","Better Sensory Stone","Better Skull","Better Third Choice","CCEM","Chen","Colored Map","Colored Powertips","Conspire","Curses Come First","Displayed Cursed Tome","Energized Spire","Fox Events","Friendly Minions","Gensokyo","GifTheSpireLib","Glutton Mod","Halation","Hallownest","Hermit","Hubris","Infinite Spire","Jedi Mod","KinomotoSakuraMod(????)","Koishi","Marisa????????","Mimic Mod","Minty Spire (QoL Compilation)","Pale of the Ancients","Prisma Mod","Quarter Circle Forward PUNCH!","Quick Restart","Random Character Button","Rare Cards Sparkle","Relic Stats","Remilia??????","Replay The Spire","Retaliation","Spicy Shops","Spikes Relics","StS++","StSLib","Stuff the Spire","TestMod","The Administrix","The Blue Laboratory","The Bug Knight","The Construct","The Cursed","The Factory","The Forsaken","The Juggle","The Jungle","The Marked","The Servant 0.9.4","Trackpad","Waifu the Spire","Wandering Minibosses","Wide Potions","Yuri Mod","vexMod"],"gold_per_floor":[117,67,67,67,77,77,89,101,101,150,168,168,168,185,185,283,283,296,110,122,139,155,155,167,167,167,67,67,67,104,625,625,764,764,792,792,826,476,494,494,511,539,539,556,36,36,64,76,76,76,92,106,106,106,106,120,120,120,99,99],"floor_reached":0,"language":"ENG","playtime":2397,"items_purged":["StSpp:Fierceness","Dualcast","Zap+1","ReplayRNGCard","Defend_B","Defend_B"],"score":374,"play_id":"701c72e5-454c-43f0-9ce8-9f7f708e07c4","local_time":"20210122000712","is_ascension_mode":false,"campfire_choices":[{"data":"Zap","floor":6,"key":"SMITH"},{"floor":12,"key":"REST"},{"data":"ReplayGash","floor":15,"key":"SMITH"},{"floor":23,"key":"REST"},{"data":"All For One","floor":25,"key":"SMITH"},{"floor":32,"key":"REST"},{"floor":40,"key":"REST"},{"floor":46,"key":"REST"},{"floor":49,"key":"REST"},{"floor":55,"key":"REST"},{"floor":57,"key":"REST"}],"circlet_count":0,"master_deck":["Dualcast","Zap","Defend_B","Defend_B","Defend_B","Defend_B","Strike_B","Strike_B","Strike_B","Strike_B"],"relics":["Cracked Core","paleoftheancients:Timepiece"],"acts_visited":["Exordium","TheCity","TheBeyond","TheBeyond"],"potions_floor_usage":[10,16,16,21,21,42],"damage_taken":[{"damage":0,"enemies":"2 Louse","floor":1,"turns":2},{"damage":7,"enemies":"Small Slimes","floor":5,"turns":3},{"damage":1,"enemies":"Jaw Worm","floor":7,"turns":2},{"damage":3,"enemies":"Blue Slaver","floor":8,"turns":4},{"damage":30,"enemies":"conspire:MimicChest","floor":10,"turns":6},{"damage":2,"enemies":"Lots of Slimes","floor":11,"turns":4},{"damage":6,"enemies":"Looter","floor":14,"turns":2},{"damage":33,"enemies":"Hexaghost","floor":16,"turns":5},{"damage":10,"enemies":"Spheric Guardian","floor":18,"turns":3},{"damage":0,"enemies":"Chosen","floor":20,"turns":3},{"damage":17,"enemies":"Snake Plant","floor":21,"turns":3},{"damage":2,"enemies":"Cultist and Chosen","floor":22,"turns":3},{"damage":0,"enemies":"Centurion and Healer","floor":24,"turns":2},{"damage":2,"enemies":"Shelled Parasite and Fungi","floor":30,"turns":2},{"damage":0,"enemies":"Sentry and Sphere","floor":31,"turns":3},{"damage":5,"enemies":"hubris:MusketHawk","floor":33,"turns":3},{"damage":0,"enemies":"Orb Walker","floor":35,"turns":1},{"damage":0,"enemies":"3 Shapes","floor":37,"turns":1},{"damage":0,"enemies":"Spire Growth","floor":39,"turns":1},{"damage":0,"enemies":"3 Darklings","floor":41,"turns":1},{"damage":0,"enemies":"Giant Head","floor":42,"turns":1},{"damage":0,"enemies":"Writhing Mass","floor":44,"turns":2},{"damage":0,"enemies":"HollowMod:StalkingDevout","floor":47,"turns":1},{"damage":0,"enemies":"Maw","floor":48,"turns":1},{"damage":0,"enemies":"Replay:Hell Engine","floor":50,"turns":1},{"damage":0,"enemies":"Replay:Hell Engine","floor":51,"turns":2},{"damage":5,"enemies":"Replay:Hell Engine","floor":52,"turns":1},{"damage":0,"enemies":"Replay:Hell Engine","floor":56,"turns":1}],"seed_played":"-5704350009968297307","potions_obtained":[{"floor":1,"key":"jedi:StrikingPotion"},{"floor":11,"key":"Toxic Potion"},{"floor":13,"key":"blueLaboratory:EmptyBottle"},{"floor":13,"key":"Venom Potion"},{"floor":13,"key":"Regen Potion"},{"floor":16,"key":"FocusPotion"},{"floor":20,"key":"Adrenaline Potion"},{"floor":22,"key":"blueLaboratory:RelayPotion"},{"floor":30,"key":"FairyPotion"},{"floor":48,"key":"StSpp:ScatteredWeakPotion"}],"is_trial":false,"path_per_floor":["M","?","$","?","M","R","M","M","T","?","M","R","?","M","R","B",null,"M","$","M","M","M","R","M","R","T","$","?","T","M","M","R","B",null,"M","T","M","$","M","R","M","E","T","M","$","R","E","M","R","B","M","M","?","$","R","M","R","T","?"],"character_chosen":"DEFECT","items_purchased":["All For One","testmod-Charity","halation:Sosunser"],"campfire_rested":8,"item_purchase_floors":[19,38,45],"current_hp_per_floor":[75,75,75,75,68,68,67,64,64,39,37,61,61,55,55,46,80,70,70,70,53,51,75,75,75,75,75,60,60,58,58,60,55,60,60,60,60,60,87,87,114,149,149,186,186,186,221,262,262,347,394,445,336,336,336,415,415,415,0,0],"gold":99,"neow_bonus":"NOSTALGIA","is_daily":false,"chose_seed":false,"campfire_upgraded":3,"win_rate":0.0,"timestamp":1611292032,"path_taken":["M","?","$","?","M","R","M","M","T","?","?","R","?","M","R","BOSS","M","$","M","M","M","R","?","R","T","$","?","?","?","M","R","BOSS","M","?","M","$","?","R","M","E","T","M","?","R","E","M","R","BOSS","M","M","?","$","R","M","R","T","?"],"items_purchased_type":["Card","Relic","Relic"],"build_version":"2020-12-22","purchased_purges":6,"victory":false,"max_hp_per_floor":[75,75,75,75,75,75,75,75,75,80,80,80,80,80,80,80,80,80,80,80,80,80,80,80,80,80,80,60,60,60,60,60,60,60,60,60,60,60,87,87,114,149,149,186,186,186,221,262,262,347,394,447,336,336,336,415,415,415,75,75],"relic_stats":{"counters":[28,64],"obtain_stats":[{"conspire:Dentures":42,"testmod-TestBox":0,"aspiration:Nostalgia":0,"halation:Sosunser":45,"CCEMRelics:CocoNut":10,"jedi:command_boss":28,"testmod-RainbowHikingShoes":36,"Empty Cage":53,"testmod-Charity":38,"conspire:TopHat":47,"paleoftheancients:Timepiece":50,"PrismaMod:PrismaRuby":0,"Replay:Bandana":29,"qcfpunch:Broken_Tusk":43,"testmod-ThousandKnives":0,"jedi:paperfaux":9,"Tiny Chest":26,"trackpad:StolenKidneys":28,"jedi:matchstick":58,"CosmicIsotope":17,"paleoftheancients:SoulOfTheSilent":52,"Cracked Core":0,"wanderingMiniBosses:LockLocket":31},{"conspire:Dentures":21,"testmod-TestBox":0,"aspiration:Nostalgia":0,"halation:Sosunser":22,"CCEMRelics:CocoNut":5,"jedi:command_boss":13,"testmod-RainbowHikingShoes":17,"Empty Cage":27,"testmod-Charity":18,"conspire:TopHat":23,"paleoftheancients:Timepiece":25,"PrismaMod:PrismaRuby":0,"Replay:Bandana":13,"qcfpunch:Broken_Tusk":21,"testmod-ThousandKnives":0,"jedi:paperfaux":4,"Tiny Chest":13,"trackpad:StolenKidneys":13,"jedi:matchstick":28,"CosmicIsotope":8,"paleoftheancients:SoulOfTheSilent":27,"Cracked Core":0,"wanderingMiniBosses:LockLocket":15},{"conspire:Dentures":55,"testmod-TestBox":0,"aspiration:Nostalgia":0,"halation:Sosunser":57,"CCEMRelics:CocoNut":17,"jedi:command_boss":42,"testmod-RainbowHikingShoes":51,"Empty Cage":63,"testmod-Charity":52,"conspire:TopHat":58,"paleoftheancients:Timepiece":60,"PrismaMod:PrismaRuby":0,"Replay:Bandana":42,"qcfpunch:Broken_Tusk":55,"testmod-ThousandKnives":0,"jedi:paperfaux":11,"Tiny Chest":42,"trackpad:StolenKidneys":42,"jedi:matchstick":64,"CosmicIsotope":28,"paleoftheancients:SoulOfTheSilent":63,"Cracked Core":0,"wanderingMiniBosses:LockLocket":47}]},"card_choices":[{"not_picked":["StSpp:TargetLocked","Beam Cell","StuffTheSpire:CleanHardDrive"],"picked":"SKIP","floor":1},{"not_picked":["StuffTheSpire:ShieldGenerator","Conserve Battery","Rebound"],"picked":"SKIP","floor":5},{"not_picked":["Turbo","Streamline","jedi:studyfrost"],"picked":"SKIP","floor":7},{"not_picked":["Rebound","jedi:BurstFrost","Chaos"],"picked":"SKIP","floor":8},{"not_picked":["Coolheaded","Fusion"],"picked":"StSpp:Fierceness","floor":11},{"not_picked":["Go for the Eyes","StuffTheSpire:LoadUp"],"picked":"ReplayGash","floor":14},{"not_picked":["jedi:meditation","jedi:BurstDark"],"picked":"ReplayRNGCard","floor":16},{"not_picked":["StSpp:Channeliser","Stack","Ball Lightning+1"],"picked":"SKIP","floor":18},{"not_picked":["Streamline+1","StSpp:Pointer","Compile Driver"],"picked":"SKIP","floor":20},{"not_picked":["Reinforced Body","Compile Driver","Streamline"],"picked":"SKIP","floor":21},{"not_picked":["jedi:blockon","Compile Driver+1","Sunder+1"],"picked":"SKIP","floor":22},{"not_picked":["jedi:overflow","jedi:BurstLightning","Leap"],"picked":"SKIP","floor":24},{"not_picked":["StuffTheSpire:GlassShard","Redo","Auto Shields"],"picked":"SKIP","floor":30},{"not_picked":["Ball Lightning+1","Stack","Cold Snap"],"picked":"SKIP","floor":31},{"not_picked":["Leap+1","Sunder+1","Auto Shields"],"picked":"SKIP","floor":35},{"not_picked":["jedi:BurstLightning+1","Panic Button+1","Stack"],"picked":"SKIP","floor":37},{"not_picked":["Barrage","Scrape","StSpp:Mask+1"],"picked":"SKIP","floor":39},{"not_picked":["Defragment","Steam+1","Conserve Battery"],"picked":"SKIP","floor":41},{"not_picked":["StuffTheSpire:Plugnplay","Cold Snap","StSpp:Igniter"],"picked":"SKIP","floor":42},{"not_picked":["Sweeping Beam+1","BasicCrystalCard","Chill"],"picked":"SKIP","floor":44},{"not_picked":["ReplayTheSpireMod:Fabricate Wheel","Steam+1","ReplayTheSpireMod:System Scan+1"],"picked":"SKIP","floor":47},{"not_picked":["Panic Button","Stack+1","Blizzard"],"picked":"SKIP","floor":48},{"not_picked":["Steam+1","jedi:BurstLightning","Force Field"],"picked":"SKIP","floor":51},{"not_picked":["Storm","Stack","Coolheaded"],"picked":"SKIP","floor":52},{"not_picked":["ReplaySort+1","jedi:BurstFrost","RefreshScreen"],"picked":"SKIP","floor":56}],"player_experience":349734,"relics_obtained":[{"floor":9,"key":"jedi:paperfaux"},{"floor":10,"key":"CCEMRelics:CocoNut"},{"floor":26,"key":"Tiny Chest"},{"floor":29,"key":"Replay:Bandana"},{"floor":31,"key":"wanderingMiniBosses:LockLocket"},{"floor":36,"key":"testmod-RainbowHikingShoes"},{"floor":42,"key":"conspire:Dentures"},{"floor":43,"key":"qcfpunch:Broken_Tusk"},{"floor":47,"key":"conspire:TopHat"},{"floor":52,"key":"paleoftheancients:SoulOfTheSilent"},{"floor":58,"key":"jedi:matchstick"}],"event_choices":[{"cards_removed":["Strike_B"],"damage_healed":0,"gold_gain":0,"player_choice":"Card Removal","damage_taken":0,"max_hp_gain":0,"max_hp_loss":0,"event_name":"The Cleric","floor":2,"gold_loss":50},{"damage_healed":0,"gold_gain":0,"player_choice":"Got Potions","damage_taken":0,"max_hp_gain":0,"max_hp_loss":0,"event_name":"Lab","floor":13,"gold_loss":0}],"is_beta":false,"boss_relics":[{"not_picked":["energizedSpire:CursedPentagram","construct:WeddingRing"],"picked":"CosmicIsotope"},{"not_picked":["halation:LoveArrow","Replay:Ancient Bell","halation:CatFaceCupcake"]}],"items_purged_floors":[19,27,38,38,45,45],"is_endless":false,"potions_floor_spawned":[1,11,14,16,20,22,30,35,37,41,48,51,52],"ascension_level":0}}