{"host":"ctlqibkg0sskiu65","time":1611293685,"event":{"mods":["AchievementEnabler","Aspiration","BaseMod","BetterRewards","Colored Map","Colored Powertips","Conspire","Fiend Mod","Infinite Spire","Minty Spire (QoL Compilation)","Quick Restart","Replay The Spire","Shop Mod","StSLib","The Bladedancer","The Cursed","The Hierophant","The Jungle","The Kombatant","The Servant 0.9.4","TheBandit"],"gold_per_floor":[117,117,31,51,62,62,88,88,112,112,143,143,68,87,87,162,162,142,158,158,78,78,78,91,91,91,91,91,91,121,121,121,203,203,226,261,39,62,86,126,126,159,229,229,229,51,51,72,72,72,72],"floor_reached":50,"language":"ENG","playtime":2296,"items_purged":["Strike_G"],"score":1717,"play_id":"3a975e67-c9b2-43f0-8c41-328dcd94b4ca","local_time":"20210121233445","is_ascension_mode":true,"campfire_choices":[{"data":"Neutralize","floor":6.0,"key":"SMITH"},{"floor":12.0,"key":"RECALL"},{"data":"Dagger Spray","floor":15.0,"key":"SMITH"},{"floor":23.0,"key":"REST"},{"data":"Corpse Explosion","floor":25.0,"key":"SMITH"},{"data":"Replay:Poison Smokescreen","floor":27.0,"key":"SMITH"},{"floor":29.0,"key":"REST"},{"floor":41.0,"key":"REST"},{"floor":44.0,"key":"REST"},{"floor":47,"key":"REST"}],"circlet_count":0,"master_deck":["AscendersBane","Strike_G","Strike_G","Strike_G","Defend_G","Defend_G","Defend_G","Defend_G","Defend_G","Survivor","Neutralize+1","Deadly Poison","Footwork+1","Toxin Wave","Deadly Poison","Replay:Poison Smokescreen+1","Dagger Spray+1","Corpse Explosion+1","Slice+1","Deflect+1","Footwork","Finesse","Catalyst+1"],"relics":["Ring of the Snake","Lizard Tail","CaptainsWheel","MealTicket","Kunai","Replay:Bronze Core","infinitespire:EmpoweringShard","Art of War","infinitespire:EvilPickle","aspiration:KaomsHeart"],"acts_visited":["Exordium","TheCity","TheBeyond"],"potions_floor_usage":[45,50],"damage_taken":[{"damage":0.0,"enemies":"Jaw Worm","floor":1.0,"turns":6.0},{"damage":1.0,"enemies":"Cultist","floor":4.0,"turns":4.0},{"damage":0.0,"enemies":"2 Louse","floor":5.0,"turns":3.0},{"damage":11.0,"enemies":"Lagavulin","floor":7.0,"turns":6.0},{"damage":12.0,"enemies":"Gremlin Nob","floor":11.0,"turns":4.0},{"damage":0.0,"enemies":"Exordium Wildlife","floor":14.0,"turns":5.0},{"damage":16.0,"enemies":"Slime Boss","floor":16.0,"turns":9.0},{"damage":11.0,"enemies":"2 Thieves","floor":18.0,"turns":5.0},{"damage":15.0,"enemies":"Chosen","floor":19.0,"turns":5.0},{"damage":12.0,"enemies":"Snake Plant","floor":24.0,"turns":5.0},{"damage":27.0,"enemies":"Book of Stabbing","floor":30.0,"turns":8.0},{"damage":38.0,"enemies":"Pondfish","floor":33.0,"turns":12.0},{"damage":32.0,"enemies":"3 Shapes","floor":35.0,"turns":13.0},{"damage":35.0,"enemies":"3 Darklings","floor":36.0,"turns":3.0},{"damage":36.0,"enemies":"Jaw Worm Horde","floor":38.0,"turns":2.0},{"damage":21.0,"enemies":"Writhing Mass","floor":39.0,"turns":9.0},{"damage":61.0,"enemies":"Nightmare","floor":40.0,"turns":11.0},{"damage":63.0,"enemies":"Reptomancer","floor":42.0,"turns":8.0},{"damage":0,"enemies":"Spire Growth","floor":45,"turns":1},{"damage":30,"enemies":"4 Shapes","floor":48,"turns":8},{"damage":109,"enemies":"Replay:Hell Engine","floor":50,"turns":11}],"seed_played":"-6005809049129372731","potions_obtained":[{"floor":1.0,"key":"SteroidPotion"},{"floor":11.0,"key":"Strength Potion"},{"floor":16.0,"key":"FearPotion"},{"floor":19.0,"key":"Regen Potion"},{"floor":30.0,"key":"LiquidMemories"},{"floor":36.0,"key":"LiquidMemories"},{"floor":40.0,"key":"SkillPotion"},{"floor":42.0,"key":"SmokeBomb"},{"floor":48,"key":"SpeedPotion"}],"is_trial":false,"path_per_floor":["M","?","$","M","M","R","E","$","T","?","E","R","$","M","R","B",null,"M","M","?","?","$","R","M","R","T","R","?","R","E","?","R","B",null,"M","M","$","M","M","NM","R","E","T","R","M","$","R","M","R","B"],"character_chosen":"THE_SILENT","items_purchased":["Lizard Tail","Deadly Poison","Footwork","aspiration:KaomsHeart","Footwork","Finesse"],"campfire_rested":5,"item_purchase_floors":[0,0,3,37,46,46],"current_hp_per_floor":[59,59,59,58,58,58,47,47,47,47,35,35,50,50,50,34,58,47,32,28,28,43,62,50,50,50,50,32,53,41,41,41,3,54,22,35,150,114,93,32,83,20,20,71,71,86,137,107,107,0,0],"gold":72,"neow_bonus":"","is_daily":false,"chose_seed":false,"campfire_upgraded":4,"win_rate":0.0,"timestamp":1611293685,"path_taken":["M","?","?","?","M","R","E","$","T","?","E","R","$","M","R","BOSS","M","M","?","?","?","R","M","R","T","R","?","R","E","?","R","BOSS","M","M","$","M","M","NM","R","E","T","R","M","$","R","M","R","BOSS"],"items_purchased_type":["Relic","Card","Card","Relic","Card","Card"],"build_version":"2020-12-22","purchased_purges":1,"victory":false,"max_hp_per_floor":[66,66,66,66,66,66,66,66,66,66,66,66,66,66,66,66,66,66,66,66,66,66,66,66,66,66,66,71,71,71,71,71,71,71,71,71,171,171,171,171,171,171,171,171,171,171,171,171,171,171,171],"card_choices":[{"not_picked":["Dagger Throw","Backflip","Well Laid Plans"],"picked":"SKIP","floor":1.0},{"not_picked":["Cloak And Dagger","Predator"],"picked":"Toxin Wave","floor":4.0},{"not_picked":["All Out Attack","Blade Dance"],"picked":"Deadly Poison","floor":5.0},{"not_picked":["Finisher","All Out Attack"],"picked":"Replay:Poison Smokescreen","floor":7.0},{"not_picked":["Flying Knee","Backflip"],"picked":"Dagger Spray","floor":11.0},{"not_picked":["Prepared","Outmaneuver","Cloak And Dagger"],"picked":"SKIP","floor":14.0},{"not_picked":["aspiration:Lunge","Grand Finale"],"picked":"Corpse Explosion","floor":16.0},{"not_picked":["Draining Mist","Slice","Backstab"],"picked":"SKIP","floor":18.0},{"not_picked":["All Out Attack","Eviscerate","Reflex"],"picked":"SKIP","floor":19.0},{"not_picked":["Fluid Movement","ReplayTheSpireMod:Scrap Shanks","Blade Dance+1"],"picked":"SKIP","floor":24.0},{"not_picked":["Predator","Grand Finale","Deadly Poison"],"picked":"SKIP","floor":30.0},{"not_picked":["Well Laid Plans","Flying Knee+1"],"picked":"Slice+1","floor":35.0},{"not_picked":["Blade Dance","Draining Mist","Deflect+1"],"picked":"SKIP","floor":36.0},{"not_picked":["Dagger Throw","Draining Mist","Bouncing Flask"],"picked":"SKIP","floor":38.0},{"not_picked":["Bouncing Flask","Dodge and Roll","ReplayTheSpireMod:Shiv Toss"],"picked":"SKIP","floor":39.0},{"not_picked":["PiercingWail","Infinite Blades+1"],"picked":"Deflect+1","floor":40.0},{"not_picked":["Leg Sweep+1","Blade Dance+1","Underhanded Strike+1"],"picked":"SKIP","floor":42.0},{"not_picked":["Blade Dance","Outmaneuver+1"],"picked":"Catalyst+1","floor":48}],"player_experience":224664,"relics_obtained":[{"floor":7.0,"key":"CaptainsWheel"},{"floor":9.0,"key":"MealTicket"},{"floor":11.0,"key":"Kunai"},{"floor":26.0,"key":"infinitespire:EmpoweringShard"},{"floor":30.0,"key":"Art of War"},{"floor":40.0,"key":"aspiration:KMNothing"}],"event_choices":[{"cards_removed":["Strike_G"],"damage_healed":0.0,"max_hp_gain":0.0,"max_hp_loss":0.0,"gold_gain":0.0,"event_name":"Purifier","player_choice":"Purged","floor":2.0,"gold_loss":0.0,"damage_taken":0.0},{"damage_healed":0.0,"max_hp_gain":0.0,"max_hp_loss":0.0,"gold_gain":0.0,"event_name":"Living Wall","player_choice":"Grow","floor":10.0,"gold_loss":0.0,"damage_taken":0.0,"cards_upgraded":["Footwork"]},{"damage_healed":0.0,"max_hp_gain":0.0,"max_hp_loss":0.0,"gold_gain":0.0,"event_name":"conspire:Investor","player_choice":"Leave","floor":20.0,"gold_loss":0.0,"damage_taken":0.0},{"damage_healed":0.0,"max_hp_gain":5.0,"max_hp_loss":0.0,"gold_gain":0.0,"event_name":"Forgotten Altar","player_choice":"Shed Blood","floor":28.0,"gold_loss":0.0,"damage_taken":23.0},{"damage_healed":0.0,"max_hp_gain":0.0,"max_hp_loss":0.0,"gold_gain":0.0,"event_name":"N\u0027loth","player_choice":"Ignored","floor":31.0,"gold_loss":0.0,"damage_taken":0.0}],"is_beta":false,"boss_relics":[{"not_picked":["Coffee Dripper","conspire:SlowCooker"],"picked":"Replay:Bronze Core"},{"not_picked":["Painkiller Herb","ReplayTheSpireMod:DimensionalGlitch","aspiration:FutureDiary"]}],"items_purged_floors":[13],"is_endless":false,"potions_floor_spawned":[1,11,16,19,30,36,40,42,48],"killed_by":"Replay:Hell Engine","ascension_level":17}}