{"host":"15dd7v8o90xso62x","time":1611282193,"event":{"mods":["BaseMod","Minty Spire (QoL Compilation)","Quick Restart","StSLib"],"gold_per_floor":[110,110,70,70,145,176,176,210,210,135,176,201,201,30,30,123,123,146,165,181,106,106,106,130,163,163,199,223,223,261,284,284,284,284],"floor_reached":33,"language":"KOR","playtime":1002,"items_purged":[],"score":842,"play_id":"18800fe8-e756-4535-95d4-e3a45f955fff","local_time":"20210122112313","is_ascension_mode":true,"campfire_choices":[{"data":"Cloak And Dagger","floor":7.0,"key":"SMITH"},{"floor":13.0,"key":"REST"},{"data":"Finisher","floor":15.0,"key":"SMITH"},{"data":"Adrenaline","floor":23.0,"key":"SMITH"},{"data":"Adrenaline","floor":29,"key":"SMITH"},{"data":"Adrenaline","floor":32,"key":"SMITH"}],"circlet_count":0,"master_deck":["AscendersBane","Strike_G","Strike_G","Strike_G","Strike_G","Defend_G","Defend_G","Defend_G","Survivor","Neutralize","Cloak And Dagger+1","Endless Agony","Finisher+1","Choke","Adrenaline+1","Footwork","Adrenaline+1","Dagger Spray+1","After Image","Deflect","Adrenaline+1"],"relics":["Ring of the Snake","NeowsBlessing","Golden Idol","Happy Flower","Snake Skull","Vajra","WingedGreaves","Sling","Runic Pyramid","Paper Crane","Frozen Egg 2","Anchor","PreservedInsect"],"acts_visited":["Exordium","TheCity"],"potions_floor_usage":[24,24,30,33,33],"damage_taken":[{"damage":0.0,"enemies":"2 Louse","floor":1.0,"turns":1.0},{"damage":0.0,"enemies":"Gremlin Nob","floor":6.0,"turns":1.0},{"damage":0.0,"enemies":"3 Sentries","floor":8.0,"turns":1.0},{"damage":10.0,"enemies":"Lagavulin","floor":11.0,"turns":6.0},{"damage":0.0,"enemies":"Jaw Worm","floor":12.0,"turns":1.0},{"damage":33.0,"enemies":"Slime Boss","floor":16.0,"turns":11.0},{"damage":0.0,"enemies":"3 Byrds","floor":18.0,"turns":4.0},{"damage":0.0,"enemies":"Spheric Guardian","floor":19.0,"turns":1.0},{"damage":0.0,"enemies":"Snake Plant","floor":20.0,"turns":3.0},{"damage":0,"enemies":"Cultist and Chosen","floor":24,"turns":2},{"damage":1,"enemies":"Slavers","floor":25,"turns":4},{"damage":0,"enemies":"Gremlin Leader","floor":27,"turns":3},{"damage":0,"enemies":"Shelled Parasite and Fungi","floor":28,"turns":3},{"damage":0,"enemies":"Book of Stabbing","floor":30,"turns":3},{"damage":0,"enemies":"Centurion and Healer","floor":31,"turns":3},{"damage":17,"enemies":"Collector","floor":33,"turns":8}],"seed_played":"8322075542875469014","potions_obtained":[{"floor":6.0,"key":"LiquidBronze"},{"floor":8.0,"key":"CultistPotion"},{"floor":16.0,"key":"EntropicBrew"},{"floor":18.0,"key":"Poison Potion"},{"floor":20.0,"key":"PowerPotion"},{"floor":24,"key":"Fire Potion"},{"floor":27,"key":"Weak Potion"},{"floor":30,"key":"DistilledChaos"}],"is_trial":false,"path_per_floor":["M","?","$","?","?","E","R","E","T","?","E","M","R","$","R","B",null,"M","M","M","?","?","R","M","E","T","E","M","R","E","M","R","B"],"character_chosen":"THE_SILENT","items_purchased":["Finisher","Sling"],"campfire_rested":1,"item_purchase_floors":[3,14],"current_hp_per_floor":[59,59,59,36,25,25,25,25,25,25,15,15,34,34,34,1,50,50,50,50,50,50,50,50,49,49,49,49,49,49,49,49,32,32],"gold":284,"neow_bonus":"THREE_ENEMY_KILL","is_daily":false,"chose_seed":false,"campfire_upgraded":5,"win_rate":0.0,"timestamp":1611282193,"path_taken":["M","?","$","?","?","E","R","E","T","?","E","M","R","?","R","BOSS","M","M","M","?","?","R","M","E","T","E","M","R","E","M","R","BOSS"],"items_purchased_type":["Card","Relic"],"build_version":"2020-12-22","purchased_purges":0,"victory":false,"max_hp_per_floor":[66,66,66,66,66,66,66,66,66,66,66,66,66,66,66,66,66,66,66,66,66,66,66,66,66,66,66,66,66,66,66,66,66,66],"card_choices":[{"not_picked":["Flying Knee","Prepared"],"picked":"Cloak And Dagger","floor":1.0},{"not_picked":["Dodge and Roll","Underhanded Strike","Skewer"],"picked":"SKIP","floor":6.0},{"not_picked":["Flying Knee","Deadly Poison"],"picked":"Choke","floor":8.0},{"not_picked":["Dagger Throw","Slice"],"picked":"Adrenaline","floor":11.0},{"not_picked":["Slice","Tactician"],"picked":"Footwork","floor":12.0},{"not_picked":["Storm of Steel","Grand Finale"],"picked":"Adrenaline","floor":16.0},{"not_picked":["Choke","Slice"],"picked":"Dagger Spray+1","floor":18.0},{"not_picked":["Endless Agony","Concentrate","Bouncing Flask"],"picked":"SKIP","floor":19.0},{"not_picked":["Skewer","Sucker Punch","Dagger Throw+1"],"picked":"SKIP","floor":20.0},{"not_picked":["Riddle With Holes+1","PiercingWail"],"picked":"After Image","floor":24},{"not_picked":["Infinite Blades","Bane","Noxious Fumes"],"picked":"SKIP","floor":25},{"not_picked":["Acrobatics","Slice+1"],"picked":"Deflect","floor":27},{"not_picked":["Deflect","Underhanded Strike","Dagger Spray"],"picked":"SKIP","floor":28},{"not_picked":["Quick Slash","Backflip"],"picked":"Adrenaline","floor":30},{"not_picked":["Deflect+1","Predator","Acrobatics"],"picked":"SKIP","floor":31}],"player_experience":1055629,"relics_obtained":[{"floor":6.0,"key":"Happy Flower"},{"floor":8.0,"key":"Snake Skull"},{"floor":9.0,"key":"Vajra"},{"floor":11.0,"key":"WingedGreaves"},{"floor":25,"key":"Paper Crane"},{"floor":26,"key":"Frozen Egg 2"},{"floor":27,"key":"Anchor"},{"floor":30,"key":"PreservedInsect"}],"event_choices":[{"damage_healed":0.0,"max_hp_gain":0.0,"max_hp_loss":0.0,"gold_gain":0.0,"cards_transformed":["Strike_G"],"event_name":"Living Wall","player_choice":"Change","floor":2.0,"gold_loss":0.0,"damage_taken":0.0,"cards_obtained":["Endless Agony"]},{"damage_healed":0.0,"max_hp_gain":0.0,"max_hp_loss":0.0,"gold_gain":0.0,"event_name":"Golden Idol","player_choice":"Take Damage","floor":4.0,"gold_loss":0.0,"damage_taken":23.0,"relics_obtained":["Golden Idol"]},{"damage_healed":0.0,"max_hp_gain":0.0,"max_hp_loss":0.0,"gold_gain":75.0,"event_name":"World of Goop","player_choice":"Gather Gold","floor":5.0,"gold_loss":0.0,"damage_taken":11.0},{"cards_removed":["Defend_G"],"damage_healed":0.0,"max_hp_gain":0.0,"max_hp_loss":0.0,"gold_gain":0.0,"event_name":"The Cleric","player_choice":"Card Removal","floor":10.0,"gold_loss":75.0,"damage_taken":0.0},{"cards_removed":["Defend_G"],"damage_healed":0.0,"max_hp_gain":0.0,"max_hp_loss":0.0,"gold_gain":0.0,"event_name":"Beggar","player_choice":"Gave Gold","floor":21.0,"gold_loss":75.0,"damage_taken":0.0},{"damage_healed":0.0,"max_hp_gain":0.0,"max_hp_loss":0.0,"gold_gain":0.0,"event_name":"Ghosts","player_choice":"Ignored","floor":22.0,"gold_loss":0.0,"damage_taken":0.0}],"is_beta":false,"boss_relics":[{"not_picked":["Ring of the Serpent","Calling Bell"],"picked":"Runic Pyramid"}],"items_purged_floors":[],"is_endless":false,"potions_floor_spawned":[6,8,16,18,20,24,27,30],"killed_by":"Collector","ascension_level":20}}