{"host":"e6sgj53qqwx3piqv","time":1611333682,"event":{"mods":["AchievementEnabler","Aspiration","BaseMod","BetterRewards","Colored Powertips","Downfall","Hermit","Highlight Path","Hubris","Infinite Spire","Minty Spire (QoL Compilation)","Quick Restart","Rare Cards Sparkle","Replay The Spire","Shop Mod","StSLib","The Cursed","The Disciple","The Jungle","The Runesmith"],"gold_per_floor":[159,233,233,58,103,178,178,280,280,23,104,104,104,146,146,458,458,503,539,7,7,7,7,7,7,34,34,124,124,754,780,780,1074,1074,1107,1107,1143,1308,228,312,387,387,387,387,0,0,0,0,0,0],"floor_reached":51,"language":"ENG","playtime":2007,"items_purged":[],"score":981,"play_id":"8d1eb353-e5c7-4041-8c54-c46c579796b0","local_time":"20210122114121","daily_mods":["Allstar","Colorless Cards","Heirloom","Time Dilation","Flight","downfall:Lament","Midas"],"is_ascension_mode":false,"campfire_choices":[{"floor":7,"key":"REST"},{"floor":12,"key":"REST"},{"floor":13,"key":"REST"},{"floor":23,"key":"REST"},{"floor":25,"key":"DIG"},{"floor":27,"key":"REST"},{"floor":29,"key":"DIG"},{"floor":32,"key":"REST"},{"floor":42,"key":"DIG"},{"floor":44,"key":"DIG"},{"floor":49,"key":"DIG"}],"circlet_count":1,"master_deck":["Strike_G","Strike_G","Strike_G","Strike_G","Strike_G","Defend_G","Defend_G","Defend_G","Defend_G","Defend_G","Survivor","Neutralize","PanicButton","Replay:BasicMightCard","The Bomb","HandOfGreed","Panache","Bandage Up","Deadly Poison","Injury","Slice","Dash","Impatience","hubris:Insight","Bouncing Flask","Sadistic Nature+1","Quick Slash","Deadly Poison","Deadly Poison","Bane","Poisoned Stab","Slice","Poisoned Stab","Violence","ReplayTheSpireMod:Necrosis","Sucker Punch","Slice","Leg Sweep","infinitespire:Neurotoxin","Poisoned Stab","Quick Slash","Deflect","Finisher","Quick Slash","theJungle:PetSnecko","Poisoned Stab","Deadly Poison","Poisoned Stab","Deadly Poison","Dark Shackles","Glass Knife","Cloak And Dagger+1","FollowUp","Slice","ReplayTheSpireMod:Private Reserves+1","Panache+1","Backflip","Backflip","hubris:EnhanceAbility+1","Metamorphosis+1","Impatience+1","Deep Breath+1","Dramatic Entrance+1","Wraith Form v2+1","ReplayUltimateDefense+1","Apotheosis+1","Burst+1","Dagger Spray+1","Bane+1","Replay:DivineShield"],"relics":["Ring of the Snake","NeowsBlessing","hubris:BundleOfHerbs","Frozen Egg 2","Membership Card","Dream Catcher","hexamod:CandleOfCauterizing","The Courier","Question Card","hubris:Icosahedron","aspiration:WatcherSkillbook","Anchor","Ancient Tea Set","Happy Flower","Unceasing Top","hubris:Metronome","bronze:DonusWashers","theJungle:BirthdayCakeSlice","Shovel","Smiling Mask","hubris:ToyBattleship","HornCleat","Replay:Rubber Ducky","Oddly Smooth Stone","hubris:ScarierMask","infinitespire:CursedDice","Vampiric Spirits","Eternal Feather","Iron Hammer","Golden Egg","MerchantsRug","Juzu Bracelet","hubris:Spice","Calipers","Tingsha","Red Mask","Circlet","aspiration:AnachronicSnailShell"],"acts_visited":["Exordium","theJungle:Jungle","TheBeyond"],"potions_floor_usage":[],"damage_taken":[{"damage":0,"enemies":"infinitespire:Voidling","floor":1,"turns":1},{"damage":0,"enemies":"2 Louse","floor":2,"turns":1},{"damage":0,"enemies":"Cultist","floor":5,"turns":1},{"damage":11,"enemies":"Lagavulin","floor":6,"turns":5},{"damage":11,"enemies":"3 Sentries","floor":8,"turns":4},{"damage":26,"enemies":"Lagavulin","floor":11,"turns":4},{"damage":4,"enemies":"Red Slaver","floor":14,"turns":2},{"damage":3,"enemies":"Slime Boss","floor":16,"turns":6},{"damage":0,"enemies":"Shell Parasite","floor":18,"turns":2},{"damage":19,"enemies":"theJungle:GiantWrat","floor":19,"turns":4},{"damage":3,"enemies":"theJungle:Cassacara","floor":28,"turns":5},{"damage":23,"enemies":"theJungle:QueenSpyder","floor":33,"turns":6},{"damage":0,"enemies":"3 Darklings","floor":35,"turns":3},{"damage":0,"enemies":"Orb Walker","floor":37,"turns":3},{"damage":0,"enemies":"2 Orb Walkers","floor":38,"turns":3},{"damage":33,"enemies":"Giant Head","floor":40,"turns":6},{"damage":17,"enemies":"Reptomancer","floor":41,"turns":3},{"damage":15,"enemies":"Time Eater","floor":50,"turns":6}],"seed_played":"3497123360375187481","potions_obtained":[{"floor":6,"key":"SteroidPotion"},{"floor":14,"key":"Poison Potion"},{"floor":16,"key":"LiquidBronze"}],"is_trial":true,"path_per_floor":["M","M","?","$","M","E","R","E","T","$","E","R","R","M","R","B",null,"M","M","$","?","?","R","?","R","T","R","E","R","?","T","R","B",null,"M","?","M","?","$","E","E","R","T","R","?","?","$","?","R","B",null],"character_chosen":"THE_SILENT","items_purchased":["Membership Card","Slice","Sadistic Nature+1","Quick Slash","Deadly Poison","Bane","Poisoned Stab","Slice","Poisoned Stab","Violence","Deflect","Finisher","Quick Slash","Anchor","Ancient Tea Set","Happy Flower","Unceasing Top","hubris:Metronome","bronze:DonusWashers","Panache+1","Backflip","Vampiric Spirits","Eternal Feather","Iron Hammer","Golden Egg","hubris:EnhanceAbility+1","Metamorphosis","Impatience","Deep Breath","Dramatic Entrance","Wraith Form v2+1","ReplayUltimateDefense+1","Apotheosis","MerchantsRug","Burst"],"campfire_rested":6,"item_purchase_floors":[4,4,10,10,10,10,10,10,10,10,20,20,20,20,20,20,20,20,20,39,39,39,39,39,39,39,39,39,39,39,39,39,39,39,39],"current_hp_per_floor":[70,70,70,70,70,63,70,63,63,63,37,58,70,66,66,67,70,70,51,51,56,56,75,39,39,39,61,62,62,44,44,66,47,75,75,75,75,75,75,42,54,83,91,91,91,91,91,91,91,76],"gold":0,"neow_bonus":"","is_daily":false,"chose_seed":false,"campfire_upgraded":0,"win_rate":0.0,"timestamp":1611333681,"path_taken":["M","?","?","$","M","E","R","E","T","$","E","R","R","M","R","BOSS","M","M","$","?","?","R","?","R","T","R","E","R","?","?","R","BOSS","M","?","?","?","$","E","E","R","T","R","?","?","?","?","R","BOSS"],"items_purchased_type":["Relic","Card","Card","Card","Card","Card","Card","Card","Card","Card","Card","Card","Card","Relic","Relic","Relic","Relic","Relic","Relic","Card","Card","Relic","Relic","Relic","Relic","Card","Card","Card","Card","Card","Card","Card","Card","Relic","Card"],"build_version":"2020-12-22","purchased_purges":0,"victory":true,"max_hp_per_floor":[70,70,70,70,70,70,70,70,70,70,70,70,70,70,70,70,70,70,70,70,75,75,75,75,75,75,75,75,75,75,75,75,75,75,75,75,75,75,75,75,83,83,91,91,91,91,91,91,91,91],"card_choices":[{"not_picked":["Outmaneuver","Flechettes"],"picked":"Bandage Up","floor":1},{"not_picked":["Panacea","Outmaneuver"],"picked":"Deadly Poison","floor":2},{"not_picked":["Calculated Gamble","Forethought"],"picked":"Dash","floor":5},{"not_picked":["ReplayTheSpireMod:Tripwire","HandOfGreed"],"picked":"Impatience","floor":6},{"not_picked":["ReplayTheSpireMod:The Works","Cloak And Dagger"],"picked":"hubris:Insight","floor":7},{"not_picked":["Tactician","hubris:Sniper"],"picked":"Bouncing Flask","floor":8},{"not_picked":["hubris:TrickCloak","Flying Knee"],"picked":"ReplayTheSpireMod:Necrosis","floor":11},{"not_picked":["Dodge and Roll","Outmaneuver","Acrobatics"],"picked":"Sucker Punch","floor":12},{"not_picked":["Flying Knee","Dodge and Roll","Blade Dance"],"picked":"Slice","floor":13},{"not_picked":["Riddle With Holes","Hidden Blade","Dagger Spray"],"picked":"Leg Sweep","floor":14},{"not_picked":["HandOfGreed","Venomology","ReplayTheSpireMod:Necrogeddon"],"picked":"infinitespire:Neurotoxin","floor":16},{"not_picked":["PiercingWail","Replay:ManipulateFuture","Pray","Bane"],"picked":"Poisoned Stab","floor":18},{"not_picked":["Cloak And Dagger","Calculated Gamble+1","DeceiveReality+1","Blade Dance"],"picked":"Quick Slash","floor":19},{"not_picked":["Quick Slash","Vengeance","Slice","PathToVictory"],"picked":"Poisoned Stab","floor":23},{"not_picked":["Poisoned Stab","Deflect+1","MentalFortress+1","JustLucky"],"picked":"Deadly Poison","floor":27},{"not_picked":["Grand Finale","Flying Knee","Sneak Up","Sucker Punch"],"picked":"Poisoned Stab","floor":28},{"not_picked":["Sanctity+1","Hidden Blade+1","Crescendo+1","Backflip"],"picked":"Deadly Poison","floor":30},{"not_picked":["Skewer","Prepared+1","Blade Dance","LikeWater+1"],"picked":"Dark Shackles","floor":32},{"not_picked":["Magnetism+1","Burst","The Bomb","Scrawl"],"picked":"Glass Knife","floor":33},{"not_picked":["LikeWater+1","CrushJoints+1","FlurryOfBlows","Expertise"],"picked":"Cloak And Dagger+1","floor":35},{"not_picked":["Skewer+1","Concentrate","ReachHeaven+1","Flechettes+1"],"picked":"Slice","floor":37},{"not_picked":["PiercingWail","Choke","Cloak And Dagger+1","Hidden Blade"],"picked":"ReplayTheSpireMod:Private Reserves+1","floor":38},{"not_picked":["FlyingSleeves","Vengeance+1","Replay:Hum","Prepared+1"],"picked":"Dagger Spray+1","floor":40},{"not_picked":["Survey Options+1","Dagger Spray+1","ReplayTheSpireMod:Tripwire","FlurryOfBlows+1"],"picked":"Bane+1","floor":41}],"player_experience":211574,"relics_obtained":[{"floor":6,"key":"Dream Catcher"},{"floor":8,"key":"hexamod:CandleOfCauterizing"},{"floor":9,"key":"The Courier"},{"floor":11,"key":"Question Card"},{"floor":25,"key":"Smiling Mask"},{"floor":26,"key":"hubris:ToyBattleship"},{"floor":28,"key":"HornCleat"},{"floor":29,"key":"Replay:Rubber Ducky"},{"floor":31,"key":"Oddly Smooth Stone"},{"floor":38,"key":"infinitespire:CursedDice"},{"floor":40,"key":"Juzu Bracelet"},{"floor":41,"key":"hubris:Spice"},{"floor":42,"key":"Calipers"},{"floor":43,"key":"hubris:Spice"},{"floor":44,"key":"Tingsha"},{"floor":49,"key":"aspiration:AnachronicSnailShell"}],"event_choices":[{"damage_healed":0,"gold_gain":0,"player_choice":"1 cards matched","damage_taken":0,"max_hp_gain":0,"max_hp_loss":0,"event_name":"Match and Keep!","floor":36,"gold_loss":0,"cards_obtained":["FollowUp"]},{"damage_healed":0,"gold_gain":0,"player_choice":"Fight","damage_taken":0,"max_hp_gain":0,"max_hp_loss":0,"event_name":"Mysterious Sphere","floor":38,"gold_loss":0},{"damage_healed":0,"gold_gain":0,"player_choice":"Paid","damage_taken":0,"relics_obtained":["Red Mask"],"max_hp_gain":0,"max_hp_loss":0,"event_name":"Tomb of Lord Red Mask","floor":45,"gold_loss":387}],"is_beta":false,"boss_relics":[{"not_picked":["Honey Jar","Cursed Key"],"picked":"aspiration:WatcherSkillbook"},{"not_picked":["Replay:Wanted Poster","aspiration:PoetsPen_weak"],"picked":"hubris:ScarierMask"}],"items_purged_floors":[],"is_endless":false,"potions_floor_spawned":[6,14,16,18,19,28,35,41],"ascension_level":0}}