{"host":"cy2xqrw0a4jjdcnp","time":1611326466,"event":{"mods":["AchievementEnabler","BaseMod","Colored Map","Minty Spire (QoL Compilation)","Permanent Neow"],"gold_per_floor":[116,27,27,27,38,38,49,49,49,49,65,98,121,153,165,177,177],"floor_reached":16,"language":"ENG","playtime":536,"items_purged":[],"score":199,"play_id":"f920c3ba-95af-49fe-90cb-80537e87437b","local_time":"20210122124106","is_ascension_mode":true,"campfire_choices":[{"floor":6,"key":"REST"},{"data":"Carnage","floor":8,"key":"SMITH"},{"data":"Shockwave","floor":10,"key":"SMITH"},{"data":"Armaments","floor":15,"key":"SMITH"}],"circlet_count":0,"master_deck":["AscendersBane","Strike_R+1","Strike_R","Strike_R","Strike_R","Defend_R","Defend_R","Defend_R","Defend_R","Bash","Shrug It Off+1","Carnage+1","Shockwave+1","Shrug It Off","Pommel Strike","Whirlwind","Armaments+1","Spot Weakness"],"relics":["Burning Blood","Mango","Bottled Flame","MawBank"],"acts_visited":["Exordium"],"potions_floor_usage":[5,12,13,14],"damage_taken":[{"damage":17.0,"enemies":"Small Slimes","floor":1.0,"turns":4.0},{"damage":0,"enemies":"2 Louse","floor":5,"turns":1},{"damage":2,"enemies":"Jaw Worm","floor":7,"turns":3},{"damage":6,"enemies":"Large Slime","floor":11,"turns":5},{"damage":11,"enemies":"Lagavulin","floor":12,"turns":5},{"damage":9,"enemies":"Red Slaver","floor":13,"turns":2},{"damage":4,"enemies":"Exordium Wildlife","floor":14,"turns":4},{"damage":50,"enemies":"Slime Boss","floor":16,"turns":6}],"seed_played":"-8548957465765500873","potions_obtained":[{"floor":1.0,"key":"Explosive Potion"},{"floor":5,"key":"EssenceOfSteel"},{"floor":7,"key":"BlessingOfTheForge"},{"floor":13,"key":"Weak Potion"}],"is_trial":false,"path_per_floor":["M","$","?","?","M","R","M","R","T","R","M","E","M","M","R","B"],"character_chosen":"IRONCLAD","items_purchased":["Carnage"],"campfire_rested":1,"item_purchase_floors":[2],"current_hp_per_floor":[53,53,26,19,25,51,55,55,55,55,55,50,47,49,49,0,0],"gold":177,"neow_bonus":"ONE_RARE_RELIC","is_daily":false,"chose_seed":false,"campfire_upgraded":3,"win_rate":0.0,"timestamp":1611326466,"path_taken":["M","$","?","?","M","R","M","R","T","R","M","E","M","M","R","BOSS"],"items_purchased_type":["Card"],"build_version":"2020-12-22","purchased_purges":0,"victory":false,"max_hp_per_floor":[89,89,89,89,89,89,89,89,89,89,89,89,89,89,89,89,89],"card_choices":[{"not_picked":["Twin Strike","Body Slam"],"picked":"Shrug It Off","floor":1.0},{"not_picked":["Entrench","Warcry"],"picked":"Shockwave","floor":5},{"not_picked":["Sword Boomerang","Warcry"],"picked":"Shrug It Off","floor":7},{"not_picked":["Wild Strike","Body Slam"],"picked":"Pommel Strike","floor":11},{"not_picked":["Havoc","Power Through"],"picked":"Whirlwind","floor":12},{"not_picked":["Twin Strike","Perfected Strike"],"picked":"Armaments","floor":13},{"not_picked":["Intimidate","Entrench"],"picked":"Spot Weakness","floor":14}],"player_experience":1472182,"relics_obtained":[{"floor":9,"key":"Bottled Flame"},{"floor":12,"key":"MawBank"}],"event_choices":[{"damage_healed":0,"gold_gain":0,"player_choice":"Entered Light","damage_taken":27,"max_hp_gain":0,"max_hp_loss":0,"event_name":"Shining Light","floor":3,"gold_loss":0,"cards_upgraded":["Strike_R","Shrug It Off"]},{"cards_removed":["Strike_R"],"damage_healed":0,"gold_gain":0,"player_choice":"Card Removal","damage_taken":7,"max_hp_gain":0,"max_hp_loss":0,"event_name":"Golden Wing","floor":4,"gold_loss":0}],"is_beta":false,"boss_relics":[],"items_purged_floors":[],"is_endless":false,"potions_floor_spawned":[1,5,7,11,13],"killed_by":"Slime Boss","ascension_level":19}}