{"host":"9jj9tzo2iym4bpat","time":1611348629,"event":{"mods":["Act Like it!","BaseMod","CapriCore","Colored Map","Dark Map","Luminous","Minty Spire (QoL Compilation)","Permanent Neow","StSLib","Td1madao Mod","The Animator","The Immortal","The Marked","The Servant 0.9.4","Yakumo Yukari mod"],"gold_per_floor":[113,129,129,129,149,149,149,182,182,182,198,198,53,66,66,170,170,190,190,209,221,69,69,89,89,89,108,143,158,158,183,183,183,183],"floor_reached":33,"language":"ENG","playtime":995,"items_purged":[],"score":344,"play_id":"05039563-46ba-4c15-8ee2-09d74f188302","local_time":"20210122145029","is_ascension_mode":true,"campfire_choices":[{"floor":6,"key":"REST"},{"data":"Perfected Strike","floor":10,"key":"SMITH"},{"floor":12,"key":"REST"},{"floor":15,"key":"REST"},{"floor":23,"key":"REST"},{"floor":25,"key":"REST"},{"floor":30,"key":"REST"},{"floor":32,"key":"REST"}],"circlet_count":0,"master_deck":["Strike_R","Strike_R","Strike_R","Strike_R+1","Strike_R","Defend_R","Defend_R","Defend_R","Defend_R","Bash","Wild Strike","Perfected Strike+1","Shrug It Off","Perfected Strike+1","Shrug It Off","Perfected Strike+1","Cleave","Wild Strike","Fiend Fire","Feed","Wild Strike","Shrug It Off+1","Anger","Pommel Strike","Headbutt","Twin Strike+1","Pommel Strike","Anger+1"],"relics":["Burning Blood","Prayer Wheel","Shuriken","Nunchaku","Sozu","Art of War","Peace Pipe","Champion Belt","Shovel"],"acts_visited":["Exordium","TheCity"],"potions_floor_usage":[16,16,17],"damage_taken":[{"damage":1,"enemies":"Cultist","floor":1,"turns":4},{"damage":7,"enemies":"Jaw Worm","floor":2,"turns":3},{"damage":0,"enemies":"2 Louse","floor":5,"turns":1},{"damage":22,"enemies":"3 Sentries","floor":8,"turns":8},{"damage":11,"enemies":"Lots of Slimes","floor":11,"turns":3},{"damage":17,"enemies":"Exordium Thugs","floor":14,"turns":3},{"damage":57,"enemies":"The Guardian","floor":16,"turns":12},{"damage":12,"enemies":"Chosen","floor":18,"turns":3},{"damage":16,"enemies":"3 Byrds","floor":20,"turns":5},{"damage":19,"enemies":"Centurion and Healer","floor":21,"turns":4},{"damage":22,"enemies":"Shelled Parasite and Fungi","floor":24,"turns":4},{"damage":22,"enemies":"3 Cultists","floor":27,"turns":5},{"damage":22,"enemies":"Slavers","floor":28,"turns":4},{"damage":7,"enemies":"Cultist and Chosen","floor":29,"turns":3},{"damage":27,"enemies":"Book of Stabbing","floor":31,"turns":4},{"damage":74,"enemies":"Automaton","floor":33,"turns":6}],"seed_played":"7235236126973900390","potions_obtained":[{"floor":5,"key":"Explosive Potion"},{"floor":14,"key":"BlessingOfTheForge"},{"floor":16,"key":"EntropicBrew"}],"is_trial":false,"path_per_floor":["M","M","?","?","M","R","?","E","T","R","M","R","$","M","R","B",null,"M","?","M","M","$","R","M","R","T","M","E","M","R","E","R","B"],"character_chosen":"IRONCLAD","items_purchased":["Fiend Fire","Art of War"],"campfire_rested":7,"item_purchase_floors":[13,22],"current_hp_per_floor":[80,79,79,63,69,80,80,64,64,64,59,80,80,69,80,29,80,74,74,64,51,51,75,59,80,80,64,48,47,71,50,74,0,0],"gold":183,"neow_bonus":"ONE_RARE_RELIC","is_daily":false,"chose_seed":false,"campfire_upgraded":1,"win_rate":0.0,"timestamp":1611348629,"path_taken":["M","M","?","?","M","R","?","E","T","R","?","R","?","M","R","BOSS","M","?","M","?","$","R","M","R","T","M","E","M","R","E","R","BOSS"],"items_purchased_type":["Card","Relic"],"build_version":"2020-12-22","purchased_purges":0,"victory":false,"max_hp_per_floor":[80,80,80,80,80,80,80,80,80,80,80,80,80,80,80,80,80,80,80,80,80,80,80,80,80,80,80,80,80,80,80,80,80,80],"card_choices":[{"not_picked":["Feel No Pain","Body Slam"],"picked":"Wild Strike","floor":1},{"not_picked":["True Grit","Headbutt"],"picked":"Perfected Strike","floor":1},{"not_picked":["Clothesline","Dropkick"],"picked":"Shrug It Off","floor":2},{"not_picked":["Uppercut","Wild Strike"],"picked":"Perfected Strike","floor":2},{"not_picked":["Disarm","Power Through"],"picked":"Shrug It Off","floor":5},{"not_picked":["Armaments","Spot Weakness"],"picked":"Perfected Strike","floor":5},{"not_picked":["Whirlwind","Dual Wield"],"picked":"Cleave","floor":8},{"not_picked":["Flex","Clothesline"],"picked":"Wild Strike","floor":11},{"not_picked":["Havoc","Sword Boomerang","True Grit"],"picked":"SKIP","floor":11},{"not_picked":["Uppercut","Disarm","Heavy Blade"],"picked":"SKIP","floor":14},{"not_picked":["Burning Pact","Feel No Pain","Clash"],"picked":"SKIP","floor":14},{"not_picked":["Berserk","Impervious"],"picked":"Feed","floor":16},{"not_picked":["Evolve","Sword Boomerang"],"picked":"Wild Strike","floor":18},{"not_picked":["Sword Boomerang","Body Slam","Warcry+1"],"picked":"SKIP","floor":18},{"not_picked":["Headbutt+1","Heavy Blade+1"],"picked":"Shrug It Off+1","floor":20},{"not_picked":["True Grit","Clash","Armaments"],"picked":"SKIP","floor":20},{"not_picked":["Headbutt","Evolve","Exhume"],"picked":"SKIP","floor":21},{"not_picked":["Armaments+1","Body Slam","Feel No Pain"],"picked":"SKIP","floor":21},{"not_picked":["Burning Pact","Heavy Blade"],"picked":"Anger","floor":24},{"not_picked":["Cleave","Feel No Pain"],"picked":"Pommel Strike","floor":24},{"not_picked":["Reckless Charge","Sever Soul"],"picked":"Headbutt","floor":27},{"not_picked":["Metallicize+1","True Grit"],"picked":"Twin Strike+1","floor":27},{"not_picked":["Rage","Sentinel"],"picked":"Pommel Strike","floor":28},{"not_picked":["Thunderclap+1","Carnage","Clash"],"picked":"SKIP","floor":29},{"not_picked":["Clothesline","Iron Wave","Infernal Blade"],"picked":"SKIP","floor":29},{"not_picked":["Havoc+1","Battle Trance+1"],"picked":"Anger+1","floor":31}],"player_experience":297894,"relics_obtained":[{"floor":8,"key":"Shuriken"},{"floor":9,"key":"Nunchaku"},{"floor":26,"key":"Peace Pipe"},{"floor":28,"key":"Champion Belt"},{"floor":31,"key":"Shovel"}],"event_choices":[{"damage_healed":0,"gold_gain":0,"player_choice":"Grow","damage_taken":0,"max_hp_gain":0,"max_hp_loss":0,"event_name":"Living Wall","floor":3,"gold_loss":0,"cards_upgraded":["Perfected Strike"]},{"damage_healed":0,"gold_gain":0,"player_choice":"Entered Light","damage_taken":16,"max_hp_gain":0,"max_hp_loss":0,"event_name":"Shining Light","floor":4,"gold_loss":0,"cards_upgraded":["Strike_R","Perfected Strike"]},{"cards_removed":["Clumsy"],"damage_healed":0,"gold_gain":0,"player_choice":"Removed Curses","damage_taken":0,"max_hp_gain":0,"max_hp_loss":0,"event_name":"Fountain of Cleansing","floor":7,"gold_loss":0},{"damage_healed":0,"gold_gain":0,"player_choice":"Bought 0 Potions","damage_taken":0,"max_hp_gain":0,"max_hp_loss":0,"event_name":"The Woman in Blue","floor":19,"gold_loss":0}],"is_beta":false,"boss_relics":[{"not_picked":["Empty Cage","Tiny House"],"picked":"Sozu"}],"items_purged_floors":[],"is_endless":false,"potions_floor_spawned":[5,14,16,18,21,24,28],"killed_by":"Automaton","ascension_level":4}}