{"host":"vb9tx51ayxprrw9u","time":1611288718,"event":{"mods":["AchievementEnabler","BaseMod","Colored Map","Colored Powertips","Highlight Path","Minty Spire (QoL Compilation)","StSLib"],"gold_per_floor":[117,131,131,141,157,182,182,207,207,226,226,226,244,270,270,370,370,385,396,410,428,229,229,243,243,243,243,89,106,116,129,129,224,224,241,254,254,254,28,28,60,60,60,60,79,79,100,119,119,119],"floor_reached":51,"language":"ENG","playtime":4065,"items_purged":["Defend_P","Strike_P"],"score":686,"play_id":"3ce6f973-026e-4167-8959-aec63eb5d1e0","local_time":"20210121221158","is_ascension_mode":true,"campfire_choices":[{"data":"EmptyMind","floor":7,"key":"SMITH"},{"floor":12,"key":"REST"},{"data":"Scrawl","floor":15,"key":"SMITH"},{"floor":23,"key":"REST"},{"data":"Alpha","floor":25,"key":"SMITH"},{"data":"ThirdEye","floor":27,"key":"SMITH"},{"floor":32,"key":"REST"},{"data":"MasterReality","floor":40,"key":"SMITH"},{"data":"JustLucky","floor":42,"key":"SMITH"},{"data":"ThirdEye","floor":44,"key":"SMITH"},{"data":"JustLucky","floor":46,"key":"SMITH"},{"floor":49,"key":"REST"}],"circlet_count":0,"master_deck":["Strike_P","Defend_P","Defend_P","Eruption+1","Vigilance","ClearTheMind","EmptyMind+1","Evaluate","FearNoEvil","FlurryOfBlows","Scrawl+1","FollowUp","EmptyBody","SashWhip","Alpha+1","FlurryOfBlows","Crescendo+1","Protect","EmptyBody+1","Sanctity","Bandage Up","ThirdEye+1","DeusExMachina","JustLucky+1","InnerPeace","MasterReality+1","ThirdEye+1","JustLucky+1","DeceiveReality+1","Nirvana+1"],"relics":["PureWater","Shuriken","Thread and Needle","Yang","Ornamental Fan","Empty Cage","Gremlin Horn","Lantern","Black Star","CeramicFish","Toxic Egg 2","Blood Vial"],"acts_visited":["Exordium","TheCity","TheBeyond"],"potions_floor_usage":[6,13,18,30,31,41,50,50],"damage_taken":[{"damage":0,"enemies":"Jaw Worm","floor":1,"turns":1},{"damage":0,"enemies":"2 Louse","floor":2,"turns":2},{"damage":0,"enemies":"Cultist","floor":4,"turns":3},{"damage":0,"enemies":"Looter","floor":5,"turns":4},{"damage":21,"enemies":"3 Sentries","floor":6,"turns":11},{"damage":18,"enemies":"Lagavulin","floor":8,"turns":5},{"damage":1,"enemies":"Blue Slaver","floor":10,"turns":4},{"damage":0,"enemies":"Exordium Wildlife","floor":13,"turns":3},{"damage":30,"enemies":"Gremlin Nob","floor":14,"turns":5},{"damage":10,"enemies":"The Guardian","floor":16,"turns":9},{"damage":18,"enemies":"3 Byrds","floor":18,"turns":5},{"damage":30,"enemies":"2 Thieves","floor":19,"turns":4},{"damage":8,"enemies":"Centurion and Healer","floor":20,"turns":5},{"damage":15,"enemies":"Chosen and Byrds","floor":21,"turns":6},{"damage":2,"enemies":"3 Cultists","floor":24,"turns":4},{"damage":7,"enemies":"Cultist and Chosen","floor":29,"turns":5},{"damage":0,"enemies":"Centurion and Healer","floor":30,"turns":4},{"damage":3,"enemies":"Snake Plant","floor":31,"turns":4},{"damage":5,"enemies":"Automaton","floor":33,"turns":7},{"damage":0,"enemies":"Orb Walker","floor":35,"turns":5},{"damage":27,"enemies":"3 Darklings","floor":36,"turns":6},{"damage":19,"enemies":"Giant Head","floor":41,"turns":7},{"damage":17,"enemies":"Maw","floor":45,"turns":7},{"damage":22,"enemies":"Sphere and 2 Shapes","floor":47,"turns":4},{"damage":0,"enemies":"Jaw Worm Horde","floor":48,"turns":3},{"damage":24,"enemies":"Donu and Deca","floor":50,"turns":8}],"seed_played":"-486843977317167656","potions_obtained":[{"floor":1,"key":"BottledMiracle"},{"floor":8,"key":"Dexterity Potion"},{"floor":10,"key":"DistilledChaos"},{"floor":13,"key":"ColorlessPotion"},{"floor":14,"key":"BlessingOfTheForge"},{"floor":21,"key":"BottledMiracle"},{"floor":24,"key":"LiquidMemories"},{"floor":33,"key":"FearPotion"},{"floor":41,"key":"Dexterity Potion"},{"floor":47,"key":"StancePotion"}],"is_trial":false,"path_per_floor":["M","M","?","M","M","E","R","E","T","M","?","R","M","E","R","B",null,"M","M","M","M","$","R","M","R","T","R","$","M","M","M","R","B",null,"M","M","?","?","$","R","E","R","T","R","M","R","M","M","R","B",null],"character_chosen":"WATCHER","items_purchased":["Sanctity","Bandage Up","Lantern","JustLucky","Regen Potion"],"campfire_rested":4,"item_purchase_floors":[22,22,28,39,39],"current_hp_per_floor":[72,72,77,77,77,56,56,38,38,37,37,60,60,30,30,20,77,59,29,21,6,6,29,31,31,31,31,31,28,32,33,56,55,77,77,54,54,54,54,54,54,54,54,54,43,43,27,33,56,38],"gold":119,"neow_bonus":"UPGRADE_CARD","is_daily":false,"chose_seed":false,"campfire_upgraded":8,"win_rate":0.0,"timestamp":1611288718,"path_taken":["M","M","?","M","M","E","R","E","T","M","?","R","?","E","R","BOSS","M","M","M","M","$","R","M","R","T","R","$","M","M","M","R","BOSS","M","M","?","?","$","R","E","R","T","R","M","R","M","M","R","BOSS"],"items_purchased_type":["Card","Card","Relic","Card","Potion"],"build_version":"2020-12-22","purchased_purges":2,"victory":true,"max_hp_per_floor":[72,72,77,77,77,77,77,77,77,77,77,77,77,77,77,77,77,77,77,77,77,77,77,77,77,77,77,77,77,77,77,77,77,77,77,77,77,77,77,77,77,77,77,77,77,77,77,77,77,77],"card_choices":[{"not_picked":["InnerPeace","Crescendo"],"picked":"ClearTheMind","floor":1},{"not_picked":["Evaluate","SashWhip"],"picked":"EmptyMind","floor":2},{"not_picked":["TalkToTheHand","Swivel"],"picked":"Evaluate","floor":4},{"not_picked":["BowlingBash","Conclude"],"picked":"FearNoEvil","floor":5},{"not_picked":["ClearTheMind","CrushJoints"],"picked":"FlurryOfBlows","floor":6},{"not_picked":["FlurryOfBlows","EmptyBody"],"picked":"Scrawl","floor":8},{"not_picked":["BowlingBash","Consecrate"],"picked":"FollowUp","floor":10},{"not_picked":["CrushJoints","FlyingSleeves"],"picked":"EmptyBody","floor":13},{"not_picked":["Nirvana","WaveOfTheHand"],"picked":"SashWhip","floor":14},{"not_picked":["SpiritShield","Blasphemy"],"picked":"Alpha","floor":16},{"not_picked":["CrushJoints","FollowUp"],"picked":"FlurryOfBlows","floor":18},{"not_picked":["WaveOfTheHand","BowlingBash+1"],"picked":"Crescendo+1","floor":19},{"not_picked":["Weave","FlyingSleeves"],"picked":"Protect","floor":20},{"not_picked":["EmptyFist","FlurryOfBlows+1"],"picked":"EmptyBody+1","floor":21},{"not_picked":["Halt","Crescendo+1"],"picked":"ThirdEye","floor":24},{"not_picked":["BowlingBash","ReachHeaven"],"picked":"DeusExMachina","floor":29},{"not_picked":["FlurryOfBlows","InnerPeace"],"picked":"JustLucky","floor":30},{"not_picked":["Tantrum","Protect"],"picked":"InnerPeace","floor":31},{"not_picked":["Wish","SpiritShield"],"picked":"MasterReality","floor":33},{"not_picked":["FlyingSleeves+1","Meditate+1","EmptyBody+1"],"picked":"SKIP","floor":35},{"not_picked":["Prostrate","Halt+1"],"picked":"ThirdEye","floor":36},{"not_picked":["Nirvana","PathToVictory+1","WindmillStrike"],"picked":"SKIP","floor":41},{"not_picked":["CrushJoints","Ragnarok","BattleHymn"],"picked":"SKIP","floor":45},{"not_picked":["EmptyFist","PathToVictory+1"],"picked":"DeceiveReality+1","floor":47},{"not_picked":["FollowUp","SashWhip"],"picked":"Nirvana+1","floor":48}],"player_experience":162343,"relics_obtained":[{"floor":6,"key":"Shuriken"},{"floor":8,"key":"Thread and Needle"},{"floor":9,"key":"Yang"},{"floor":14,"key":"Ornamental Fan"},{"floor":26,"key":"Gremlin Horn"},{"floor":41,"key":"CeramicFish"},{"floor":41,"key":"Toxic Egg 2"},{"floor":43,"key":"Blood Vial"}],"event_choices":[{"damage_healed":0,"gold_gain":0,"player_choice":"Donut","damage_taken":0,"max_hp_gain":5,"max_hp_loss":0,"event_name":"Big Fish","floor":3,"gold_loss":0},{"cards_removed":["Strike_P"],"damage_healed":0,"gold_gain":0,"player_choice":"Offered Basic","damage_taken":0,"max_hp_gain":0,"max_hp_loss":0,"event_name":"Bonfire Elementals","floor":11,"gold_loss":0},{"damage_healed":0,"gold_gain":0,"player_choice":"Memory 1","damage_taken":0,"max_hp_gain":0,"max_hp_loss":0,"event_name":"SensoryStone","floor":37,"gold_loss":0},{"damage_healed":0,"gold_gain":0,"player_choice":"Ignored","damage_taken":0,"max_hp_gain":0,"max_hp_loss":0,"event_name":"Mysterious Sphere","floor":38,"gold_loss":0}],"is_beta":false,"boss_relics":[{"not_picked":["Cursed Key","Ectoplasm"],"picked":"Empty Cage"},{"not_picked":["Coffee Dripper","Runic Dome"],"picked":"Black Star"}],"items_purged_floors":[22,39],"is_endless":false,"potions_floor_spawned":[1,8,10,13,14,21,24,29,33,41,47,48],"ascension_level":1}}