{"host":"2e5gbsni44p3458r","time":1611314734,"event":{"mods":["BaseMod","Colored Map","Downfall","Hermit","Hubris","Minty Spire (QoL Compilation)","StSLib","The Cursed"],"gold_per_floor":[99,109,119,119,149,324,324,337,237,272,285,312,312,325,341,443,443,443,463,448,461,479,495,521,621,621,621,774,674,974,974,985,1090,1090,1090,1107,1127,1137,1188,1238,1313,1333,303,317,348,348,382,282,300,300,300,331,25,25,25,25],"floor_reached":57,"language":"ENG","playtime":3188,"items_purged":["hubris:Despair","Pride","hubris:Disease"],"score":1424,"play_id":"29606aeb-b2cb-43f5-9ce3-9f383dda91c8","local_time":"20210122202534","is_ascension_mode":true,"campfire_choices":[{"floor":1.0,"key":"RECALL"},{"data":"bronze:RecursiveStrike","floor":9.0,"key":"SMITH"},{"floor":13.0,"key":"REST"},{"data":"bronze:Frontload","floor":18.0,"key":"SMITH"},{"data":"bronze:FollowUp","floor":29.0,"key":"SMITH"},{"data":"bronze:DarkDash","floor":35.0,"key":"SMITH"},{"floor":48,"key":"REST"},{"floor":54,"key":"REST"}],"circlet_count":0,"master_deck":["bronze:Strike","bronze:Strike","bronze:Strike","bronze:Strike","bronze:Defend","bronze:Defend","bronze:Defend","bronze:Defend","bronze:Replicate","bronze:Goto","bronze:RecursiveStrike+1","bronze:Fortify","bronze:Spike","bronze:Frontload+1","bronze:Boost","bronze:WhirlingStrike+1","bronze:Overheat+1","bronze:DarkDash+1","Injury","bronze:Branch+1","bronze:FollowUp+1","bronze:Format","bronze:FollowUp+1","bronze:Repulsor+1","bronze:Branch+1","bronze:Iterate+1","hubris:Despair","bronze:Flail","hubris:Wrath","bronze:DarkDash+1"],"relics":["bronze:BronzeCore","Bronze Scales","hubris:Metronome","downfall:HeartBlessingRed","The Courier","Tiny Chest","Cursed Key","hubris:MedicalManual","hubris:TinFlute","downfall:HeartBlessingBlue","Old Coin","Frozen Egg 2","Sozu","Bird Faced Urn","Turnip","Toxic Egg 2","ClockworkSouvenir","Centennial Puzzle","Calipers","Nunchaku","Oddly Smooth Stone","bronze:ProtectiveGoggles","PreservedInsect","Darkstone Periapt","Pantograph","Dream Catcher","downfall:HeartBlessingGreen","Blood Vial","Blue Candle"],"acts_visited":[],"potions_floor_usage":[36,45],"damage_taken":[{"damage":1.0,"enemies":"Cultist","floor":2.0,"turns":3.0},{"damage":0.0,"enemies":"Small Slimes","floor":3.0,"turns":2.0},{"damage":34.0,"enemies":"Small Slimes","floor":4.0,"turns":5.0},{"damage":2.0,"enemies":"2 Louse","floor":8.0,"turns":3.0},{"damage":0.0,"enemies":"Lagavulin","floor":10.0,"turns":2.0},{"damage":0.0,"enemies":"Exordium Wildlife","floor":11.0,"turns":5.0},{"damage":0.0,"enemies":"Gremlin Nob","floor":12.0,"turns":2.0},{"damage":0.0,"enemies":"2 Fungi Beasts","floor":14.0,"turns":2.0},{"damage":10.0,"enemies":"3 Louse","floor":15.0,"turns":2.0},{"damage":12.0,"enemies":"SI_SHIV_ARCHETYPE","floor":16.0,"turns":7.0},{"damage":0.0,"enemies":"Chosen","floor":19.0,"turns":3.0},{"damage":0.0,"enemies":"downfall:FleeingMerchant","floor":20.0,"turns":4.0},{"damage":0.0,"enemies":"Spheric Guardian","floor":21.0,"turns":2.0},{"damage":0.0,"enemies":"Chosen and Byrds","floor":22.0,"turns":4.0},{"damage":0.0,"enemies":"Centurion and Healer","floor":23.0,"turns":4.0},{"damage":0.0,"enemies":"Colosseum Nobs","floor":25.0,"turns":2.0},{"damage":0.0,"enemies":"downfall:FleeingMerchant","floor":28.0,"turns":4.0},{"damage":0.0,"enemies":"Sentry and Sphere","floor":32.0,"turns":3.0},{"damage":66.0,"enemies":"IC_MUSHROOM_ARCHETYPE","floor":33.0,"turns":7.0},{"damage":0,"enemies":"3 Darklings","floor":36,"turns":3},{"damage":0,"enemies":"3 Shapes","floor":37,"turns":3},{"damage":0,"enemies":"Spire Growth","floor":38,"turns":3},{"damage":23,"enemies":"2 Orb Walkers","floor":39,"turns":3},{"damage":0,"enemies":"2 Orb Walkers","floor":40,"turns":4},{"damage":0,"enemies":"Jaw Worm Horde","floor":42,"turns":2},{"damage":0,"enemies":"Writhing Mass","floor":44,"turns":2},{"damage":0,"enemies":"Nemesis","floor":45,"turns":1},{"damage":0,"enemies":"Reptomancer","floor":47,"turns":2},{"damage":5,"enemies":"4 Shapes","floor":49,"turns":2},{"damage":3,"enemies":"WA_ARCHETYPE_DIVINITY","floor":50,"turns":6},{"damage":26,"enemies":"downfall:CharBossMerchant","floor":52,"turns":6},{"damage":18,"enemies":"downfall:NeowBoss","floor":55,"turns":10},{"damage":4,"enemies":"downfall:NeowBossFinal","floor":56,"turns":7}],"seed_played":"40842406723334427","potions_obtained":[{"floor":4.0,"key":"Ancient Potion"},{"floor":8.0,"key":"SteroidPotion"},{"floor":11.0,"key":"Fire Potion"},{"floor":14.0,"key":"SteroidPotion"},{"floor":16.0,"key":"DistilledChaos"},{"floor":21.0,"key":"bronze:BuildAFunctionPotion"},{"floor":23.0,"key":"DistilledChaos"},{"floor":25.0,"key":"sneckomod:MuddlingPotion"}],"is_trial":false,"path_per_floor":["R","M","M","?","?","?","T","M","R","E","M","E","R","M","M","B",null,"R","M","$","M","M","M","T","?","?","?","$","R","T","?","M","B",null,"R","M","M","M","?","?","T","M","$","M","E","T","E","R","M","B",null,"E","$","R","B","B",null],"character_chosen":"THE_AUTOMATON","items_purchased":["bronze:FollowUp","bronze:FreeFunctionsPotion","ClockworkSouvenir","Centennial Puzzle","Calipers","Nunchaku","Oddly Smooth Stone","bronze:ProtectiveGoggles","PreservedInsect","Blue Candle"],"campfire_rested":3,"item_purchase_floors":[28,28,43,43,43,43,43,43,43,53],"current_hp_per_floor":[70,69,69,35,35,35,35,33,33,33,33,33,54,54,44,32,70,70,70,70,70,70,70,70,70,70,70,70,80,80,80,80,14,80,80,80,80,80,57,59,59,61,61,61,61,67,67,86,81,83,86,60,60,85,68,84],"gold":25,"neow_bonus":"THREE_RARE_CARDS","is_daily":false,"chose_seed":false,"campfire_upgraded":4,"win_rate":0.0,"timestamp":1611314734,"path_taken":["R","M","?","?","?","?","T","M","R","E","M","E","R","M","M","BOSS","R","M","$","M","M","M","T","?","?","?","$","R","?","?","M","BOSS","R","M","M","M","?","?","T","M","$","M","E","?","E","R","M","BOSS","E","$","R","BOSS","BOSS"],"items_purchased_type":["Card","Potion","Relic","Relic","Relic","Relic","Relic","Relic","Relic","Relic"],"build_version":"2020-12-22","purchased_purges":3,"victory":true,"max_hp_per_floor":[70,70,70,70,70,70,70,70,70,70,70,70,70,70,70,70,70,70,70,70,70,70,70,70,70,70,70,70,80,80,80,80,80,80,80,80,80,80,80,80,80,80,80,80,80,86,86,86,86,86,86,86,86,86,86,86],"card_choices":[{"not_picked":["bronze:Assembly","bronze:BurnOut"],"picked":"bronze:RecursiveStrike","floor":0.0},{"not_picked":["bronze:Separator","bronze:Deprecate","bronze:InfiniteBeams"],"picked":"SKIP","floor":2.0},{"not_picked":["bronze:CutThrough","bronze:DelayedGuard"],"picked":"bronze:Fortify","floor":3.0},{"not_picked":[],"picked":"bronze:Spike","floor":4.0},{"not_picked":["bronze:ChosenStrike","bronze:Turbo","bronze:FineTuning"],"picked":"SKIP","floor":8.0},{"not_picked":["bronze:DelayedSlice","bronze:Repair"],"picked":"bronze:Frontload","floor":10.0},{"not_picked":["bronze:Return","bronze:BitShift"],"picked":"bronze:Boost","floor":11.0},{"not_picked":["bronze:HyperBeam","bronze:ChildClass","bronze:Constructor"],"picked":"SKIP","floor":12.0},{"not_picked":["bronze:BugBarrage","bronze:OilSpill","bronze:Shield"],"picked":"SKIP","floor":14.0},{"not_picked":["bronze:Overload","bronze:BitShift","bronze:WildBeam"],"picked":"SKIP","floor":15.0},{"not_picked":["bronze:Allocate","bronze:Separator"],"picked":"bronze:WhirlingStrike+1","floor":19.0},{"not_picked":["bronze:Shield+1","bronze:DelayedGuard","bronze:Overheat"],"picked":"SKIP","floor":20.0},{"not_picked":["bronze:Shield+1","bronze:DelayedGuard","bronze:Overheat"],"picked":"SKIP","floor":20.0},{"not_picked":["bronze:Shield+1","bronze:DelayedGuard","bronze:Overheat"],"picked":"SKIP","floor":20.0},{"not_picked":["bronze:Philosophize+1","bronze:ItsAFeature","bronze:Separator+1"],"picked":"SKIP","floor":21.0},{"not_picked":["bronze:DelayedSlice+1","bronze:Repair"],"picked":"bronze:Overheat+1","floor":22.0},{"not_picked":["bronze:DelayedGuard+1","bronze:Assembly"],"picked":"bronze:DarkDash","floor":23.0},{"not_picked":["bronze:Separator","bronze:Flail"],"picked":"bronze:Branch+1","floor":25.0},{"not_picked":["bronze:Allocate","bronze:Fortify","bronze:Separator"],"picked":"SKIP","floor":28.0},{"not_picked":["bronze:FineTuning","bronze:InfiniteBeams+1","bronze:NullPointer"],"picked":"SKIP","floor":32.0},{"not_picked":["bronze:Mutator+1","bronze:TinkerersToolbox"],"picked":"bronze:Format","floor":33.0},{"not_picked":["bronze:InfiniteBeams+1","bronze:DelayedSlice"],"picked":"bronze:FollowUp+1","floor":36},{"not_picked":["bronze:Return","bronze:DelayedSlice"],"picked":"bronze:Repulsor+1","floor":37},{"not_picked":["bronze:Safeguard+1","bronze:Overload+1","bronze:GetLatest"],"picked":"SKIP","floor":38},{"not_picked":["bronze:WhirlingStrike+1","bronze:Invalidate"],"picked":"bronze:Branch+1","floor":39},{"not_picked":["bronze:Overheat","bronze:Branch+1"],"picked":"bronze:Iterate+1","floor":40},{"not_picked":["bronze:BuggyMess+1","bronze:SpaghettiCode+1"],"picked":"bronze:Flail","floor":42},{"not_picked":["bronze:Branch","bronze:Separator+1","bronze:Frontload+1"],"picked":"SKIP","floor":44},{"not_picked":["bronze:Separator+1","bronze:FindAndReplace+1","bronze:BugBarrage"],"picked":"SKIP","floor":45},{"not_picked":["bronze:Iterate","bronze:NullPointer+1"],"picked":"bronze:DarkDash+1","floor":47},{"not_picked":["bronze:Frontload+1","bronze:DelayedSlice","bronze:ChildClass+1"],"picked":"SKIP","floor":49},{"not_picked":["bronze:DelayedSlice+1","bronze:DarkDash","bronze:InfiniteBeams+1"],"picked":"SKIP","floor":52}],"player_experience":741567,"relics_obtained":[{"floor":7.0,"key":"hubris:Metronome"},{"floor":10.0,"key":"The Courier"},{"floor":12.0,"key":"Tiny Chest"},{"floor":25.0,"key":"hubris:MedicalManual"},{"floor":25.0,"key":"hubris:TinFlute"},{"floor":30.0,"key":"Old Coin"},{"floor":39,"key":"Bird Faced Urn"},{"floor":40,"key":"Turnip"},{"floor":41,"key":"Toxic Egg 2"},{"floor":45,"key":"Darkstone Periapt"},{"floor":46,"key":"Pantograph"},{"floor":47,"key":"Dream Catcher"},{"floor":52,"key":"Blood Vial"}],"event_choices":[{"damage_healed":0.0,"max_hp_gain":0.0,"max_hp_loss":0.0,"gold_gain":0.0,"event_name":"Addict","player_choice":"Stole Relic","floor":31.0,"gold_loss":0.0,"damage_taken":0.0,"relics_obtained":["Frozen Egg 2"],"cards_obtained":["Pride"]},{"damage_healed":0,"gold_gain":0,"player_choice":"Fight","damage_taken":0,"max_hp_gain":0,"max_hp_loss":0,"event_name":"Mysterious Sphere","floor":39,"gold_loss":0}],"is_beta":false,"boss_relics":[{"not_picked":["SacredBark","Pandora\u0027s Box"],"picked":"Cursed Key"},{"not_picked":["hubris:Stopwatch","hubris:GrandSneckoEye"],"picked":"Sozu"}],"items_purged_floors":[28,43,53],"is_endless":false,"potions_floor_spawned":[4,8,11,14,16,21,23,25,32,36,39,40,44,45,49],"ascension_level":1}}