{"host":"mp58o87p0odjvmog","time":1611342072,"event":{"mods":["BaseMod","BetterRewards","Colored Map","Hubris","Infinite Spire","Marisa????????","Minty Spire (QoL Compilation)","Replay The Spire","StSLib","The Servant 0.9.4"],"gold_per_floor":[111,122,122,136,148,148,148,148,148,164,10,45,45,59,59,164,164,179,193,216,236,236,236,236,253,253,253,253,279,293,164,164,164,164],"floor_reached":33,"language":"ENG","playtime":892,"items_purged":["Doubt"],"score":345,"play_id":"e8cb7495-53e7-482c-a450-32c71f8ce7d5","local_time":"20210122130112","is_ascension_mode":true,"campfire_choices":[{"data":"infinitespire:OneForAll","floor":6,"key":"SMITH"},{"data":"Rampage","floor":8,"key":"SMITH"},{"data":"Pommel Strike","floor":13,"key":"SMITH"},{"data":"Disarm","floor":15,"key":"SMITH"},{"data":"Barricade","floor":23,"key":"SMITH"},{"data":"Shrug It Off","floor":27,"key":"SMITH"},{"data":"Shrug It Off","floor":32,"key":"SMITH"}],"circlet_count":0,"master_deck":["Defend_R","Defend_R","Defend_R","infinitespire:OneForAll+1","Shrug It Off+1","Rampage+1","Pommel Strike+1","Disarm+1","Barricade+1","Battle Trance+1","True Grit","Bite","Bite","Bite","Bite","Bite","Ghostly Armor","Shrug It Off","Shrug It Off+1"],"relics":["Burning Blood","NeowsBlessing","infinitespire:ShieldingShard","Mercury Hourglass","Lee\u0027s Waffle","Centennial Puzzle","hubris:Stopwatch","hubris:Spice","StoneCalendar"],"acts_visited":["Exordium","TheCity"],"potions_floor_usage":[5,5,16,21,29,29,33],"damage_taken":[{"damage":0,"enemies":"Cultist","floor":1,"turns":1},{"damage":0,"enemies":"Small Slimes","floor":2,"turns":1},{"damage":0,"enemies":"2 Louse","floor":4,"turns":1},{"damage":30,"enemies":"Gremlin Gang","floor":5,"turns":7},{"damage":3,"enemies":"Red Slaver","floor":10,"turns":3},{"damage":34,"enemies":"3 Sentries","floor":12,"turns":5},{"damage":0,"enemies":"Looter","floor":14,"turns":2},{"damage":14,"enemies":"The Guardian","floor":16,"turns":9},{"damage":6,"enemies":"Chosen","floor":18,"turns":4},{"damage":27,"enemies":"Spheric Guardian","floor":19,"turns":4},{"damage":0,"enemies":"Snake Plant","floor":21,"turns":3},{"damage":33,"enemies":"3 Cultists","floor":25,"turns":6},{"damage":53,"enemies":"Book of Stabbing","floor":29,"turns":7},{"damage":8,"enemies":"Centurion and Healer","floor":30,"turns":7},{"damage":91,"enemies":"Champ","floor":33,"turns":14}],"seed_played":"-6573986399182372192","potions_obtained":[{"floor":2,"key":"Weak Potion"},{"floor":4,"key":"DistilledChaos"},{"floor":12,"key":"Death Potion"},{"floor":16,"key":"SteroidPotion"},{"floor":18,"key":"Fire Potion"},{"floor":19,"key":"LiquidMemories"},{"floor":21,"key":"Elixir"}],"is_trial":false,"path_per_floor":["M","M","?","M","M","R","?","R","T","M","$","E","R","M","R","B",null,"M","M","T","M","?","R","?","M","T","R","?","E","M","$","R","B"],"character_chosen":"IRONCLAD","items_purchased":["Lee\u0027s Waffle","Shrug It Off"],"campfire_rested":0,"item_purchase_floors":[11,31],"current_hp_per_floor":[80,80,77,80,56,56,56,56,56,59,87,59,59,65,65,57,87,87,66,66,72,60,60,60,43,51,51,51,34,50,50,50,0,0],"gold":164,"neow_bonus":"THREE_ENEMY_KILL","is_daily":false,"chose_seed":false,"campfire_upgraded":7,"win_rate":0.0,"timestamp":1611342072,"path_taken":["M","?","?","M","M","R","?","R","T","M","$","E","R","M","R","BOSS","M","?","?","M","?","R","?","?","T","R","?","E","?","$","R","BOSS"],"items_purchased_type":["Relic","Card"],"build_version":"2020-12-22","purchased_purges":1,"victory":false,"max_hp_per_floor":[80,80,80,80,80,80,80,80,80,80,87,87,87,87,87,87,87,87,87,87,87,60,60,60,60,68,68,68,76,76,76,76,76,76],"card_choices":[{"not_picked":["Run Through","Thunderclap"],"picked":"infinitespire:OneForAll","floor":1},{"not_picked":["Anger","Infernal Blade"],"picked":"Shrug It Off","floor":2},{"not_picked":["Sword Boomerang","Entrench","Armaments"],"picked":"SKIP","floor":4},{"not_picked":["Warcry","Heavy Blade"],"picked":"Rampage","floor":5},{"not_picked":["ReplayTheSpireMod:Corrosion Curse","Headbutt"],"picked":"Pommel Strike","floor":10},{"not_picked":["Feel No Pain","Rupture","True Grit"],"picked":"SKIP","floor":12},{"not_picked":["Body Slam","True Grit"],"picked":"Disarm","floor":14},{"not_picked":["Offering","Demonic Infusion"],"picked":"Barricade","floor":16},{"not_picked":["Clash","Flex"],"picked":"Battle Trance+1","floor":18},{"not_picked":["Twin Strike+1","Anger+1"],"picked":"True Grit","floor":19},{"not_picked":["Clash","ReplayTheSpireMod:Strike From Hell+1","Cleave"],"picked":"SKIP","floor":21},{"not_picked":["Sword Boomerang+1","Headbutt","Run Through"],"picked":"SKIP","floor":25},{"not_picked":["hubris:ReadiedAction+1","Sword Boomerang"],"picked":"Ghostly Armor","floor":29},{"not_picked":["Disarm","Searing Blow"],"picked":"Shrug It Off","floor":30}],"player_experience":97702,"relics_obtained":[{"floor":9,"key":"Mercury Hourglass"},{"floor":12,"key":"Centennial Puzzle"},{"floor":26,"key":"hubris:Spice"},{"floor":29,"key":"hubris:Spice"}],"event_choices":[{"damage_healed":0,"gold_gain":0,"player_choice":"Success","damage_taken":3,"relics_obtained":["infinitespire:ShieldingShard"],"max_hp_gain":0,"max_hp_loss":0,"event_name":"Scrap Ooze","floor":3,"gold_loss":0},{"cards_removed":["Defend_R"],"damage_healed":0,"gold_gain":0,"player_choice":"Purged","damage_taken":0,"max_hp_gain":0,"max_hp_loss":0,"event_name":"Purifier","floor":7,"gold_loss":0},{"damage_healed":0,"gold_gain":0,"player_choice":"Became a vampire","damage_taken":0,"max_hp_gain":0,"max_hp_loss":27,"event_name":"Vampires","floor":22,"gold_loss":0,"cards_obtained":["Bite","Bite","Bite","Bite","Bite"]},{"cards_removed":["Bash"],"damage_healed":0,"gold_gain":0,"player_choice":"Offered Basic","damage_taken":0,"max_hp_gain":0,"max_hp_loss":0,"event_name":"Bonfire Elementals","floor":24,"gold_loss":0}],"is_beta":false,"boss_relics":[{"not_picked":["Ectoplasm","Tiny House"],"picked":"hubris:Stopwatch"}],"items_purged_floors":[31],"is_endless":false,"potions_floor_spawned":[2,4,12,16,18,19,21],"killed_by":"Champ","ascension_level":4}}