{"host":"13o02hya6v6rzuva","time":1611327830,"event":{"mods":["BaseMod","Minty Spire (QoL Compilation)","Relic Stats"],"gold_per_floor":[112,122,122,122,133,166,18,18,45,45,58,93,112,387,387,387,387],"floor_reached":16,"language":"ENG","playtime":564,"items_purged":[],"score":116,"play_id":"19c6eee7-ebe0-44ef-a7d1-7d4a8cb13888","local_time":"20210122160350","is_ascension_mode":true,"campfire_choices":[{"data":"Noxious Fumes","floor":8.0,"key":"SMITH"},{"data":"Catalyst","floor":10.0,"key":"SMITH"},{"floor":15.0,"key":"REST"}],"circlet_count":0,"master_deck":["Strike_G","Strike_G","Strike_G","Strike_G","Strike_G","Defend_G","Defend_G","Defend_G","Defend_G","Defend_G","Survivor","Neutralize","Quick Slash","Backflip","Catalyst+1","Noxious Fumes+1","PiercingWail","PiercingWail","Dodge and Roll","Regret"],"relics":["Ring of the Snake","Art of War","PreservedInsect","Snake Skull","Tiny Chest"],"acts_visited":["Exordium"],"potions_floor_usage":[16,16],"damage_taken":[{"damage":0.0,"enemies":"Small Slimes","floor":1.0,"turns":3.0},{"damage":0.0,"enemies":"Cultist","floor":2.0,"turns":4.0},{"damage":0.0,"enemies":"2 Louse","floor":5.0,"turns":4.0},{"damage":47.0,"enemies":"Lagavulin","floor":6.0,"turns":12.0},{"damage":8.0,"enemies":"Gremlin Gang","floor":11.0,"turns":5.0},{"damage":12.0,"enemies":"3 Sentries","floor":12.0,"turns":5.0},{"damage":0.0,"enemies":"2 Fungi Beasts","floor":13.0,"turns":4.0},{"damage":33,"enemies":"Slime Boss","floor":16,"turns":11}],"seed_played":"-5589237123585296615","potions_obtained":[{"floor":6.0,"key":"BlessingOfTheForge"},{"floor":11.0,"key":"Dexterity Potion"},{"floor":13.0,"key":"Energy Potion"}],"is_trial":false,"path_per_floor":["M","M","?","$","M","E","$","R","T","R","M","E","M","?","R","B"],"character_chosen":"THE_SILENT","items_purchased":["PreservedInsect"],"campfire_rested":1,"item_purchase_floors":[7],"current_hp_per_floor":[77,77,77,77,77,30,30,30,30,30,22,10,10,10,33,0,0],"gold":387,"neow_bonus":"TEN_PERCENT_HP_BONUS","is_daily":false,"chose_seed":false,"campfire_upgraded":2,"win_rate":0.0,"timestamp":1611327830,"path_taken":["M","M","?","$","M","E","?","R","T","R","M","E","M","?","R","BOSS"],"items_purchased_type":["Relic"],"build_version":"2020-12-22","purchased_purges":0,"victory":false,"max_hp_per_floor":[77,77,77,77,77,77,77,77,77,77,77,77,77,77,77,77,77],"relic_stats":{"counters":[8,48],"Tiny Chest":0,"PreservedInsect":31,"Snake Skull":[34],"Art of War":[3],"obtain_stats":[{"Tiny Chest":12,"PreservedInsect":7,"Snake Skull":9,"Art of War":6,"Ring of the Snake":0},{"Tiny Chest":6,"PreservedInsect":4,"Snake Skull":4,"Art of War":4,"Ring of the Snake":0},{"Tiny Chest":33,"PreservedInsect":23,"Snake Skull":23,"Art of War":23,"Ring of the Snake":0}],"Ring of the Snake":[16]},"card_choices":[{"not_picked":["PiercingWail","Eviscerate"],"picked":"Quick Slash","floor":1.0},{"not_picked":["Flying Knee","Infinite Blades"],"picked":"Backflip","floor":2.0},{"not_picked":["PiercingWail","Blade Dance"],"picked":"Catalyst","floor":5.0},{"not_picked":["Envenom","Deadly Poison"],"picked":"Noxious Fumes","floor":6.0},{"not_picked":["Slice","Acrobatics"],"picked":"PiercingWail","floor":11.0},{"not_picked":["Phantasmal Killer","Cloak And Dagger"],"picked":"PiercingWail","floor":12.0},{"not_picked":["Cloak And Dagger","Flechettes"],"picked":"Dodge and Roll","floor":13.0}],"player_experience":1152500,"relics_obtained":[{"floor":6.0,"key":"Art of War"},{"floor":9.0,"key":"Snake Skull"},{"floor":12.0,"key":"Tiny Chest"}],"event_choices":[{"cards_removed":["Doubt"],"damage_healed":0.0,"max_hp_gain":0.0,"max_hp_loss":0.0,"gold_gain":0.0,"event_name":"NoteForYourself","player_choice":"Took Card","floor":3.0,"gold_loss":0.0,"damage_taken":0.0,"cards_obtained":["Doubt"]},{"damage_healed":0.0,"max_hp_gain":0.0,"max_hp_loss":0.0,"gold_gain":275.0,"event_name":"Golden Shrine","player_choice":"Desecrate","floor":14.0,"gold_loss":0.0,"damage_taken":0.0,"cards_obtained":["Regret"]}],"is_beta":false,"boss_relics":[],"items_purged_floors":[],"is_endless":false,"potions_floor_spawned":[6,11,13],"killed_by":"Slime Boss","ascension_level":1}}