{"host":"tch6k55kfxnw5l94","time":1611345045,"event":{"mods":["BaseMod","Downfall","Minty Spire (QoL Compilation)","StSLib"],"gold_per_floor":[99,113,10029,10029,10029,8961,8961,8861,8877,8904,9004,8904,9054,9089,9102,9199,9199,9199,9217,9217,9217,9217,9317,9317,8470,8490,8521,8421,8438,8469,7895,7910,8005,8005,8005,8019,8034,7048,7064,7099,7123,7135,7135,6261,5928,5928,5942,5942,5956,5956,5956,5988,5038,5038,5038,5038],"floor_reached":57,"language":"ENG","playtime":3929,"items_purged":["bronze:Strike","bronze:Strike","bronze:Strike","bronze:Defend","bronze:Defend","bronze:Iterate"],"score":1383,"play_id":"2e6a75f7-8fd2-48c0-bc45-29145c6643d2","local_time":"20210122145045","is_ascension_mode":true,"campfire_choices":[{"floor":1.0,"key":"RECALL"},{"data":"Apotheosis","floor":8.0,"key":"SMITH"},{"data":"bronze:Separator","floor":12.0,"key":"SMITH"},{"data":"bronze:Return","floor":18.0,"key":"SMITH"},{"data":"bronze:GetLatest","floor":28.0,"key":"SMITH"},{"data":"1","floor":35.0,"key":"LIFT"},{"data":"bronze:HardenedForm","floor":43.0,"key":"SMITH"},{"data":"bronze:Hardcode","floor":46.0,"key":"SMITH"},{"floor":54.0,"key":"REST"}],"circlet_count":0,"master_deck":["bronze:Defend+1","bronze:Defend","bronze:Replicate+1","bronze:Goto+1","bronze:Constructor+1","Apotheosis+1","bronze:Separator+1","bronze:Return+1","bronze:FineTuning+1","bronze:HardenedForm+1","CurseOfTheBell","bronze:Terminator+1","bronze:FineTuning+1","bronze:ClassDefault","bronze:Flail","bronze:Iterate+1","bronze:RecursiveStrike","bronze:HardenedForm","bronze:Boost+1","bronze:Repulsor+1","bronze:ForceShield+1","bronze:Verify","bronze:Repulsor+1"],"relics":["bronze:BronzeCore","Juzu Bracelet","PreservedInsect","Sling","Dream Catcher","StoneCalendar","Sundial","downfall:HeartBlessingRed","Pear","downfall:HeartBlessingGreen","hexamod:BolsterEngine","Calling Bell","Toy Ornithopter","Toxic Egg 2","Girya","Spirit Poop","downfall:RedIOU","TheAbacus","Ice Cream","War Paint","Centennial Puzzle","downfall:HeartBlessingBlue","Pantograph","bronze:CableSpool","Strawberry","Orrery","expansioncontent:StudyCardRelic","Medical Kit","Peace Pipe","Molten Egg 2","HornCleat","Vajra","Gremlin Horn","Pen Nib","Guardian:BottledAnomaly","Mummified Hand","bronze:ProtectiveGoggles","Art of War","Cauldron"],"acts_visited":["Exordium","TheCity","TheBeyond","TheEnding"],"potions_floor_usage":[],"damage_taken":[{"damage":6.0,"enemies":"2 Louse","floor":2.0,"turns":3.0},{"damage":0.0,"enemies":"downfall:FleeingMerchant","floor":6.0,"turns":4.0},{"damage":0.0,"enemies":"Cultist","floor":9.0,"turns":3.0},{"damage":0.0,"enemies":"Lagavulin","floor":10.0,"turns":3.0},{"damage":0.0,"enemies":"downfall:LadyInBlue","floor":11.0,"turns":4.0},{"damage":1.0,"enemies":"3 Sentries","floor":14.0,"turns":5.0},{"damage":0.0,"enemies":"Small Slimes","floor":15.0,"turns":2.0},{"damage":2.0,"enemies":"IC_STATUS_ARCHETYPE","floor":16.0,"turns":7.0},{"damage":0.0,"enemies":"Chosen","floor":19.0,"turns":6.0},{"damage":3.0,"enemies":"downfall:FleeingMerchant","floor":25.0,"turns":4.0},{"damage":14.0,"enemies":"Centurion and Healer","floor":26.0,"turns":5.0},{"damage":17.0,"enemies":"Book of Stabbing","floor":27.0,"turns":3.0},{"damage":3.0,"enemies":"3 Cultists","floor":29.0,"turns":5.0},{"damage":14.0,"enemies":"Slavers","floor":30.0,"turns":4.0},{"damage":0.0,"enemies":"downfall:FleeingMerchant","floor":31.0,"turns":4.0},{"damage":12.0,"enemies":"Chosen and Byrds","floor":32.0,"turns":2.0},{"damage":12.0,"enemies":"SI_MIRROR_ARCHETYPE","floor":33.0,"turns":4.0},{"damage":0.0,"enemies":"3 Shapes","floor":36.0,"turns":5.0},{"damage":0.0,"enemies":"3 Darklings","floor":37.0,"turns":1.0},{"damage":0.0,"enemies":"Maw","floor":39.0,"turns":5.0},{"damage":36.0,"enemies":"Reptomancer","floor":40.0,"turns":4.0},{"damage":0.0,"enemies":"Jaw Worm Horde","floor":42.0,"turns":3.0},{"damage":51.0,"enemies":"Writhing Mass","floor":47.0,"turns":6.0},{"damage":8.0,"enemies":"4 Shapes","floor":49.0,"turns":5.0},{"damage":0.0,"enemies":"DF_ARCHETYPE_ORBS","floor":50.0,"turns":4.0},{"damage":62.0,"enemies":"downfall:CharBossMerchant","floor":52.0,"turns":6.0},{"damage":6.0,"enemies":"downfall:NeowBoss","floor":55.0,"turns":7.0},{"damage":13,"enemies":"downfall:NeowBoss","floor":56,"turns":10}],"seed_played":"-311837729348468060","potions_obtained":[{"floor":11.0,"key":"hexamod:SoulburnPotion"},{"floor":11.0,"key":"Weak Potion"},{"floor":14.0,"key":"DuplicationPotion"},{"floor":16.0,"key":"LiquidMemories"},{"floor":27.0,"key":"BlessingOfTheForge"},{"floor":32.0,"key":"Energy Potion"},{"floor":37.0,"key":"DuplicationPotion"},{"floor":39.0,"key":"PowerPotion"},{"floor":40.0,"key":"Swift Potion"},{"floor":49.0,"key":"Guardian:BlockOnCardUsePotion"},{"floor":52.0,"key":"SpeedPotion"},{"floor":53.0,"key":"Guardian:BlockOnCardUsePotion"},{"floor":53.0,"key":"EntropicBrew"},{"floor":53.0,"key":"DuplicationPotion"},{"floor":53.0,"key":"Block Potion"}],"is_trial":false,"path_per_floor":["R","M","?","?","?","$","T","R","M","E","?","R","?","E","M","B",null,"R","M","?","?","?","?","T","$","M","E","R","M","E","$","M","B",null,"R","M","M","$","M","E","T","M","R","$","?","R","M","?","M","B",null,"E","$","R","B","B",null],"character_chosen":"THE_AUTOMATON","items_purchased":["Sling","Dream Catcher","StoneCalendar","Apotheosis","Energy Potion","Guardian:BlockOnCardUsePotion","SteroidPotion","TheAbacus","Ice Cream","War Paint","bronze:FineTuning+1","EntropicBrew","bronze:CableSpool","Strawberry","Orrery","EntropicBrew","GamblersBrew","Weak Potion","Medical Kit","Peace Pipe","Molten Egg 2","Energy Potion","bronze:Boost+1","Gremlin Horn","Pen Nib","bronze:Hardcode","Guardian:BottledAnomaly","bronze:ProtectiveGoggles","Art of War","bronze:Verify","Strength Potion","FearPotion","Explosive Potion","Cauldron"],"campfire_rested":1,"item_purchase_floors":[6,6,6,6,6,6,6,25,25,25,25,25,31,31,31,31,31,31,38,38,38,38,38,44,44,44,44,53,53,53,53,53,53,53],"current_hp_per_floor":[63,57,57,57,57,57,57,57,57,67,67,67,67,66,66,64,76,76,80,80,80,80,80,80,77,68,56,66,68,54,86,79,95,97,97,97,97,97,97,61,61,71,71,71,109,109,63,63,65,95,106,44,44,76,109,96],"gold":5038,"neow_bonus":"RANDOM_COMMON_RELIC","is_daily":false,"chose_seed":false,"campfire_upgraded":6,"win_rate":0.0,"timestamp":1611345045,"path_taken":["R","M","?","?","?","$","T","R","M","E","?","R","?","E","M","BOSS","R","M","?","?","?","?","T","$","M","E","R","M","E","$","M","BOSS","R","M","M","$","M","E","T","M","R","$","?","R","M","?","M","BOSS","E","$","R","BOSS","BOSS"],"items_purchased_type":["Relic","Relic","Relic","Card","Potion","Potion","Potion","Relic","Relic","Relic","Card","Potion","Relic","Relic","Relic","Potion","Potion","Potion","Relic","Relic","Relic","Potion","Card","Relic","Relic","Card","Relic","Relic","Relic","Card","Potion","Potion","Potion","Relic"],"build_version":"2020-12-22","purchased_purges":6,"victory":true,"max_hp_per_floor":[70,70,70,70,70,70,70,70,70,80,80,80,80,80,80,80,80,80,80,80,80,80,80,80,80,80,80,90,90,90,97,97,97,97,97,97,97,97,97,97,97,97,97,97,109,109,109,109,109,109,109,109,109,109,109,109],"card_choices":[{"not_picked":["bronze:DelayedSlice","bronze:FollowUp"],"picked":"bronze:Constructor","floor":2.0},{"not_picked":["bronze:CloningBeam","bronze:Safeguard","bronze:BugBarrage"],"picked":"SKIP","floor":6.0},{"not_picked":["bronze:Turbo","bronze:Frontload"],"picked":"bronze:Separator","floor":9.0},{"not_picked":["bronze:WildBeam","bronze:Allocate"],"picked":"bronze:GetLatest","floor":10.0},{"not_picked":["bronze:BitShift","bronze:Flail"],"picked":"bronze:Return","floor":14.0},{"not_picked":["bronze:Branch","bronze:Iterate"],"picked":"bronze:FineTuning","floor":15.0},{"not_picked":["bronze:Format","bronze:Virus"],"picked":"bronze:HardenedForm","floor":16.0},{"not_picked":["bronze:Iterate","bronze:DarkDash"],"picked":"bronze:Terminator+1","floor":19.0},{"not_picked":["bronze:BitShift+1","bronze:Invalidate+1","bronze:Overheat+1"],"picked":"SKIP","floor":25.0},{"not_picked":["bronze:Fortify","bronze:Deprecate+1","bronze:Shield+1"],"picked":"SKIP","floor":26.0},{"not_picked":["bronze:WhirlingStrike","bronze:FineTuning+1"],"picked":"bronze:ClassDefault","floor":27.0},{"not_picked":["bronze:DelayedGuard+1","bronze:ShipIt","bronze:Invalidate+1"],"picked":"SKIP","floor":29.0},{"not_picked":["bronze:Separator","bronze:BuggyMess+1"],"picked":"bronze:Flail","floor":30.0},{"not_picked":["bronze:Safeguard+1","bronze:Repair+1","bronze:ChosenStrike+1"],"picked":"SKIP","floor":31.0},{"not_picked":["bronze:FollowUp","bronze:ChosenStrike"],"picked":"bronze:Iterate+1","floor":31.0},{"not_picked":["bronze:Invalidate+1","bronze:DelayedGuard+1"],"picked":"bronze:Iterate","floor":31.0},{"not_picked":["bronze:DigitalCarnage","bronze:DelayedSlice"],"picked":"bronze:RecursiveStrike","floor":32.0},{"not_picked":["bronze:Break","bronze:ShipIt"],"picked":"bronze:HardenedForm","floor":33.0},{"not_picked":["bronze:GetLatest+1","bronze:WildBeam","bronze:WhirlingStrike"],"picked":"SKIP","floor":36.0},{"not_picked":["bronze:NullPointer","bronze:DigitalCarnage+1","bronze:Refactor+1"],"picked":"SKIP","floor":37.0},{"not_picked":["bronze:CutThrough+1","bronze:Boost+1","bronze:Allocate+1"],"picked":"SKIP","floor":39.0},{"not_picked":["bronze:BuggyMess+1","bronze:BugBarrage+1"],"picked":"bronze:Repulsor+1","floor":40.0},{"not_picked":["bronze:OilSpill+1","bronze:Constructor+1"],"picked":"bronze:ForceShield+1","floor":42.0},{"not_picked":["bronze:ChosenStrike+1","bronze:Constructor+1","bronze:Overload+1"],"picked":"SKIP","floor":47.0},{"not_picked":["bronze:Invalidate+1","bronze:DelayedSlice+1","bronze:ThunderWave+1"],"picked":"SKIP","floor":49.0},{"not_picked":["bronze:ClassDefault","bronze:Constructor+1","bronze:Iterate+1"],"picked":"SKIP","floor":52.0},{"not_picked":["bronze:Invalidate+1","bronze:FineTuning+1"],"picked":"bronze:Repulsor+1","floor":54.0}],"player_experience":272785,"relics_obtained":[{"floor":7.0,"key":"Sundial"},{"floor":10.0,"key":"Pear"},{"floor":11.0,"key":"Potion Belt"},{"floor":14.0,"key":"hexamod:BolsterEngine"},{"floor":17.0,"key":"Toy Ornithopter"},{"floor":17.0,"key":"Toxic Egg 2"},{"floor":17.0,"key":"Girya"},{"floor":27.0,"key":"Centennial Puzzle"},{"floor":30.0,"key":"Pantograph"},{"floor":40.0,"key":"HornCleat"},{"floor":41.0,"key":"Vajra"},{"floor":52.0,"key":"Mummified Hand"}],"event_choices":[{"cards_removed":["downfall:Icky"],"damage_healed":0.0,"max_hp_gain":0.0,"max_hp_loss":0.0,"gold_gain":0.0,"event_name":"Bonfire Elementals","player_choice":"Offered Curse","floor":20.0,"gold_loss":0.0,"damage_taken":0.0,"relics_obtained":["Spirit Poop"]},{"damage_healed":0.0,"max_hp_gain":0.0,"max_hp_loss":0.0,"gold_gain":0.0,"event_name":"Ghosts","player_choice":"Ignored","floor":22.0,"gold_loss":0.0,"damage_taken":0.0},{"cards_removed":["bronze:GetLatest"],"damage_healed":0.0,"max_hp_gain":0.0,"max_hp_loss":0.0,"gold_gain":0.0,"event_name":"Falling","player_choice":"Removed Skill","floor":48.0,"gold_loss":0.0,"damage_taken":0.0}],"is_beta":false,"boss_relics":[{"not_picked":["Busted Crown","Snecko Eye"],"picked":"Calling Bell"},{"not_picked":["Pandora\u0027s Box","Tiny House"],"picked":"expansioncontent:StudyCardRelic"}],"items_purged_floors":[6,25,31,38,44,53],"is_endless":false,"potions_floor_spawned":[9,10,14,16,27,32,37,39,40,49,52],"ascension_level":6}}