{"host":"fevvm7bbzuh4s1jc","time":1611355478,"event":{"mods":["BaseMod","Highlight Path","Minty Spire (QoL Compilation)","Relic Stats"],"gold_per_floor":[109,184,203,223,18,43,53,53,80,109,125,125,125,125,125,202,202,214,214,261,311,325,325,357,387,411,436,450,475,475,70,70,144,144,154,166,180,22,32,64,83,83,109,109,133,133,174,194,194,194,194,194],"floor_reached":51,"language":"ENG","playtime":6325,"items_purged":["Strike_R","Strike_R+1"],"score":1581,"play_id":"f96bd1ca-efcb-4c5c-8a44-175e0a98175a","local_time":"20210122174438","is_ascension_mode":true,"campfire_choices":[{"data":"Uppercut","floor":8.0,"key":"SMITH"},{"data":"Perfected Strike","floor":12.0,"key":"SMITH"},{"floor":15.0,"key":"REST"},{"data":"Fiend Fire","floor":23.0,"key":"SMITH"},{"data":"Whirlwind","floor":32.0,"key":"SMITH"},{"data":"Feed","floor":42.0,"key":"SMITH"},{"data":"Impervious","floor":46.0,"key":"SMITH"},{"floor":49.0,"key":"RECALL"}],"circlet_count":0,"master_deck":["AscendersBane","Strike_R+1","Strike_R+1","Strike_R+1","Defend_R+1","Defend_R+1","Defend_R+1","Defend_R+1","Bash","Perfected Strike+1","Twin Strike","Barricade","Corruption+1","Uppercut+1","Sentinel","Fiend Fire+1","Shrug It Off","Hemokinesis","Clothesline+1","Whirlwind+1","The Bomb","Feed+1","Impervious+1","Evolve","Dark Shackles","Mayhem","Dark Embrace","Disarm"],"relics":["Snecko Eye","Centennial Puzzle","Tiny Chest","MealTicket","Sozu","Red Mask","Bird Faced Urn","Potion Belt","Lizard Tail","PreservedInsect","Philosopher\u0027s Stone","OrangePellets","StoneCalendar","Blood Vial","Orichalcum","CeramicFish"],"acts_visited":["Exordium","TheCity","TheBeyond"],"potions_floor_usage":[],"damage_taken":[{"damage":3.0,"enemies":"2 Louse","floor":1.0,"turns":2.0},{"damage":5.0,"enemies":"Small Slimes","floor":3.0,"turns":6.0},{"damage":0.0,"enemies":"Cultist","floor":4.0,"turns":2.0},{"damage":0.0,"enemies":"Gremlin Nob","floor":6.0,"turns":2.0},{"damage":2.0,"enemies":"Large Slime","floor":7.0,"turns":3.0},{"damage":15.0,"enemies":"3 Sentries","floor":10.0,"turns":8.0},{"damage":5.0,"enemies":"Gremlin Gang","floor":11.0,"turns":4.0},{"damage":0.0,"enemies":"Slime Boss","floor":16.0,"turns":6.0},{"damage":1.0,"enemies":"Chosen","floor":18.0,"turns":3.0},{"damage":2.0,"enemies":"3 Byrds","floor":22.0,"turns":5.0},{"damage":19.0,"enemies":"Masked Bandits","floor":24.0,"turns":3.0},{"damage":9.0,"enemies":"Book of Stabbing","floor":25.0,"turns":4.0},{"damage":13.0,"enemies":"Gremlin Leader","floor":27.0,"turns":7.0},{"damage":3.0,"enemies":"Centurion and Healer","floor":28.0,"turns":4.0},{"damage":22.0,"enemies":"Collector","floor":33.0,"turns":7.0},{"damage":2.0,"enemies":"3 Darklings","floor":35.0,"turns":5.0},{"damage":11.0,"enemies":"3 Shapes","floor":36.0,"turns":4.0},{"damage":0.0,"enemies":"Spire Growth","floor":37.0,"turns":4.0},{"damage":26.0,"enemies":"Jaw Worm Horde","floor":39.0,"turns":3.0},{"damage":31.0,"enemies":"Reptomancer","floor":40.0,"turns":5.0},{"damage":2.0,"enemies":"3 Darklings","floor":41.0,"turns":5.0},{"damage":8.0,"enemies":"Giant Head","floor":47.0,"turns":6.0},{"damage":1.0,"enemies":"4 Shapes","floor":48.0,"turns":4.0},{"damage":29,"enemies":"Time Eater","floor":50,"turns":7},{"damage":111,"enemies":"Awakened One","floor":51,"turns":13}],"seed_played":"1279089046809384905","potions_obtained":[{"floor":6.0,"key":"LiquidMemories"},{"floor":7.0,"key":"Fire Potion"},{"floor":16.0,"key":"LiquidBronze"}],"is_trial":false,"path_per_floor":["M","?","M","M","$","E","M","R","T","E","M","R","?","?","R","B",null,"M","?","T","?","M","R","?","E","T","E","M","T","?","$","R","B",null,"M","M","M","$","M","E","M","R","T","?","T","R","E","M","R","B","B"],"character_chosen":"IRONCLAD","items_purchased":["Barricade","FearPotion","The Bomb","Feed","OrangePellets"],"campfire_rested":1,"item_purchase_floors":[5,5,31,31,38],"current_hp_per_floor":[65,54,49,49,49,49,47,47,47,32,27,27,4,4,26,26,63,62,62,62,55,53,53,34,25,25,14,15,15,15,30,30,12,59,64,60,64,79,57,33,38,38,38,28,28,28,30,43,43,26,0,0],"gold":194,"neow_bonus":"BOSS_RELIC","is_daily":false,"chose_seed":false,"campfire_upgraded":6,"win_rate":0.0,"timestamp":1611355478,"path_taken":["M","?","M","M","$","E","M","R","T","E","M","R","?","?","R","BOSS","M","?","?","?","?","R","?","E","T","E","M","?","?","$","R","BOSS","M","M","M","$","M","E","M","R","T","?","?","R","E","M","R","BOSS","BOSS"],"items_purchased_type":["Card","Potion","Card","Card","Relic"],"build_version":"2020-12-22","purchased_purges":2,"victory":false,"max_hp_per_floor":[75,75,75,75,75,75,75,75,75,75,75,75,75,75,75,75,75,75,75,75,75,75,75,75,75,75,75,75,75,75,75,75,75,75,78,81,81,81,81,84,87,87,87,87,87,87,87,91,91,91,95,95],"relic_stats":{"counters":[25,122],"CeramicFish":18,"StoneCalendar":[58],"PreservedInsect":190,"Orichalcum":[12],"Sozu":7,"Blood Vial":8,"OrangePellets":[8],"Centennial Puzzle":[57],"Lizard Tail":47,"Bird Faced Urn":[68],"Snecko Eye":[167,180,155,160],"Tiny Chest":2,"MealTicket":30,"obtain_stats":[{"Potion Belt":26,"CeramicFish":47,"StoneCalendar":40,"PreservedInsect":29,"Orichalcum":45,"Burning Blood":0,"Sozu":17,"Blood Vial":43,"OrangePellets":38,"Centennial Puzzle":6,"Lizard Tail":27,"Bird Faced Urn":25,"Snecko Eye":0,"Tiny Chest":9,"MealTicket":10,"Philosopher\u0027s Stone":34,"Red Mask":24},{"Potion Belt":12,"CeramicFish":22,"StoneCalendar":20,"PreservedInsect":14,"Orichalcum":21,"Burning Blood":0,"Sozu":8,"Blood Vial":21,"OrangePellets":18,"Centennial Puzzle":4,"Lizard Tail":13,"Bird Faced Urn":12,"Snecko Eye":0,"Tiny Chest":5,"MealTicket":6,"Philosopher\u0027s Stone":15,"Red Mask":11},{"Potion Belt":48,"CeramicFish":98,"StoneCalendar":87,"PreservedInsect":59,"Orichalcum":92,"Burning Blood":0,"Sozu":33,"Blood Vial":92,"OrangePellets":79,"Centennial Puzzle":12,"Lizard Tail":55,"Bird Faced Urn":48,"Snecko Eye":0,"Tiny Chest":15,"MealTicket":23,"Philosopher\u0027s Stone":66,"Red Mask":44}]},"card_choices":[{"not_picked":["Thunderclap","Flex"],"picked":"Perfected Strike","floor":1.0},{"not_picked":["Cleave","Body Slam"],"picked":"Twin Strike","floor":3.0},{"not_picked":["Flex","Sword Boomerang","Pummel"],"picked":"SKIP","floor":4.0},{"not_picked":["Inflame","Seeing Red"],"picked":"Corruption","floor":6.0},{"not_picked":["Iron Wave","Sword Boomerang"],"picked":"Uppercut","floor":7.0},{"not_picked":["Intimidate","Flex"],"picked":"Sentinel","floor":10.0},{"not_picked":["Clash","Cleave","Anger"],"picked":"SKIP","floor":11.0},{"not_picked":["Double Tap","Feed"],"picked":"Fiend Fire","floor":16.0},{"not_picked":["Infernal Blade","Combust"],"picked":"Shrug It Off","floor":18.0},{"not_picked":["Cleave","Wild Strike"],"picked":"Hemokinesis","floor":22.0},{"not_picked":["Thunderclap","Clothesline","Iron Wave"],"picked":"SKIP","floor":25.0},{"not_picked":["Burning Pact","Sword Boomerang"],"picked":"Clothesline+1","floor":27.0},{"not_picked":["Burning Pact","Headbutt+1"],"picked":"Whirlwind","floor":28.0},{"not_picked":["Double Tap","Berserk"],"picked":"Impervious","floor":33.0},{"not_picked":["Ghostly Armor","Sentinel","Anger"],"picked":"SKIP","floor":35.0},{"not_picked":["Anger","Power Through","Armaments"],"picked":"SKIP","floor":36.0},{"not_picked":["Headbutt+1","Thunderclap+1","Dropkick"],"picked":"SKIP","floor":37.0},{"not_picked":["Twin Strike","Combust+1","Havoc"],"picked":"SKIP","floor":39.0},{"not_picked":["Blood for Blood","Anger","Searing Blow"],"picked":"SKIP","floor":40.0},{"not_picked":["Body Slam","Perfected Strike+1"],"picked":"Evolve","floor":41.0},{"not_picked":["Magnetism","Madness"],"picked":"Dark Shackles","floor":44.0},{"not_picked":["Madness","Trip"],"picked":"Mayhem","floor":44.0},{"not_picked":["Intimidate","Pommel Strike+1"],"picked":"Dark Embrace","floor":47.0},{"not_picked":["Dropkick","Hemokinesis"],"picked":"Disarm","floor":48.0}],"player_experience":2724283,"relics_obtained":[{"floor":6.0,"key":"Centennial Puzzle"},{"floor":9.0,"key":"Tiny Chest"},{"floor":10.0,"key":"MealTicket"},{"floor":24.0,"key":"Red Mask"},{"floor":25.0,"key":"Bird Faced Urn"},{"floor":26.0,"key":"Potion Belt"},{"floor":27.0,"key":"Lizard Tail"},{"floor":29.0,"key":"PreservedInsect"},{"floor":40.0,"key":"StoneCalendar"},{"floor":43.0,"key":"Blood Vial"},{"floor":45.0,"key":"Orichalcum"},{"floor":47.0,"key":"CeramicFish"}],"event_choices":[{"damage_healed":0.0,"max_hp_gain":0.0,"max_hp_loss":0.0,"gold_gain":75.0,"event_name":"World of Goop","player_choice":"Gather Gold","floor":2.0,"gold_loss":0.0,"damage_taken":11.0},{"damage_healed":0.0,"max_hp_gain":0.0,"max_hp_loss":0.0,"gold_gain":0.0,"event_name":"Shining Light","player_choice":"Entered Light","floor":13.0,"gold_loss":0.0,"damage_taken":23.0,"cards_upgraded":["Corruption","Defend_R"]},{"damage_healed":0.0,"max_hp_gain":0.0,"max_hp_loss":0.0,"gold_gain":0.0,"event_name":"Scrap Ooze","player_choice":"Fled","floor":14.0,"gold_loss":0.0,"damage_taken":0.0},{"damage_healed":0.0,"max_hp_gain":0.0,"max_hp_loss":0.0,"gold_gain":0.0,"event_name":"Lab","player_choice":"Got Potions","floor":19.0,"gold_loss":0.0,"damage_taken":0.0},{"damage_healed":0.0,"max_hp_gain":0.0,"max_hp_loss":0.0,"gold_gain":50.0,"event_name":"FaceTrader","player_choice":"Touch","floor":21.0,"gold_loss":0.0,"damage_taken":7.0},{"damage_healed":0.0,"max_hp_gain":0.0,"max_hp_loss":0.0,"gold_gain":0.0,"event_name":"Masked Bandits","player_choice":"Fought Bandits","floor":24.0,"gold_loss":0.0,"damage_taken":0.0},{"damage_healed":0.0,"max_hp_gain":0.0,"max_hp_loss":0.0,"gold_gain":0.0,"event_name":"Back to Basics","player_choice":"Simplicity","floor":30.0,"gold_loss":0.0,"damage_taken":0.0,"cards_upgraded":["Strike_R","Strike_R","Strike_R","Strike_R","Defend_R","Defend_R","Defend_R"]},{"damage_healed":0.0,"max_hp_gain":0.0,"max_hp_loss":0.0,"gold_gain":0.0,"event_name":"SensoryStone","player_choice":"Memory 3","floor":44.0,"gold_loss":0.0,"damage_taken":10.0}],"is_beta":false,"boss_relics":[{"not_picked":["Runic Dome","Velvet Choker"],"picked":"Sozu"},{"not_picked":["Tiny House","SacredBark"],"picked":"Philosopher\u0027s Stone"}],"items_purged_floors":[5,31],"is_endless":false,"potions_floor_spawned":[6,7,10,11,16,18,27,39,41,48],"killed_by":"Awakened One","ascension_level":20}}