{"host":"2tv5erke2ouxca44","time":1611344319,"event":{"mods":["AchievementEnabler","BaseMod","Downfall","Minty Spire (QoL Compilation)","Replay The Spire","StSLib","The Construct","The Cursed","The Servant 0.9.4"],"gold_per_floor":[199,218,218,232,232,267,267,281,381,381,381,396,396,415,440,440,440,440],"floor_reached":16,"language":"ENG","playtime":1088,"items_purged":[],"score":102,"play_id":"e267dc16-e257-4b2b-a255-799d3614cbaf","local_time":"20210122193839","is_ascension_mode":false,"campfire_choices":[{"floor":13,"key":"REST"}],"circlet_count":0,"master_deck":["hexamod:Strike","hexamod:Strike","hexamod:Strike","hexamod:Defend","hexamod:Defend","hexamod:Defend+1","hexamod:Defend","hexamod:Sear","hexamod:Float+1","hexamod:DynamicBlow","hexamod:RainOfEmbers","hexamod:Sear","hexamod:FifthSeal","hexamod:FirstSeal","hexamod:SpectersWail","hexamod:UnlimitedPower+1","hexamod:ShieldOfDarkness","hexamod:SecondSeal","hexamod:EtherealExpedition","hexamod:FourthSeal","hexamod:Again","hexamod:ThirdSeal","hexamod:ChargedBarrage"],"relics":["hexamod:SpiritBrand","War Paint","Matryoshka","downfall:BrokenWingStatue","Replay:Baseball"],"acts_visited":["Exordium"],"potions_floor_usage":[9,9,16,16],"damage_taken":[{"damage":4,"enemies":"Jaw Worm","floor":2,"turns":4},{"damage":0,"enemies":"Cultist","floor":4,"turns":3},{"damage":28,"enemies":"Replay:BlueRogue","floor":6,"turns":6},{"damage":20,"enemies":"Small Slimes","floor":8,"turns":4},{"damage":20,"enemies":"downfall:Heads","floor":9,"turns":4},{"damage":1,"enemies":"Red Slaver","floor":12,"turns":3},{"damage":12,"enemies":"Exordium Thugs","floor":14,"turns":4},{"damage":19,"enemies":"Large Slime","floor":15,"turns":7},{"damage":38,"enemies":"WA_ARCHETYPE_RETAIN","floor":16,"turns":6}],"seed_played":"3057543597866357366","potions_obtained":[{"floor":6,"key":"hexamod:SoulburnPotion"},{"floor":8,"key":"hexamod:SoulburnPotion"},{"floor":12,"key":"hexamod:DoubleChargePotion"},{"floor":15,"key":"Regen Potion"}],"is_trial":false,"path_per_floor":["R","M","?","M","?","E","T","M","?","?","T","M","R","M","M","B"],"character_chosen":"THE_SPIRIT","items_purchased":[],"campfire_rested":1,"item_purchase_floors":[],"current_hp_per_floor":[77,73,73,73,73,45,45,25,5,5,5,11,34,29,17,0,0,0],"gold":440,"neow_bonus":"TEN_PERCENT_HP_BONUS","is_daily":false,"chose_seed":false,"campfire_upgraded":0,"win_rate":0.0,"timestamp":1611344319,"path_taken":["R","M","?","M","?","E","T","?","?","?","?","M","R","?","M","BOSS"],"items_purchased_type":[],"build_version":"2020-12-22","purchased_purges":0,"victory":false,"max_hp_per_floor":[77,77,77,77,77,77,77,77,77,77,77,77,77,77,77,77,77,77],"card_choices":[{"not_picked":["hexamod:FastForward","hexamod:NightmareGuise"],"picked":"hexamod:DynamicBlow","floor":2},{"not_picked":["hexamod:BurningTouch","hexamod:StepThrough"],"picked":"hexamod:RainOfEmbers","floor":4},{"not_picked":["hexamod:GhostShield","hexamod:ShieldOfDarkness"],"picked":"hexamod:FifthSeal","floor":6},{"not_picked":["hexamod:FourthSeal","hexamod:SixthSeal"],"picked":"hexamod:FirstSeal","floor":8},{"not_picked":["hexamod:Incineration","hexamod:SpectralAdrenaline"],"picked":"hexamod:SpectersWail","floor":8},{"not_picked":["hexamod:EmpoweredFlame","hexamod:HauntingEcho"],"picked":"hexamod:ShieldOfDarkness","floor":9},{"not_picked":["hexamod:FirstSeal","hexamod:ThirdSeal"],"picked":"hexamod:SecondSeal","floor":12},{"not_picked":["hexamod:BacktrackSmack","hexamod:SwordOfDarkness"],"picked":"hexamod:EtherealExpedition","floor":12},{"not_picked":["hexamod:SixthSeal","hexamod:FirstSeal"],"picked":"hexamod:FourthSeal","floor":14},{"not_picked":["hexamod:HeatMetal","hexamod:SpectersWail"],"picked":"hexamod:Again","floor":14},{"not_picked":["hexamod:SixthSeal","hexamod:FirstSeal"],"picked":"hexamod:ThirdSeal","floor":15},{"not_picked":["hexamod:EtherealExpedition","hexamod:SpectralAdrenaline"],"picked":"hexamod:ChargedBarrage","floor":15}],"player_experience":242777,"relics_obtained":[{"floor":6,"key":"War Paint"},{"floor":7,"key":"Matryoshka"},{"floor":11,"key":"Replay:Baseball"}],"event_choices":[],"is_beta":false,"boss_relics":[],"items_purged_floors":[],"is_endless":false,"potions_floor_spawned":[6,8,12],"killed_by":"WA_ARCHETYPE_RETAIN","ascension_level":0}}