{"host":"7zdktqb5xjtif29d","time":1611353245,"event":{"mods":["AchievementEnabler","BaseMod","Colored Map","Colored Powertips","Dark Map","Highlight Path","Minty Spire (QoL Compilation)","Rare Cards Sparkle","SuperFastMode","Waifu the Spire","everything is the same but u backflip on backflip"],"gold_per_floor":[112,123,142,156,173,173,205,205,251,276,287,287,242,269,269,371,371,384,397,407,407,407],"floor_reached":21,"language":"ENG","playtime":1643,"items_purged":[],"score":223,"play_id":"7808f469-cf1e-465c-9046-100962485d50","local_time":"20210122220725","is_ascension_mode":true,"campfire_choices":[{"data":"Dualcast","floor":6,"key":"SMITH"},{"floor":8,"key":"REST"},{"floor":15,"key":"REST"}],"circlet_count":0,"master_deck":["Strike_B","Strike_B","Strike_B","Defend_B","Defend_B","Defend_B","Defend_B","Zap","Dualcast+1","Ball Lightning","Self Repair","Auto Shields","BootSequence+1","Streamline","Thunder Strike","Streamline","BootSequence+1"],"relics":["Cracked Core","Boot","MealTicket","Toxic Egg 2","Bag of Marbles","Runic Dome"],"acts_visited":["Exordium","TheCity"],"potions_floor_usage":[7],"damage_taken":[{"damage":1,"enemies":"Cultist","floor":1,"turns":3},{"damage":2,"enemies":"Jaw Worm","floor":2,"turns":3},{"damage":4,"enemies":"2 Louse","floor":3,"turns":3},{"damage":11,"enemies":"Blue Slaver","floor":4,"turns":4},{"damage":27,"enemies":"Large Slime","floor":5,"turns":7},{"damage":44,"enemies":"Gremlin Nob","floor":7,"turns":5},{"damage":17,"enemies":"3 Sentries","floor":10,"turns":8},{"damage":0,"enemies":"Red Slaver","floor":11,"turns":3},{"damage":13,"enemies":"Lagavulin","floor":14,"turns":7},{"damage":33,"enemies":"The Guardian","floor":16,"turns":11},{"damage":15,"enemies":"Spheric Guardian","floor":18,"turns":4},{"damage":19,"enemies":"3 Byrds","floor":19,"turns":5},{"damage":42,"enemies":"Snake Plant","floor":20,"turns":5},{"damage":20,"enemies":"Centurion and Healer","floor":21,"turns":5}],"seed_played":"4243879367341057301","potions_obtained":[{"floor":2,"key":"Dexterity Potion"},{"floor":4,"key":"Regen Potion"},{"floor":5,"key":"Weak Potion"},{"floor":7,"key":"PotionOfCapacity"},{"floor":14,"key":"PowerPotion"}],"is_trial":false,"path_per_floor":["M","M","M","M","M","R","E","R","T","E","M","?","?","E","R","B",null,"M","M","M","M"],"character_chosen":"DEFECT","items_purchased":[],"campfire_rested":2,"item_purchase_floors":[],"current_hp_per_floor":[81,79,75,71,51,51,19,43,43,33,40,33,33,27,51,25,82,67,55,20,0,0],"gold":407,"neow_bonus":"TEN_PERCENT_HP_BONUS","is_daily":false,"chose_seed":false,"campfire_upgraded":1,"win_rate":0.0,"timestamp":1611353245,"path_taken":["M","M","M","M","?","R","E","R","T","E","M","?","?","E","R","BOSS","M","M","M","M"],"items_purchased_type":[],"build_version":"2020-12-22","purchased_purges":0,"victory":false,"max_hp_per_floor":[82,82,82,82,82,82,82,82,82,82,82,82,82,82,82,82,82,82,82,82,82,82],"card_choices":[{"not_picked":["Steam","Fusion","Turbo"],"picked":"SKIP","floor":1},{"not_picked":["Steam Power","Skim"],"picked":"Ball Lightning","floor":2},{"not_picked":["Streamline","Force Field"],"picked":"Self Repair","floor":3},{"not_picked":["Hologram","Static Discharge","Redo"],"picked":"SKIP","floor":4},{"not_picked":["Go for the Eyes","Cold Snap","Undo"],"picked":"SKIP","floor":5},{"not_picked":["Cold Snap","Fission"],"picked":"Auto Shields","floor":7},{"not_picked":["Go for the Eyes","Streamline"],"picked":"BootSequence+1","floor":10},{"not_picked":["Steam Power+1","Defragment"],"picked":"Streamline","floor":11},{"not_picked":["Scrape","Coolheaded+1","Stack+1"],"picked":"SKIP","floor":14},{"not_picked":["Amplify+1","Fission+1"],"picked":"Thunder Strike","floor":16},{"not_picked":["Sweeping Beam+1","Stack+1","Recycle+1"],"picked":"SKIP","floor":18},{"not_picked":["Beam Cell+1","Doom and Gloom"],"picked":"Streamline","floor":19},{"not_picked":["Leap+1","Cold Snap"],"picked":"BootSequence+1","floor":20}],"player_experience":250432,"relics_obtained":[{"floor":7,"key":"Boot"},{"floor":9,"key":"MealTicket"},{"floor":10,"key":"Toxic Egg 2"},{"floor":14,"key":"Bag of Marbles"}],"event_choices":[{"cards_removed":["Strike_B"],"damage_healed":0,"gold_gain":0,"player_choice":"Card Removal","damage_taken":7,"max_hp_gain":0,"max_hp_loss":0,"event_name":"Golden Wing","floor":12,"gold_loss":0},{"damage_healed":0,"gold_gain":0,"player_choice":"Left Gold","damage_taken":0,"max_hp_gain":0,"max_hp_loss":0,"event_name":"World of Goop","floor":13,"gold_loss":45}],"is_beta":false,"boss_relics":[{"not_picked":["Philosopher\u0027s Stone","SacredBark"],"picked":"Runic Dome"}],"items_purged_floors":[],"is_endless":false,"potions_floor_spawned":[2,4,5,7,14,16,18],"killed_by":"Centurion and Healer","ascension_level":2}}