{"host":"sian7qp8a9pc9xwd","time":1611305869,"event":{"mods":["BaseMod","Minty Spire (QoL Compilation)","StSLib","SuperFastMode"],"gold_per_floor":[110,110,126,198,198,198,236,236,263,263,263,287,302,325,325,450,450,469,131,131,144,40,65,85,10,62,62,62,62,81,100,100,225,225,245,245,266,284,309,309,309,309],"floor_reached":41,"language":"ENG","playtime":3324,"items_purged":["Strike_G","Defend_G"],"score":601,"play_id":"c26cb9f5-90c9-4617-8c86-14a372d11665","local_time":"20210122035749","is_ascension_mode":true,"campfire_choices":[{"data":"Neutralize","floor":6.0,"key":"SMITH"},{"data":"A Thousand Cuts","floor":10.0,"key":"SMITH"},{"floor":15.0,"key":"REST"},{"data":"Bite","floor":29.0,"key":"SMITH"},{"floor":32.0,"key":"REST"},{"floor":40,"key":"REST"}],"circlet_count":0,"master_deck":["Survivor","Neutralize+1","Backstab","A Thousand Cuts+1","Cloak And Dagger","Blade Dance","Terror","Secret Technique","Discovery","Bite+1","Bite","Bite","Bite","Bite","Prepared+1","Cloak And Dagger","Deflect+1","Well Laid Plans+1","RitualDagger","J.A.X.","Footwork","Leg Sweep","A Thousand Cuts","Poisoned Stab+1","Acrobatics+1","Dagger Spray+1","Deflect+1","Caltrops+1"],"relics":["Ring of the Snake","NeowsBlessing","Golden Idol","Smiling Mask","Oddly Smooth Stone","Question Card","HoveringKite","Snake Skull","Astrolabe"],"acts_visited":["Exordium","TheCity","TheBeyond"],"potions_floor_usage":[39],"damage_taken":[{"damage":0.0,"enemies":"Jaw Worm","floor":1.0,"turns":1.0},{"damage":0.0,"enemies":"Small Slimes","floor":3.0,"turns":1.0},{"damage":0.0,"enemies":"2 Louse","floor":5.0,"turns":1.0},{"damage":12.0,"enemies":"Gremlin Nob","floor":7.0,"turns":5.0},{"damage":3.0,"enemies":"2 Fungi Beasts","floor":12.0,"turns":3.0},{"damage":0.0,"enemies":"3 Louse","floor":13.0,"turns":3.0},{"damage":7.0,"enemies":"Large Slime","floor":14.0,"turns":5.0},{"damage":12.0,"enemies":"Slime Boss","floor":16.0,"turns":8.0},{"damage":17.0,"enemies":"Shell Parasite","floor":18.0,"turns":7.0},{"damage":15.0,"enemies":"Spheric Guardian","floor":21.0,"turns":6.0},{"damage":26.0,"enemies":"Snake Plant","floor":23.0,"turns":4.0},{"damage":8.0,"enemies":"Chosen and Byrds","floor":24.0,"turns":4.0},{"damage":15.0,"enemies":"Centurion and Healer","floor":30.0,"turns":5.0},{"damage":20.0,"enemies":"Snake Plant","floor":31.0,"turns":4.0},{"damage":50.0,"enemies":"Champ","floor":33.0,"turns":17.0},{"damage":24.0,"enemies":"Orb Walker","floor":35.0,"turns":4.0},{"damage":3.0,"enemies":"3 Darklings","floor":37.0,"turns":4.0},{"damage":5.0,"enemies":"Sphere and 2 Shapes","floor":38.0,"turns":7.0},{"damage":49,"enemies":"Transient","floor":39,"turns":5},{"damage":38,"enemies":"Giant Head","floor":41,"turns":7}],"seed_played":"6144008033579224923","potions_obtained":[{"floor":1.0,"key":"EssenceOfSteel"},{"floor":12.0,"key":"LiquidBronze"},{"floor":14.0,"key":"CunningPotion"},{"floor":23.0,"key":"ColorlessPotion"},{"floor":30.0,"key":"PowerPotion"},{"floor":31.0,"key":"Explosive Potion"},{"floor":33.0,"key":"DuplicationPotion"},{"floor":37.0,"key":"Regen Potion"},{"floor":38.0,"key":"BlessingOfTheForge"}],"is_trial":false,"path_per_floor":["M","?","M","?","M","R","E","?","T","R","?","M","M","M","R","B",null,"M","$","?","M","$","M","M","?","T","?","?","R","M","M","R","B",null,"M","?","M","M","M","R","E"],"character_chosen":"THE_SILENT","items_purchased":["Secret Technique","Discovery","Cloak And Dagger"],"campfire_rested":3,"item_purchase_floors":[19,19,22],"current_hp_per_floor":[63,46,46,46,46,46,34,34,34,34,22,21,23,18,39,29,60,45,45,45,44,44,28,30,30,30,24,24,24,23,15,36,19,57,35,35,41,57,13,34,2,2],"gold":309,"neow_bonus":"THREE_ENEMY_KILL","is_daily":false,"chose_seed":false,"campfire_upgraded":3,"win_rate":0.0,"timestamp":1611305869,"path_taken":["M","?","M","?","?","R","E","?","T","R","?","M","M","M","R","BOSS","M","$","?","M","$","M","M","?","T","?","?","R","M","M","R","BOSS","M","?","M","M","M","R","E"],"items_purchased_type":["Card","Card","Card"],"build_version":"2020-12-22","purchased_purges":2,"victory":false,"max_hp_per_floor":[70,70,70,70,70,70,70,70,70,70,70,70,70,70,70,70,70,70,70,70,70,70,70,70,70,70,70,70,70,70,70,70,70,70,70,70,70,70,70,70,70,70],"card_choices":[{"not_picked":["Finisher","Backflip"],"picked":"Backstab","floor":1.0},{"not_picked":["Quick Slash","Slice","Outmaneuver"],"picked":"SKIP","floor":3.0},{"not_picked":["Deflect","Venomology","Bane"],"picked":"SKIP","floor":5.0},{"not_picked":["Finisher","Bane"],"picked":"A Thousand Cuts","floor":7.0},{"not_picked":["Acrobatics","Setup","Bane"],"picked":"Cloak And Dagger","floor":12.0},{"not_picked":["Setup","Leg Sweep","Dagger Spray"],"picked":"Blade Dance","floor":13.0},{"not_picked":["Poisoned Stab","Dodge and Roll","Endless Agony","Underhanded Strike"],"picked":"SKIP","floor":14.0},{"not_picked":["Deadly Poison","Poisoned Stab+1","Expertise"],"picked":"Terror","floor":18.0},{"not_picked":["Blur+1","Slice+1","Tactician"],"picked":"Prepared+1","floor":21.0},{"not_picked":["Concentrate","Bane","Flying Knee"],"picked":"Deflect+1","floor":23.0},{"not_picked":["Dagger Throw","PiercingWail+1","Endless Agony"],"picked":"Well Laid Plans+1","floor":24.0},{"not_picked":["Terror","Deflect","Expertise"],"picked":"Footwork","floor":30.0},{"not_picked":["Dagger Spray","Dash","Dodge and Roll+1"],"picked":"Leg Sweep","floor":31.0},{"not_picked":["Corpse Explosion","Malaise","Venomology"],"picked":"A Thousand Cuts","floor":33.0},{"not_picked":["Dagger Spray","Poisoned Stab","Expertise+1"],"picked":"Deflect+1","floor":35.0},{"not_picked":["Underhanded Strike+1","Outmaneuver+1","Bane+1","Well Laid Plans+1"],"picked":"SKIP","floor":37.0},{"not_picked":["Deadly Poison","Poisoned Stab","Grand Finale"],"picked":"Caltrops+1","floor":38.0},{"not_picked":["Poisoned Stab+1","Dash","Choke","Masterful Stab"],"picked":"SKIP","floor":39}],"player_experience":723520,"relics_obtained":[{"floor":7.0,"key":"Smiling Mask"},{"floor":9.0,"key":"Oddly Smooth Stone"},{"floor":26.0,"key":"Snake Skull"}],"event_choices":[{"damage_healed":0.0,"max_hp_gain":0.0,"max_hp_loss":0.0,"gold_gain":0.0,"event_name":"Golden Idol","player_choice":"Take Damage","floor":2.0,"gold_loss":0.0,"damage_taken":17.0,"relics_obtained":["Golden Idol"]},{"damage_healed":0.0,"max_hp_gain":0.0,"max_hp_loss":0.0,"gold_gain":72.0,"event_name":"Golden Wing","player_choice":"Gained Gold","floor":4.0,"gold_loss":0.0,"damage_taken":0.0},{"damage_healed":0.0,"max_hp_gain":0.0,"max_hp_loss":0.0,"gold_gain":0.0,"event_name":"Dead Adventurer","player_choice":"Searched \u00271\u0027 times","floor":8.0,"gold_loss":0.0,"damage_taken":0.0,"relics_obtained":["Blood Vial"]},{"damage_healed":0.0,"max_hp_gain":0.0,"max_hp_loss":0.0,"gold_gain":0.0,"event_name":"Scrap Ooze","player_choice":"Success","floor":11.0,"gold_loss":0.0,"damage_taken":12.0,"relics_obtained":["Question Card"]},{"damage_healed":0.0,"max_hp_gain":0.0,"max_hp_loss":0.0,"gold_gain":0.0,"event_name":"Vampires","player_choice":"Became a vampire (Vial)","floor":20.0,"relics_lost":["Blood Vial"],"gold_loss":0.0,"damage_taken":0.0,"cards_obtained":["Bite","Bite","Bite","Bite","Bite"]},{"cards_removed":["Defend_G"],"damage_healed":0.0,"max_hp_gain":0.0,"max_hp_loss":0.0,"gold_gain":0.0,"event_name":"Beggar","player_choice":"Gave Gold","floor":25.0,"gold_loss":75.0,"damage_taken":0.0},{"damage_healed":0.0,"max_hp_gain":0.0,"max_hp_loss":0.0,"gold_gain":0.0,"event_name":"Nest","player_choice":"Joined the Cult","floor":27.0,"gold_loss":0.0,"damage_taken":6.0,"cards_obtained":["RitualDagger"]},{"damage_healed":0.0,"max_hp_gain":0.0,"max_hp_loss":0.0,"gold_gain":0.0,"event_name":"Drug Dealer","player_choice":"Obtain J.A.X.","floor":28.0,"gold_loss":0.0,"damage_taken":0.0,"cards_obtained":["J.A.X."]},{"damage_healed":0.0,"max_hp_gain":0.0,"max_hp_loss":0.0,"gold_gain":0.0,"event_name":"Tomb of Lord Red Mask","player_choice":"Ignored","floor":36.0,"gold_loss":0.0,"damage_taken":0.0}],"is_beta":false,"boss_relics":[{"not_picked":["Cursed Key","Ectoplasm"],"picked":"HoveringKite"},{"not_picked":["Pandora\u0027s Box","Runic Pyramid"],"picked":"Astrolabe"}],"items_purged_floors":[19,22],"is_endless":false,"potions_floor_spawned":[1,12,14,23,30,31,33,37,38],"killed_by":"Giant Head","ascension_level":9}}