{"host":"few9iyaxiywls251","time":1611352334,"event":{"mods":["BaseMod","Bestiary","Curses Come First","Highlight Path","Minty Spire (QoL Compilation)","Shop Mod","StSLib","The Marked"],"gold_per_floor":[113,113,113,127,146,146,186,37,62,0,13,13,13,48,48,179,179,179,179,179,94,94,94,94,94,94,94,94,94,94,94,94,94,94,94,44,44,44,44,44,44,44,44,44,44,44,44,44,44,44,44],"floor_reached":50,"language":"ENG","playtime":3325,"items_purged":["Defend_P"],"score":596,"play_id":"9d7a02a3-d2d5-40ca-8d2b-8656d6476d23","local_time":"20210122155214","is_ascension_mode":false,"campfire_choices":[{"data":"Eruption","floor":6.0,"key":"SMITH"},{"data":"BattleHymn","floor":13.0,"key":"SMITH"},{"data":"SpiritShield","floor":15.0,"key":"SMITH"},{"data":"Scrawl","floor":24.0,"key":"SMITH"},{"data":"Crescendo","floor":29.0,"key":"SMITH"},{"data":"WindmillStrike","floor":32.0,"key":"SMITH"},{"data":"Devotion","floor":41,"key":"SMITH"},{"data":"SandsOfTime","floor":44,"key":"SMITH"},{"data":"Conclude","floor":47,"key":"SMITH"},{"floor":49,"key":"REST"}],"circlet_count":0,"master_deck":["Strike_P","Strike_P","Strike_P","Strike_P","Defend_P","Defend_P+1","Eruption+1","Vigilance","DeceiveReality","WindmillStrike+1","Evaluate+1","BattleHymn+1","Sanctity","FollowUp","SpiritShield+1","Scrawl+1","Conclude+1","Crescendo+1","SandsOfTime+1","Swivel+1","Devotion+1","Protect+1"],"relics":["HolyWater","Golden Idol","War Paint","Vajra","Ancient Tea Set","Bronze Scales","Smiling Mask","Ectoplasm","Boot","Pantograph","Bottled Tornado","Matryoshka","Art of War","Nunchaku","Anchor","Blood Vial","Bag of Marbles","Lizard Tail"],"acts_visited":["Exordium","TheCity","TheBeyond"],"potions_floor_usage":[50,50,50],"damage_taken":[{"damage":0.0,"enemies":"2 Louse","floor":1.0,"turns":2.0},{"damage":0.0,"enemies":"Jaw Worm","floor":4.0,"turns":6.0},{"damage":0.0,"enemies":"Small Slimes","floor":5.0,"turns":4.0},{"damage":8.0,"enemies":"Lagavulin","floor":7.0,"turns":6.0},{"damage":10.0,"enemies":"Exordium Thugs","floor":11.0,"turns":4.0},{"damage":0.0,"enemies":"Gremlin Nob","floor":14.0,"turns":3.0},{"damage":26.0,"enemies":"The Guardian","floor":16.0,"turns":7.0},{"damage":2.0,"enemies":"3 Byrds","floor":18.0,"turns":5.0},{"damage":2.0,"enemies":"Shell Parasite","floor":19.0,"turns":3.0},{"damage":9.0,"enemies":"Shelled Parasite and Fungi","floor":22.0,"turns":5.0},{"damage":0.0,"enemies":"Gremlin Leader","floor":23.0,"turns":4.0},{"damage":17.0,"enemies":"Book of Stabbing","floor":27.0,"turns":5.0},{"damage":0.0,"enemies":"Centurion and Healer","floor":28.0,"turns":2.0},{"damage":0.0,"enemies":"Sentry and Sphere","floor":30.0,"turns":2.0},{"damage":0.0,"enemies":"Snecko","floor":31.0,"turns":3.0},{"damage":46.0,"enemies":"Collector","floor":33.0,"turns":7.0},{"damage":0,"enemies":"Orb Walker","floor":35,"turns":2},{"damage":4,"enemies":"3 Shapes","floor":39,"turns":3},{"damage":33,"enemies":"Reptomancer","floor":40,"turns":5},{"damage":19,"enemies":"Nemesis","floor":42,"turns":5},{"damage":0,"enemies":"Spire Growth","floor":48,"turns":3},{"damage":129,"enemies":"Donu and Deca","floor":50,"turns":7}],"seed_played":"-2872102428803849609","potions_obtained":[{"floor":5.0,"key":"Regen Potion"},{"floor":7.0,"key":"ColorlessPotion"},{"floor":11.0,"key":"SpeedPotion"},{"floor":18.0,"key":"Energy Potion"},{"floor":23.0,"key":"CultistPotion"},{"floor":42,"key":"EssenceOfSteel"},{"floor":48,"key":"Energy Potion"}],"is_trial":false,"path_per_floor":["M","?","?","M","M","R","E","$","T","?","M","$","R","E","R","B",null,"M","M","?","?","M","E","R","?","T","E","M","R","M","M","R","B",null,"M","$","T","?","M","E","R","E","T","R","$","?","R","M","R","B"],"character_chosen":"WATCHER","items_purchased":["Vajra"],"campfire_rested":1,"item_purchase_floors":[8],"current_hp_per_floor":[72,65,47,47,47,47,39,39,39,39,29,29,29,29,29,3,72,70,68,68,68,59,59,59,59,59,42,42,42,42,42,42,21,72,72,72,72,72,68,35,35,16,16,16,16,16,16,18,39,0,0],"gold":44,"neow_bonus":"THREE_CARDS","is_daily":false,"chose_seed":false,"campfire_upgraded":9,"win_rate":0.0,"timestamp":1611352334,"path_taken":["M","?","?","M","M","R","E","?","T","?","M","$","R","E","R","BOSS","M","M","?","?","M","E","R","?","T","E","M","R","M","M","R","BOSS","M","?","?","?","M","E","R","E","T","R","?","?","R","M","R","BOSS"],"items_purchased_type":["Relic"],"build_version":"2020-12-22","purchased_purges":1,"victory":false,"max_hp_per_floor":[72,72,72,72,72,72,72,72,72,72,72,72,72,72,72,72,72,72,72,72,72,72,72,72,72,72,72,72,72,72,72,72,72,72,72,72,72,72,72,72,72,72,72,72,72,72,72,72,72,72,72],"card_choices":[{"not_picked":["FlyingSleeves","Evaluate"],"picked":"DeceiveReality","floor":0.0},{"not_picked":["CrushJoints","Indignation"],"picked":"WindmillStrike","floor":1.0},{"not_picked":["Indignation","Wireheading"],"picked":"Evaluate","floor":4.0},{"not_picked":["ThirdEye","ReachHeaven"],"picked":"BattleHymn","floor":5.0},{"not_picked":["WindmillStrike","EmptyBody"],"picked":"Sanctity","floor":7.0},{"not_picked":["WindmillStrike","Consecrate"],"picked":"FollowUp","floor":11.0},{"not_picked":["SashWhip","LessonLearned"],"picked":"SpiritShield","floor":14.0},{"not_picked":["LessonLearned","Omniscience"],"picked":"Scrawl","floor":16.0},{"not_picked":["Prostrate","Halt+1","BowlingBash"],"picked":"SKIP","floor":18.0},{"not_picked":["Sanctity","DeceiveReality+1","Nirvana"],"picked":"SKIP","floor":19.0},{"not_picked":["WreathOfFlame","Study","BowlingBash"],"picked":"SKIP","floor":22.0},{"not_picked":["FollowUp","BowlingBash","CutThroughFate"],"picked":"SKIP","floor":23.0},{"not_picked":["Halt","DevaForm"],"picked":"Crescendo","floor":27.0},{"not_picked":["PathToVictory","Evaluate","BowlingBash+1"],"picked":"SKIP","floor":28.0},{"not_picked":["ClearTheMind","ForeignInfluence"],"picked":"SandsOfTime","floor":30.0},{"not_picked":["Wireheading+1","Halt","Weave"],"picked":"SKIP","floor":31.0},{"not_picked":["MentalFortress","Crescendo+1","Protect"],"picked":"SKIP","floor":35},{"not_picked":["Evaluate","PathToVictory"],"picked":"Swivel+1","floor":39},{"not_picked":["Weave+1","Nirvana"],"picked":"Devotion","floor":40},{"not_picked":["EmptyMind","JustLucky+1"],"picked":"Protect+1","floor":42},{"not_picked":["EmptyBody","Meditate","Crescendo"],"picked":"SKIP","floor":48}],"player_experience":149717,"relics_obtained":[{"floor":7.0,"key":"War Paint"},{"floor":9.0,"key":"Ancient Tea Set"},{"floor":14.0,"key":"Smiling Mask"},{"floor":23.0,"key":"Pantograph"},{"floor":26.0,"key":"Bottled Tornado"},{"floor":27.0,"key":"Matryoshka"},{"floor":37,"key":"Art of War"},{"floor":37,"key":"Nunchaku"},{"floor":40,"key":"Anchor"},{"floor":42,"key":"Blood Vial"},{"floor":43,"key":"Bag of Marbles"},{"floor":43,"key":"Lizard Tail"}],"event_choices":[{"cards_removed":["Defend_P"],"damage_healed":0.0,"max_hp_gain":0.0,"max_hp_loss":0.0,"gold_gain":0.0,"event_name":"Golden Wing","player_choice":"Card Removal","floor":2.0,"gold_loss":0.0,"damage_taken":7.0},{"damage_healed":0.0,"max_hp_gain":0.0,"max_hp_loss":0.0,"gold_gain":0.0,"event_name":"Golden Idol","player_choice":"Take Damage","floor":3.0,"gold_loss":0.0,"damage_taken":18.0,"relics_obtained":["Golden Idol"]},{"damage_healed":0.0,"max_hp_gain":0.0,"max_hp_loss":0.0,"gold_gain":0.0,"event_name":"WeMeetAgain","player_choice":"Paid Gold","floor":10.0,"gold_loss":62.0,"damage_taken":0.0,"relics_obtained":["Bronze Scales"]},{"damage_healed":0.0,"max_hp_gain":0.0,"max_hp_loss":0.0,"gold_gain":0.0,"event_name":"The Library","player_choice":"Read","floor":20.0,"gold_loss":0.0,"damage_taken":0.0,"cards_obtained":["Conclude"]},{"damage_healed":0.0,"max_hp_gain":0.0,"max_hp_loss":0.0,"gold_gain":0.0,"event_name":"Addict","player_choice":"Obtained Relic","floor":21.0,"gold_loss":85.0,"damage_taken":0.0,"relics_obtained":["Boot"]},{"damage_healed":0.0,"max_hp_gain":0.0,"max_hp_loss":0.0,"gold_gain":200.0,"event_name":"Wheel of Change","player_choice":"Gold","floor":25.0,"gold_loss":0.0,"damage_taken":0.0},{"damage_healed":0,"gold_gain":0,"player_choice":"Ignored","damage_taken":0,"max_hp_gain":0,"max_hp_loss":0,"event_name":"Mysterious Sphere","floor":38,"gold_loss":0},{"damage_healed":0,"gold_gain":0,"player_choice":"Memory 1","damage_taken":0,"max_hp_gain":0,"max_hp_loss":0,"event_name":"SensoryStone","floor":46,"gold_loss":0}],"is_beta":false,"boss_relics":[{"not_picked":["Tiny House","SacredBark"],"picked":"Ectoplasm"},{"not_picked":["Runic Dome","Snecko Eye"],"picked":"HolyWater"}],"items_purged_floors":[36],"is_endless":false,"potions_floor_spawned":[5,7,11,18,23,30,42,48],"killed_by":"Donu and Deca","ascension_level":0}}