{"host":"qgrlfjrqk9z96gfi","time":1611283450,"event":{"mods":["BaseMod","Block Reminder","Colored Map","Custom Start","DeckTracker","Minty Spire (QoL Compilation)"],"gold_per_floor":[117,127,127,21,37,37,70,80,107,107,107,107,136,152,152,152,152],"floor_reached":16,"language":"ENG","playtime":293,"items_purged":[],"score":220,"play_id":"40f7e0fa-0cbc-4ff4-acc6-789b8270f172","local_time":"20210121164410","is_ascension_mode":true,"campfire_choices":[{"data":"Dagger Spray","floor":6,"key":"SMITH"},{"data":"Phantasmal Killer","floor":11,"key":"SMITH"},{"data":"Neutralize","floor":15,"key":"SMITH"}],"circlet_count":0,"master_deck":["AscendersBane","Strike_G","Strike_G","Strike_G","Strike_G","Strike_G","Defend_G","Defend_G","Defend_G","Defend_G+1","Defend_G","Survivor+1","Neutralize+1","Blade Dance","Decay","Underhanded Strike+1","Dagger Spray+1","Phantasmal Killer+1","Acrobatics","Calculated Gamble"],"relics":["Ring of the Snake","NeowsBlessing","Happy Flower","War Paint","MealTicket"],"acts_visited":["Exordium"],"potions_floor_usage":[7,13,13,16],"damage_taken":[{"damage":0,"enemies":"Small Slimes","floor":1,"turns":1},{"damage":0,"enemies":"Cultist","floor":2,"turns":1},{"damage":0,"enemies":"2 Louse","floor":5,"turns":1},{"damage":30,"enemies":"Gremlin Nob","floor":7,"turns":4},{"damage":6,"enemies":"2 Fungi Beasts","floor":8,"turns":4},{"damage":19,"enemies":"Lagavulin","floor":13,"turns":4},{"damage":0,"enemies":"3 Louse","floor":14,"turns":2},{"damage":32,"enemies":"Hexaghost","floor":16,"turns":7}],"seed_played":"-6249085453555255577","potions_obtained":[{"floor":2,"key":"FearPotion"},{"floor":7,"key":"EntropicBrew"}],"is_trial":false,"path_per_floor":["M","M","?","$","M","R","E","M","T","?","R","?","E","M","R","B"],"character_chosen":"THE_SILENT","items_purchased":["Underhanded Strike","Poison Potion"],"campfire_rested":0,"item_purchase_floors":[4,4],"current_hp_per_floor":[59,59,59,59,59,59,29,23,23,45,45,45,26,26,26,0,0],"gold":152,"neow_bonus":"THREE_ENEMY_KILL","is_daily":false,"chose_seed":false,"campfire_upgraded":3,"win_rate":0.0,"timestamp":1611283450,"path_taken":["M","M","?","?","M","R","E","M","T","?","R","?","E","M","R","BOSS"],"items_purchased_type":["Card","Potion"],"build_version":"2020-12-22","purchased_purges":0,"victory":false,"max_hp_per_floor":[66,66,66,66,66,66,66,66,66,66,66,66,66,66,66,66,66],"card_choices":[{"not_picked":["Dagger Throw","Backflip"],"picked":"Blade Dance","floor":1},{"not_picked":["Deflect","Distraction","Heel Hook"],"picked":"SKIP","floor":2},{"not_picked":["Outmaneuver","Backflip"],"picked":"Dagger Spray","floor":5},{"not_picked":["Expertise","Slice"],"picked":"Phantasmal Killer","floor":7},{"not_picked":["Bouncing Flask","Reflex","Tactician"],"picked":"SKIP","floor":8},{"not_picked":["Dodge and Roll","Underhanded Strike"],"picked":"Acrobatics","floor":13},{"not_picked":["Flechettes","Outmaneuver"],"picked":"Calculated Gamble","floor":14}],"player_experience":1040570,"relics_obtained":[{"floor":7,"key":"Happy Flower"},{"floor":9,"key":"War Paint"},{"floor":13,"key":"MealTicket"}],"event_choices":[{"damage_healed":0,"gold_gain":0,"player_choice":"Cursed","damage_taken":0,"max_hp_gain":0,"max_hp_loss":0,"event_name":"Wheel of Change","floor":3,"gold_loss":0,"cards_obtained":["Decay"]},{"damage_healed":22,"gold_gain":0,"player_choice":"Banana","damage_taken":0,"max_hp_gain":0,"max_hp_loss":0,"event_name":"Big Fish","floor":10,"gold_loss":0},{"damage_healed":0,"gold_gain":0,"player_choice":"Grow","damage_taken":0,"max_hp_gain":0,"max_hp_loss":0,"event_name":"Living Wall","floor":12,"gold_loss":0,"cards_upgraded":["Underhanded Strike"]}],"is_beta":false,"boss_relics":[],"items_purged_floors":[],"is_endless":false,"potions_floor_spawned":[2,5,7],"killed_by":"Hexaghost","ascension_level":20}}