{"host":"4rvakrj1idbgia3f","time":1611337356,"event":{"mods":["BaseMod","Colored Map","Colored Powertips","DeckTracker","Highlight Path","Minty Spire (QoL Compilation)","Random Character Button","StSLib"],"gold_per_floor":[113,113,130,130,143,143,143,155,182,182,251,251,326,368,368,368,368],"floor_reached":16,"language":"JPN","playtime":372,"items_purged":[],"score":216,"play_id":"e88ac0e2-a28e-4434-ae84-2b8eacd14023","local_time":"20210123024236","is_ascension_mode":true,"campfire_choices":[{"data":"Cleave","floor":7,"key":"SMITH"},{"data":"Whirlwind","floor":10,"key":"SMITH"},{"data":"Bash","floor":12,"key":"SMITH"},{"floor":15,"key":"REST"}],"circlet_count":0,"master_deck":["AscendersBane","Strike_R","Strike_R","Strike_R","Strike_R+1","Strike_R","Defend_R","Defend_R+1","Defend_R","Defend_R","Bash+1","Carnage+1","Cleave+1","Whirlwind+1","Pommel Strike"],"relics":["Burning Blood","Juzu Bracelet","Omamori","CeramicFish","Ancient Tea Set","Boot"],"acts_visited":["Exordium"],"potions_floor_usage":[8,11,16],"damage_taken":[{"damage":14,"enemies":"Small Slimes","floor":1,"turns":4},{"damage":7,"enemies":"Jaw Worm","floor":3,"turns":2},{"damage":9,"enemies":"2 Louse","floor":5,"turns":3},{"damage":0,"enemies":"2 Fungi Beasts","floor":8,"turns":2},{"damage":10,"enemies":"3 Sentries","floor":11,"turns":6},{"damage":8,"enemies":"Gremlin Nob","floor":14,"turns":3},{"damage":34,"enemies":"The Guardian","floor":16,"turns":8}],"seed_played":"4260970795215703488","potions_obtained":[{"floor":1,"key":"DuplicationPotion"},{"floor":3,"key":"ColorlessPotion"},{"floor":14,"key":"Energy Potion"}],"is_trial":false,"path_per_floor":["M","?","M","?","M","?","R","M","T","R","E","R","?","E","R","B"],"character_chosen":"IRONCLAD","items_purchased":[],"campfire_rested":1,"item_purchase_floors":[],"current_hp_per_floor":[60,60,59,36,33,22,22,28,28,28,24,24,13,11,33,0,0],"gold":368,"neow_bonus":"RANDOM_COMMON_RELIC","is_daily":false,"chose_seed":false,"campfire_upgraded":3,"win_rate":0.0,"timestamp":1611337356,"path_taken":["M","?","M","?","M","?","R","M","T","R","E","R","?","E","R","BOSS"],"items_purchased_type":[],"build_version":"2020-12-22","purchased_purges":0,"victory":false,"max_hp_per_floor":[75,75,75,75,75,75,75,75,75,75,75,75,75,75,75,75,75],"card_choices":[{"not_picked":["Sword Boomerang","Flame Barrier"],"picked":"Carnage","floor":1},{"not_picked":["Iron Wave","Flex"],"picked":"Cleave","floor":3},{"not_picked":["Cleave","Second Wind","Combust"],"picked":"SKIP","floor":5},{"not_picked":["Rupture","Second Wind"],"picked":"Whirlwind","floor":8},{"not_picked":["Whirlwind","Wild Strike","Fire Breathing"],"picked":"SKIP","floor":11},{"not_picked":["Twin Strike","Second Wind"],"picked":"Pommel Strike","floor":14}],"player_experience":2068677,"relics_obtained":[{"floor":9,"key":"CeramicFish"},{"floor":11,"key":"Ancient Tea Set"},{"floor":14,"key":"Boot"}],"event_choices":[{"damage_healed":0,"gold_gain":0,"player_choice":"Grow","damage_taken":0,"max_hp_gain":0,"max_hp_loss":0,"event_name":"Living Wall","floor":2,"gold_loss":0,"cards_upgraded":["Carnage"]},{"damage_healed":0,"gold_gain":0,"player_choice":"Entered Light","damage_taken":23,"max_hp_gain":0,"max_hp_loss":0,"event_name":"Shining Light","floor":4,"gold_loss":0,"cards_upgraded":["Defend_R","Strike_R"]},{"damage_healed":0,"gold_gain":0,"player_choice":"Success","damage_taken":11,"relics_obtained":["Omamori"],"max_hp_gain":0,"max_hp_loss":0,"event_name":"Scrap Ooze","floor":6,"gold_loss":0},{"damage_healed":0,"gold_gain":75,"player_choice":"Gather Gold","damage_taken":11,"max_hp_gain":0,"max_hp_loss":0,"event_name":"World of Goop","floor":13,"gold_loss":0}],"is_beta":false,"boss_relics":[],"items_purged_floors":[],"is_endless":false,"potions_floor_spawned":[1,3,14],"killed_by":"The Guardian","ascension_level":20}}