{"host":"7fyy23rucerupe6i","time":1611311978,"event":{"mods":["AchievementEnabler","Act Like it!","Aspiration","Bard","BaseMod","Better Note","Better Vampires","BetterRewards","Colored Map","Colored Powertips","Conspire","Curses Come First","Custom Start","Downfall","Googly Eyes","Hermit","Mad Scientist","Minty Spire (QoL Compilation)","Quick Restart","Relic Stats","Shop Mod","ShortenTheSpire","Spicy Shops","StSLib","SuperFastMode","The Gatherer"],"gold_per_floor":[119,135,135,115,135,135,155,155],"floor_reached":7,"language":"ZHS","playtime":198,"items_purged":["Defend_B"],"score":82,"play_id":"7b82d707-e6a3-48fa-bcef-fa61f4d82a8d","local_time":"20210122183938","is_ascension_mode":true,"campfire_choices":[{"data":"Sunder","floor":6,"key":"SMITH"}],"circlet_count":0,"master_deck":["AscendersBane","Strike_B","Strike_B","Strike_B","Defend_B","Defend_B","Zap","Dualcast","Storm","Sunder+1","Beam Cell","BootSequence","Aggregate","Lockon"],"relics":["Cracked Core","Matryoshka","conspire:TreasureMap","Runic Capacitor","Omamori"],"acts_visited":["Exordium"],"potions_floor_usage":[7],"damage_taken":[{"damage":11,"enemies":"Jaw Worm","floor":1,"turns":4},{"damage":0,"enemies":"Cultist","floor":2,"turns":2},{"damage":0,"enemies":"Small Slimes","floor":5,"turns":2},{"damage":10,"enemies":"3 Sentries","floor":7,"turns":3}],"seed_played":"3036900328811858535","potions_obtained":[{"floor":1,"key":"LiquidMemories"},{"floor":4,"key":"ColorlessPotion"},{"floor":5,"key":"ColorlessPotion"}],"is_trial":false,"path_per_floor":["M","M","?","?","M","R","E"],"character_chosen":"DEFECT","items_purchased":["Matryoshka","conspire:TreasureMap","Runic Capacitor","Omamori","Storm","Sunder"],"campfire_rested":0,"item_purchase_floors":[0,0,0,0,0,0],"current_hp_per_floor":[21,21,21,21,21,21,11,11],"gold":155,"neow_bonus":"","is_daily":false,"chose_seed":false,"campfire_upgraded":1,"win_rate":0.0,"timestamp":1611311978,"path_taken":["M","M","?","?","M","R","E"],"items_purchased_type":["Relic","Relic","Relic","Relic","Card","Card"],"build_version":"2020-12-22","purchased_purges":1,"victory":false,"max_hp_per_floor":[71,71,71,71,71,71,71,71],"relic_stats":{"counters":[8,22],"obtain_stats":[{"conspire:TreasureMap":0,"Happy Flower":0,"Oddly Smooth Stone":7,"Thread and Needle":0,"Juzu Bracelet":0,"Omamori":0,"Runic Capacitor":0,"aspiration:HiddenCompartment":9,"Lizard Tail":0,"Matryoshka":0,"FaceOfCleric":4,"Bronze Scales":0,"Membership Card":0,"Cracked Core":0},{"conspire:TreasureMap":4,"Happy Flower":0,"Oddly Smooth Stone":3,"Thread and Needle":0,"Juzu Bracelet":0,"Omamori":0,"Runic Capacitor":4,"aspiration:HiddenCompartment":3,"Lizard Tail":0,"Matryoshka":4,"FaceOfCleric":1,"Bronze Scales":0,"Membership Card":0,"Cracked Core":0},{"conspire:TreasureMap":11,"Happy Flower":0,"Oddly Smooth Stone":10,"Thread and Needle":0,"Juzu Bracelet":0,"Omamori":0,"Runic Capacitor":11,"aspiration:HiddenCompartment":10,"Lizard Tail":0,"Matryoshka":11,"FaceOfCleric":2,"Bronze Scales":0,"Membership Card":0,"Cracked Core":0}]},"card_choices":[{"not_picked":["Capacitor","Self Repair"],"picked":"Beam Cell","floor":1},{"not_picked":["Hologram","Leap"],"picked":"BootSequence","floor":2},{"not_picked":["Barrage","BootSequence"],"picked":"Lockon","floor":5}],"player_experience":361504,"relics_obtained":[],"event_choices":[{"damage_healed":0,"gold_gain":0,"cards_transformed":["Defend_B"],"player_choice":"Change","damage_taken":0,"max_hp_gain":0,"max_hp_loss":0,"event_name":"Living Wall","floor":3,"gold_loss":0,"cards_obtained":["Aggregate"]},{"damage_healed":0,"gold_gain":0,"player_choice":"Bought 1 Potion","damage_taken":0,"max_hp_gain":0,"max_hp_loss":0,"event_name":"The Woman in Blue","floor":4,"gold_loss":0}],"is_beta":false,"boss_relics":[],"items_purged_floors":[0],"is_endless":false,"potions_floor_spawned":[1,5],"killed_by":"3 Sentries","ascension_level":20}}