{"host":"by9nexv7bw8pfn7u","time":1611340093,"event":{"mods":["BaseMod","Colored Powertips","Downfall","GifTheSpireLib","Minty Spire (QoL Compilation)","Random Character Button","StSLib","Unceasing Turn Reminder"],"gold_per_floor":[349,369,380,380,380,398,447,347,381,400,400,431,341,370,386,486,486,386,402,402,237,257,257,307,334,357,117,133,155,167,167,177,279,279,179,205,225,280,296,296,319,319,387,487,503,519,222,232,244,244,244,277,30,30,30,30,30,30],"floor_reached":56,"language":"ENG","playtime":10831,"items_purged":["hexamod:Strike","hexamod:HauntingEcho"],"score":784,"play_id":"c89fef50-4240-4782-8df3-7bfe2d57ad8c","local_time":"20210122192813","is_ascension_mode":true,"campfire_choices":[{"floor":1,"key":"RECALL"},{"data":"hexamod:Float","floor":8,"key":"SMITH"},{"floor":11,"key":"REST"},{"data":"hexamod:RainOfEmbers","floor":18,"key":"SMITH"},{"floor":35,"key":"REST"},{"floor":42,"key":"REST"},{"floor":54,"key":"REST"}],"circlet_count":0,"master_deck":["hexamod:Sear+1","hexamod:Float+1","hexamod:ThermalTransfer+1","hexamod:ExtraCrispy+1","hexamod:SpectralSpark+1","hexamod:FastForward+1","hexamod:ExtraCrispy+1","hexamod:GhostLash+1","hexamod:RainOfEmbers+1","hexamod:ThermalTransfer+1","hexamod:StepThrough+1","hexamod:EmpoweredFlame+1","hexamod:SpectersWail+1","hexamod:SpectersWail+1","hexamod:EtherealExpedition+1","hexamod:GhostShield+1","hexamod:SwordOfDarkness+1","hexamod:SixthSeal","hexamod:PowerFromBeyond+1","hexamod:ThermalTransfer+1","hexamod:ShieldOfDarkness+1","expansioncontent:PrepareCrush+1","hexamod:SuperheatedStrike+1","expansioncontent:DashGenerateEvil","Flash of Steel+1"],"relics":["hexamod:SpiritBrand","hexamod:InflammatoryLetter","Dream Catcher","downfall:HeartBlessingRed","Pantograph","Tiny Chest","Anchor","Pandora\u0027s Box","downfall:HeartBlessingGreen","hexamod:RecyclingMachine","Happy Flower","Medical Kit","hexamod:TheBrokenSeal","Akabeko","Fusion Hammer","downfall:HeartBlessingBlue","Toy Ornithopter","Turnip","hexamod:BolsterEngine","Darkstone Periapt","Calipers","Mummified Hand","hexamod:SoulConsumer"],"acts_visited":["Exordium","TheCity","TheBeyond","TheEnding"],"potions_floor_usage":[14,14,16,27,29,38,52,52,56],"damage_taken":[{"damage":0,"enemies":"Cultist","floor":2,"turns":3},{"damage":0,"enemies":"2 Louse","floor":3,"turns":3},{"damage":1,"enemies":"Jaw Worm","floor":6,"turns":3},{"damage":26,"enemies":"Lagavulin","floor":9,"turns":6},{"damage":1,"enemies":"Exordium Wildlife","floor":10,"turns":4},{"damage":15,"enemies":"Gremlin Nob","floor":12,"turns":5},{"damage":0,"enemies":"downfall:FleeingMerchant","floor":13,"turns":4},{"damage":7,"enemies":"3 Sentries","floor":14,"turns":7},{"damage":12,"enemies":"Exordium Thugs","floor":15,"turns":4},{"damage":41,"enemies":"DF_ARCHETYPE_STREAMLINE","floor":16,"turns":12},{"damage":8,"enemies":"Chosen","floor":19,"turns":6},{"damage":4,"enemies":"downfall:FleeingMerchant","floor":21,"turns":4},{"damage":0,"enemies":"3 Byrds","floor":22,"turns":4},{"damage":38,"enemies":"Sentry and Sphere","floor":25,"turns":7},{"damage":8,"enemies":"Cultist and Chosen","floor":26,"turns":6},{"damage":0,"enemies":"downfall:FleeingMerchant","floor":27,"turns":4},{"damage":22,"enemies":"Snake Plant","floor":28,"turns":3},{"damage":16,"enemies":"Chosen and Byrds","floor":29,"turns":6},{"damage":0,"enemies":"Centurion and Healer","floor":30,"turns":3},{"damage":0,"enemies":"Snecko","floor":32,"turns":2},{"damage":12,"enemies":"WA_ARCHETYPE_CALM","floor":33,"turns":5},{"damage":13,"enemies":"3 Darklings","floor":37,"turns":3},{"damage":10,"enemies":"2 Orb Walkers","floor":38,"turns":3},{"damage":0,"enemies":"Orb Walker","floor":39,"turns":2},{"damage":0,"enemies":"Sphere and 2 Shapes","floor":45,"turns":3},{"damage":0,"enemies":"Maw","floor":46,"turns":5},{"damage":0,"enemies":"downfall:FleeingMerchant","floor":47,"turns":1},{"damage":11,"enemies":"3 Darklings","floor":48,"turns":2},{"damage":0,"enemies":"Writhing Mass","floor":49,"turns":3},{"damage":0,"enemies":"SI_POISON_ARCHETYPE","floor":50,"turns":9},{"damage":22,"enemies":"downfall:CharBossMerchant","floor":52,"turns":7},{"damage":39,"enemies":"downfall:NeowBoss","floor":55,"turns":18},{"damage":80,"enemies":"downfall:NeowBossFinal","floor":56,"turns":7}],"seed_played":"-7739577681065833374","potions_obtained":[{"floor":2,"key":"Guardian:BlockOnCardUsePotion"},{"floor":3,"key":"SneckoOil"},{"floor":9,"key":"Energy Potion"},{"floor":14,"key":"SneckoOil"},{"floor":15,"key":"DuplicationPotion"},{"floor":16,"key":"hexamod:SoulburnPotion"},{"floor":27,"key":"Guardian:BlockOnCardUsePotion"},{"floor":28,"key":"Guardian:BlockOnCardUsePotion"},{"floor":30,"key":"DistilledChaos"},{"floor":38,"key":"sneckomod:MuddlingPotion"},{"floor":48,"key":"SkillPotion"},{"floor":52,"key":"sneckomod:MuddlingPotion"}],"is_trial":false,"path_per_floor":["R","M","M","T","?","M","T","R","E","M","R","E","$","E","M","B",null,"R","M","?","$","M","T","T","M","M","$","M","M","M","T","M","B",null,"R","?","M","?","M","?","T","R","T","?","M","M","$","M","M","B",null,"E","$","R","B","B"],"character_chosen":"THE_SPIRIT","items_purchased":["hexamod:RecyclingMachine","Medical Kit","hexamod:EtherealExpedition","Calipers","Mummified Hand","expansioncontent:DashGenerateEvil","Flash of Steel"],"campfire_rested":4,"item_purchase_floors":[21,27,27,47,47,53,53],"current_hp_per_floor":[63,63,63,63,63,62,62,62,43,49,63,55,62,62,57,22,63,63,62,62,63,63,63,63,32,31,38,23,69,69,69,69,61,73,83,83,70,65,65,65,65,83,83,83,83,83,83,72,72,83,83,61,61,83,48,0,0,0],"gold":30,"neow_bonus":"TWO_FIFTY_GOLD","is_daily":false,"chose_seed":false,"campfire_upgraded":2,"win_rate":0.0,"timestamp":1611340093,"path_taken":["R","M","M","?","?","?","T","R","E","M","R","E","$","E","M","BOSS","R","M","?","$","M","?","T","M","M","$","M","M","?","?","M","BOSS","R","?","M","?","M","?","T","R","?","?","M","?","$","M","M","BOSS","E","$","R","BOSS","BOSS"],"items_purchased_type":["Relic","Relic","Card","Relic","Relic","Card","Card"],"build_version":"2020-12-22","purchased_purges":2,"victory":false,"max_hp_per_floor":[63,63,63,63,63,63,63,63,63,63,63,63,63,63,63,63,63,63,63,63,63,63,63,63,63,63,63,63,73,73,73,73,73,73,83,83,83,83,83,83,83,83,83,83,83,83,83,83,83,83,83,83,83,83,83,83,83,83],"card_choices":[{"not_picked":["hexamod:SpectralAdrenaline","hexamod:Firestarter"],"picked":"hexamod:FirstSeal","floor":2},{"not_picked":["hexamod:DynamicBlow","hexamod:BacktrackSmack"],"picked":"hexamod:ThermalTransfer","floor":3},{"not_picked":["hexamod:SkipABeat","hexamod:Firestarter"],"picked":"hexamod:ExtraCrispy","floor":6},{"not_picked":["hexamod:HeatCrush","hexamod:SpectralAdrenaline","hexamod:ParanormalForm"],"picked":"SKIP","floor":9},{"not_picked":["hexamod:FourthSeal","hexamod:PhantomCloak"],"picked":"hexamod:SpectralSpark","floor":10},{"not_picked":["hexamod:BacktrackSmack","hexamod:NightmareGuise"],"picked":"hexamod:FastForward","floor":12},{"not_picked":["hexamod:RecurringNightmare","hexamod:HeatMetal"],"picked":"hexamod:SixthSeal","floor":13},{"not_picked":["hexamod:Haunt","hexamod:NightmareStrike"],"picked":"hexamod:ExtraCrispy","floor":14},{"not_picked":["hexamod:Firestarter","hexamod:FastForward","hexamod:DynamicBlow"],"picked":"SKIP","floor":15},{"not_picked":["hexamod:FourthSeal","hexamod:FirstSeal"],"picked":"hexamod:SecondSeal","floor":19},{"not_picked":["hexamod:StepThrough+1","hexamod:HeatCrush","hexamod:HeatShield"],"picked":"SKIP","floor":19},{"not_picked":["hexamod:AdvancingGuard","hexamod:HeatCrush+1"],"picked":"hexamod:SpectersWail+1","floor":21},{"not_picked":["hexamod:SpectersWail","hexamod:HeatShield+1","hexamod:PhantomFireball"],"picked":"SKIP","floor":22},{"not_picked":["hexamod:SixthSeal","hexamod:SecondSeal"],"picked":"hexamod:ThirdSeal","floor":25},{"not_picked":["hexamod:Rewind+1","hexamod:Haunt+1"],"picked":"hexamod:HauntingEcho","floor":25},{"not_picked":["hexamod:ThirdSeal","hexamod:SixthSeal"],"picked":"hexamod:FourthSeal","floor":26},{"not_picked":["hexamod:GhostLash","hexamod:SpectralSpark"],"picked":"hexamod:SpectersWail","floor":26},{"not_picked":["hexamod:Incineration","hexamod:FlameSwitch","hexamod:SpectersWail"],"picked":"SKIP","floor":27},{"not_picked":["hexamod:SpectralSpark","hexamod:Incineration"],"picked":"hexamod:GhostShield+1","floor":28},{"not_picked":["hexamod:SixthSeal","hexamod:FourthSeal","hexamod:FirstSeal"],"picked":"SKIP","floor":28},{"not_picked":["hexamod:RetreatToShadows","hexamod:SecondSeal","hexamod:ApocalypseNow"],"picked":"SKIP","floor":28},{"not_picked":["hexamod:Hexaguard+1","hexamod:AdvancingGuard+1"],"picked":"hexamod:SwordOfDarkness","floor":29},{"not_picked":["hexamod:ShieldOfDarkness","hexamod:RadiantFlame","hexamod:Firestarter+1"],"picked":"SKIP","floor":30},{"not_picked":["hexamod:ShieldOfDarkness","hexamod:RadiantFlame","hexamod:Firestarter+1"],"picked":"SKIP","floor":30},{"not_picked":["hexamod:AdvancingGuard","hexamod:SwordOfDarkness","hexamod:NightmareStrike+1"],"picked":"SKIP","floor":32},{"not_picked":["hexamod:TimeWarp","hexamod:ParanormalForm"],"picked":"hexamod:SixthSeal","floor":33},{"not_picked":["hexamod:FlamesFromBeyond","hexamod:AdvancingGuard+1"],"picked":"hexamod:PowerFromBeyond+1","floor":35},{"not_picked":["hexamod:SpectersWail+1","hexamod:GhostLash+1"],"picked":"hexamod:ThermalTransfer+1","floor":37},{"not_picked":["hexamod:NightmareGuise","hexamod:AdvancingGuard"],"picked":"hexamod:ShieldOfDarkness+1","floor":38},{"not_picked":["hexamod:ApocalypseNow","hexamod:DynamicBlow+1","hexamod:NightmareStrike+1"],"picked":"SKIP","floor":39},{"not_picked":["expansioncontent:LastStand","expansioncontent:AwakenDeath"],"picked":"expansioncontent:PrepareCrush","floor":40},{"not_picked":["hexamod:ChargedBarrage+1","hexamod:HeatMetal+1","hexamod:Incineration+1"],"picked":"SKIP","floor":45},{"not_picked":["hexamod:SwordOfDarkness+1","hexamod:HeatCrush+1","hexamod:Firestarter+1"],"picked":"SKIP","floor":46},{"not_picked":["hexamod:FlamesFromBeyond","hexamod:ThermalTransfer+1","hexamod:PowerFromBeyond"],"picked":"SKIP","floor":47},{"not_picked":["hexamod:Again+1","hexamod:BacktrackSmack+1","hexamod:FlameSwitch"],"picked":"SKIP","floor":48},{"not_picked":["hexamod:Firestarter","hexamod:AdvancingGuard","hexamod:GhostLash"],"picked":"SKIP","floor":49},{"not_picked":["hexamod:EtherealExpedition+1","hexamod:StepThrough+1"],"picked":"hexamod:SuperheatedStrike+1","floor":52}],"player_experience":1042698,"relics_obtained":[{"floor":4,"key":"hexamod:InflammatoryLetter"},{"floor":7,"key":"Dream Catcher"},{"floor":9,"key":"Pantograph"},{"floor":12,"key":"Tiny Chest"},{"floor":14,"key":"Anchor"},{"floor":24,"key":"Happy Flower"},{"floor":31,"key":"Akabeko"},{"floor":36,"key":"Toy Ornithopter"},{"floor":38,"key":"Turnip"},{"floor":41,"key":"hexamod:BolsterEngine"},{"floor":43,"key":"Darkstone Periapt"},{"floor":52,"key":"hexamod:SoulConsumer"}],"event_choices":[{"cards_removed":["hexamod:Strike"],"damage_healed":0,"gold_gain":0,"player_choice":"Offered Basic","damage_taken":0,"max_hp_gain":0,"max_hp_loss":0,"event_name":"Bonfire Elementals","floor":5,"gold_loss":0},{"damage_healed":0,"gold_gain":0,"player_choice":"Fight","damage_taken":0,"max_hp_gain":0,"max_hp_loss":0,"event_name":"Mysterious Sphere","floor":38,"gold_loss":0}],"is_beta":false,"boss_relics":[{"not_picked":["Sozu","Busted Crown"],"picked":"Pandora\u0027s Box"},{"not_picked":["Tiny House","hexamod:IceCube"],"picked":"Fusion Hammer"}],"items_purged_floors":[13,47],"is_endless":false,"potions_floor_spawned":[2,3,9,14,15,16,28,30,32,33,38,48,49,52],"killed_by":"downfall:NeowBossFinal","ascension_level":1}}