{"host":"x21cvmfdo17nyhii","time":1611292932,"event":{"mods":["AchievementEnabler","BaseMod","Block Reminder","Colored Map","Colored Powertips","DeckTracker","Highlight Path","Keyboard Shortcuts","Minty Spire (QoL Compilation)","Quick Restart","Rare Cards Sparkle","SuperFastMode"],"gold_per_floor":[118,118,133,144,159,194,194,204,229,229,256,256,281,37,37,135,135,146,146,159,159,159,159],"floor_reached":22,"language":"ENG","playtime":848,"items_purged":[],"score":265,"play_id":"d590814f-5e06-4a8a-9343-0b5df1d5d6c5","local_time":"20210121212212","is_ascension_mode":true,"campfire_choices":[{"floor":7.0,"key":"REST"},{"floor":10.0,"key":"REST"},{"floor":12.0,"key":"REST"},{"data":"Bullet Time","floor":15.0,"key":"SMITH"}],"circlet_count":0,"master_deck":["Strike_G","Strike_G","Strike_G","Strike_G","Defend_G","Defend_G","Defend_G","Defend_G","Defend_G","Survivor","Neutralize","Masterful Stab","All Out Attack","Bullet Time+1","PiercingWail","Dagger Spray","Deflect","Riddle With Holes","Night Terror","Outmaneuver","Malaise","Riddle With Holes"],"relics":["Runic Dome","Boot","Toy Ornithopter","Regal Pillow","Lee\u0027s Waffle","Busted Crown","WarpedTongs","Nloth\u0027s Gift"],"acts_visited":["Exordium","TheCity"],"potions_floor_usage":[],"damage_taken":[{"damage":12.0,"enemies":"2 Louse","floor":1.0,"turns":2.0},{"damage":0.0,"enemies":"Cultist","floor":3.0,"turns":3.0},{"damage":0.0,"enemies":"Small Slimes","floor":4.0,"turns":3.0},{"damage":7.0,"enemies":"Gremlin Gang","floor":5.0,"turns":4.0},{"damage":38.0,"enemies":"Lagavulin","floor":6.0,"turns":8.0},{"damage":1.0,"enemies":"Looter","floor":8.0,"turns":3.0},{"damage":32.0,"enemies":"Gremlin Nob","floor":11.0,"turns":5.0},{"damage":23.0,"enemies":"3 Sentries","floor":13.0,"turns":7.0},{"damage":47.0,"enemies":"Slime Boss","floor":16.0,"turns":10.0},{"damage":0.0,"enemies":"3 Byrds","floor":18.0,"turns":2.0},{"damage":32,"enemies":"Spheric Guardian","floor":20,"turns":5},{"damage":41,"enemies":"Centurion and Healer","floor":22,"turns":6}],"seed_played":"7242598938394312385","potions_obtained":[{"floor":4.0,"key":"Weak Potion"},{"floor":5.0,"key":"FearPotion"},{"floor":8.0,"key":"Block Potion"},{"floor":11.0,"key":"LiquidMemories"},{"floor":18.0,"key":"AttackPotion"},{"floor":20,"key":"AttackPotion"}],"is_trial":false,"path_per_floor":["M","?","M","M","M","E","R","M","T","R","E","R","E","$","R","B",null,"M","?","M","?","M"],"character_chosen":"THE_SILENT","items_purchased":["Lee\u0027s Waffle","Swift Potion","Outmaneuver"],"campfire_rested":3,"item_purchase_floors":[14,14,14],"current_hp_per_floor":[51,51,51,51,44,6,27,26,26,47,20,41,18,77,77,35,67,72,72,40,40,0,0],"gold":159,"neow_bonus":"BOSS_RELIC","is_daily":false,"chose_seed":false,"campfire_upgraded":1,"win_rate":0.0,"timestamp":1611292932,"path_taken":["M","?","?","?","M","E","R","M","T","R","E","R","E","$","R","BOSS","M","?","?","?","M"],"items_purchased_type":["Relic","Potion","Card"],"build_version":"2020-12-22","purchased_purges":0,"victory":false,"max_hp_per_floor":[70,70,70,70,70,70,70,70,70,70,70,70,70,77,77,77,77,77,77,77,77,77,77],"card_choices":[{"not_picked":["Outmaneuver","Backflip"],"picked":"Masterful Stab","floor":1.0},{"not_picked":["Poisoned Stab","Dodge and Roll"],"picked":"All Out Attack","floor":3.0},{"not_picked":["Crippling Poison","Dagger Throw"],"picked":"Bullet Time","floor":4.0},{"not_picked":["Prepared","Quick Slash"],"picked":"PiercingWail","floor":5.0},{"not_picked":["Reflex","Bouncing Flask"],"picked":"Dagger Spray","floor":6.0},{"not_picked":["Calculated Gamble","Dagger Spray"],"picked":"Deflect","floor":8.0},{"not_picked":["Envenom","Prepared"],"picked":"Riddle With Holes","floor":11.0},{"not_picked":["Prepared","Choke"],"picked":"Night Terror","floor":13.0},{"not_picked":["Grand Finale","Bullet Time"],"picked":"Malaise","floor":16.0},{"not_picked":[],"picked":"Riddle With Holes","floor":18.0},{"not_picked":["Dagger Spray"],"picked":"SKIP","floor":20}],"player_experience":456397,"relics_obtained":[{"floor":6.0,"key":"Boot"},{"floor":9.0,"key":"Toy Ornithopter"},{"floor":11.0,"key":"Omamori"},{"floor":13.0,"key":"Regal Pillow"}],"event_choices":[{"cards_removed":["Strike_G"],"damage_healed":0.0,"max_hp_gain":0.0,"max_hp_loss":0.0,"gold_gain":0.0,"event_name":"Purifier","player_choice":"Purged","floor":2.0,"gold_loss":0.0,"damage_taken":0.0},{"damage_healed":0.0,"max_hp_gain":0.0,"max_hp_loss":0.0,"gold_gain":0.0,"event_name":"Accursed Blacksmith","player_choice":"Rummage","floor":19.0,"gold_loss":0.0,"damage_taken":0.0,"relics_obtained":["WarpedTongs"],"cards_obtained":["Pain"]},{"damage_healed":0,"gold_gain":0,"player_choice":"Traded Relic","damage_taken":0,"relics_obtained":["Nloth\u0027s Gift"],"max_hp_gain":0,"max_hp_loss":0,"event_name":"N\u0027loth","floor":21,"relics_lost":["Omamori"],"gold_loss":0}],"is_beta":false,"boss_relics":[{"not_picked":["Sozu","SlaversCollar"],"picked":"Busted Crown"}],"items_purged_floors":[],"is_endless":false,"potions_floor_spawned":[4,5,8,11,18,20],"killed_by":"Centurion and Healer","ascension_level":6}}