{"host":"mg6qqnp83j5r6p2r","time":1611281692,"event":{"mods":["BaseMod","Colored Map","Colored Powertips","Highlight Path","Minty Spire (QoL Compilation)","Rare Cards Sparkle","Relic Sorter","Relic Stats","StSLib"],"gold_per_floor":[118,193,193,206,225,259,273,273,273,606,606,307,335,353,353,458,458,470,484,484,497,273,298,298,298,298,331,331,281,313,326,326,422,422,433,433,449,495,495,495,510,510,510,538,31,57,73,123,123,123,123,123,73,104,104],"floor_reached":56,"language":"ENG","playtime":7737,"items_purged":["Strike_P","Strike_P","Strike_P","Defend_P"],"score":1461,"play_id":"acbc6587-1eb8-4b6e-872d-ad3bb0b1133b","local_time":"20210121201452","is_ascension_mode":true,"campfire_choices":[{"data":"Eruption","floor":8,"key":"SMITH"},{"floor":15,"key":"RECALL"},{"floor":25,"key":"REST"},{"data":"ClearTheMind","floor":28,"key":"SMITH"},{"data":"WaveOfTheHand","floor":32,"key":"SMITH"},{"data":"Judgement","floor":40,"key":"SMITH"},{"data":"Crescendo","floor":42,"key":"SMITH"},{"data":"Parasite","floor":49,"key":"PURGE"},{"data":"LikeWater","floor":52,"key":"SMITH"}],"circlet_count":0,"master_deck":["Defend_P","Defend_P","Defend_P","Eruption+1","Vigilance+1","ClearTheMind+1","Conclude+1","EmptyFist+1","Protect","Wallop+1","TalkToTheHand+1","Swift Strike","WaveOfTheHand+1","LikeWater+1","Judgement+1","EmptyBody","ClearTheMind+1","CutThroughFate","Consecrate+1","Crescendo+1","FollowUp+1","LessonLearned","Sanctity+1","FearNoEvil+1","ThirdEye"],"relics":["HolyWater","NeowsBlessing","Darkstone Periapt","FossilizedHelix","Old Coin","ClockworkSouvenir","Whetstone","Mango","Happy Flower","Smiling Mask","Enchiridion","Peace Pipe","White Beast Statue","Busted Crown","CloakClasp","Bottled Lightning","Letter Opener","GoldenEye","Incense Burner","War Paint","Thread and Needle","Calipers","Vajra"],"acts_visited":["Exordium","TheCity","TheBeyond","TheEnding"],"potions_floor_usage":[6,16,16,21,27,33,33,44,46,46,55,55,55],"damage_taken":[{"damage":0,"enemies":"Cultist","floor":1,"turns":1},{"damage":0,"enemies":"Small Slimes","floor":4,"turns":2},{"damage":0,"enemies":"Jaw Worm","floor":5,"turns":1},{"damage":29,"enemies":"Gremlin Nob","floor":6,"turns":5},{"damage":6,"enemies":"3 Louse","floor":7,"turns":3},{"damage":0,"enemies":"3 Sentries","floor":10,"turns":6},{"damage":0,"enemies":"Lagavulin","floor":13,"turns":7},{"damage":0,"enemies":"Blue Slaver","floor":14,"turns":3},{"damage":35,"enemies":"Hexaghost","floor":16,"turns":22},{"damage":0,"enemies":"3 Byrds","floor":18,"turns":5},{"damage":0,"enemies":"2 Thieves","floor":19,"turns":2},{"damage":0,"enemies":"Snake Plant","floor":21,"turns":4},{"damage":14,"enemies":"Slavers","floor":23,"turns":9},{"damage":0,"enemies":"Book of Stabbing","floor":27,"turns":6},{"damage":8,"enemies":"Slavers","floor":30,"turns":5},{"damage":0,"enemies":"3 Cultists","floor":31,"turns":3},{"damage":33,"enemies":"Collector","floor":33,"turns":16},{"damage":0,"enemies":"3 Shapes","floor":35,"turns":4},{"damage":4,"enemies":"3 Darklings","floor":37,"turns":7},{"damage":4,"enemies":"2 Orb Walkers","floor":38,"turns":4},{"damage":0,"enemies":"4 Shapes","floor":41,"turns":5},{"damage":0,"enemies":"Reptomancer","floor":44,"turns":5},{"damage":0,"enemies":"Giant Head","floor":46,"turns":11},{"damage":0,"enemies":"Writhing Mass","floor":47,"turns":9},{"damage":0,"enemies":"Mind Bloom Boss Battle","floor":48,"turns":9},{"damage":2,"enemies":"Time Eater","floor":50,"turns":26},{"damage":0,"enemies":"Shield and Spear","floor":54,"turns":15},{"damage":27,"enemies":"The Heart","floor":55,"turns":15}],"seed_played":"3677822569625376682","potions_obtained":[{"floor":1,"key":"Ancient Potion"},{"floor":10,"key":"EssenceOfSteel"},{"floor":13,"key":"FearPotion"},{"floor":14,"key":"SkillPotion"},{"floor":16,"key":"FearPotion"},{"floor":23,"key":"LiquidMemories"},{"floor":27,"key":"Ancient Potion"},{"floor":30,"key":"SteroidPotion"},{"floor":33,"key":"Ambrosia"},{"floor":35,"key":"Ambrosia"},{"floor":44,"key":"Regen Potion"},{"floor":46,"key":"Fruit Juice"},{"floor":47,"key":"SteroidPotion"},{"floor":48,"key":"LiquidBronze"},{"floor":54,"key":"LiquidBronze"}],"is_trial":false,"path_per_floor":["M","?","?","M","M","E","M","R","T","E","?","$","E","M","R","B",null,"M","M","?","M","$","E","?","R","T","E","R","$","E","M","R","B",null,"M","?","M","?","T","R","M","R","T","E","$","E","M","?","R","B",null,"R","$","E","B",null],"character_chosen":"WATCHER","items_purchased":["ClockworkSouvenir","Whetstone","Happy Flower","Incense Burner","War Paint"],"campfire_rested":1,"item_purchase_floors":[12,12,22,45,45],"current_hp_per_floor":[72,61,61,61,61,32,26,26,26,26,26,26,40,40,40,5,86,86,86,86,86,86,72,56,81,81,81,81,81,73,73,73,40,86,86,86,82,78,78,78,78,78,78,78,78,83,89,89,89,87,94,94,94,94,67],"gold":104,"neow_bonus":"THREE_ENEMY_KILL","is_daily":false,"chose_seed":false,"campfire_upgraded":6,"win_rate":0.0,"timestamp":1611281692,"path_taken":["M","?","?","?","M","E","M","R","T","E","?","$","E","M","R","BOSS","M","?","?","M","$","E","?","R","T","E","R","$","E","M","R","BOSS","M","?","M","?","?","R","M","R","T","E","$","E","?","?","R","BOSS","R","$","E","BOSS"],"items_purchased_type":["Relic","Relic","Relic","Relic","Relic"],"build_version":"2020-12-22","purchased_purges":4,"victory":true,"max_hp_per_floor":[72,72,72,72,72,72,72,72,72,72,72,72,86,86,86,86,86,86,86,86,86,86,86,86,86,86,86,86,86,86,86,86,86,86,86,86,86,86,86,86,86,86,86,86,86,91,97,97,94,94,94,94,94,94,94],"relic_stats":{"Darkstone Periapt":6,"Peace Pipe":1,"Busted Crown":18,"Happy Flower":[49],"counters":[28,210],"CloakClasp":[381],"Whetstone":["TalkToTheHand","Conclude"],"Letter Opener":[169],"War Paint":["Vigilance","ClearTheMind"],"Smiling Mask":225,"GoldenEye":[52],"obtain_stats":[{"Darkstone Periapt":6,"Calipers":48,"NeowsBlessing":0,"Happy Flower":22,"Enchiridion":24,"Vajra":54,"Mango":13,"Thread and Needle":46,"CloakClasp":38,"Incense Burner":45,"Whetstone":12,"Letter Opener":43,"War Paint":45,"Smiling Mask":23,"GoldenEye":44,"White Beast Statue":30,"Old Coin":10,"ClockworkSouvenir":12,"Peace Pipe":27,"Busted Crown":34,"HolyWater":17,"Bottled Lightning":39,"PureWater":0,"FossilizedHelix":9},{"Darkstone Periapt":4,"Calipers":25,"NeowsBlessing":0,"Happy Flower":12,"Enchiridion":13,"Vajra":27,"Mango":7,"Thread and Needle":23,"CloakClasp":20,"Incense Burner":22,"Whetstone":6,"Letter Opener":21,"War Paint":22,"Smiling Mask":13,"GoldenEye":22,"White Beast Statue":15,"Old Coin":6,"ClockworkSouvenir":6,"Peace Pipe":14,"Busted Crown":17,"HolyWater":9,"Bottled Lightning":20,"PureWater":0,"FossilizedHelix":5},{"Darkstone Periapt":9,"Calipers":154,"NeowsBlessing":0,"Happy Flower":61,"Enchiridion":70,"Vajra":195,"Mango":25,"Thread and Needle":136,"CloakClasp":115,"Incense Burner":125,"Whetstone":18,"Letter Opener":120,"War Paint":125,"Smiling Mask":70,"GoldenEye":125,"White Beast Statue":81,"Old Coin":18,"ClockworkSouvenir":18,"Peace Pipe":76,"Busted Crown":100,"HolyWater":50,"Bottled Lightning":115,"PureWater":0,"FossilizedHelix":12}]},"card_choices":[{"not_picked":["Adaptation","FlurryOfBlows"],"picked":"ClearTheMind","floor":1},{"not_picked":["PathToVictory","CrushJoints"],"picked":"Conclude","floor":4},{"not_picked":["BowlingBash","Wallop"],"picked":"EmptyFist","floor":5},{"not_picked":["EmptyFist","Wallop"],"picked":"Protect","floor":6},{"not_picked":["EmptyFist","FlurryOfBlows"],"picked":"Wallop","floor":7},{"not_picked":["Halt","CutThroughFate"],"picked":"TalkToTheHand","floor":10},{"not_picked":["LessonLearned","LikeWater"],"picked":"WaveOfTheHand","floor":13},{"not_picked":["InnerPeace","WreathOfFlame"],"picked":"LikeWater","floor":14},{"not_picked":["MasterReality","SpiritShield"],"picked":"Judgement","floor":16},{"not_picked":["ClearTheMind","Study"],"picked":"EmptyBody","floor":18},{"not_picked":["SashWhip+1","Worship"],"picked":"ClearTheMind","floor":19},{"not_picked":["CrushJoints","Halt"],"picked":"CutThroughFate","floor":21},{"not_picked":["Prostrate","InnerPeace"],"picked":"Consecrate+1","floor":23},{"not_picked":["SashWhip","WheelKick+1"],"picked":"Crescendo","floor":27},{"not_picked":["ThirdEye","EmptyBody"],"picked":"FollowUp","floor":30},{"not_picked":["BowlingBash","Study","Halt"],"picked":"SKIP","floor":31},{"not_picked":["DeusExMachina","Ragnarok"],"picked":"LessonLearned","floor":33},{"not_picked":[],"picked":"Sanctity+1","floor":35},{"not_picked":["ClearTheMind"],"picked":"SKIP","floor":37},{"not_picked":["CrushJoints"],"picked":"SKIP","floor":41},{"not_picked":[],"picked":"FearNoEvil+1","floor":44},{"not_picked":[],"picked":"ThirdEye","floor":46},{"not_picked":["Evaluate"],"picked":"SKIP","floor":47},{"not_picked":["Prostrate"],"picked":"SKIP","floor":54}],"player_experience":196280,"relics_obtained":[{"floor":6,"key":"Darkstone Periapt"},{"floor":9,"key":"FossilizedHelix"},{"floor":10,"key":"Old Coin"},{"floor":13,"key":"Mango"},{"floor":23,"key":"Smiling Mask"},{"floor":24,"key":"Enchiridion"},{"floor":27,"key":"Peace Pipe"},{"floor":30,"key":"White Beast Statue"},{"floor":38,"key":"CloakClasp"},{"floor":39,"key":"Bottled Lightning"},{"floor":43,"key":"Letter Opener"},{"floor":44,"key":"GoldenEye"},{"floor":46,"key":"Thread and Needle"},{"floor":48,"key":"Calipers"},{"floor":54,"key":"Vajra"}],"event_choices":[{"damage_healed":0,"gold_gain":75,"player_choice":"Gather Gold","damage_taken":11,"max_hp_gain":0,"max_hp_loss":0,"event_name":"World of Goop","floor":2,"gold_loss":0},{"cards_removed":["Strike_P"],"damage_healed":0,"gold_gain":0,"player_choice":"Offered Basic","damage_taken":0,"max_hp_gain":0,"max_hp_loss":0,"event_name":"Bonfire Elementals","floor":3,"gold_loss":0},{"damage_healed":0,"gold_gain":0,"player_choice":"1 cards matched","damage_taken":0,"max_hp_gain":0,"max_hp_loss":0,"event_name":"Match and Keep!","floor":11,"gold_loss":0,"cards_obtained":["Swift Strike"]},{"damage_healed":0,"gold_gain":0,"player_choice":"Ignored","damage_taken":0,"max_hp_gain":0,"max_hp_loss":0,"event_name":"Vampires","floor":20,"gold_loss":0},{"damage_healed":0,"gold_gain":0,"player_choice":"Obtained Book","damage_taken":16,"max_hp_gain":0,"max_hp_loss":0,"event_name":"Cursed Tome","floor":24,"gold_loss":0},{"damage_healed":0,"gold_gain":0,"player_choice":"Ignored","damage_taken":0,"max_hp_gain":0,"max_hp_loss":0,"event_name":"Tomb of Lord Red Mask","floor":36,"gold_loss":0},{"damage_healed":0,"gold_gain":0,"player_choice":"Fight","damage_taken":0,"max_hp_gain":0,"max_hp_loss":0,"event_name":"Mysterious Sphere","floor":38,"gold_loss":0},{"damage_healed":0,"gold_gain":0,"player_choice":"Fight","damage_taken":0,"max_hp_gain":0,"max_hp_loss":0,"event_name":"MindBloom","floor":48,"gold_loss":0}],"is_beta":false,"boss_relics":[{"not_picked":["Tiny House","SlaversCollar"],"picked":"HolyWater"},{"not_picked":["Pandora\u0027s Box","Velvet Choker"],"picked":"Busted Crown"}],"items_purged_floors":[22,29,45,53],"is_endless":false,"potions_floor_spawned":[1,10,13,14,16,23,27,30,31,33,35,37,38,41,44,46,47,48,54],"ascension_level":1}}