{"host":"qmnyg5dk1o6rw6mz","time":1611326633,"event":{"mods":["100% Spire Juice","2.2 Compatiblity","AchievementEnabler","Act Like it!","AlwaysNeverKeys","Arknights The Spire","Ascension Reborn","Aspiration","Astrologer","BaseMod","BetterRewards","CapriCore","Challenge The Spire","Colored Powertips","Conjunction","Conspire","DeckTracker","Defuse TimeMaze Blight","Disable Question Mark Monsters","Energized Spire","Friendly Minions","Gensokyo","GifTheSpireLib","Gremlin Skip","Hermit","Highlight Path","HololiveMod","HornydragonMod","Hubris","Hyrulean Relics","Infinite Spire","Jedi Mod","KinomotoSakuraMod(木之本?)","Kiyohime（清姬）","KomeijiMod","Marisa（霧雨　魔理沙）","Minty Spire (QoL Compilation)","Pale of the Ancients","Permanent Neow","Prisma Mod","Rare Cards Sparkle","Reimu（博???）","Replay The Spire","Reworked Bosses","Robot Space Explorer","SIMod","StSLib","Stuff the Spire","The Alterego","The Animator","The Cursed","The Gatherer","The Immortal","The Jungle","The Marked","The Runesmith","The Showman","Unceasing Turn Reminder","Unknown Chances","Wandering Minibosses","Yuri Mod","vexMod"],"gold_per_floor":[31,31,42,42,54,85,85,85,85,136,198,268,268,341,341,505,505,588,588,642,642,712,712,818,818,867,958,958,1038,1176,1176,1176,1357,1357,1413,1413,1413,1413,1500,1593,1593,1662,1662,1662,1662,1662,1708,1708,1766,1839,1839,1909,1995,2132,2132,2136,2136,2201,2201,2225,2225,2320],"floor_reached":63,"language":"ZHS","playtime":3589,"items_purged":["PrismaMod:ChloeCommonDefend","PrismaMod:ChloeCommonAttack","PrismaMod:ChloeExcalibur","PrismaMod:ChloeExhaustOne","PrismaMod:ChloeExhaustOne","PrismaMod:ChloeCheapDefend"],"score":1593,"play_id":"f53e845e-48e9-45d3-a314-cf9c9cfba859","local_time":"20210122224353","is_ascension_mode":true,"campfire_choices":[{"data":"PrismaMod:ChloeRhongomyniad","floor":7,"key":"SMITH"},{"data":"PrismaMod:ChloeRhongomyniad","floor":15,"key":"SMITH"},{"data":"Dagger Spray","floor":23,"key":"SMITH"},{"data":"Doppelganger","floor":28,"key":"SMITH"},{"data":"PrismaMod:ChloeMordred","floor":32,"key":"SMITH"},{"data":"PrismaMod:ChloeAnyCommonTrace","floor":41,"key":"SMITH"},{"data":"PrismaMod:ChloeAnyPowerTrace","floor":46,"key":"SMITH"},{"data":"infinitespire:FutureSight","floor":48,"key":"SMITH"},{"floor":51,"key":"REST"},{"data":"infinitespire:NeuralNetwork","floor":57,"key":"SMITH"},{"data":"PrismaMod:ChloeCarnivalAOEAttack","floor":59,"key":"SMITH"}],"circlet_count":0,"master_deck":["PrismaMod:ChloeCommonAttack","PrismaMod:ChloeCommonAttack","PrismaMod:ChloeCommonDefend","PrismaMod:ChloeCommonDefend","PrismaMod:ChloeCheapAttack+1","PrismaMod:ChloeCheapDefend","PrismaMod:ChloeCheapAttackTwo","PrismaMod:ChloeRhongomyniad+1","PrismaMod:ChloeUncommonAttack","PrismaMod:ChloeCheapAttack+1","PrismaMod:ChloeRhongomyniad+1","PrismaMod:ChloeExcalibur","PrismaMod:ChloeDiscardRecovery","Skewer","Doppelganger+1","PrismaMod:ChloeCarnivalAOEAttack+1","PrismaMod:ChloeCheapAttackTwo+1","Dagger Spray+1","PrismaMod:ChloeExhaustOne","PrismaMod:ChloeExhaustTwo","PrismaMod:ChloeMordred+1","PrismaMod:ChloeAnyPowerTrace+1","PrismaMod:ChloeCheapAttack+1","infinitespire:NeuralNetwork+1","PrismaMod:ChloeAnyCommonTrace+1","PrismaMod:ChloeMordred+1","PrismaMod:ChloeExcalibur+1","PrismaMod:ChloeUncommonDefend+1","PrismaMod:ChloeCheapAttackTwo+1","PrismaMod:ChloeDemonicTutor","Dagger Spray+1"],"relics":["StuffTheSpire:OccultApparatus","Pondfish Scales","HornCleat","Simple Rune","Gensokyo:CelestialsFlawlessClothing","Replay:Bandana","vexMod:MemoryStick","Hololive_LightStick","vexMod:TanglingVine","StuffTheSpire:Mouthbags","Gensokyo:ChorusOfJoy","Pear","infinitespire:PuzzleCube","Smiling Mask","hubris:Backtick","MoneyPower","hubris:MedicalManual","StuffTheSpire:Wildfire","infinitespire:WardingShard","Replay:Bottled Eggs","Blood Vial","paleoftheancients:Timepiece","paleoftheancients:KeyRelic","Letter Opener","CultistMask","paleoftheancients:SoulOfTheShapes","DollysMirror","hubris:NiceRug","Gremlin Food","infinitespire:EmpoweringShard","Pet Ghost"],"acts_visited":["Exordium","Gensokyo:Gensokyo","Gensokyo:Gensokyoer","Gensokyo:Gensokyoest"],"potions_floor_usage":[10,12,16,16,29,30,33,40,49,52,53,58],"damage_taken":[{"damage":0,"enemies":"Gensokyo:2_Kodama","floor":1,"turns":3},{"damage":2,"enemies":"Gensokyo:Gryphon","floor":3,"turns":3},{"damage":0,"enemies":"Gensokyo:Python","floor":5,"turns":3},{"damage":19,"enemies":"Gensokyo:Aya","floor":6,"turns":8},{"damage":4,"enemies":"Gensokyo:3_Kodama","floor":10,"turns":4},{"damage":5,"enemies":"Gensokyo:5_Fairies","floor":11,"turns":6},{"damage":5,"enemies":"Gensokyo:Cirno","floor":12,"turns":5},{"damage":0,"enemies":"Gensokyo:Gryphon_and_Rabbit","floor":14,"turns":3},{"damage":3,"enemies":"Gensokyo:Yukari","floor":16,"turns":6},{"damage":14,"enemies":"Gensokyo:AngelMirror","floor":18,"turns":3},{"damage":0,"enemies":"Gensokyo:Chomper","floor":20,"turns":2},{"damage":2,"enemies":"Gensokyo:Wraith","floor":22,"turns":3},{"damage":0,"enemies":"Gensokyo:Koishi","floor":24,"turns":4},{"damage":9,"enemies":"Gensokyo:Slime_Group","floor":27,"turns":3},{"damage":0,"enemies":"Gensokyo:Swordslinger","floor":29,"turns":3},{"damage":24,"enemies":"Nightmare","floor":30,"turns":5},{"damage":45,"enemies":"Gensokyo:Eternal_Rivals","floor":33,"turns":7},{"damage":0,"enemies":"Gensokyo:AncientGuardian","floor":35,"turns":3},{"damage":0,"enemies":"Gensokyo:3_Boulders","floor":39,"turns":3},{"damage":0,"enemies":"Nightmare","floor":40,"turns":2},{"damage":0,"enemies":"Gensokyo:AtlasGolem","floor":42,"turns":1},{"damage":4,"enemies":"Gensokyo:Sharpion","floor":47,"turns":2},{"damage":15,"enemies":"Gensokyo:Dusk_and_Dawn","floor":49,"turns":2},{"damage":0,"enemies":"Gensokyo:Doremy","floor":50,"turns":2},{"damage":0,"enemies":"Gensokyo:Scarlet_Devils","floor":52,"turns":3},{"damage":0,"enemies":"Gensokyo:Scarlet_Devils","floor":53,"turns":2},{"damage":0,"enemies":"Gensokyo:Scarlet_Devils","floor":54,"turns":4},{"damage":1,"enemies":"hubris:Merchant","floor":56,"turns":3},{"damage":709,"enemies":"hubris:Merchant","floor":58,"turns":12},{"damage":164,"enemies":"paleoftheancients:N","floor":62,"turns":9}],"seed_played":"-2624841091308434128","potions_obtained":[{"floor":3,"key":"Block Potion"},{"floor":5,"key":"LiquidMemories"},{"floor":6,"key":"Strength Potion"},{"floor":11,"key":"CalmPotion"},{"floor":14,"key":"Adrenaline Potion"},{"floor":27,"key":"FearPotion"},{"floor":29,"key":"Venom Potion"},{"floor":39,"key":"Adrenaline Potion"},{"floor":40,"key":"Strength Potion"},{"floor":47,"key":"JyouchiReiPotion"},{"floor":50,"key":"ColorlessPotion"},{"floor":54,"key":"Conjunction:LightningMarble"},{"floor":56,"key":"Strength Potion"},{"floor":56,"key":"Weak Potion"}],"is_trial":false,"path_per_floor":["M","?","M","?","M","E","R","$","T","M","M","E","?","M","R","B",null,"M","T","M","?","M","R","E","?","T","M","R","M","NM","?","R","B",null,"M","AVR","?","?","M","NM","R","M","PTL","PTL","T","R","M","R","M","E","R","B","M","M","?","$","R","M","R","T","?","B",null],"character_chosen":"CHLOE","items_purchased":["Simple Rune","PrismaMod:ChloeCheapAttackTwo","DollysMirror"],"campfire_rested":1,"item_purchase_floors":[0,0,56],"current_hp_per_floor":[75,57,55,70,70,51,51,51,51,47,42,37,37,37,37,34,75,61,61,61,61,59,59,69,78,78,69,69,69,45,45,45,6,85,85,85,51,51,51,51,51,51,51,51,51,51,47,47,32,32,57,85,85,85,85,85,85,85,85,85,85,50],"gold":2320,"neow_bonus":"","is_daily":false,"chose_seed":false,"campfire_upgraded":10,"win_rate":0.0,"timestamp":1611326633,"path_taken":["M","?","M","?","M","E","R","?","T","?","M","E","?","M","R","BOSS","M","?","M","?","M","R","E","?","T","?","R","?","NM","?","R","BOSS","M","AVR","?","?","M","NM","R","M","PTL","PTL","T","R","?","R","M","E","R","BOSS","M","M","?","$","R","M","R","T","?","BOSS"],"items_purchased_type":["Relic","Card","Relic"],"build_version":"2020-12-22","purchased_purges":6,"victory":true,"max_hp_per_floor":[75,75,75,75,75,75,75,75,75,75,75,75,75,75,75,75,75,75,75,75,75,75,75,85,85,85,85,85,85,85,85,85,85,85,85,85,85,85,85,85,85,85,85,85,85,85,85,85,85,85,85,85,85,85,85,85,85,85,85,85,85,85],"card_choices":[{"not_picked":["PrismaMod:ChloeCommonAOEAttack","PrismaMod:ChloeDiscardRecovery"],"picked":"PrismaMod:ChloeRhongomyniad","floor":1},{"not_picked":["PrismaMod:ChloeBetterTracePools","PrismaMod:ChloeCheapAttack"],"picked":"PrismaMod:ChloeUncommonAttack","floor":3},{"not_picked":["PrismaMod:ChloeEyeOfTheEuryale","PrismaMod:ChloeCommonAOEAttack"],"picked":"PrismaMod:ChloeCheapAttack","floor":5},{"not_picked":["PrismaMod:ChloeCheapDefend","PrismaMod:ChloeCheapDefendTwo"],"picked":"PrismaMod:ChloeRhongomyniad","floor":6},{"not_picked":["PrismaMod:ChloeDiscardRecovery","PrismaMod:ChloeCommonAOEAttack"],"picked":"PrismaMod:ChloeExcalibur","floor":10},{"not_picked":["PrismaMod:ChloeChristmas","PrismaMod:ChloeDiscardRecovery","PrismaMod:ChloeExhaustOne"],"picked":"SKIP","floor":11},{"not_picked":["PrismaMod:ChloeCommonAOEAttack","PrismaMod:ChloeExhaustOne"],"picked":"PrismaMod:ChloeDiscardRecovery","floor":12},{"not_picked":["PrismaMod:ChloeDiscardRecovery","PrismaMod:ChloeCheapDefend","PrismaMod:ChloeCheapDefendTwo"],"picked":"SKIP","floor":14},{"not_picked":["PrismaMod:ChloeAnySkillTrace","PrismaMod:ChloeAnyCommonTrace"],"picked":"PrismaMod:ChloeCarnivalAOEAttack","floor":16},{"not_picked":["PrismaMod:ChloeCheapDefendTwo","PrismaMod:ChloeDiscardRecovery"],"picked":"PrismaMod:ChloeCheapAttackTwo+1","floor":18},{"not_picked":["PrismaMod:ChloeDiscardRecovery","PrismaMod:ChloeExhaustOne","PrismaMod:ChloeRuleBreaker"],"picked":"SKIP","floor":20},{"not_picked":["PrismaMod:ChloeDiscardRecovery","PrismaMod:ChloeCheapDefend"],"picked":"PrismaMod:ChloeExhaustOne","floor":22},{"not_picked":["PrismaMod:ChloeDiscardRecovery","PrismaMod:ChloeCommonAOEAttack"],"picked":"PrismaMod:ChloeExhaustTwo","floor":24},{"not_picked":["PrismaMod:ChloeEyeOfTheEuryale","PrismaMod:ChloeRitsuka","PrismaMod:ChloeCheapDefend"],"picked":"SKIP","floor":27},{"not_picked":["PrismaMod:ChloeBetterTracePools","PrismaMod:ChloeExhaustOne","PrismaMod:ChloeUncommonDefend"],"picked":"SKIP","floor":29},{"not_picked":["PrismaMod:ChloeCheapDefendTwo","PrismaMod:ChloeRitsuka"],"picked":"PrismaMod:ChloeMordred","floor":30},{"not_picked":["PrismaMod:ChloeCarnivalDefend","PrismaMod:ChloeCarnivalAOEAttack"],"picked":"PrismaMod:ChloeAnyPowerTrace","floor":33},{"not_picked":["PrismaMod:ChloeUncommonDefend","PrismaMod:ChloeCheapDefendTwo","PrismaMod:ChloeCommonAOEAttack+1"],"picked":"SKIP","floor":35},{"not_picked":["PrismaMod:ChloeRitsuka+1","PrismaMod:ChloeExhaustOne"],"picked":"PrismaMod:ChloeCheapAttack+1","floor":39},{"not_picked":["infinitespire:SealOfDarkness+","infinitespire:TheBestDefense"],"picked":"infinitespire:NeuralNetwork","floor":40},{"not_picked":["PrismaMod:ChloeCaladbolg+1","PrismaMod:ChloeUncommonAttack"],"picked":"PrismaMod:ChloeAnyCommonTrace","floor":40},{"not_picked":["PrismaMod:ChloeCheapAttackTwo+1","PrismaMod:ChloeEyeOfTheEuryale"],"picked":"PrismaMod:ChloeMordred+1","floor":42},{"not_picked":["PrismaMod:ChloeExhaustOne+1","PrismaMod:ChloeCheapDefend+1","PrismaMod:ChloeDiscardRecovery"],"picked":"SKIP","floor":47},{"not_picked":["PrismaMod:ChloeCheapAttackTwo","PrismaMod:ChloeDiscardRecovery+1"],"picked":"PrismaMod:ChloeExcalibur+1","floor":49},{"not_picked":["PrismaMod:ChloeCommonAOEAttack","PrismaMod:ChloeDiscardRecovery"],"picked":"PrismaMod:ChloeUncommonDefend+1","floor":50},{"not_picked":["PrismaMod:ChloeDiscardRecovery+1","PrismaMod:ChloeMaid"],"picked":"PrismaMod:ChloeCheapAttackTwo+1","floor":53},{"not_picked":["PrismaMod:ChloeDiscardRecovery","PrismaMod:ChloeCheapDefend","PrismaMod:ChloeUncommonAOEAttack"],"picked":"SKIP","floor":54},{"not_picked":["PrismaMod:ChloeCheapAttack"],"picked":"SKIP","floor":56},{"not_picked":["PrismaMod:ChloeCommonAOEAttack"],"picked":"SKIP","floor":56},{"not_picked":["PrismaMod:ChloeExhaustOne"],"picked":"SKIP","floor":56},{"not_picked":["PrismaMod:ChloeDiscardRecovery"],"picked":"SKIP","floor":56},{"not_picked":["PrismaMod:ChloeBetterTracePools"],"picked":"SKIP","floor":56},{"not_picked":["Jack Of All Trades"],"picked":"SKIP","floor":56},{"not_picked":["ReplayUltimateDefense"],"picked":"SKIP","floor":56}],"player_experience":207299,"relics_obtained":[{"floor":6,"key":"Replay:Bandana"},{"floor":9,"key":"vexMod:MemoryStick"},{"floor":12,"key":"Hololive_LightStick"},{"floor":19,"key":"StuffTheSpire:Mouthbags"},{"floor":24,"key":"Pear"},{"floor":26,"key":"infinitespire:PuzzleCube"},{"floor":30,"key":"Smiling Mask"},{"floor":40,"key":"infinitespire:WardingShard"},{"floor":45,"key":"Replay:Bottled Eggs"},{"floor":50,"key":"Blood Vial"},{"floor":53,"key":"paleoftheancients:SoulOfTheShapes"},{"floor":54,"key":"paleoftheancients:SoulOfTheShowman"},{"floor":56,"key":"Gremlin Food"},{"floor":56,"key":"infinitespire:EmpoweringShard"},{"floor":60,"key":"Pet Ghost"}],"event_choices":[{"damage_healed":0,"gold_gain":0,"cards_transformed":["PrismaMod:ChloeCommonDefend"],"player_choice":"Transformed","damage_taken":0,"max_hp_gain":0,"max_hp_loss":0,"event_name":"Transmorgrifier","floor":55,"gold_loss":0,"cards_obtained":["PrismaMod:ChloeDemonicTutor"]}],"is_beta":false,"boss_relics":[{"not_picked":["aspiration:RandomNobGenerator","vexMod:NewClearReactor"],"picked":"vexMod:TanglingVine"},{"not_picked":["ReplayTheSpireMod:DimensionalGlitch","Philosopher\u0027s Stone"],"picked":"hubris:Backtick"}],"items_purged_floors":[36,56,56,56,56,56],"is_endless":false,"potions_floor_spawned":[3,5,6,11,14,27,29,39,40,47,50,54],"ascension_level":0}}