{"host":"sdjng9zhqonqi3uc","time":1611341601,"event":{"mods":["2.2 Compatiblity","AchievementEnabler","BaseMod","Better Note","Better Third Choice","BetterRewards","Colored Map","Colored Powertips","Downfall","Hero for Fun","Hubris","Minty Spire (QoL Compilation)","Quick Restart","Relic Stats","Shop Mod","Spicy Shops","StSLib","Td1madao Mod","The Animator","The Cursed","The Servant 0.9.4"],"gold_per_floor":[125,125,125,140,220,264,264,264,288,288,306,329,344,355,355,452,452,475,475,24,24,34,60,60,60,109,129,129,158,158,258,258,355,355,371,391,0,20,20,52,78,78,103,3,15,25,44,55,55,55,55,55,513,513,513],"floor_reached":54,"language":"ENG","playtime":5139,"items_purged":["animator:Defend","animator:Strike"],"score":932,"play_id":"2a587777-5e28-426c-b1a5-2676ba89204e","local_time":"20210122195321","is_ascension_mode":false,"campfire_choices":[{"data":"animator:FielNirvalen","floor":8,"key":"SMITH"},{"data":"animator:Saitama","floor":10,"key":"SMITH"},{"floor":15,"key":"RECALL"},{"data":"animator:Envy","floor":24,"key":"SMITH"},{"data":"animator:DolaStephanie","floor":28,"key":"SMITH"},{"data":"animator:YunYun","floor":30,"key":"SMITH"},{"floor":32,"key":"REST"},{"floor":42,"key":"REST"},{"data":"animator:Boros","floor":49,"key":"SMITH"},{"data":"animator:DolaSchwi","floor":52,"key":"SMITH"}],"circlet_count":0,"master_deck":["animator:Strike_Konosuba","animator:Defend","animator:Kazuma","animator:Aqua","animator:Vanir","animator:FielNirvalen+1","animator:Saitama","animator:YunYun","animator:Guy","animator:Emonzaemon","animator:Envy","animator:Megumin+1","Impervious","animator:Mitsurugi","animator:DolaStephanie","animator:NarberalGamma","animator:Boros+1","animator:RoryMercury","animator:MisaKurobane+1","animator:MetalKnight","animator:WinryRockbell","animator:Gillette","animator:DolaSchwi","animator:Mitsurugi"],"relics":["animator:TheEruzaStone","animator:AncientMedallion"],"acts_visited":["Exordium","TheCity","TheBeyond","TheEnding","EYB:TheUnnamedReign"],"potions_floor_usage":[16,16,16,27,27,31,33,36,40,40,50,50,50],"damage_taken":[{"damage":1,"enemies":"Cultist","floor":1,"turns":5},{"damage":0,"enemies":"Small Slimes","floor":4,"turns":3},{"damage":8,"enemies":"3 Sentries","floor":6,"turns":10},{"damage":0,"enemies":"2 Louse","floor":11,"turns":2},{"damage":0,"enemies":"Large Slime","floor":12,"turns":3},{"damage":2,"enemies":"Exordium Wildlife","floor":13,"turns":4},{"damage":0,"enemies":"2 Fungi Beasts","floor":14,"turns":2},{"damage":25,"enemies":"Hexaghost","floor":16,"turns":6},{"damage":21,"enemies":"Spheric Guardian","floor":18,"turns":5},{"damage":19,"enemies":"Slavers","floor":23,"turns":4},{"damage":4,"enemies":"2 Thieves","floor":27,"turns":4},{"damage":15,"enemies":"Gremlin Leader","floor":29,"turns":7},{"damage":0,"enemies":"Colosseum Slavers","floor":31,"turns":2},{"damage":0,"enemies":"Colosseum Nobs","floor":31,"turns":2},{"damage":54,"enemies":"hubris:MusketHawk","floor":33,"turns":12},{"damage":8,"enemies":"3 Darklings","floor":35,"turns":4},{"damage":16,"enemies":"Orb Walker","floor":36,"turns":5},{"damage":0,"enemies":"Sphere and 2 Shapes","floor":38,"turns":3},{"damage":61,"enemies":"Giant Head","floor":40,"turns":8},{"damage":0,"enemies":"Spire Growth","floor":41,"turns":4},{"damage":0,"enemies":"Maw","floor":45,"turns":7},{"damage":1,"enemies":"Transient","floor":46,"turns":5},{"damage":0,"enemies":"Spire Growth","floor":47,"turns":4},{"damage":6,"enemies":"Writhing Mass","floor":48,"turns":3},{"damage":68,"enemies":"Awakened One","floor":50,"turns":11},{"damage":100,"enemies":"animator:UNNAMED_HAT","floor":54,"turns":11}],"seed_played":"-2660216545966690609","potions_obtained":[{"floor":4,"key":"FearPotion"},{"floor":12,"key":"LiquidBronze"},{"floor":13,"key":"FearPotion"},{"floor":16,"key":"SteroidPotion"},{"floor":18,"key":"FearPotion"},{"floor":23,"key":"animator:FalseLifePotion"},{"floor":31,"key":"bronze:BurnAndBuffPotion"},{"floor":33,"key":"FearPotion"},{"floor":35,"key":"ColorlessPotion"},{"floor":38,"key":"Fire Potion"},{"floor":40,"key":"Dexterity Potion"},{"floor":47,"key":"SteroidPotion"},{"floor":48,"key":"BlessingOfTheForge"}],"is_trial":false,"path_per_floor":["M","?","?","M","?","E","?","R","T","R","M","M","M","M","R","B",null,"M","?","$","?","$","E","R","?","T","M","R","E","R","?","R","B",null,"M","M","$","M","?","E","M","R","T","NS","M","M","M","M","R","B",null,"R","??","M"],"character_chosen":"THE_ANIMATOR","items_purchased":["Omamori","FossilizedHelix","hubris:OldNail","Pantograph","MerchantsRug","animator:Eris","Bag of Marbles","War Paint","hubris:TinFlute","Paper Frog"],"campfire_rested":2,"item_purchase_floors":[0,0,0,0,0,20,20,20,37,37],"current_hp_per_floor":[37,30,30,32,32,26,26,26,26,26,27,29,29,31,31,33,67,46,46,46,46,46,32,32,32,32,33,33,23,23,28,48,17,68,64,53,53,58,58,5,10,30,30,30,41,46,56,53,53,3,69,69,98,0,0],"gold":513,"neow_bonus":"","is_daily":false,"chose_seed":false,"campfire_upgraded":7,"win_rate":0.0,"timestamp":1611341601,"path_taken":["M","?","?","M","?","E","?","R","T","R","M","M","M","M","R","BOSS","M","?","$","?","$","E","R","?","T","?","R","E","R","?","R","BOSS","M","M","$","M","?","E","M","R","T","NS","M","M","M","M","R","BOSS","R","??","M"],"items_purchased_type":["Relic","Relic","Relic","Relic","Relic","Card","Relic","Relic","Relic","Relic"],"build_version":"2020-12-22","purchased_purges":2,"victory":false,"max_hp_per_floor":[66,66,66,66,66,66,66,66,66,66,67,67,67,67,67,67,67,67,67,67,67,67,67,67,67,67,67,67,67,67,67,67,68,68,68,68,68,68,68,68,68,68,68,68,68,69,69,69,69,69,69,69,98,98,98],"relic_stats":{"counters":[43,293],"obtain_stats":[{"animator:TheMissingPiece":0,"CloakClasp":48,"Bottled Tornado":6,"Smiling Mask":29,"Empty Cage":34,"Centennial Puzzle":9,"animator:PurgingStone":0,"animator:AncientMedallion":53,"Pantograph":0,"downfall:ExtraCursedKey":47,"Red Mask":37,"animator:VividPicture":17,"Red Skull":9,"hubris:TinFlute":37,"hubris:GlazedTorus":43,"Paper Frog":37,"animator:Buoy":7,"MerchantsRug":0,"hubris:Teleporter":20,"hubris:64BitClover":0,"Thread and Needle":31,"PreservedInsect":2,"Charon\u0027s Ashes":40,"animator:TheEruzaStone":53,"Omamori":3,"Frozen Egg 2":0,"Paper Crane":19,"War Paint":22,"Question Card":26,"Akabeko":40,"animator:CerealBox":0,"betterThird:SlimedRelic":2,"Bronze Scales":43,"hubris:PeanutButter":6,"animator:LivingPicture":0,"Mark of Pain":34,"Black Star":17,"Bag of Marbles":20,"Bottled Lightning":23,"FossilizedHelix":0,"hubris:OldNail":0,"hubris:Reverence":40},{"animator:TheMissingPiece":0,"CloakClasp":16,"Bottled Tornado":20,"Smiling Mask":29,"Empty Cage":32,"Centennial Puzzle":3,"animator:PurgingStone":0,"animator:AncientMedallion":42,"Pantograph":17,"downfall:ExtraCursedKey":15,"Red Mask":13,"animator:VividPicture":6,"Red Skull":20,"hubris:TinFlute":34,"hubris:GlazedTorus":15,"Paper Frog":34,"animator:Buoy":20,"MerchantsRug":0,"hubris:Teleporter":8,"hubris:64BitClover":0,"Thread and Needle":31,"PreservedInsect":18,"Charon\u0027s Ashes":36,"animator:TheEruzaStone":42,"Omamori":1,"Frozen Egg 2":0,"Paper Crane":7,"War Paint":8,"Question Card":9,"Akabeko":36,"animator:CerealBox":0,"betterThird:SlimedRelic":1,"Bronze Scales":37,"hubris:PeanutButter":2,"animator:LivingPicture":0,"Mark of Pain":11,"Black Star":25,"Bag of Marbles":26,"Bottled Lightning":27,"FossilizedHelix":17,"hubris:OldNail":17,"hubris:Reverence":15},{"animator:TheMissingPiece":0,"CloakClasp":143,"Bottled Tornado":175,"Smiling Mask":212,"Empty Cage":228,"Centennial Puzzle":24,"animator:PurgingStone":0,"animator:AncientMedallion":282,"Pantograph":157,"downfall:ExtraCursedKey":136,"Red Mask":118,"animator:VividPicture":48,"Red Skull":175,"hubris:TinFlute":237,"hubris:GlazedTorus":136,"Paper Frog":237,"animator:Buoy":175,"MerchantsRug":0,"hubris:Teleporter":68,"hubris:64BitClover":0,"Thread and Needle":216,"PreservedInsect":162,"Charon\u0027s Ashes":248,"animator:TheEruzaStone":282,"Omamori":4,"Frozen Egg 2":0,"Paper Crane":58,"War Paint":68,"Question Card":79,"Akabeko":248,"animator:CerealBox":0,"betterThird:SlimedRelic":4,"Bronze Scales":252,"hubris:PeanutButter":19,"animator:LivingPicture":0,"Mark of Pain":104,"Black Star":192,"Bag of Marbles":197,"Bottled Lightning":201,"FossilizedHelix":157,"hubris:OldNail":157,"hubris:Reverence":136}]},"card_choices":[{"not_picked":["animator:Viivi","animator:Demiurge"],"picked":"animator:Vanir","floor":1},{"not_picked":["animator:Add","animator:Shalltear"],"picked":"animator:FielNirvalen","floor":4},{"not_picked":["animator:Evileye","animator:Mitsurugi"],"picked":"animator:Saitama","floor":6},{"not_picked":["animator:Darkness","animator:Mitsurugi"],"picked":"animator:YunYun","floor":11},{"not_picked":["animator:Gluttony","animator:Jibril"],"picked":"animator:Guy","floor":12},{"not_picked":["animator:ZankiKiguchi","animator:Tyuule","animator:FielNirvalen"],"picked":"SKIP","floor":13},{"not_picked":["animator:SilverFang","animator:Raven"],"picked":"animator:Emonzaemon","floor":14},{"not_picked":["animator:Sora","animator:Biyorigo"],"picked":"animator:Envy","floor":16},{"not_picked":["animator:Vanir","animator:Chris"],"picked":"animator:Megumin","floor":18},{"not_picked":["animator:Ciel","animator:Emonzaemon","animator:Ain"],"picked":"SKIP","floor":23},{"not_picked":["animator:PandorasActor","animator:Entoma"],"picked":"animator:DolaStephanie","floor":27},{"not_picked":["animator:Entoma","animator:Lu","animator:Sonic"],"picked":"SKIP","floor":29},{"not_picked":["animator:Entoma","animator:PandorasActor"],"picked":"animator:NarberalGamma","floor":31},{"not_picked":["animator:AcuraShin","animator:Eris","animator:Albedo"],"picked":"animator:Boros","floor":33},{"not_picked":["animator:ZankiKiguchi+1","animator:Aqua","animator:RoyMustang"],"picked":"animator:RoryMercury","floor":35},{"not_picked":["animator:DolaStephanie","animator:Emonzaemon","animator:Chung","animator:Gluttony"],"picked":"SKIP","floor":36},{"not_picked":["animator:ElricAlphonse+1","animator:Raven","animator:Gluttony+1","animator:Aqua"],"picked":"SKIP","floor":38},{"not_picked":["animator:LimeBell","animator:MisakiNakahara","animator:NononJakuzure"],"picked":"animator:MisaKurobane","floor":39},{"not_picked":["animator:Darkness","animator:Chris","animator:Aqua"],"picked":"animator:Megumin","floor":40},{"not_picked":["animator:Laby+1","animator:Layla","animator:Chung"],"picked":"animator:MetalKnight+1","floor":41},{"not_picked":["animator:DolaStephanie+1","animator:Jibril","animator:DolaSchwi"],"picked":"animator:WinryRockbell+1","floor":45},{"not_picked":["animator:Shichika","animator:Megumin","animator:DolaSchwi+1"],"picked":"animator:Gillette+1","floor":46},{"not_picked":["animator:IzunaHatsuse","animator:DolaStephanie","animator:ChlammyZell"],"picked":"animator:DolaSchwi","floor":47},{"not_picked":["animator:FielNirvalen+1","animator:Layla+1","animator:Viivi"],"picked":"animator:Mitsurugi+1","floor":48}],"player_experience":362850,"relics_obtained":[{"floor":6,"key":"Bottled Tornado"},{"floor":9,"key":"Red Skull"},{"floor":23,"key":"Bottled Lightning"},{"floor":23,"key":"Centennial Puzzle"},{"floor":29,"key":"CloakClasp"},{"floor":29,"key":"Smiling Mask"},{"floor":31,"key":"Thread and Needle"},{"floor":31,"key":"Question Card"},{"floor":40,"key":"Akabeko"},{"floor":40,"key":"Charon\u0027s Ashes"},{"floor":43,"key":"Bronze Scales"},{"floor":53,"key":"animator:TheEruzaStone"},{"floor":53,"key":"animator:AncientMedallion"}],"event_choices":[{"damage_healed":0,"gold_gain":0,"player_choice":"Relic ","damage_taken":7,"max_hp_gain":0,"max_hp_loss":0,"event_name":"betterThird:BetterScrap","floor":2,"gold_loss":0,"cards_obtained":["Catalyst"]},{"damage_healed":0,"gold_gain":0,"cards_transformed":["animator:Strike"],"player_choice":"Change","damage_taken":0,"max_hp_gain":0,"max_hp_loss":0,"event_name":"Living Wall","floor":3,"gold_loss":0,"cards_obtained":["animator:Konayuki"]},{"damage_healed":0,"gold_gain":80,"player_choice":"Gained Gold","damage_taken":0,"max_hp_gain":0,"max_hp_loss":0,"event_name":"Golden Wing","floor":5,"gold_loss":0},{"damage_healed":0,"gold_gain":0,"player_choice":"Box","damage_taken":0,"relics_obtained":["animator:Buoy"],"max_hp_gain":0,"max_hp_loss":0,"event_name":"Big Fish","floor":7,"gold_loss":0,"cards_obtained":["Regret"]},{"cards_removed":["animator:Guy"],"damage_healed":0,"gold_gain":0,"player_choice":"Take \u0026 Give","damage_taken":0,"max_hp_gain":0,"max_hp_loss":0,"event_name":"betterNote:BetterNote","floor":19,"gold_loss":0,"cards_obtained":["Impervious"]},{"damage_healed":0,"gold_gain":0,"player_choice":"Bought 0 Potions","damage_taken":0,"max_hp_gain":0,"max_hp_loss":0,"event_name":"The Woman in Blue","floor":25,"gold_loss":0},{"damage_healed":0,"gold_gain":0,"player_choice":"Fight","damage_taken":0,"max_hp_gain":0,"max_hp_loss":0,"event_name":"Colosseum","floor":31,"gold_loss":0},{"damage_healed":0,"gold_gain":0,"player_choice":"Fought Nobs","damage_taken":0,"max_hp_gain":0,"max_hp_loss":0,"event_name":"Colosseum","floor":31,"gold_loss":0},{"damage_healed":0,"gold_gain":0,"player_choice":"Memory 1","damage_taken":0,"max_hp_gain":0,"max_hp_loss":0,"event_name":"SensoryStone","floor":39,"gold_loss":0}],"is_beta":false,"boss_relics":[{"not_picked":["Mark of Pain","Coffee Dripper"],"picked":"Black Star"},{"not_picked":["hubris:CrackedHourglass","Fusion Hammer"],"picked":"Empty Cage"}],"items_purged_floors":[0,37],"is_endless":false,"potions_floor_spawned":[4,12,13,16,18,23,31,33,35,38,40,47,48],"killed_by":"animator:UNNAMED_HAT","ascension_level":0}}