{"host":"xp5rvh2jwe2ejyfm","time":1611332877,"event":{"mods":["BaseMod","Downfall","Duelist Mod","GifTheSpireLib","Gremlin Mod","Hermit","Hubris","Minty Spire (QoL Compilation)","Robot Space Explorer","StSLib","The Blackbeard","The Clintock","The Construct","The Cursed","The Disciple","The Forsaken","The Hierophant","The Necromancer","The Runesmith","The Servant 0.9.4"],"gold_per_floor":[99,99,199,184,194,208,232,244,22,35,35,51,51,71,90,192,192,92,107,118,136,153,170,170,205,105,105,115,115,21,34,47,148,148,148,162,162,177,188,216,295,312,322,322,352,371,17,52,62,62,62,62],"floor_reached":50,"language":"ENG","playtime":2932,"items_purged":[],"score":704,"play_id":"90ac4567-506f-4ebb-8bca-c426a3d3edab","local_time":"20210122112757","is_ascension_mode":false,"campfire_choices":[{"floor":1,"key":"RECALL"},{"data":"Slimebound:GoopSpray","floor":11,"key":"SMITH"},{"data":"Slimebound:Split","floor":13,"key":"SMITH"},{"data":"Slimebound:MegaLick","floor":18,"key":"SMITH"},{"floor":26,"key":"REST"},{"data":"Slimebound:Equalize","floor":35,"key":"SMITH"}],"circlet_count":0,"master_deck":["Slimebound:Strike_Slimebound","Slimebound:Strike_Slimebound","Slimebound:Strike_Slimebound","Slimebound:Tackle","Slimebound:Defend_Slimebound","Slimebound:Defend_Slimebound","Slimebound:Defend_Slimebound","Slimebound:Defend_Slimebound","Slimebound:Split+1","Slimebound:CorrosiveSpit","Slimebound:GoopSpray+1","Regret","Slimebound:HauntingLick","Slimebound:SplitLeeching","Slimebound:SplitBruiser","Slimebound:MegaLick+1","Slimebound:Equalize+1","Slimebound:GoopSpray","Slimebound:Gluttony","expansioncontent:HyperBeam","Slimebound:SplitLeeching","Slimebound:LeechEnergy","Slimebound:SpikyOuterGoop","Slimebound:HauntingLick","Slimebound:TagTeam","Slimebound:Schlurp","Slimebound:LeechingTouch+1","Slimebound:LevelUp+1","Slimebound:Schlurp","Slimebound:SamplingLick","Slimebound:RollThrough+1","hubris:NaturalOne","Slimebound:LeechEnergy+1","Slimebound:TagTeam","Slimebound:Equalize","Slimebound:Repurpose+1","Slimebound:LivingWall+1","Slimebound:MassFeed","Slimebound:SplitAcid+1","Slimebound:GoopSpray+1","Slimebound:RejuvenatingLick+1","Slimebound:SpikyOuterGoop","Slimebound:RejuvenatingLick+1","Slimebound:GoopSpray+1","Slimebound:SlimeTap+1","Slimebound:Gluttony","Slimebound:MinionMaster","Slimebound:HauntingLick+1","Slimebound:HauntingLick+1","Slimebound:LeechEnergy"],"relics":["Slimebound:AbsorbEndCombat","theForsaken:Lifeblossom","expansioncontent:StudyCardRelic","downfall:HeartBlessingRed","Toxic Egg 2","Incense Burner","downfall:HeartBlessingBlue","hubris:Icosahedron","hubris:VirtuousBlindfold","Blood Vial","Mummified Hand","Pantograph","Boot","HandDrill","Potion Belt","Slimebound:MaxSlimesRelic"],"acts_visited":["Exordium","TheCity","TheBeyond"],"potions_floor_usage":[8,20,25,31,33,33,33,42,50,50,50,50],"damage_taken":[{"damage":4,"enemies":"downfall:FleeingMerchant","floor":4,"turns":4},{"damage":2,"enemies":"Jaw Worm","floor":5,"turns":3},{"damage":9,"enemies":"2 Louse","floor":6,"turns":3},{"damage":3,"enemies":"Cultist","floor":8,"turns":4},{"damage":4,"enemies":"downfall:FleeingMerchant","floor":9,"turns":4},{"damage":2,"enemies":"Blue Slaver","floor":10,"turns":3},{"damage":0,"enemies":"Exordium Wildlife","floor":12,"turns":1},{"damage":1,"enemies":"Exordium Thugs","floor":14,"turns":3},{"damage":2,"enemies":"3 Louse","floor":15,"turns":5},{"damage":57,"enemies":"DF_ARCHETYPE_STREAMLINE","floor":16,"turns":11},{"damage":19,"enemies":"3 Byrds","floor":19,"turns":4},{"damage":27,"enemies":"Snake Plant","floor":20,"turns":4},{"damage":3,"enemies":"Cultist and Chosen","floor":21,"turns":4},{"damage":26,"enemies":"Shelled Parasite and Fungi","floor":22,"turns":4},{"damage":29,"enemies":"Sentry and Sphere","floor":23,"turns":4},{"damage":2,"enemies":"Gremlin Leader","floor":25,"turns":7},{"damage":13,"enemies":"Chosen and Byrds","floor":28,"turns":3},{"damage":5,"enemies":"downfall:FleeingMerchant","floor":30,"turns":4},{"damage":19,"enemies":"Centurion and Healer","floor":31,"turns":5},{"damage":24,"enemies":"Shelled Parasite and Fungi","floor":32,"turns":6},{"damage":40,"enemies":"SI_MIRROR_ARCHETYPE","floor":33,"turns":8},{"damage":0,"enemies":"3 Darklings","floor":36,"turns":3},{"damage":4,"enemies":"Orb Walker","floor":38,"turns":3},{"damage":13,"enemies":"3 Darklings","floor":39,"turns":3},{"damage":6,"enemies":"Giant Head","floor":40,"turns":8},{"damage":0,"enemies":"Jaw Worm Horde","floor":42,"turns":2},{"damage":13,"enemies":"Sphere and 2 Shapes","floor":43,"turns":4},{"damage":21,"enemies":"Reptomancer","floor":45,"turns":4},{"damage":5,"enemies":"Maw","floor":46,"turns":5},{"damage":0,"enemies":"downfall:FleeingMerchant","floor":47,"turns":4},{"damage":7,"enemies":"Nemesis","floor":48,"turns":5},{"damage":12,"enemies":"Spire Growth","floor":49,"turns":4},{"damage":90,"enemies":"WA_ARCHETYPE_DIVINITY","floor":50,"turns":5}],"seed_played":"5134930729102137734","potions_obtained":[{"floor":8,"key":"Fruit Juice"},{"floor":10,"key":"SteroidPotion"},{"floor":14,"key":"DuplicationPotion"},{"floor":15,"key":"BlessingOfTheForge"},{"floor":16,"key":"EntropicBrew"},{"floor":20,"key":"EssenceOfSteel"},{"floor":28,"key":"BlessingOfTheForge"},{"floor":31,"key":"Slimebound:SpawnSlimePotion"},{"floor":38,"key":"BlessingOfTheForge"},{"floor":40,"key":"LiquidMemories"},{"floor":45,"key":"Slimebound:ThreeZeroPotion"},{"floor":48,"key":"Slimebound:SlimyTonguePotion"}],"is_trial":false,"path_per_floor":["R","?","?","$","M","M","T","M","$","M","R","M","R","M","M","B",null,"R","M","M","M","M","M","T","E","R","?","M","?","$","M","M","B",null,"R","M","?","M","M","E","T","M","M","T","E","M","$","E","M","B"],"character_chosen":"SLIMEBOUND","items_purchased":["Slimebound:GoopSpray","Slimebound:Gluttony","expansioncontent:HyperBeam","Slimebound:Equalize","HandDrill","Potion Belt","Slimebound:HauntingLick+1"],"campfire_rested":1,"item_purchase_floors":[9,9,9,30,47,47,47],"current_hp_per_floor":[65,65,65,63,65,58,58,70,70,68,68,70,70,70,69,27,70,70,57,48,59,47,26,26,38,72,72,70,70,75,70,76,57,80,80,80,80,83,74,82,82,83,75,75,75,79,83,83,83,0,0,0],"gold":62,"neow_bonus":"THREE_CARDS","is_daily":false,"chose_seed":false,"campfire_upgraded":4,"win_rate":0.0,"timestamp":1611332877,"path_taken":["R","?","?","$","M","M","T","M","$","M","R","?","R","M","M","BOSS","R","M","M","M","M","M","T","E","R","?","M","?","?","M","M","BOSS","R","M","?","M","M","E","T","M","M","?","E","M","$","E","M","BOSS"],"items_purchased_type":["Card","Card","Card","Card","Relic","Relic","Card"],"build_version":"2020-12-22","purchased_purges":0,"victory":false,"max_hp_per_floor":[65,65,65,65,65,65,65,70,70,70,70,70,70,70,70,70,70,70,70,70,70,70,70,70,70,80,80,80,80,80,80,80,80,80,80,80,80,83,83,83,83,83,83,83,83,83,83,83,83,83,83,83],"card_choices":[{"not_picked":["Slimebound:Grow","Slimebound:SlimeSpikes"],"picked":"Slimebound:GoopSpray","floor":0},{"not_picked":["Slimebound:Gluttony","Slimebound:FinishingTackle"],"picked":"Slimebound:HauntingLick","floor":4},{"not_picked":["Slimebound:SlimeSpikes","Slimebound:ItLooksTasty"],"picked":"Slimebound:SplitLeeching","floor":5},{"not_picked":["Slimebound:RejuvenatingLick","Slimebound:ViciousTackle"],"picked":"Slimebound:SplitBruiser","floor":6},{"not_picked":["Slimebound:SlimeSlap","Slimebound:Schlurp"],"picked":"Slimebound:MegaLick","floor":8},{"not_picked":["Slimebound:SplitAcid","Slimebound:TongueLash"],"picked":"Slimebound:Equalize","floor":9},{"not_picked":["Slimebound:LeechingTouch","Slimebound:Chomp"],"picked":"Slimebound:SplitLeeching","floor":10},{"not_picked":["Slimebound:Dissolve","Slimebound:FinishingTackle"],"picked":"Slimebound:LeechEnergy","floor":12},{"not_picked":["Slimebound:Repurpose","Slimebound:Prepare"],"picked":"Slimebound:SpikyOuterGoop","floor":14},{"not_picked":["Slimebound:ItLooksTasty","Slimebound:LeechEnergy"],"picked":"Slimebound:HauntingLick","floor":15},{"not_picked":["Slimebound:PrepareCrush","Slimebound:DouseInSlime"],"picked":"Slimebound:TagTeam","floor":16},{"not_picked":["Slimebound:PressTheAttack","Slimebound:SlimeSpikes"],"picked":"Slimebound:Schlurp","floor":19},{"not_picked":["Slimebound:ItLooksTasty","Slimebound:Chomp+1"],"picked":"Slimebound:LeechingTouch+1","floor":20},{"not_picked":["Slimebound:PressTheAttack","Slimebound:ComboTackle"],"picked":"Slimebound:LevelUp+1","floor":21},{"not_picked":["Slimebound:SlimeBarrage","Slimebound:ViciousTackle"],"picked":"Slimebound:Schlurp","floor":22},{"not_picked":["Slimebound:SplitAcid+1","Slimebound:PressTheAttack"],"picked":"Slimebound:SamplingLick","floor":23},{"not_picked":["Slimebound:ItLooksTasty","Slimebound:FlameTackle"],"picked":"Slimebound:RollThrough+1","floor":25},{"not_picked":["Slimebound:SlimeBarrage","Slimebound:GrowthPunch"],"picked":"Slimebound:LeechEnergy+1","floor":28},{"not_picked":["Slimebound:ViciousTackle+1","Slimebound:SplitMire+1"],"picked":"Slimebound:TagTeam","floor":30},{"not_picked":["Slimebound:ComboTackle","Slimebound:FinishingTackle"],"picked":"Slimebound:Repurpose+1","floor":31},{"not_picked":["Slimebound:SamplingLick+1","Slimebound:FinishingTackle"],"picked":"Slimebound:LivingWall+1","floor":32},{"not_picked":["Slimebound:Darklings+1","Slimebound:MassRepurpose+1"],"picked":"Slimebound:MassFeed","floor":33},{"not_picked":["Slimebound:SlimeSpikes+1","Slimebound:SplitBruiser+1"],"picked":"Slimebound:SplitAcid+1","floor":36},{"not_picked":["Slimebound:TagTeam","Slimebound:MegaLick+1"],"picked":"Slimebound:GoopSpray+1","floor":38},{"not_picked":["Slimebound:ViciousTackle+1","Slimebound:GoopSpray+1"],"picked":"Slimebound:RejuvenatingLick+1","floor":39},{"not_picked":["Slimebound:SplitLeeching+1","Slimebound:Schlurp+1"],"picked":"Slimebound:SpikyOuterGoop","floor":40},{"not_picked":["Slimebound:ProtectTheBoss","Slimebound:Repurpose+1"],"picked":"Slimebound:RejuvenatingLick+1","floor":42},{"not_picked":["Slimebound:LeechEnergy","Slimebound:FinishingTackle+1"],"picked":"Slimebound:GoopSpray+1","floor":43},{"not_picked":["Slimebound:FinishingTackle","Slimebound:MegaLick+1"],"picked":"Slimebound:SlimeTap+1","floor":45},{"not_picked":["Slimebound:LeechingTouch+1","Slimebound:LeechEnergy+1"],"picked":"Slimebound:Gluttony","floor":46},{"not_picked":["Slimebound:SplitBruiser+1","Slimebound:ViciousTackle"],"picked":"Slimebound:MinionMaster","floor":47},{"not_picked":["Slimebound:GoopTackle+1","Slimebound:SplitLeeching+1"],"picked":"Slimebound:HauntingLick+1","floor":48},{"not_picked":["Slimebound:SplitLeeching+1","Slimebound:SplitBruiser+1"],"picked":"Slimebound:LeechEnergy","floor":49}],"player_experience":304778,"relics_obtained":[{"floor":24,"key":"Toxic Egg 2"},{"floor":25,"key":"Incense Burner"},{"floor":40,"key":"Blood Vial"},{"floor":41,"key":"Mummified Hand"},{"floor":44,"key":"Pantograph"},{"floor":45,"key":"Boot"},{"floor":48,"key":"Slimebound:MaxSlimesRelic"}],"event_choices":[{"damage_healed":0,"gold_gain":0,"player_choice":"Box","damage_taken":0,"relics_obtained":["theForsaken:Lifeblossom"],"max_hp_gain":0,"max_hp_loss":0,"event_name":"Big Fish","floor":2,"gold_loss":0,"cards_obtained":["Regret"]}],"is_beta":false,"boss_relics":[{"not_picked":["Cursed Key","hubris:TerracottaHorce"],"picked":"expansioncontent:StudyCardRelic"},{"not_picked":["Astrolabe","Sozu"],"picked":"hubris:VirtuousBlindfold"}],"items_purged_floors":[],"is_endless":false,"potions_floor_spawned":[8,10,14,15,16,19,20,28,31,33,38,40,45,48],"killed_by":"WA_ARCHETYPE_DIVINITY","ascension_level":0}}