{"host":"kq2g769nefmuyn7c","time":1611324825,"event":{"mods":["ATMod(°¢èªMod)","Act Like it!","BaseMod","Gensokyo","Koishi","Minty Spire (QoL Compilation)","Remilia£¨ÀÙÃ×ÀòÑÇ£©","Replay The Spire","StSLib","The Servant 0.9.4"],"gold_per_floor":[119,49,61,77,7,7,7,40,40,66,77,89,14,41,41,145,145,162,175,175,175,189,189,189],"floor_reached":23,"language":"ZHS","playtime":1492,"items_purged":["Strike_S"],"score":426,"play_id":"ee72de5a-3bd5-4ad0-a168-53dd9b78a4b1","local_time":"20210122221345","is_ascension_mode":true,"campfire_choices":[{"data":"AT_FamilyPortrait","floor":6,"key":"SMITH"},{"data":"FloweringNight","floor":15,"key":"SMITH"}],"circlet_count":0,"master_deck":["Strike_S","Strike_S","Defend_S","Defend_S+1","KidneyShot","Exchange+1","AT_FamilyPortrait+1","ShiftingGears","WasteNot","ShatteredReality+1","Contraction","FloweringNight+1","InstantArmor","Pot Of Greed","Pot Of Greed","SurpressingFire","Sunlight+1","FastForward+1","Foresight+1","Gouge+1","Rearm","Gensokyo:FourOfAKind","Gensokyo:FourOfAKind","Gensokyo:FourOfAKind","Gensokyo:FourOfAKind","Pot Of Greed","TransientEternity"],"relics":["Uniform","AT_ATBox","NeowsBlessing","Oddly Smooth Stone","Pondfish Scales","Bottled Tornado","Centennial Puzzle","Grinning Jar","Astrolabe"],"acts_visited":["Gensokyo:Gensokyo","Gensokyo:Gensokyoer"],"potions_floor_usage":[8,8,8,8,10,10,14],"damage_taken":[{"damage":0,"enemies":"Gensokyo:Gryphon","floor":1,"turns":1},{"damage":0,"enemies":"Gensokyo:2_Kodama","floor":3,"turns":1},{"damage":0,"enemies":"Gensokyo:Python","floor":4,"turns":1},{"damage":3,"enemies":"Gensokyo:Mamizou","floor":8,"turns":10},{"damage":3,"enemies":"Gensokyo:Aya","floor":10,"turns":5},{"damage":6,"enemies":"Gensokyo:5_Fairies","floor":11,"turns":5},{"damage":0,"enemies":"Gensokyo:Python_and_Kodama","floor":12,"turns":3},{"damage":0,"enemies":"Gensokyo:Cirno","floor":14,"turns":4},{"damage":0,"enemies":"Gensokyo:Yukari","floor":16,"turns":15},{"damage":0,"enemies":"Gensokyo:AngelMirror","floor":18,"turns":2},{"damage":0,"enemies":"Gensokyo:Chomper","floor":19,"turns":3},{"damage":29,"enemies":"Gensokyo:3_Gloops","floor":22,"turns":5},{"damage":0,"enemies":"Gensokyo:Tenshi","floor":23,"turns":1}],"seed_played":"-8438289874999803698","potions_obtained":[{"floor":10,"key":"AttackPotion"},{"floor":12,"key":"Dexterity Potion"},{"floor":14,"key":"Swift Potion"}],"is_trial":false,"path_per_floor":["M","?","M","M","?","R","?","E","T","E","M","M","$","E","R","B",null,"M","M","?","?","M","E"],"character_chosen":"THE_SERVANT","items_purchased":[],"campfire_rested":0,"item_purchase_floors":[],"current_hp_per_floor":[59,59,59,59,59,59,59,56,56,53,47,47,47,47,47,47,61,61,61,46,46,17,17,17],"gold":189,"neow_bonus":"THREE_ENEMY_KILL","is_daily":false,"chose_seed":false,"campfire_upgraded":2,"win_rate":0.0,"timestamp":1611324825,"path_taken":["M","?","M","M","?","R","?","E","T","E","M","M","$","E","R","BOSS","M","M","?","?","?","E"],"items_purchased_type":[],"build_version":"2020-12-22","purchased_purges":1,"victory":false,"max_hp_per_floor":[65,65,65,65,65,65,65,65,65,65,65,65,65,65,65,65,65,65,65,46,46,46,46,46],"card_choices":[{"not_picked":["DoubleEdge","Spin"],"picked":"ShiftingGears","floor":1},{"not_picked":["Unruled","Revamp","Alleviate"],"picked":"SKIP","floor":3},{"not_picked":["Revamp","SpecialFormula"],"picked":"WasteNot","floor":4},{"not_picked":["DoubleEdge","Revamp"],"picked":"Contraction","floor":8},{"not_picked":["DancingSilver","Alleviate"],"picked":"FloweringNight","floor":10},{"not_picked":["FastForward","Unruled"],"picked":"InstantArmor","floor":11},{"not_picked":["Manipulate","Revamp","Alleviate"],"picked":"SKIP","floor":12},{"not_picked":["DancingSilver","SoulSculpture"],"picked":"SurpressingFire","floor":14},{"not_picked":["Snipe","ShatteredReality+1"],"picked":"Gouge+1","floor":18},{"not_picked":["Ricochet","Potential+1"],"picked":"Rearm","floor":19},{"not_picked":["Contraction","DoubleEdge","Potential"],"picked":"SKIP","floor":22}],"player_experience":303556,"relics_obtained":[{"floor":8,"key":"Pondfish Scales"},{"floor":9,"key":"Bottled Tornado"},{"floor":10,"key":"Centennial Puzzle"},{"floor":14,"key":"Grinning Jar"}],"event_choices":[],"is_beta":false,"boss_relics":[{"not_picked":["SlaversCollar","SacredBark"],"picked":"Astrolabe"}],"items_purged_floors":[13],"is_endless":false,"potions_floor_spawned":[8,10,12,14,16],"killed_by":"Gensokyo:Tenshi","ascension_level":9}}