{"host":"gzsdmyo07u314vug","time":1611276263,"event":{"mods":["2.2 Compatiblity","Astrologer","BaseMod","Colored Powertips","GifTheSpireLib","Gremlin Mod","Hermit","Jorbs\u0027s Wanderer Trilogy","Minty Spire (QoL Compilation)","Quick Restart","Rare Cards Sparkle","Relic Stats","Replay The Spire","Robot Space Explorer","Shop Mod","StSLib","The Bug Knight","The Construct","The Cursed","The Elementalist","The Hierophant","The IronCluck","The Marked","The Necromancer","The Runesmith","The Servant 0.9.4","Unceasing Turn Reminder","everything is the same but u backflip on backflip","slay the spire mod where everything is the same but ironclad has a cowboy hat","vexMod"],"gold_per_floor":[112,112,112,187,206,206,234,251,251,251,265,265,25,25,25,125,125,139,157,157,82,101,101,115,115,115,115,131,131,151,162,162,264,264,280,300,317,317,317,317,317,317],"floor_reached":41,"language":"ENG","playtime":2012,"items_purged":["hermit:Strike_Hermit"],"score":435,"play_id":"a73c732e-2477-475e-8cf6-453395f95357","local_time":"20210121214423","is_ascension_mode":true,"campfire_choices":[{"data":"hermit:CursedWeapon","floor":6,"key":"SMITH"},{"floor":12,"key":"REST"},{"floor":15,"key":"REST"},{"data":"The Bomb","floor":23,"key":"SMITH"},{"data":"hermit:BlackWind","floor":25,"key":"SMITH"},{"data":"hermit:HighNoon","floor":27,"key":"SMITH"},{"floor":32,"key":"REST"},{"data":"hermit:Purgatory","floor":40,"key":"SMITH"}],"circlet_count":0,"master_deck":["hermit:Strike_Hermit","hermit:Strike_Hermit+1","hermit:Strike_Hermit","hermit:Defend_Hermit","hermit:Defend_Hermit","hermit:Defend_Hermit","hermit:Defend_Hermit+1","hermit:Snapshot","hermit:Covet","hermit:HighNoon+1","hermit:CursedWeapon+1","hermit:Glare","The Bomb+1","hermit:Feint+1","hermit:Vantage+1","hermit:HoleUp+1","hermit:BlackWind+1","hermit:Shortfuse+1","hermit:Purgatory+1","hermit:BodyArmor+1"],"relics":["hermit:Momento","vexMod:RetaliationKit","Orichalcum","hermit:Spyglass","Sozu","HollowMod:StagPassRelic","Runic Dome"],"acts_visited":["Exordium","TheCity","TheBeyond"],"potions_floor_usage":[7,10,16],"damage_taken":[{"damage":2,"enemies":"Jaw Worm","floor":1,"turns":4},{"damage":2,"enemies":"Small Slimes","floor":5,"turns":3},{"damage":20,"enemies":"Gremlin Nob","floor":7,"turns":4},{"damage":2,"enemies":"2 Louse","floor":8,"turns":1},{"damage":2,"enemies":"2 Fungi Beasts","floor":10,"turns":1},{"damage":11,"enemies":"Red Slaver","floor":11,"turns":2},{"damage":3,"enemies":"Fading Forest","floor":16,"turns":11},{"damage":7,"enemies":"Spheric Guardian","floor":18,"turns":3},{"damage":15,"enemies":"2 Thieves","floor":19,"turns":4},{"damage":2,"enemies":"3 Cultists","floor":22,"turns":3},{"damage":13,"enemies":"Snake Plant","floor":24,"turns":6},{"damage":10,"enemies":"Chosen and Byrds","floor":28,"turns":6},{"damage":2,"enemies":"Cultist and Chosen","floor":30,"turns":4},{"damage":2,"enemies":"Centurion and Healer","floor":31,"turns":4},{"damage":34,"enemies":"Champ","floor":33,"turns":8},{"damage":49,"enemies":"3 Darklings","floor":35,"turns":2},{"damage":2,"enemies":"Orb Walker","floor":36,"turns":2},{"damage":2,"enemies":"Writhing Mass","floor":37,"turns":1},{"damage":85,"enemies":"Giant Head","floor":41,"turns":6}],"seed_played":"-6295703672269998174","potions_obtained":[{"floor":2,"key":"SmokeBomb"},{"floor":5,"key":"Swift Potion"},{"floor":16,"key":"Energy Potion"}],"is_trial":false,"path_per_floor":["M","?","?","?","M","R","E","M","T","M","M","R","$","?","R","B",null,"M","M","?","$","M","R","M","R","T","R","M","?","M","M","R","B",null,"M","M","M","?","?","R","E"],"character_chosen":"HERMIT","items_purchased":["The Bomb","BlessingOfTheForge"],"campfire_rested":3,"item_purchase_floors":[13,13],"current_hp_per_floor":[52,52,49,38,36,36,16,14,14,12,1,23,23,8,30,37,75,68,53,53,53,51,51,38,38,38,38,28,28,26,24,46,12,75,26,24,22,22,85,85,0,0],"gold":317,"neow_bonus":"THREE_RARE_CARDS","is_daily":false,"chose_seed":false,"campfire_upgraded":5,"win_rate":0.0,"timestamp":1611276263,"path_taken":["M","?","?","?","M","R","E","M","T","M","M","R","$","?","R","BOSS","M","M","?","$","?","R","M","R","T","R","M","?","?","M","R","BOSS","M","M","M","?","?","R","E"],"items_purchased_type":["Card","Potion"],"build_version":"2020-12-22","purchased_purges":1,"victory":false,"max_hp_per_floor":[75,75,75,75,75,75,75,75,75,75,75,75,75,75,75,75,75,75,75,75,75,75,75,75,75,75,75,75,75,75,75,75,75,75,75,75,75,75,85,85,85,85],"relic_stats":{"Sozu":7,"counters":[19,75],"Orichalcum":[132],"obtain_stats":[{"Sozu":17,"Runic Dome":34,"Orichalcum":7,"vexMod:RetaliationKit":3,"HollowMod:StagPassRelic":26,"hermit:Momento":0,"hermit:Spyglass":9},{"Sozu":7,"Runic Dome":15,"Orichalcum":3,"vexMod:RetaliationKit":1,"HollowMod:StagPassRelic":11,"hermit:Momento":0,"hermit:Spyglass":4},{"Sozu":26,"Runic Dome":64,"Orichalcum":11,"vexMod:RetaliationKit":4,"HollowMod:StagPassRelic":42,"hermit:Momento":0,"hermit:Spyglass":12}]},"card_choices":[{"not_picked":["hermit:BlackWind","hermit:FromBeyond"],"picked":"hermit:HighNoon","floor":0},{"not_picked":["hermit:Dive","hermit:LoneWolf"],"picked":"hermit:CursedWeapon","floor":1},{"not_picked":["hermit:LowProfile","hermit:HoleUp","hermit:ItchyTrigger"],"picked":"SKIP","floor":5},{"not_picked":["hermit:CursedWeapon","hermit:Malice"],"picked":"hermit:Glare","floor":7},{"not_picked":["hermit:Roulette","hermit:Midnight","hermit:Glare"],"picked":"SKIP","floor":8},{"not_picked":["hermit:Coalescence","hermit:GoldenBullet","hermit:LuckOfTheDraw"],"picked":"SKIP","floor":11},{"not_picked":["hermit:Roughhouse","hermit:FromBeyond"],"picked":"hermit:Gambit","floor":16},{"not_picked":["hermit:Misfire","hermit:Snipe+1"],"picked":"hermit:Feint+1","floor":18},{"not_picked":["hermit:Feint","hermit:SprayPray"],"picked":"hermit:Vantage","floor":19},{"not_picked":["hermit:Manifest","hermit:TrackingShot"],"picked":"hermit:HoleUp+1","floor":22},{"not_picked":["hermit:Misfire+1","hermit:Midnight"],"picked":"hermit:BlackWind","floor":24},{"not_picked":["hermit:Deadeye+1","hermit:Malice","hermit:Headshot"],"picked":"SKIP","floor":28},{"not_picked":["hermit:Midnight","hermit:Scavenge+1"],"picked":"hermit:Shortfuse+1","floor":30},{"not_picked":["hermit:Manifest+1","hermit:PistolWhip","hermit:Roulette"],"picked":"SKIP","floor":31},{"not_picked":["hermit:Reprieve","hermit:Dissolve"],"picked":"hermit:Purgatory","floor":33},{"not_picked":["hermit:CursedWeapon+1","hermit:Ricochet+1","hermit:BigShot"],"picked":"SKIP","floor":35},{"not_picked":["hermit:Spite+1","hermit:TrackingShot"],"picked":"hermit:BodyArmor+1","floor":36},{"not_picked":["hermit:Snipe","hermit:Headshot+1","hermit:LowProfile+1"],"picked":"SKIP","floor":37}],"player_experience":759473,"relics_obtained":[{"floor":7,"key":"Orichalcum"},{"floor":9,"key":"hermit:Spyglass"},{"floor":26,"key":"HollowMod:StagPassRelic"}],"event_choices":[{"damage_healed":0,"gold_gain":0,"player_choice":"Success","damage_taken":3,"relics_obtained":["vexMod:RetaliationKit"],"max_hp_gain":0,"max_hp_loss":0,"event_name":"Scrap Ooze","floor":3,"gold_loss":0},{"damage_healed":0,"gold_gain":75,"player_choice":"Gather Gold","damage_taken":11,"max_hp_gain":0,"max_hp_loss":0,"event_name":"World of Goop","floor":4,"gold_loss":0},{"damage_healed":0,"gold_gain":0,"player_choice":"Entered Light","damage_taken":15,"max_hp_gain":0,"max_hp_loss":0,"event_name":"Shining Light","floor":14,"gold_loss":0,"cards_upgraded":["hermit:Strike_Hermit","hermit:Defend_Hermit"]},{"damage_healed":0,"gold_gain":0,"player_choice":"Forge","damage_taken":0,"max_hp_gain":0,"max_hp_loss":0,"event_name":"Accursed Blacksmith","floor":20,"gold_loss":0,"cards_upgraded":["hermit:Vantage"]},{"damage_healed":0,"gold_gain":0,"player_choice":"Got Potions","damage_taken":0,"max_hp_gain":0,"max_hp_loss":0,"event_name":"Lab","floor":29,"gold_loss":0},{"cards_removed":["hermit:Gambit"],"damage_healed":53,"gold_gain":0,"player_choice":"Offered Rare","damage_taken":0,"max_hp_gain":10,"max_hp_loss":0,"event_name":"Bonfire Elementals","floor":39,"gold_loss":0}],"is_beta":false,"boss_relics":[{"not_picked":["Pandora\u0027s Box","Coffee Dripper"],"picked":"Sozu"},{"not_picked":["vexMod:CursedCompass","Ring of Chaos"],"picked":"Runic Dome"}],"items_purged_floors":[21],"is_endless":false,"potions_floor_spawned":[5,10,16,22,24,33,37],"killed_by":"Giant Head","ascension_level":2}}