{"host":"tknto047uabgu3zm","time":1611348940,"event":{"mods":["AchievementEnabler","BaseMod","Bestiary","Block Reminder","Colored Map","Colored Powertips","Highlight Path","Minty Spire (QoL Compilation)","MonsterHotkey","Permanent Neow","Random Character Button","Rare Cards Sparkle","Relic Sorter","Relic Stats","StSLib"],"gold_per_floor":[109,259,259,334,351,351,201,218,242,274,289,305,305,305,305,305,305],"floor_reached":16,"language":"ENG","playtime":559,"items_purged":[],"score":185,"play_id":"4131c05e-0e52-426d-be6d-9bf569f21afd","local_time":"20210122125540","is_ascension_mode":true,"campfire_choices":[{"data":"Uppercut","floor":6,"key":"SMITH"},{"floor":13,"key":"REST"},{"floor":15,"key":"REST"}],"circlet_count":0,"master_deck":["AscendersBane","Strike_R","Strike_R","Strike_R","Strike_R","Strike_R","Defend_R","Defend_R","Defend_R","Defend_R","Bash","Feed","Cleave","Uppercut+1","Dark Embrace","Fire Breathing","Shrug It Off","Iron Wave","Armaments"],"relics":["Burning Blood","Smiling Mask","Blood Vial"],"acts_visited":["Exordium"],"potions_floor_usage":[10,11,12,16,16,16],"damage_taken":[{"damage":9,"enemies":"Small Slimes","floor":1,"turns":5},{"damage":14,"enemies":"Jaw Worm","floor":5,"turns":4},{"damage":9,"enemies":"2 Louse","floor":8,"turns":3},{"damage":16,"enemies":"Gremlin Nob","floor":10,"turns":3},{"damage":20,"enemies":"Exordium Thugs","floor":11,"turns":6},{"damage":26,"enemies":"Large Slime","floor":12,"turns":7},{"damage":72,"enemies":"The Guardian","floor":16,"turns":17}],"seed_played":"2639277210932068473","potions_obtained":[{"floor":10,"key":"EntropicBrew"},{"floor":11,"key":"SkillPotion"}],"is_trial":false,"path_per_floor":["M","?","?","?","M","R","$","M","T","E","M","M","R","?","R","B"],"character_chosen":"IRONCLAD","items_purchased":["Dark Embrace","Energy Potion","Strength Potion"],"campfire_rested":2,"item_purchase_floors":[7,7,7],"current_hp_per_floor":[68,68,68,57,52,52,52,52,52,42,30,15,39,39,63,0,0],"gold":305,"neow_bonus":"THREE_RARE_CARDS","is_daily":false,"chose_seed":false,"campfire_upgraded":1,"win_rate":0.0,"timestamp":1611348940,"path_taken":["M","?","?","?","M","R","$","M","T","E","M","?","R","?","R","BOSS"],"items_purchased_type":["Card","Potion","Potion"],"build_version":"2020-12-22","purchased_purges":0,"victory":false,"max_hp_per_floor":[71,71,71,71,74,74,74,77,77,77,77,80,80,80,80,80,80],"relic_stats":{"Blood Vial":6,"counters":[7,45],"Smiling Mask":0,"obtain_stats":[{"Blood Vial":10,"Smiling Mask":9,"Burning Blood":0},{"Blood Vial":4,"Smiling Mask":3,"Burning Blood":0},{"Blood Vial":15,"Smiling Mask":12,"Burning Blood":0}],"Burning Blood":36},"card_choices":[{"not_picked":["Berserk","Offering"],"picked":"Feed","floor":0},{"not_picked":["True Grit","Blood for Blood"],"picked":"Cleave","floor":1},{"not_picked":["Reckless Charge","Warcry"],"picked":"Uppercut","floor":5},{"not_picked":["Reckless Charge","Perfected Strike"],"picked":"Fire Breathing","floor":8},{"not_picked":["Sever Soul","Spot Weakness"],"picked":"Shrug It Off","floor":10},{"not_picked":["Anger","Clothesline"],"picked":"Iron Wave","floor":11},{"not_picked":["Clash","Twin Strike"],"picked":"Armaments","floor":12}],"player_experience":498604,"relics_obtained":[{"floor":9,"key":"Smiling Mask"},{"floor":10,"key":"Blood Vial"}],"event_choices":[{"damage_healed":0,"gold_gain":150,"player_choice":"AGREE","damage_taken":0,"max_hp_gain":0,"max_hp_loss":0,"event_name":"Liars Game","floor":2,"gold_loss":0,"cards_obtained":["Doubt"]},{"cards_removed":["Doubt"],"damage_healed":0,"gold_gain":0,"player_choice":"Forget","damage_taken":0,"max_hp_gain":0,"max_hp_loss":0,"event_name":"Living Wall","floor":3,"gold_loss":0},{"damage_healed":0,"gold_gain":75,"player_choice":"Gather Gold","damage_taken":11,"max_hp_gain":0,"max_hp_loss":0,"event_name":"World of Goop","floor":4,"gold_loss":0},{"damage_healed":0,"gold_gain":0,"player_choice":"0 cards matched","damage_taken":0,"max_hp_gain":0,"max_hp_loss":0,"event_name":"Match and Keep!","floor":14,"gold_loss":0,"cards_obtained":[]}],"is_beta":false,"boss_relics":[],"items_purged_floors":[],"is_endless":false,"potions_floor_spawned":[10,11],"killed_by":"The Guardian","ascension_level":17}}