{"host":"ydg0vn0pu4pubmdt","time":1611316382,"event":{"mods":["AchievementEnabler","BaseMod","Colored Map","Gold Saver","Minty Spire (QoL Compilation)","Quick Restart","SuperFastMode"],"gold_per_floor":[118,118,118,128,128,128,128,128,128,156,156,166,166,40,40,143,143,156,174,174,174],"floor_reached":20,"language":"KOR","playtime":406,"items_purged":["Strike_B"],"score":302,"play_id":"f0f67af0-4685-4d02-b06b-2ef7a42586d6","local_time":"20210122205302","is_ascension_mode":true,"campfire_choices":[{"data":"1","floor":6.0,"key":"LIFT"},{"data":"2","floor":8.0,"key":"LIFT"},{"data":"3","floor":15,"key":"LIFT"}],"circlet_count":0,"master_deck":["AscendersBane","Strike_B","Strike_B","Defend_B","Defend_B","Defend_B","Zap","Dualcast","Go for the Eyes","Auto Shields+1","Darkness+1","Zap+1","Deep Breath+1","Streamline","Leap+1"],"relics":["Cracked Core","NeowsBlessing","Girya","Question Card","Toxic Egg 2","White Beast Statue","Inserter"],"acts_visited":["Exordium","TheCity"],"potions_floor_usage":[16,20],"damage_taken":[{"damage":0.0,"enemies":"Small Slimes","floor":1.0,"turns":1.0},{"damage":0.0,"enemies":"Cultist","floor":4.0,"turns":1.0},{"damage":0.0,"enemies":"3 Sentries","floor":10.0,"turns":1.0},{"damage":0.0,"enemies":"2 Louse","floor":12.0,"turns":2.0},{"damage":41,"enemies":"Hexaghost","floor":16,"turns":9},{"damage":13,"enemies":"2 Thieves","floor":18,"turns":4},{"damage":16,"enemies":"Spheric Guardian","floor":19,"turns":4},{"damage":59,"enemies":"Cultist and Chosen","floor":20,"turns":4}],"seed_played":"-6907484935827084877","potions_obtained":[{"floor":1.0,"key":"Regen Potion"},{"floor":4.0,"key":"AttackPotion"},{"floor":16,"key":"BlessingOfTheForge"},{"floor":19,"key":"Fire Potion"}],"is_trial":false,"path_per_floor":["M","?","$","M","?","R","?","R","T","E","T","M","?","$","R","B",null,"M","M","M"],"character_chosen":"DEFECT","items_purchased":["Streamline"],"campfire_rested":0,"item_purchase_floors":[14],"current_hp_per_floor":[68,68,68,68,68,68,61,61,61,61,61,61,61,61,61,20,61,48,32,0,0],"gold":174,"neow_bonus":"THREE_ENEMY_KILL","is_daily":false,"chose_seed":false,"campfire_upgraded":0,"win_rate":0.0,"timestamp":1611316382,"path_taken":["M","?","?","M","?","R","?","R","T","E","?","M","?","$","R","BOSS","M","M","M"],"items_purchased_type":["Card"],"build_version":"2020-12-22","purchased_purges":1,"victory":false,"max_hp_per_floor":[75,75,75,75,75,75,75,75,75,75,75,75,75,75,75,75,75,75,75,75,75],"card_choices":[{"not_picked":["Coolheaded","Stack"],"picked":"Conserve Battery","floor":1.0},{"not_picked":["Rebound","Stack"],"picked":"Go for the Eyes","floor":4.0},{"not_picked":["Fusion+1","Tempest+1","Reprogram+1"],"picked":"Auto Shields+1","floor":10.0},{"not_picked":["Conserve Battery+1","Go for the Eyes","Hologram+1"],"picked":"Darkness+1","floor":12.0},{"not_picked":["Streamline","Tempest+1","Steam Power+1"],"picked":"Leap+1","floor":18},{"not_picked":["Capacitor","Stack+1","Reinforced Body+1","Go for the Eyes"],"picked":"SKIP","floor":19}],"player_experience":528793,"relics_obtained":[{"floor":9.0,"key":"Question Card"},{"floor":10.0,"key":"Toxic Egg 2"},{"floor":11.0,"key":"White Beast Statue"}],"event_choices":[{"cards_removed":["Conserve Battery"],"damage_healed":0.0,"max_hp_gain":0.0,"max_hp_loss":0.0,"gold_gain":0.0,"event_name":"WeMeetAgain","player_choice":"Gave Card","floor":2.0,"gold_loss":0.0,"damage_taken":0.0,"relics_obtained":["Girya"]},{"cards_removed":["Strike_B"],"damage_healed":0.0,"max_hp_gain":0.0,"max_hp_loss":0.0,"gold_gain":0.0,"event_name":"Living Wall","player_choice":"Forget","floor":5.0,"gold_loss":0.0,"damage_taken":0.0},{"cards_removed":["Defend_B"],"damage_healed":0.0,"max_hp_gain":0.0,"max_hp_loss":0.0,"gold_gain":0.0,"event_name":"Golden Wing","player_choice":"Card Removal","floor":7.0,"gold_loss":0.0,"damage_taken":7.0},{"damage_healed":0,"gold_gain":0,"player_choice":"2 cards matched","damage_taken":0,"max_hp_gain":0,"max_hp_loss":0,"event_name":"Match and Keep!","floor":13,"gold_loss":0,"cards_obtained":["Zap","Deep Breath"]}],"is_beta":false,"boss_relics":[{"not_picked":["Empty Cage","Snecko Eye"],"picked":"Inserter"}],"items_purged_floors":[14],"is_endless":false,"potions_floor_spawned":[1,4,12,16,18,19],"killed_by":"Cultist and Chosen","ascension_level":11}}