{"host":"89iuq2p5kwriuwfq","time":1611335614,"event":{"mods":["BaseMod","Curses Come First","Minty Spire (QoL Compilation)","Permanent Neow","StSLib"],"gold_per_floor":[10,28,38,56,56,96,96,117,199,50,68,112,112,130,130,255,255,276,17,17,40,40,74,74,113,160,198,212,212,251,274,274,394,394,413,476,280,94,94,133,171,189,189,222,238,238,277,610,610,610],"floor_reached":51,"language":"ENG","playtime":3011,"items_purged":["Strike_B","All For One"],"score":1202,"play_id":"d1b92ca5-320d-4938-884a-5179981c23c0","local_time":"20210122171334","is_ascension_mode":true,"campfire_choices":[{"data":"Biased Cognition","floor":13,"key":"SMITH"},{"data":"Capacitor","floor":15,"key":"SMITH"},{"data":"Darkness","floor":24,"key":"SMITH"},{"data":"Heatsinks","floor":29,"key":"SMITH"},{"data":"Self Repair","floor":32,"key":"SMITH"},{"data":"Creative AI","floor":49,"key":"SMITH"}],"circlet_count":0,"master_deck":["Zap","Dualcast","Electrodynamics","Ball Lightning","Leap","Leap","Cold Snap","Static Discharge","Loop","Biased Cognition+1","Capacitor+1","Machine Learning","Cold Snap","BootSequence","Sunder","Auto Shields","Darkness+1","Melter","RitualDagger","Glacier","Force Field+1","Heatsinks+1","Self Repair+1","Darkness+1","Rainbow","Creative AI+1","Static Discharge","Static Discharge","Heatsinks","Multi-Cast","Storm+1","Coolheaded+1","Heatsinks+1","Self Repair+1"],"relics":["Cracked Core","Matryoshka","Mercury Hourglass","Meat on the Bone","Regal Pillow","Pandora\u0027s Box","Cables","Ancient Tea Set","The Courier","Art of War","Boot","Happy Flower","WingedGreaves","SlaversCollar","Ice Cream","Oddly Smooth Stone","StrikeDummy","Letter Opener","Du-Vu Doll","Blue Candle"],"acts_visited":["Exordium","TheCity","TheBeyond"],"potions_floor_usage":[6,8,12,12,18,23,27,30,33,35,44,44,47,50],"damage_taken":[{"damage":0,"enemies":"Cultist","floor":1,"turns":4},{"damage":0,"enemies":"2 Louse","floor":2,"turns":2},{"damage":7,"enemies":"Jaw Worm","floor":3,"turns":3},{"damage":7,"enemies":"Blue Slaver","floor":4,"turns":4},{"damage":16,"enemies":"Lagavulin","floor":6,"turns":7},{"damage":0,"enemies":"3 Louse","floor":8,"turns":1},{"damage":6,"enemies":"2 Fungi Beasts","floor":11,"turns":2},{"damage":0,"enemies":"Gremlin Nob","floor":12,"turns":2},{"damage":0,"enemies":"Lots of Slimes","floor":14,"turns":1},{"damage":16,"enemies":"The Guardian","floor":16,"turns":9},{"damage":1,"enemies":"Chosen","floor":18,"turns":4},{"damage":0,"enemies":"Spheric Guardian","floor":21,"turns":2},{"damage":7,"enemies":"Gremlin Leader","floor":23,"turns":4},{"damage":22,"enemies":"Slavers","floor":25,"turns":3},{"damage":20,"enemies":"Book of Stabbing","floor":27,"turns":5},{"damage":5,"enemies":"Snake Plant","floor":28,"turns":3},{"damage":24,"enemies":"Gremlin Leader","floor":30,"turns":5},{"damage":4,"enemies":"Snecko","floor":31,"turns":3},{"damage":30,"enemies":"Automaton","floor":33,"turns":7},{"damage":35,"enemies":"3 Darklings","floor":35,"turns":4},{"damage":7,"enemies":"Mind Bloom Boss Battle","floor":36,"turns":5},{"damage":14,"enemies":"Giant Head","floor":40,"turns":8},{"damage":0,"enemies":"Reptomancer","floor":41,"turns":4},{"damage":9,"enemies":"3 Shapes","floor":42,"turns":5},{"damage":1,"enemies":"Giant Head","floor":44,"turns":6},{"damage":5,"enemies":"Spire Growth","floor":45,"turns":4},{"damage":14,"enemies":"Reptomancer","floor":47,"turns":4},{"damage":39,"enemies":"Donu and Deca","floor":50,"turns":4}],"seed_played":"-3819797993277200991","potions_obtained":[{"floor":4,"key":"Fire Potion"},{"floor":7,"key":"Fire Potion"},{"floor":7,"key":"DuplicationPotion"},{"floor":7,"key":"LiquidMemories"},{"floor":8,"key":"Fire Potion"},{"floor":14,"key":"DistilledChaos"},{"floor":25,"key":"AttackPotion"},{"floor":28,"key":"SteroidPotion"},{"floor":31,"key":"Swift Potion"},{"floor":33,"key":"Swift Potion"},{"floor":40,"key":"Block Potion"},{"floor":42,"key":"SkillPotion"},{"floor":44,"key":"SkillPotion"},{"floor":45,"key":"AttackPotion"}],"is_trial":false,"path_per_floor":["M","M","M","M","?","E","?","M","T","$","M","E","R","M","R","B",null,"M","$","?","M","?","E","R","E","T","E","M","R","E","M","R","B",null,"M","?","$","$","?","E","E","M","T","E","M","?","E","?","R","B",null],"character_chosen":"DEFECT","items_purchased":["Static Discharge","Cables","Static Discharge","Static Discharge","Heatsinks","Oddly Smooth Stone"],"campfire_rested":0,"item_purchase_floors":[10,19,37,37,38,38],"current_hp_per_floor":[68,68,61,54,36,20,20,20,20,20,26,38,38,38,38,34,65,64,64,58,58,58,51,51,41,41,33,47,47,42,38,38,30,64,41,56,56,56,56,52,62,63,63,72,75,75,71,71,71,64],"gold":610,"neow_bonus":"THREE_RARE_CARDS","is_daily":false,"chose_seed":false,"campfire_upgraded":6,"win_rate":0.0,"timestamp":1611335614,"path_taken":["M","M","M","M","?","E","?","M","T","$","M","E","R","M","R","BOSS","M","?","?","M","?","E","R","E","T","E","M","R","E","M","R","BOSS","M","?","$","$","?","E","E","M","T","E","?","?","E","?","R","BOSS"],"items_purchased_type":["Card","Relic","Card","Card","Card","Relic"],"build_version":"2020-12-22","purchased_purges":2,"victory":true,"max_hp_per_floor":[75,75,75,75,75,75,75,75,75,75,75,75,75,75,75,75,75,75,75,75,75,75,75,75,75,75,75,75,75,75,75,75,75,75,75,75,75,75,75,75,75,75,75,75,75,75,75,75,75,75],"card_choices":[{"not_picked":["Thunder Strike","Rainbow"],"picked":"Electrodynamics","floor":0},{"not_picked":["Gash","Redo"],"picked":"Ball Lightning","floor":1},{"not_picked":["Conserve Battery","Hologram"],"picked":"Leap","floor":2},{"not_picked":["Streamline","Sweeping Beam","Stack"],"picked":"SKIP","floor":3},{"not_picked":["Redo","Gash"],"picked":"Leap","floor":4},{"not_picked":["Meteor Strike","Streamline","Beam Cell"],"picked":"SKIP","floor":6},{"not_picked":["Stack","Conserve Battery"],"picked":"Cold Snap","floor":8},{"not_picked":["Beam Cell","Sweeping Beam"],"picked":"Loop","floor":11},{"not_picked":["Barrage","Redo"],"picked":"Biased Cognition","floor":12},{"not_picked":["Cold Snap","Stack"],"picked":"Capacitor","floor":14},{"not_picked":["Meteor Strike","Hyperbeam"],"picked":"Machine Learning","floor":16},{"not_picked":["Hello World+1","Stack+1"],"picked":"Doom and Gloom","floor":18},{"not_picked":["Barrage","Hologram","BootSequence+1"],"picked":"SKIP","floor":21},{"not_picked":["Sweeping Beam","Leap"],"picked":"Force Field+1","floor":23},{"not_picked":["Hologram","Fusion"],"picked":"Heatsinks","floor":25},{"not_picked":["All For One","Stack"],"picked":"Self Repair","floor":27},{"not_picked":["Streamline","Auto Shields"],"picked":"Darkness+1","floor":28},{"not_picked":["Doom and Gloom","Compile Driver"],"picked":"Rainbow","floor":30},{"not_picked":["Streamline","Barrage","Gash"],"picked":"SKIP","floor":31},{"not_picked":["Hyperbeam","Machine Learning"],"picked":"Creative AI","floor":33},{"not_picked":["Sweeping Beam+1","Auto Shields","Go for the Eyes+1"],"picked":"SKIP","floor":35},{"not_picked":["Capacitor+1","Coolheaded"],"picked":"Storm+1","floor":40},{"not_picked":["Hyperbeam","Conserve Battery+1"],"picked":"Coolheaded+1","floor":41},{"not_picked":["Compile Driver","Recycle+1"],"picked":"Heatsinks+1","floor":42},{"not_picked":["Genetic Algorithm+1","Coolheaded+1"],"picked":"Self Repair+1","floor":44},{"not_picked":["Ball Lightning+1","Fusion+1","Compile Driver"],"picked":"SKIP","floor":45},{"not_picked":["Tempest","Stack+1","Consume"],"picked":"SKIP","floor":47}],"player_experience":538626,"relics_obtained":[{"floor":6,"key":"Matryoshka"},{"floor":9,"key":"Mercury Hourglass"},{"floor":9,"key":"Meat on the Bone"},{"floor":12,"key":"Regal Pillow"},{"floor":23,"key":"Ancient Tea Set"},{"floor":25,"key":"The Courier"},{"floor":26,"key":"Art of War"},{"floor":26,"key":"Boot"},{"floor":27,"key":"Happy Flower"},{"floor":30,"key":"WingedGreaves"},{"floor":36,"key":"Ice Cream"},{"floor":40,"key":"StrikeDummy"},{"floor":41,"key":"Letter Opener"},{"floor":44,"key":"Du-Vu Doll"},{"floor":47,"key":"Blue Candle"}],"event_choices":[{"damage_healed":0,"gold_gain":0,"player_choice":"Take Damage","damage_taken":18,"relics_obtained":["Golden Idol"],"max_hp_gain":0,"max_hp_loss":0,"event_name":"Golden Idol","floor":5,"gold_loss":0},{"damage_healed":0,"gold_gain":0,"player_choice":"Got Potions","damage_taken":0,"max_hp_gain":0,"max_hp_loss":0,"event_name":"Lab","floor":7,"gold_loss":0},{"damage_healed":0,"gold_gain":0,"player_choice":"Joined the Cult","damage_taken":6,"max_hp_gain":0,"max_hp_loss":0,"event_name":"Nest","floor":20,"gold_loss":0,"cards_obtained":["RitualDagger"]},{"damage_healed":0,"gold_gain":0,"player_choice":"Read","damage_taken":0,"max_hp_gain":0,"max_hp_loss":0,"event_name":"The Library","floor":22,"gold_loss":0,"cards_obtained":["Glacier"]},{"damage_healed":0,"gold_gain":0,"player_choice":"Fight","damage_taken":0,"max_hp_gain":0,"max_hp_loss":0,"event_name":"MindBloom","floor":36,"gold_loss":0},{"damage_healed":0,"gold_gain":0,"player_choice":"1 cards matched","damage_taken":0,"max_hp_gain":0,"max_hp_loss":0,"event_name":"Match and Keep!","floor":39,"gold_loss":0,"cards_obtained":["Multi-Cast"]},{"cards_removed":["Doom and Gloom"],"damage_healed":0,"gold_gain":0,"player_choice":"Removed Attack","damage_taken":0,"max_hp_gain":0,"max_hp_loss":0,"event_name":"Falling","floor":46,"gold_loss":0},{"damage_healed":0,"gold_gain":333,"player_choice":"Gave Idol","damage_taken":0,"max_hp_gain":0,"max_hp_loss":0,"event_name":"The Moai Head","floor":48,"relics_lost":["Golden Idol"],"gold_loss":0}],"is_beta":false,"boss_relics":[{"not_picked":["Runic Pyramid","Sozu"],"picked":"Pandora\u0027s Box"},{"not_picked":["Velvet Choker","FrozenCore"],"picked":"SlaversCollar"}],"items_purged_floors":[10,37],"is_endless":false,"potions_floor_spawned":[4,8,14,25,28,31,33,40,42,44,45],"ascension_level":7}}