{"host":"kh6fvhxn285ncg0o","time":1611335225,"event":{"mods":["Act Like it!","BaseMod","Colored Map","Friendly Minions","Keyboard Shortcuts","Minty Spire (QoL Compilation)","Quick Restart","Relic Stats","StSLib","SuperFastMode"],"gold_per_floor":[117,117,117,135,152,152,164,196,196,196,196],"floor_reached":10,"language":"KOR","playtime":135,"items_purged":[],"score":136,"play_id":"99d96f06-fe3b-4156-a31f-4c0b04feb5aa","local_time":"20210123020705","is_ascension_mode":true,"campfire_choices":[{"data":"Eruption","floor":6,"key":"SMITH"}],"circlet_count":0,"master_deck":["AscendersBane","Strike_P","Strike_P","Strike_P+1","Strike_P+1","Defend_P","Defend_P","Defend_P","Defend_P","Eruption+1","Vigilance","CutThroughFate","FlurryOfBlows"],"relics":["PureWater","NeowsBlessing","Singing Bowl","Molten Egg 2","Mummified Hand"],"acts_visited":["Exordium"],"potions_floor_usage":[8],"damage_taken":[{"damage":0,"enemies":"2 Louse","floor":1,"turns":2},{"damage":0,"enemies":"Jaw Worm","floor":4,"turns":1},{"damage":0,"enemies":"Small Slimes","floor":5,"turns":2},{"damage":0,"enemies":"Blue Slaver","floor":7,"turns":2},{"damage":12,"enemies":"Lagavulin","floor":8,"turns":3},{"damage":42,"enemies":"3 Sentries","floor":10,"turns":4}],"seed_played":"-3255081716034828639","potions_obtained":[{"floor":4,"key":"BlessingOfTheForge"}],"is_trial":false,"path_per_floor":["M","?","?","M","M","R","M","E","T","E"],"character_chosen":"WATCHER","items_purchased":[],"campfire_rested":0,"item_purchase_floors":[],"current_hp_per_floor":[61,50,30,30,32,32,34,24,24,0,0],"gold":196,"neow_bonus":"THREE_ENEMY_KILL","is_daily":false,"chose_seed":false,"campfire_upgraded":1,"win_rate":0.0,"timestamp":1611335225,"path_taken":["M","?","?","M","M","R","M","E","T","E"],"items_purchased_type":[],"build_version":"2020-12-22","purchased_purges":0,"victory":false,"max_hp_per_floor":[68,68,68,68,70,70,72,74,74,74,74],"relic_stats":{"Singing Bowl":6,"counters":[6,14],"Mummified Hand":[0],"obtain_stats":[{"NeowsBlessing":0,"Singing Bowl":2,"Mummified Hand":9,"Molten Egg 2":8,"PureWater":0},{"NeowsBlessing":0,"Singing Bowl":1,"Mummified Hand":5,"Molten Egg 2":5,"PureWater":0},{"NeowsBlessing":0,"Singing Bowl":2,"Mummified Hand":10,"Molten Egg 2":10,"PureWater":0}]},"card_choices":[{"not_picked":["Worship","SashWhip"],"picked":"CutThroughFate","floor":1},{"not_picked":["Crescendo","SashWhip"],"picked":"FlurryOfBlows","floor":4},{"not_picked":["ClearTheMind","Protect","SashWhip"],"picked":"Singing Bowl","floor":5},{"not_picked":["ThirdEye","PathToVictory","Swivel"],"picked":"Singing Bowl","floor":7},{"not_picked":["WreathOfFlame","EmptyMind","Halt"],"picked":"Singing Bowl","floor":8}],"player_experience":1258762,"relics_obtained":[{"floor":8,"key":"Molten Egg 2"},{"floor":9,"key":"Mummified Hand"}],"event_choices":[{"damage_healed":0,"gold_gain":0,"player_choice":"Success","damage_taken":11,"relics_obtained":["Singing Bowl"],"max_hp_gain":0,"max_hp_loss":0,"event_name":"Scrap Ooze","floor":2,"gold_loss":0},{"damage_healed":0,"gold_gain":0,"player_choice":"Entered Light","damage_taken":20,"max_hp_gain":0,"max_hp_loss":0,"event_name":"Shining Light","floor":3,"gold_loss":0,"cards_upgraded":["Strike_P","Strike_P"]}],"is_beta":false,"boss_relics":[],"items_purged_floors":[],"is_endless":false,"potions_floor_spawned":[4],"killed_by":"3 Sentries","ascension_level":20}}