{"host":"4nqeo0vu1vuav7gg","time":1611333999,"event":{"mods":["AchievementEnabler","BaseMod","Block Reminder","Colored Map","Colored Powertips","Highlight Path","Minty Spire (QoL Compilation)","Quick Restart","Rare Cards Sparkle","Relic Relevance Reorder","StSLib"],"gold_per_floor":[114,131,131,151,165,165,197,211,211,211,224,224,224,224,224,321,321,338,356,137,137,150,150,150],"floor_reached":23,"language":"ENG","playtime":894,"items_purged":["Steam Power+1"],"score":376,"play_id":"8343b13c-e63c-4dd9-8c97-56c0084f01ce","local_time":"20210122174639","is_ascension_mode":true,"campfire_choices":[{"data":"Zap","floor":6.0,"key":"SMITH"},{"floor":10.0,"key":"REST"},{"data":"Sunder","floor":12.0,"key":"SMITH"},{"floor":15.0,"key":"REST"}],"circlet_count":0,"master_deck":["AscendersBane","Defend_B","Defend_B","Defend_B","Defend_B","Zap+1","Dualcast","Beam Cell","Compile Driver","Zap+1","Undo","Static Discharge","Sunder+1","Coolheaded","Buffer","Loop+1","Machine Learning+1","Cold Snap","Loop","Loop"],"relics":["Cracked Core","Pen Nib","Blood Vial","Astrolabe"],"acts_visited":["Exordium","TheCity"],"potions_floor_usage":[],"damage_taken":[{"damage":2.0,"enemies":"2 Louse","floor":1.0,"turns":2.0},{"damage":2.0,"enemies":"Cultist","floor":2.0,"turns":4.0},{"damage":0.0,"enemies":"Small Slimes","floor":4.0,"turns":2.0},{"damage":3.0,"enemies":"Blue Slaver","floor":5.0,"turns":3.0},{"damage":25.0,"enemies":"3 Sentries","floor":7.0,"turns":5.0},{"damage":7.0,"enemies":"Lots of Slimes","floor":8.0,"turns":5.0},{"damage":8.0,"enemies":"3 Louse","floor":11.0,"turns":3.0},{"damage":17.0,"enemies":"Slime Boss","floor":16.0,"turns":4.0},{"damage":24.0,"enemies":"2 Thieves","floor":18.0,"turns":4.0},{"damage":4.0,"enemies":"Spheric Guardian","floor":19.0,"turns":4.0},{"damage":18.0,"enemies":"Shelled Parasite and Fungi","floor":22.0,"turns":5.0},{"damage":50,"enemies":"Book of Stabbing","floor":23,"turns":3}],"seed_played":"1233514977370482669","potions_obtained":[{"floor":1.0,"key":"ColorlessPotion"},{"floor":4.0,"key":"Fire Potion"},{"floor":19.0,"key":"SkillPotion"},{"floor":22.0,"key":"SkillPotion"}],"is_trial":false,"path_per_floor":["M","M","?","M","M","R","E","M","T","R","M","R","?","?","R","B",null,"M","M","$","?","M","E"],"character_chosen":"DEFECT","items_purchased":["Loop","Explosive Potion"],"campfire_rested":2,"item_purchase_floors":[20,20],"current_hp_per_floor":[62,60,60,60,57,57,32,27,27,48,42,42,42,35,56,41,64,42,40,40,54,38,0,0],"gold":150,"neow_bonus":"UPGRADE_CARD","is_daily":false,"chose_seed":false,"campfire_upgraded":2,"win_rate":0.0,"timestamp":1611333999,"path_taken":["M","M","?","?","M","R","E","M","T","R","M","R","?","?","R","BOSS","M","M","$","?","M","E"],"items_purchased_type":["Card","Potion"],"build_version":"2020-12-22","purchased_purges":1,"victory":false,"max_hp_per_floor":[71,71,71,71,71,71,71,71,71,71,71,71,71,71,71,71,71,71,71,71,71,71,71,71],"card_choices":[{"not_picked":["Steam","Double Energy"],"picked":"Beam Cell","floor":1.0},{"not_picked":["Steam","Gash"],"picked":"Compile Driver","floor":2.0},{"not_picked":["Force Field","Leap"],"picked":"Undo","floor":4.0},{"not_picked":["Darkness","Melter"],"picked":"Static Discharge","floor":5.0},{"not_picked":["Sweeping Beam","Redo"],"picked":"Sunder","floor":7.0},{"not_picked":["Redo","Gash","Reinforced Body"],"picked":"SKIP","floor":8.0},{"not_picked":["Leap","Hologram"],"picked":"Coolheaded","floor":11.0},{"not_picked":["Reboot","Multi-Cast"],"picked":"Buffer","floor":16.0},{"not_picked":["Beam Cell","Gash"],"picked":"Cold Snap","floor":18.0},{"not_picked":["Cold Snap","Rebound+1","Scrape"],"picked":"SKIP","floor":19.0},{"not_picked":["Coolheaded","Consume"],"picked":"Loop","floor":22.0}],"player_experience":1067619,"relics_obtained":[{"floor":7.0,"key":"Blood Vial"},{"floor":9.0,"key":"Pen Nib"}],"event_choices":[{"damage_healed":0.0,"max_hp_gain":0.0,"max_hp_loss":0.0,"gold_gain":0.0,"event_name":"Match and Keep!","player_choice":"2 cards matched","floor":3.0,"gold_loss":0.0,"damage_taken":0.0,"cards_obtained":["Zap","Lockon"]},{"cards_removed":["Strike_B"],"damage_healed":0.0,"max_hp_gain":0.0,"max_hp_loss":0.0,"gold_gain":0.0,"event_name":"Living Wall","player_choice":"Forget","floor":13.0,"gold_loss":0.0,"damage_taken":0.0},{"cards_removed":["Strike_B"],"damage_healed":0.0,"max_hp_gain":0.0,"max_hp_loss":0.0,"gold_gain":0.0,"event_name":"Golden Wing","player_choice":"Card Removal","floor":14.0,"gold_loss":0.0,"damage_taken":7.0},{"damage_healed":14.0,"max_hp_gain":0.0,"max_hp_loss":0.0,"gold_gain":0.0,"event_name":"The Library","player_choice":"Heal","floor":21.0,"gold_loss":0.0,"damage_taken":0.0}],"is_beta":false,"boss_relics":[{"not_picked":["Velvet Choker","Philosopher\u0027s Stone"],"picked":"Astrolabe"}],"items_purged_floors":[20],"is_endless":false,"potions_floor_spawned":[1,4,19,22],"killed_by":"Book of Stabbing","ascension_level":19}}