{"host":"4rvakrj1idbgia3f","time":1611336944,"event":{"mods":["BaseMod","Colored Map","Colored Powertips","DeckTracker","Highlight Path","Minty Spire (QoL Compilation)","Random Character Button","StSLib"],"gold_per_floor":[110,110,110,110,125,125,158,158,158,178,197,253,288,18,18,95,95,109,124,124,134,134,134],"floor_reached":22,"language":"JPN","playtime":804,"items_purged":["Hyperbeam+1"],"score":388,"play_id":"4b3927d1-eba6-4b6b-bad9-2521d47b3e4a","local_time":"20210123023544","is_ascension_mode":true,"campfire_choices":[{"data":"Coolheaded","floor":6.0,"key":"SMITH"},{"data":"Static Discharge","floor":8.0,"key":"SMITH"},{"data":"Capacitor","floor":15,"key":"SMITH"}],"circlet_count":0,"master_deck":["AscendersBane","Strike_B","Strike_B","Strike_B","Strike_B","Defend_B","Defend_B","Defend_B","Zap","Dualcast","Coolheaded+1","Cold Snap","Static Discharge+1","Compile Driver","Barrage","Leap","Ball Lightning","Capacitor+1","Dark Shackles","Core Surge","Blizzard","Coolheaded","Cold Snap"],"relics":["Cracked Core","Meat on the Bone","Shuriken","Eternal Feather","StrikeDummy","Blood Vial","Membership Card","Philosopher\u0027s Stone","The Courier"],"acts_visited":["Exordium","TheCity"],"potions_floor_usage":[19,22],"damage_taken":[{"damage":3.0,"enemies":"2 Louse","floor":1.0,"turns":2.0},{"damage":0.0,"enemies":"Jaw Worm","floor":5.0,"turns":3.0},{"damage":20.0,"enemies":"Lagavulin","floor":7.0,"turns":7.0},{"damage":0.0,"enemies":"Cultist","floor":10.0,"turns":3.0},{"damage":6.0,"enemies":"Looter","floor":11.0,"turns":4.0},{"damage":10.0,"enemies":"3 Sentries","floor":12.0,"turns":2.0},{"damage":6,"enemies":"3 Sentries","floor":13,"turns":4},{"damage":21,"enemies":"Hexaghost","floor":16,"turns":8},{"damage":16,"enemies":"Chosen","floor":18,"turns":4},{"damage":21,"enemies":"Shell Parasite","floor":19,"turns":5},{"damage":20,"enemies":"Snake Plant","floor":21,"turns":4},{"damage":40,"enemies":"Masked Bandits","floor":22,"turns":3}],"seed_played":"-5672925833201730814","potions_obtained":[{"floor":1.0,"key":"FocusPotion"},{"floor":11.0,"key":"Dexterity Potion"},{"floor":16,"key":"Regen Potion"},{"floor":18,"key":"Swift Potion"},{"floor":21,"key":"FearPotion"}],"is_trial":false,"path_per_floor":["M","?","?","T","M","R","E","R","T","M","M","?","E","$","R","B",null,"M","M","?","M","?"],"character_chosen":"DEFECT","items_purchased":["Membership Card","Capacitor","Dark Shackles"],"campfire_rested":0,"item_purchase_floors":[14,14,14],"current_hp_per_floor":[61,61,54,54,54,54,34,34,34,34,40,42,36,36,45,38,58,44,37,37,31,0,0],"gold":134,"neow_bonus":"THREE_RARE_CARDS","is_daily":false,"chose_seed":false,"campfire_upgraded":3,"win_rate":0.0,"timestamp":1611336944,"path_taken":["M","?","?","?","M","R","E","R","T","?","M","?","E","?","R","BOSS","M","M","?","?","?"],"items_purchased_type":["Relic","Card","Card"],"build_version":"2020-12-22","purchased_purges":1,"victory":false,"max_hp_per_floor":[64,64,64,64,64,64,64,64,64,64,64,64,64,64,64,64,64,64,64,64,64,64,64],"card_choices":[{"not_picked":["Core Surge","Amplify"],"picked":"Hyperbeam","floor":0.0},{"not_picked":["Beam Cell","Streamline"],"picked":"Coolheaded","floor":1.0},{"not_picked":["Stack","Streamline"],"picked":"Cold Snap","floor":5.0},{"not_picked":["Cold Snap","Fusion"],"picked":"Static Discharge","floor":7.0},{"not_picked":["Rebound","Go for the Eyes"],"picked":"Compile Driver","floor":10.0},{"not_picked":["Steam","Undo"],"picked":"Barrage","floor":11.0},{"not_picked":["Melter","Darkness"],"picked":"Leap","floor":12.0},{"not_picked":["Force Field","Heatsinks"],"picked":"Ball Lightning","floor":13},{"not_picked":["Creative AI","Echo Form"],"picked":"Core Surge","floor":16},{"not_picked":["Rebound","Go for the Eyes"],"picked":"Blizzard","floor":18},{"not_picked":["Compile Driver","Turbo"],"picked":"Coolheaded","floor":19},{"not_picked":["White Noise","Redo"],"picked":"Cold Snap","floor":21}],"player_experience":2067873,"relics_obtained":[{"floor":4.0,"key":"Meat on the Bone"},{"floor":7.0,"key":"Shuriken"},{"floor":9.0,"key":"Eternal Feather"},{"floor":12.0,"key":"StrikeDummy"},{"floor":13,"key":"Blood Vial"}],"event_choices":[{"damage_healed":0.0,"max_hp_gain":0.0,"max_hp_loss":0.0,"gold_gain":0.0,"event_name":"Living Wall","player_choice":"Grow","floor":2.0,"gold_loss":0.0,"damage_taken":0.0,"cards_upgraded":["Hyperbeam"]},{"cards_removed":["Defend_B"],"damage_healed":0.0,"max_hp_gain":0.0,"max_hp_loss":0.0,"gold_gain":0.0,"event_name":"Golden Wing","player_choice":"Card Removal","floor":3.0,"gold_loss":0.0,"damage_taken":7.0},{"damage_healed":0.0,"max_hp_gain":0.0,"max_hp_loss":0.0,"gold_gain":0.0,"event_name":"Dead Adventurer","player_choice":"Searched \u00271\u0027 times","floor":12.0,"gold_loss":0.0,"damage_taken":0.0},{"damage_healed":0,"gold_gain":0,"player_choice":"Gave Potion","damage_taken":0,"relics_obtained":["The Courier"],"max_hp_gain":0,"max_hp_loss":0,"event_name":"WeMeetAgain","floor":20,"gold_loss":0},{"damage_healed":0,"gold_gain":0,"player_choice":"Fought Bandits","damage_taken":0,"max_hp_gain":0,"max_hp_loss":0,"event_name":"Masked Bandits","floor":22,"gold_loss":0}],"is_beta":false,"boss_relics":[{"not_picked":["Busted Crown","Fusion Hammer"],"picked":"Philosopher\u0027s Stone"}],"items_purged_floors":[14],"is_endless":false,"potions_floor_spawned":[1,11,16,18,21],"killed_by":"Masked Bandits","ascension_level":20}}