{"host":"fkig9nrckec4xsh0","time":1611279855,"event":{"mods":["BaseMod","Colored Map","Minty Spire (QoL Compilation)","Quick Restart","Replay The Spire","StSLib"],"gold_per_floor":[118,118,118,132,152,183,183,16,42,4,24,49,49,78,78,175,175,194,194,207,207,220,220,247,280,280,297,317,343,35,65,65,160,160,170,223,223,241,11,36,54,54,77,105,65,65,91,106,328,328],"floor_reached":51,"language":"ENG","playtime":2802,"items_purged":["Concentrate","Strike_G"],"score":2246,"play_id":"90ead0e2-bf48-41c7-93ea-632578d5d969","local_time":"20210121204415","is_ascension_mode":true,"campfire_choices":[{"data":"After Image","floor":7,"key":"SMITH"},{"floor":15,"key":"REST"},{"data":"Infinite Blades","floor":23,"key":"SMITH"},{"data":"Storm of Steel","floor":32,"key":"SMITH"},{"data":"Envenom","floor":42,"key":"SMITH"},{"data":"Calculated Gamble","floor":46,"key":"SMITH"}],"circlet_count":0,"master_deck":["AscendersBane","Strike_G","Strike_G","Strike_G","Defend_G","Defend_G","Defend_G+1","Defend_G","Defend_G","Survivor","Neutralize","Distraction+1","Infinite Blades+1","Blade Dance+1","After Image+1","Infinite Blades","Finesse","Choke","Blade Dance","Blade Dance","Calculated Gamble+1","Corpse Explosion","Cloak And Dagger+1","Prepared+1","Cloak And Dagger+1","Tactician+1","Deflect+1","Cloak And Dagger","Dagger Throw+1","Noxious Fumes+1","Mind Blast+1","Storm of Steel+1","Envenom+1","AbeCurse","CurseOfTheBell","Backflip","Underhanded Strike+1","Footwork+1","ReplayTheSpireMod:Brewmster+1","Adrenaline+1","Hidden Blade+1","Cloak And Dagger+1","After Image+1","Parasite","Flying Knee+1"],"relics":["Ring of the Snake","NeowsBlessing","Ring of Misfortune","ReplayTheSpireMod:Ring of Exchange","ReplayTheSpireMod:TigerMarble","Vajra","Replay:Mystery Machine","Omamori","ReplayTheSpireMod:EnergyBall","Nunchaku","Red Mask","Dream Catcher","Molten Egg 2","Shuriken","ReplayTheSpireMod:CursedCoin","Ninja Scroll","Replay:Grab Bag","Abe\u0027s Treasure","Replay:Bronze Core","Calling Bell","Smiling Mask","Letter Opener","The Specimen","Bird Faced Urn","Golden Egg","Bag of Preparation","The Courier","White Beast Statue"],"acts_visited":["Exordium","TheCity","TheBeyond"],"potions_floor_usage":[6,29,33,44,50,50,50],"damage_taken":[{"damage":0,"enemies":"Small Slimes","floor":1,"turns":1},{"damage":0,"enemies":"Jaw Worm","floor":4,"turns":1},{"damage":0,"enemies":"Cultist","floor":5,"turns":1},{"damage":33,"enemies":"Lagavulin","floor":6,"turns":10},{"damage":7,"enemies":"Exordium Thugs","floor":11,"turns":5},{"damage":2,"enemies":"3 Sentries","floor":12,"turns":6},{"damage":1,"enemies":"Gremlin Nob","floor":14,"turns":3},{"damage":13,"enemies":"The Guardian","floor":16,"turns":12},{"damage":3,"enemies":"Shell Parasite","floor":18,"turns":5},{"damage":0,"enemies":"3 Byrds","floor":20,"turns":3},{"damage":0,"enemies":"Centurion and Healer","floor":22,"turns":3},{"damage":0,"enemies":"Masked Bandits","floor":24,"turns":3},{"damage":2,"enemies":"Slavers","floor":25,"turns":6},{"damage":0,"enemies":"Snecko","floor":27,"turns":3},{"damage":4,"enemies":"Snake Plant","floor":28,"turns":6},{"damage":3,"enemies":"Replay:Snechameleon","floor":29,"turns":7},{"damage":0,"enemies":"Slavers","floor":31,"turns":4},{"damage":11,"enemies":"Pondfish","floor":33,"turns":6},{"damage":5,"enemies":"3 Shapes","floor":35,"turns":2},{"damage":13,"enemies":"2 Orb Walkers","floor":36,"turns":3},{"damage":0,"enemies":"Orb Walker","floor":38,"turns":1},{"damage":13,"enemies":"Reptomancer","floor":40,"turns":4},{"damage":2,"enemies":"Sphere and 2 Shapes","floor":41,"turns":3},{"damage":0,"enemies":"Giant Head","floor":44,"turns":5},{"damage":0,"enemies":"R_Hoarder","floor":47,"turns":6},{"damage":1,"enemies":"Writhing Mass","floor":48,"turns":5},{"damage":0,"enemies":"Awakened One","floor":50,"turns":8}],"seed_played":"5737693140945777807","potions_obtained":[{"floor":1,"key":"SteroidPotion"},{"floor":4,"key":"Poison Potion"},{"floor":5,"key":"Flashbang"},{"floor":24,"key":"Dexterity Potion"},{"floor":28,"key":"Swift Potion"},{"floor":29,"key":"Flashbang"},{"floor":33,"key":"CunningPotion"},{"floor":47,"key":"Adrenaline Potion"}],"is_trial":false,"path_per_floor":["M","?","?","M","M","E","R","$","T","$","M","E","?","E","R","B",null,"M","?","M","?","M","R","?","E","T","M","M","E","$","E","R","B",null,"M","?","?","M","$","E","M","R","T","E","?","R","E","M","R_BF","B",null],"character_chosen":"THE_SILENT","items_purchased":["Infinite Blades","Finesse","Choke","Shuriken","ReplayTheSpireMod:CursedCoin","Noxious Fumes+1","Mind Blast+1","ReplayTheSpireMod:Brewmster"],"campfire_rested":1,"item_purchase_floors":[8,8,10,30,30,30,30,39],"current_hp_per_floor":[63,63,63,63,63,30,30,30,30,30,23,21,7,6,27,14,56,53,53,53,53,53,53,53,51,51,51,47,44,44,44,44,33,61,56,43,43,47,47,40,48,48,48,56,56,56,70,70,70,70],"gold":328,"neow_bonus":"THREE_ENEMY_KILL","is_daily":false,"chose_seed":false,"campfire_upgraded":5,"win_rate":0.0,"timestamp":1611279855,"path_taken":["M","?","?","M","?","E","R","?","T","$","M","E","?","E","R","BOSS","M","?","M","?","?","R","?","E","T","M","M","E","?","E","R","BOSS","M","?","?","M","?","E","M","R","T","E","?","R","E","?","R_BF","BOSS"],"items_purchased_type":["Card","Card","Card","Relic","Relic","Card","Card","Card"],"build_version":"2020-12-22","purchased_purges":2,"victory":true,"max_hp_per_floor":[70,70,70,70,70,70,70,70,70,70,70,70,70,70,70,70,70,70,70,70,70,70,70,70,70,70,70,70,70,70,70,70,70,70,70,70,70,70,70,70,70,70,70,70,70,70,70,70,70,70],"card_choices":[{"not_picked":["Endless Agony","ReplayTheSpireMod:Shiv Toss"],"picked":"Distraction","floor":1},{"not_picked":["Calculated Gamble","Toxin Wave"],"picked":"Infinite Blades","floor":4},{"not_picked":["Backflip","Quick Slash"],"picked":"Blade Dance","floor":5},{"not_picked":["Toxin Wave","Underhanded Strike"],"picked":"After Image","floor":6},{"not_picked":["Sucker Punch","Underhanded Strike"],"picked":"Blade Dance","floor":11},{"not_picked":["Hidden Blade","Expertise"],"picked":"Blade Dance","floor":12},{"not_picked":["Bouncing Flask","Poisoned Stab"],"picked":"Calculated Gamble","floor":14},{"not_picked":["ReplayTheSpireMod:Necrosis","Doppelganger"],"picked":"Corpse Explosion","floor":16},{"not_picked":["Expertise+1","Replay:Poison Smokescreen"],"picked":"Cloak And Dagger+1","floor":18},{"not_picked":["Reflex+1","Poisoned Stab"],"picked":"Prepared+1","floor":20},{"not_picked":["Distraction","Hidden Blade"],"picked":"Cloak And Dagger+1","floor":22},{"not_picked":["Dagger Spray+1","Crippling Poison"],"picked":"Tactician","floor":24},{"not_picked":["Eviscerate","Expertise"],"picked":"Deflect+1","floor":25},{"not_picked":["Sucker Punch","Well Laid Plans"],"picked":"Cloak And Dagger","floor":27},{"not_picked":["Eviscerate","Dagger Throw"],"picked":"Concentrate","floor":28},{"not_picked":["Deadly Poison","Skewer+1"],"picked":"Dagger Throw+1","floor":29},{"not_picked":["Expertise","Masterful Stab+1"],"picked":"Storm of Steel","floor":31},{"not_picked":["Phantasmal Killer","Burst"],"picked":"Envenom","floor":33},{"not_picked":["Deadly Poison","Poisoned Stab+1"],"picked":"Backflip","floor":35},{"not_picked":["Expertise","Catalyst+1"],"picked":"Underhanded Strike+1","floor":36},{"not_picked":["Underhanded Strike+1","Acrobatics"],"picked":"Footwork+1","floor":38},{"not_picked":["Quick Slash+1","Reflex+1"],"picked":"Adrenaline","floor":40},{"not_picked":["Dagger Spray+1","Slice+1"],"picked":"Hidden Blade+1","floor":41},{"not_picked":["Blade Dance","Flying Knee+1"],"picked":"Cloak And Dagger+1","floor":44},{"not_picked":["Deadly Poison","Underhanded Strike+1"],"picked":"After Image","floor":47},{"not_picked":["Escape Plan","Sucker Punch+1"],"picked":"Flying Knee+1","floor":48}],"player_experience":388672,"relics_obtained":[{"floor":2,"key":"Ring of Misfortune"},{"floor":2,"key":"ReplayTheSpireMod:Ring of Exchange"},{"floor":6,"key":"ReplayTheSpireMod:TigerMarble"},{"floor":9,"key":"Vajra"},{"floor":12,"key":"Replay:Mystery Machine"},{"floor":14,"key":"Omamori"},{"floor":24,"key":"Red Mask"},{"floor":25,"key":"Dream Catcher"},{"floor":29,"key":"Molten Egg 2"},{"floor":31,"key":"Ninja Scroll"},{"floor":34,"key":"Smiling Mask"},{"floor":34,"key":"Letter Opener"},{"floor":34,"key":"The Specimen"},{"floor":36,"key":"Bird Faced Urn"},{"floor":40,"key":"Golden Egg"},{"floor":43,"key":"Bag of Preparation"},{"floor":44,"key":"The Courier"},{"floor":47,"key":"White Beast Statue"}],"event_choices":[{"damage_healed":0,"gold_gain":0,"player_choice":"Upgraded","damage_taken":0,"max_hp_gain":0,"max_hp_loss":0,"event_name":"Upgrade Shrine","floor":3,"gold_loss":0,"cards_upgraded":["Distraction"]},{"damage_healed":0,"gold_gain":0,"player_choice":"Entered Light","damage_taken":14,"max_hp_gain":0,"max_hp_loss":0,"event_name":"Shining Light","floor":13,"gold_loss":0,"cards_upgraded":["Blade Dance","Defend_G"]},{"damage_healed":0,"gold_gain":0,"player_choice":"Stole Relic","damage_taken":0,"relics_obtained":["Nunchaku"],"max_hp_gain":0,"max_hp_loss":0,"event_name":"Addict","floor":19,"gold_loss":0,"cards_obtained":["Shame"]},{"damage_healed":0,"gold_gain":0,"player_choice":"Bought 0 Potions","damage_taken":0,"max_hp_gain":0,"max_hp_loss":0,"event_name":"The Woman in Blue","floor":21,"gold_loss":0},{"damage_healed":0,"gold_gain":0,"player_choice":"Fought Bandits","damage_taken":0,"max_hp_gain":0,"max_hp_loss":0,"event_name":"Masked Bandits","floor":24,"gold_loss":0},{"damage_healed":0,"gold_gain":0,"player_choice":"Fight","damage_taken":0,"max_hp_gain":0,"max_hp_loss":0,"event_name":"Mysterious Sphere","floor":36,"gold_loss":0},{"cards_removed":["Strike_G"],"damage_healed":0,"gold_gain":0,"player_choice":"Removed Attack","damage_taken":0,"max_hp_gain":0,"max_hp_loss":0,"event_name":"Falling","floor":37,"gold_loss":0},{"damage_healed":0,"gold_gain":0,"player_choice":"Upgraded Two","damage_taken":0,"max_hp_gain":0,"max_hp_loss":0,"event_name":"Designer","floor":45,"gold_loss":40,"cards_upgraded":["Tactician","ReplayTheSpireMod:Brewmster"]},{"damage_healed":0,"gold_gain":222,"player_choice":"Wore Mask","damage_taken":0,"max_hp_gain":0,"max_hp_loss":0,"event_name":"Tomb of Lord Red Mask","floor":49,"gold_loss":0}],"is_beta":false,"boss_relics":[{"not_picked":["Guide Book","SacredBark"],"picked":"ReplayTheSpireMod:EnergyBall"},{"not_picked":["Runic Dome","Chemical X"],"picked":"Replay:Grab Bag"},{"not_picked":["Painkiller Herb","Busted Crown"],"picked":"Abe\u0027s Treasure"},{"not_picked":["Velvet Choker","Sozu"],"picked":"Replay:Bronze Core"},{"not_picked":["Replay:Drink Me","Snecko Eye"],"picked":"Calling Bell"}],"items_purged_floors":[30,39],"is_endless":false,"potions_floor_spawned":[1,4,5,24,28,29,31,33,38,40,47,48],"ascension_level":11}}