{"host":"m7hmf0kk5ackmwlk","time":1611307243,"event":{"mods":["AchievementEnabler","BaseMod","Downfall","Minty Spire (QoL Compilation)","Shop Mod","StSLib"],"gold_per_floor":[99,99,99,99,99,124,124,124,124,24,57,57,42,107,121,226,226,26,43,60,77,177,177,177,205,218,218,231,231,242,258,272,369,369,369,380,380,392,411,30,54,133,165,194,206,230,242,279,303,315,315,315],"floor_reached":50,"language":"ENG","playtime":4894,"items_purged":["Parasite"],"score":580,"play_id":"d77a21a0-4958-4e2c-8055-ebeac73fb263","local_time":"20210122145043","is_ascension_mode":false,"campfire_choices":[{"floor":1,"key":"RECALL"},{"data":"Guardian:TwinSlam","floor":10,"key":"SMITH"},{"data":"Guardian:RollAttack","floor":12,"key":"SMITH"},{"data":"Guardian:Emergency","floor":18,"key":"SMITH"},{"data":"Guardian:ChargeCore","floor":23,"key":"SMITH"},{"floor":27,"key":"REST"},{"data":"Guardian:StasisStrike","floor":35,"key":"SMITH"},{"floor":47,"key":"REST"}],"circlet_count":0,"master_deck":["Guardian:Strike_Guardian+1","Guardian:Strike_Guardian","Guardian:Strike_Guardian","Guardian:Strike_Guardian","Guardian:Defend_Guardian","Guardian:Defend_Guardian","Guardian:Defend_Guardian","Guardian:Defend_Guardian","Guardian:CurlUp","Guardian:TwinSlam+1","Guardian:SentryBeam+1","Guardian:RollAttack+1","Guardian:Emergency+1","Guardian:ShieldSpikes","Guardian:SphericShield","Guardian:Recover+1","Guardian:ChargeCore+1","Guardian:MultiBeam","Guardian:Preprogram","Guardian:PrimingBeam+1","Guardian:EvasiveProtocol+1","Guardian:Reroute+1","Guardian:StasisStrike+1","Guardian:Gem_Cyan","Guardian:DecasProtection","Guardian:Gem_Cyan","Guardian:ShieldCharger+1","Guardian:TemporalShield","Guardian:Gem_Purple"],"relics":["Guardian:ModeShifter","downfall:HeartsMalice","HornCleat","Ornamental Fan","downfall:HeartBlessingRed","Whetstone","Bronze Scales","Black Star","downfall:HeartBlessingGreen","downfall:HeartBlessingBlue","Boot","Sundial","Pen Nib","SacredBark","Letter Opener","Bag of Preparation","TheAbacus","Guardian:PickAxe","Gremlin Horn","MealTicket","MawBank","Lizard Tail","Calipers"],"acts_visited":["Exordium","TheCity","TheBeyond"],"potions_floor_usage":[42,48,49,50],"damage_taken":[{"damage":0,"enemies":"2 Louse","floor":2,"turns":1},{"damage":0,"enemies":"Lagavulin","floor":6,"turns":1},{"damage":0,"enemies":"Cultist","floor":8,"turns":1},{"damage":5,"enemies":"Gremlin Nob","floor":11,"turns":5},{"damage":0,"enemies":"downfall:FleeingMerchant","floor":13,"turns":4},{"damage":6,"enemies":"Gremlin Nob","floor":14,"turns":4},{"damage":0,"enemies":"Jaw Worm","floor":15,"turns":2},{"damage":16,"enemies":"SI_SHIV_ARCHETYPE","floor":16,"turns":9},{"damage":0,"enemies":"Shell Parasite","floor":19,"turns":5},{"damage":2,"enemies":"Spheric Guardian","floor":20,"turns":5},{"damage":4,"enemies":"Snecko","floor":21,"turns":6},{"damage":37,"enemies":"Gremlin Leader","floor":25,"turns":7},{"damage":17,"enemies":"Snake Plant","floor":26,"turns":2},{"damage":0,"enemies":"Chosen and Byrds","floor":28,"turns":2},{"damage":2,"enemies":"Cultist and Chosen","floor":30,"turns":7},{"damage":8,"enemies":"Shelled Parasite and Fungi","floor":31,"turns":4},{"damage":0,"enemies":"Snecko","floor":32,"turns":3},{"damage":20,"enemies":"WA_ARCHETYPE_CALM","floor":33,"turns":10},{"damage":12,"enemies":"3 Darklings","floor":36,"turns":4},{"damage":6,"enemies":"Orb Walker","floor":38,"turns":3},{"damage":6,"enemies":"Writhing Mass","floor":39,"turns":6},{"damage":0,"enemies":"downfall:FleeingMerchant","floor":40,"turns":4},{"damage":6,"enemies":"downfall:FleeingMerchant","floor":42,"turns":4},{"damage":19,"enemies":"Reptomancer","floor":43,"turns":8},{"damage":7,"enemies":"Sphere and 2 Shapes","floor":44,"turns":5},{"damage":0,"enemies":"Maw","floor":46,"turns":9},{"damage":57,"enemies":"Giant Head","floor":48,"turns":11},{"damage":7,"enemies":"4 Shapes","floor":49,"turns":5},{"damage":85,"enemies":"DF_ARCHETYPE_ORBS","floor":50,"turns":16}],"seed_played":"-7657157278655379700","potions_obtained":[{"floor":11,"key":"LiquidMemories"},{"floor":15,"key":"Regen Potion"},{"floor":16,"key":"ColorlessPotion"},{"floor":43,"key":"Energy Potion"},{"floor":44,"key":"Slimebound:ThreeZeroPotion"}],"is_trial":false,"path_per_floor":["R","M","?","?","?","E","T","M","?","R","E","R","$","?","M","B",null,"R","M","M","M","?","R","T","E","M","R","M","?","M","M","M","B",null,"R","M","?","M","M","$","T","$","E","M","R","M","R","E","M","B"],"character_chosen":"GUARDIAN","items_purchased":["Bag of Preparation","TheAbacus","Gremlin Horn"],"campfire_rested":2,"item_purchase_floors":[40,40,42],"current_hp_per_floor":[80,80,85,85,85,85,85,85,82,82,77,77,77,71,71,55,85,95,95,93,89,89,89,89,52,35,63,63,63,61,53,53,33,95,95,83,83,77,71,71,71,65,46,39,39,39,66,9,36,0,0,0],"gold":315,"neow_bonus":"THREE_ENEMY_KILL","is_daily":false,"chose_seed":false,"campfire_upgraded":5,"win_rate":0.0,"timestamp":1611307243,"path_taken":["R","M","?","?","?","E","T","?","?","R","E","R","$","?","M","BOSS","R","M","M","M","?","R","T","E","M","R","M","?","M","M","M","BOSS","R","M","?","M","M","$","T","$","E","M","R","M","R","E","M","BOSS"],"items_purchased_type":["Relic","Relic","Relic"],"build_version":"2020-12-22","purchased_purges":1,"victory":false,"max_hp_per_floor":[80,80,85,85,85,85,85,85,85,85,85,85,85,85,85,85,85,95,95,95,95,95,95,95,95,95,95,95,95,95,95,95,95,95,95,95,95,95,95,92,92,92,92,92,92,92,92,92,92,92,92,92],"card_choices":[{"not_picked":["Guardian:TemporalStrike","Guardian:WalkerClaw"],"picked":"Guardian:Gem_White","floor":2},{"not_picked":["Guardian:StasisStrike","Guardian:Reroute"],"picked":"Guardian:Gem_Red","floor":6},{"not_picked":["Guardian:PrimingBeam","Guardian:ShieldCharger"],"picked":"Guardian:SentryBeam","floor":8},{"not_picked":["Guardian:Suspension","Guardian:Gem_Yellow"],"picked":"Guardian:RollAttack","floor":11},{"not_picked":["Guardian:PrimingBeam","Guardian:Gem_White"],"picked":"Guardian:Emergency","floor":13},{"not_picked":["Guardian:Suspension","Guardian:Gem_Red"],"picked":"Guardian:ShieldSpikes","floor":14},{"not_picked":["Guardian:Gem_Lightblue","Guardian:RollAttack"],"picked":"Guardian:SphericShield","floor":15},{"not_picked":["Guardian:StasisStrike","Guardian:ExploitGems"],"picked":"Guardian:Gem_Synthetic","floor":16},{"not_picked":["Guardian:CrystalBeam","Guardian:Reroute"],"picked":"Guardian:Recover+1","floor":19},{"not_picked":["Guardian:Recover+1","Guardian:EvasiveProtocol"],"picked":"Guardian:Gem_Red","floor":20},{"not_picked":["Guardian:VentSteam","Guardian:Gem_Cyan"],"picked":"Guardian:ChargeCore","floor":21},{"not_picked":["Guardian:TemporalStrike","Guardian:ExploitGems"],"picked":"Guardian:MultiBeam","floor":25},{"not_picked":["Guardian:Emergency","Guardian:Gem_Lightblue"],"picked":"Guardian:Gem_Purple","floor":26},{"not_picked":["Guardian:Gem_Crimson","Guardian:BodySlam"],"picked":"Guardian:Preprogram","floor":28},{"not_picked":["Guardian:TimeBomb","Guardian:Preprogram"],"picked":"Guardian:PrimingBeam+1","floor":30},{"not_picked":["Guardian:TimeCapacitor","Guardian:RollAttack"],"picked":"Guardian:EvasiveProtocol+1","floor":31},{"not_picked":["Guardian:Gem_Red","Guardian:ExploitGems"],"picked":"Guardian:Reroute+1","floor":32},{"not_picked":["Guardian:HyperBeam_Guardian","Guardian:Gem_Orange"],"picked":"Guardian:StasisStrike","floor":33},{"not_picked":["Guardian:VentSteam","Guardian:Preprogram"],"picked":"Guardian:Gem_Cyan","floor":36},{"not_picked":["Guardian:Recover","Guardian:Planning+1"],"picked":"Guardian:DecasProtection","floor":38},{"not_picked":["Guardian:Clone","Guardian:Planning+1"],"picked":"Guardian:Gem_Cyan","floor":39},{"not_picked":["Guardian:TimeBomb+1","Guardian:Suspension+1"],"picked":"Guardian:ShieldCharger+1","floor":40},{"not_picked":["Guardian:Gem_Crimson","Guardian:VentSteam"],"picked":"Guardian:TemporalShield","floor":42},{"not_picked":["Guardian:BronzeArmor+1","Guardian:PrimingBeam"],"picked":"Guardian:Gem_Orange","floor":43},{"not_picked":["Guardian:Gem_Green","Guardian:PiercingHide","Guardian:Incinerate"],"picked":"SKIP","floor":44},{"not_picked":["Guardian:GuardianWhirl","Guardian:Clone","Guardian:TimeBomb+1"],"picked":"SKIP","floor":46},{"not_picked":["Guardian:StasisStrike","Guardian:Gem_Red","Guardian:BronzeArmor"],"picked":"SKIP","floor":48},{"not_picked":["Guardian:TemporalStrike+1","Guardian:Planning+1","Guardian:Repulse+1"],"picked":"SKIP","floor":49}],"player_experience":34489,"relics_obtained":[{"floor":6,"key":"HornCleat"},{"floor":11,"key":"Whetstone"},{"floor":14,"key":"Bronze Scales"},{"floor":24,"key":"Boot"},{"floor":25,"key":"Sundial"},{"floor":25,"key":"Pen Nib"},{"floor":37,"key":"Letter Opener"},{"floor":41,"key":"Guardian:PickAxe"},{"floor":43,"key":"MealTicket"},{"floor":43,"key":"MawBank"},{"floor":48,"key":"Lizard Tail"},{"floor":48,"key":"Calipers"}],"event_choices":[{"damage_healed":0,"gold_gain":0,"player_choice":"Donut","damage_taken":0,"max_hp_gain":5,"max_hp_loss":0,"event_name":"Big Fish","floor":3,"gold_loss":0},{"damage_healed":0,"gold_gain":0,"player_choice":"Success","damage_taken":3,"relics_obtained":["Ornamental Fan"],"max_hp_gain":0,"max_hp_loss":0,"event_name":"Scrap Ooze","floor":9,"gold_loss":0},{"damage_healed":0,"gold_gain":0,"player_choice":"Ignored","damage_taken":0,"max_hp_gain":0,"max_hp_loss":0,"event_name":"Vampires","floor":29,"gold_loss":0}],"is_beta":false,"boss_relics":[{"not_picked":["Sozu","Runic Dome"],"picked":"Black Star"},{"not_picked":["Guardian:StasisSlotReductionRelic","Coffee Dripper"],"picked":"SacredBark"}],"items_purged_floors":[40],"is_endless":false,"potions_floor_spawned":[11,15,16,20,25,28,31,32,38,39,43,44,49],"killed_by":"DF_ARCHETYPE_ORBS","ascension_level":0}}