{"host":"dm4yvegl9um2tlqd","time":1611315253,"event":{"mods":["2.2 Compatiblity","AchievementEnabler","BaseMod","Colored Map","DeckTracker","Highlight Path","KOR Keyword Fix","Keyboard Shortcuts","Minty Spire (QoL Compilation)","Permanent Neow","Quick Restart","Random Character Button","StSLib","SuperFastMode","everything is the same but u backflip on backflip"],"gold_per_floor":[110,129,149,74,86,86,119,119,119,119,119,134,134,134],"floor_reached":13,"language":"KOR","playtime":432,"items_purged":["Strike_R"],"score":119,"play_id":"7a672530-b14b-47c5-ad84-d014b333b731","local_time":"20210122203413","is_ascension_mode":true,"campfire_choices":[{"data":"Bash","floor":6,"key":"SMITH"},{"data":"Blood for Blood","floor":8,"key":"SMITH"},{"floor":11,"key":"REST"}],"circlet_count":0,"master_deck":["Strike_R","Strike_R","Defend_R","Defend_R","Defend_R","Defend_R","Bash+1","Blood for Blood+1","Dropkick","Battle Trance","Cleave"],"relics":["Burning Blood","Ornamental Fan","InkBottle"],"acts_visited":["Exordium"],"potions_floor_usage":[13],"damage_taken":[{"damage":6,"enemies":"Small Slimes","floor":1,"turns":5},{"damage":3,"enemies":"Jaw Worm","floor":2,"turns":5},{"damage":0,"enemies":"2 Louse","floor":3,"turns":3},{"damage":8,"enemies":"Red Slaver","floor":5,"turns":3},{"damage":50,"enemies":"3 Sentries","floor":7,"turns":11},{"damage":21,"enemies":"Exordium Wildlife","floor":12,"turns":4},{"damage":18,"enemies":"Lagavulin","floor":13,"turns":6}],"seed_played":"-7469898053819835073","potions_obtained":[{"floor":1,"key":"LiquidBronze"},{"floor":3,"key":"LiquidBronze"},{"floor":7,"key":"SpeedPotion"},{"floor":12,"key":"Dexterity Potion"}],"is_trial":false,"path_per_floor":["M","M","M","$","M","R","E","R","T","?","R","M","E"],"character_chosen":"IRONCLAD","items_purchased":[],"campfire_rested":1,"item_purchase_floors":[],"current_hp_per_floor":[51,54,60,60,58,58,14,14,14,14,38,23,5,5],"gold":134,"neow_bonus":"REMOVE_TWO","is_daily":false,"chose_seed":false,"campfire_upgraded":2,"win_rate":0.0,"timestamp":1611315253,"path_taken":["M","M","M","$","M","R","E","R","T","?","R","M","E"],"items_purchased_type":[],"build_version":"2020-12-22","purchased_purges":1,"victory":false,"max_hp_per_floor":[80,80,80,80,80,80,80,80,80,80,80,80,80,80],"card_choices":[{"not_picked":["Dropkick","Spot Weakness"],"picked":"Blood for Blood","floor":1},{"not_picked":["Disarm","Clothesline"],"picked":"Dropkick","floor":2},{"not_picked":["Iron Wave","Headbutt"],"picked":"Battle Trance","floor":3},{"not_picked":["Dark Embrace","Armaments","Clothesline"],"picked":"SKIP","floor":5},{"not_picked":["Disarm","True Grit","Wild Strike"],"picked":"SKIP","floor":7},{"not_picked":["Reckless Charge","Second Wind"],"picked":"Cleave","floor":12}],"player_experience":78026,"relics_obtained":[{"floor":7,"key":"Ornamental Fan"},{"floor":9,"key":"InkBottle"}],"event_choices":[{"damage_healed":0,"gold_gain":0,"player_choice":"Ignored","damage_taken":0,"max_hp_gain":0,"max_hp_loss":0,"event_name":"Shining Light","floor":10,"gold_loss":0}],"is_beta":false,"boss_relics":[],"items_purged_floors":[4],"is_endless":false,"potions_floor_spawned":[1,3,7,12],"killed_by":"Lagavulin","ascension_level":8}}