{"host":"qy89j0vid1u7yuu4","time":1611344254,"event":{"mods":["2.2 Compatiblity","Act Like it!","Aspiration","BaseMod","Better Altar","Better Match","Better Skull","Better Third Choice","Card Forge","Colored Map","Colored Powertips","Conspire","Displayed Cursed Tome","Dota2Spire","Downfall","Elementarium","GifTheSpireLib","Gold Saver","GungeonMod","Halation","Hermit","Hubris","Infinite Spire","Menagerie","Minty Spire (QoL Compilation)","RNG Fix","Relic Stats","Retaliation","Shade Mod","Spicy Shops","StS++","StSLib","Stuff the Spire","The Blue Laboratory","The Construct","The Jungle","The Marked","Wandering Minibosses"],"gold_per_floor":[156,156,231,261,261,351,351,351,351,351],"floor_reached":8,"language":"ENG","playtime":504,"items_purged":[],"score":78,"play_id":"df89948e-b28a-45d6-9744-7ed4ba204d33","local_time":"20210122123734","daily_mods":["Heirloom","Flight","Elite Swarm","Midas"],"is_ascension_mode":true,"campfire_choices":[{"floor":7,"key":"REST"}],"circlet_count":0,"master_deck":["hexamod:Strike","hexamod:Strike","hexamod:Strike","hexamod:Strike","hexamod:Defend","hexamod:Defend","hexamod:Defend","hexamod:Defend","hexamod:Sear+1","hexamod:Float+1","hexamod:SecondSeal","hexamod:FirstSeal","hexamod:VolcanoVisage+1"],"relics":["hexamod:SpiritBrand","Hammer of Thor","Seething Fire","Anvil of the Gods","StSpp:GiftCard","StuffTheSpire:GrapeVine","aspiration:StickyExplosives"],"acts_visited":["Exordium"],"potions_floor_usage":[],"damage_taken":[{"damage":0,"enemies":"Cultist","floor":1,"turns":3},{"damage":6,"enemies":"Small Slimes","floor":4,"turns":4},{"damage":29,"enemies":"3 Sentries","floor":6,"turns":12},{"damage":56,"enemies":"Gremlin Nob","floor":8,"turns":5}],"seed_played":"3415048677177034571","potions_obtained":[{"floor":1,"key":"Strength Potion"}],"is_trial":true,"path_per_floor":["M","?","?","M","?","E","R","E"],"character_chosen":"THE_SPIRIT","items_purchased":[],"campfire_rested":1,"item_purchase_floors":[],"current_hp_per_floor":[63,63,52,46,51,29,51,0,0,0],"gold":351,"neow_bonus":"","is_daily":false,"chose_seed":false,"campfire_upgraded":0,"win_rate":0.0,"timestamp":1611344254,"path_taken":["M","?","?","?","?","E","R","E"],"items_purchased_type":[],"build_version":"2020-12-22","purchased_purges":0,"victory":false,"max_hp_per_floor":[70,70,70,70,75,75,75,75,75,75],"relic_stats":{"counters":[4,24],"obtain_stats":[{"aspiration:StickyExplosives":6,"Anvil of the Gods":0,"Hammer of Thor":0,"DemoMod:GlassGuonStoneRelic":1,"StuffTheSpire:GrapeVine":2,"Seething Fire":0,"StSpp:GiftCard":0,"hexamod:SpiritBrand":0},{"aspiration:StickyExplosives":3,"Anvil of the Gods":0,"Hammer of Thor":0,"DemoMod:GlassGuonStoneRelic":1,"StuffTheSpire:GrapeVine":1,"Seething Fire":0,"StSpp:GiftCard":0,"hexamod:SpiritBrand":0},{"aspiration:StickyExplosives":19,"Anvil of the Gods":0,"Hammer of Thor":0,"DemoMod:GlassGuonStoneRelic":3,"StuffTheSpire:GrapeVine":3,"Seething Fire":0,"StSpp:GiftCard":0,"hexamod:SpiritBrand":0}]},"card_choices":[{"not_picked":["hexamod:GhostShield","hexamod:Hexaguard"],"picked":"hexamod:SecondSeal","floor":1},{"not_picked":["hexamod:SpectersWail","hexamod:Incineration"],"picked":"hexamod:FirstSeal","floor":4},{"not_picked":["hexamod:WildfireWeapon","hexamod:UnleashSpirits"],"picked":"hexamod:VolcanoVisage","floor":6}],"player_experience":116662,"relics_obtained":[{"floor":6,"key":"aspiration:StickyExplosives"}],"event_choices":[{"damage_healed":0,"gold_gain":0,"player_choice":"Gave Potion","damage_taken":0,"relics_obtained":["StuffTheSpire:GrapeVine"],"max_hp_gain":0,"max_hp_loss":0,"event_name":"WeMeetAgain","floor":2,"gold_loss":0},{"damage_healed":0,"gold_gain":75,"player_choice":"Gold","damage_taken":11,"max_hp_gain":0,"max_hp_loss":0,"event_name":"betterThird:BetterGoop","floor":3,"gold_loss":0},{"damage_healed":0,"gold_gain":0,"player_choice":"Donut","damage_taken":0,"max_hp_gain":5,"max_hp_loss":0,"event_name":"Big Fish","floor":5,"gold_loss":0}],"is_beta":false,"boss_relics":[],"items_purged_floors":[],"is_endless":false,"potions_floor_spawned":[1],"killed_by":"Gremlin Nob","ascension_level":9}}