{"host":"Qube","time":1611342919,"event":{"mods":["AchievementEnabler","BaseMod","Colored Map","Colored Powertips","Highlight Path","Minty Spire (QoL Compilation)","Permanent Neow","Quick Restart","Random Character Button","StSLib"],"gold_per_floor":[364,7,20,34,53,53,83,83,107,126,126,126,3,3,3,3,3],"floor_reached":16,"language":"ENG","playtime":412,"items_purged":[],"score":200,"play_id":"f16251a1-a699-45ab-886b-4897b2c6468e","local_time":"20210122111519","is_ascension_mode":true,"campfire_choices":[{"data":"Neutralize","floor":6.0,"key":"SMITH"},{"floor":12,"key":"REST"},{"floor":15,"key":"REST"}],"circlet_count":0,"master_deck":["AscendersBane","Strike_G","Strike_G","Strike_G","Strike_G","Strike_G","Defend_G","Defend_G","Defend_G","Defend_G","Survivor","Neutralize+1","Blade Dance","Poisoned Stab","Slice","Dagger Spray","Sucker Punch","Sucker Punch","Backflip","Corpse Explosion","Noxious Fumes","Skewer"],"relics":["Ring of the Snake","Paper Crane","PreservedInsect","Strawberry","Letter Opener","Omamori"],"acts_visited":["Exordium"],"potions_floor_usage":[7,10],"damage_taken":[{"damage":0.0,"enemies":"2 Louse","floor":1.0,"turns":4.0},{"damage":0.0,"enemies":"Jaw Worm","floor":3.0,"turns":3.0},{"damage":6.0,"enemies":"Small Slimes","floor":4.0,"turns":3.0},{"damage":0.0,"enemies":"2 Fungi Beasts","floor":5.0,"turns":3.0},{"damage":24,"enemies":"Lagavulin","floor":7,"turns":6},{"damage":4,"enemies":"Exordium Thugs","floor":10,"turns":6},{"damage":22,"enemies":"Slime Boss","floor":16,"turns":6}],"seed_played":"-2344698844277613260","potions_obtained":[{"floor":4.0,"key":"DistilledChaos"},{"floor":5.0,"key":"Weak Potion"}],"is_trial":false,"path_per_floor":["M","$","M","M","M","R","E","?","T","M","T","R","$","?","R","B"],"character_chosen":"THE_SILENT","items_purchased":["Paper Crane","Poisoned Stab","Slice","Noxious Fumes","Skewer"],"campfire_rested":2,"item_purchase_floors":[2,2,2,13,13],"current_hp_per_floor":[44,44,44,38,38,38,14,7,14,10,10,31,31,5,26,4,4],"gold":3,"neow_bonus":"TWO_FIFTY_GOLD","is_daily":false,"chose_seed":false,"campfire_upgraded":1,"win_rate":0.0,"timestamp":1611342919,"path_taken":["M","$","M","M","M","R","E","?","T","M","?","R","$","?","R","BOSS"],"items_purchased_type":["Relic","Card","Card","Card","Card"],"build_version":"2020-12-18","purchased_purges":0,"victory":false,"max_hp_per_floor":[66,66,66,66,66,66,66,66,73,73,73,73,73,73,73,73,73],"card_choices":[{"not_picked":["Quick Slash","Riddle With Holes"],"picked":"Blade Dance","floor":1.0},{"not_picked":["Riddle With Holes","Underhanded Strike"],"picked":"Dagger Spray","floor":3.0},{"not_picked":["Dagger Spray","Concentrate"],"picked":"Sucker Punch","floor":4.0},{"not_picked":["Flying Knee","Quick Slash"],"picked":"Sucker Punch","floor":5.0},{"not_picked":["Riddle With Holes","Skewer"],"picked":"Backflip","floor":7},{"not_picked":["Blade Dance","Reflex"],"picked":"Corpse Explosion","floor":10}],"player_experience":953297,"relics_obtained":[{"floor":7,"key":"PreservedInsect"},{"floor":9,"key":"Strawberry"},{"floor":11,"key":"Letter Opener"}],"event_choices":[{"cards_removed":["Defend_G"],"damage_healed":0,"gold_gain":0,"player_choice":"Card Removal","damage_taken":7,"max_hp_gain":0,"max_hp_loss":0,"event_name":"Golden Wing","floor":8,"gold_loss":0},{"damage_healed":0,"gold_gain":0,"player_choice":"Success","damage_taken":26,"relics_obtained":["Omamori"],"max_hp_gain":0,"max_hp_loss":0,"event_name":"Scrap Ooze","floor":14,"gold_loss":0}],"is_beta":true,"boss_relics":[],"items_purged_floors":[],"is_endless":false,"potions_floor_spawned":[4,5],"killed_by":"Slime Boss","ascension_level":20}}