{"host":"og6lam4kt3nibbw0","time":1611339705,"event":{"mods":["AchievementEnabler","BaseMod","Colored Map","DeckTracker","Highlight Path","Keyboard Shortcuts","Minty Spire (QoL Compilation)","Permanent Neow","Quick Restart","StSLib","SuperFastMode"],"gold_per_floor":[16,33,50,61,61,61,93,93,93,93,128,187,37,71,71,71,71],"floor_reached":16,"language":"KOR","playtime":714,"items_purged":["Strike_P"],"score":286,"play_id":"a015610d-95d2-41d5-ac2a-1a0961f81a2e","local_time":"20210123032145","is_ascension_mode":true,"campfire_choices":[{"data":"Eruption","floor":6.0,"key":"SMITH"},{"data":"Vault","floor":8.0,"key":"SMITH"},{"floor":15,"key":"REST"}],"circlet_count":0,"master_deck":["AscendersBane","Strike_P","Strike_P","Strike_P","Defend_P","Defend_P","Defend_P","Defend_P","Eruption+1","Vigilance","ConjureBlade","Crescendo","EmptyMind","BowlingBash","Protect","Vault+1","Evaluate","Sanctity","TalkToTheHand","ClearTheMind"],"relics":["PureWater","Ancient Tea Set","InkBottle","Unceasing Top","GoldenEye","Omamori"],"acts_visited":["Exordium"],"potions_floor_usage":[12],"damage_taken":[{"damage":0.0,"enemies":"Cultist","floor":1.0,"turns":2.0},{"damage":7.0,"enemies":"Jaw Worm","floor":2.0,"turns":3.0},{"damage":3.0,"enemies":"2 Louse","floor":3.0,"turns":5.0},{"damage":13.0,"enemies":"Blue Slaver","floor":4.0,"turns":3.0},{"damage":20.0,"enemies":"Lagavulin","floor":7.0,"turns":7.0},{"damage":3,"enemies":"3 Sentries","floor":11,"turns":7},{"damage":1,"enemies":"Gremlin Nob","floor":12,"turns":4},{"damage":0,"enemies":"Lagavulin","floor":14,"turns":4},{"damage":47,"enemies":"Hexaghost","floor":16,"turns":10}],"seed_played":"-6196715087828650255","potions_obtained":[{"floor":7.0,"key":"SpeedPotion"},{"floor":11,"key":"ColorlessPotion"}],"is_trial":false,"path_per_floor":["M","M","M","M","?","R","E","R","T","?","E","?","$","E","R","B"],"character_chosen":"WATCHER","items_purchased":["TalkToTheHand"],"campfire_rested":1,"item_purchase_floors":[13],"current_hp_per_floor":[61,54,51,38,43,43,23,23,23,23,20,19,19,19,40,0,0],"gold":71,"neow_bonus":"THREE_RARE_CARDS","is_daily":false,"chose_seed":false,"campfire_upgraded":2,"win_rate":0.0,"timestamp":1611339705,"path_taken":["M","M","?","M","?","R","E","R","T","?","E","?","$","E","R","BOSS"],"items_purchased_type":["Card"],"build_version":"2020-12-22","purchased_purges":1,"victory":false,"max_hp_per_floor":[68,68,68,68,73,73,73,73,73,73,73,73,73,73,73,73,73],"card_choices":[{"not_picked":["DevaForm","Blasphemy"],"picked":"ConjureBlade","floor":0.0},{"not_picked":["SashWhip","PathToVictory"],"picked":"Crescendo","floor":1.0},{"not_picked":["ClearTheMind","SignatureMove"],"picked":"EmptyMind","floor":2.0},{"not_picked":["Vengeance","Collect"],"picked":"BowlingBash","floor":3.0},{"not_picked":["ForeignInfluence","Nirvana"],"picked":"Protect","floor":4.0},{"not_picked":["Wish","Protect"],"picked":"Vault","floor":7.0},{"not_picked":["Crescendo","BowlingBash"],"picked":"Evaluate","floor":11},{"not_picked":["Wallop","FlurryOfBlows"],"picked":"Sanctity","floor":12},{"not_picked":["Conclude","Crescendo"],"picked":"ClearTheMind","floor":14}],"player_experience":948199,"relics_obtained":[{"floor":7.0,"key":"Ancient Tea Set"},{"floor":9.0,"key":"InkBottle"},{"floor":11,"key":"Unceasing Top"},{"floor":12,"key":"GoldenEye"},{"floor":14,"key":"Omamori"}],"event_choices":[{"damage_healed":0.0,"max_hp_gain":5.0,"max_hp_loss":0.0,"gold_gain":0.0,"event_name":"Big Fish","player_choice":"Donut","floor":5.0,"gold_loss":0.0,"damage_taken":0.0},{"damage_healed":0.0,"max_hp_gain":0.0,"max_hp_loss":0.0,"gold_gain":0.0,"event_name":"Scrap Ooze","player_choice":"Fled","floor":10.0,"gold_loss":0.0,"damage_taken":0.0},{"damage_healed":0,"gold_gain":0,"player_choice":"Searched \u00272\u0027 times","damage_taken":0,"max_hp_gain":0,"max_hp_loss":0,"event_name":"Dead Adventurer","floor":12,"gold_loss":0}],"is_beta":false,"boss_relics":[],"items_purged_floors":[13],"is_endless":false,"potions_floor_spawned":[7,11],"killed_by":"Hexaghost","ascension_level":20}}