{"host":"nbmmy2ys5j9alw05","time":1611277693,"event":{"mods":["AchievementEnabler","BaseMod","Bestiary","Better Vampires","Colored Map","Colored Powertips","Googly Eyes","Minty Spire (QoL Compilation)","Quick Restart","StSLib","The Hierophant","The IronCluck","everything is the same but u backflip on backflip"],"gold_per_floor":[217,217,236,254,141,141,170,170,170,170,229,229,260,270,270,367,367,386,406,306,318,330,330,362,362,407,434,359,394,97,109,109,208,258,277,277,291,13,64,99,99,131,131,131,131,131,150,164,164,164],"floor_reached":51,"language":"ENG","playtime":1878,"items_purged":["Strike_R","Strike_R","Strike_R"],"score":1157,"play_id":"f561ab51-270c-40b9-a813-c2187c4dd03c","local_time":"20210121170813","is_ascension_mode":true,"campfire_choices":[{"data":"Uppercut","floor":6,"key":"SMITH"},{"data":"Inflame","floor":10,"key":"SMITH"},{"data":"Carnage","floor":12,"key":"SMITH"},{"floor":15,"key":"REST"},{"floor":23,"key":"REST"},{"data":"Demon Form","floor":25,"key":"SMITH"},{"floor":32,"key":"REST"},{"data":"Impervious","floor":41,"key":"SMITH"},{"data":"Disarm","floor":44,"key":"SMITH"},{"data":"Pummel","floor":46,"key":"SMITH"},{"data":"Double Tap","floor":49,"key":"SMITH"}],"circlet_count":0,"master_deck":["AscendersBane","Strike_R+1","Defend_R+1","Defend_R","Defend_R+1","Defend_R","Bash+1","Carnage+1","True Grit","Inflame+1","Uppercut+1","Seeing Red","Pummel+1","Flame Barrier+1","Demon Form+1","Reaper","Impervious+1","Corruption","Disarm+1","Disarm+1","Pummel+1","Immolate","Shockwave+1","Double Tap+1"],"relics":["Burning Blood","Pantograph","Sundial","Champion Belt","Snecko Eye","Vajra","War Paint","HornCleat","Pear","Regal Pillow","Tiny House","Strawberry","Charon\u0027s Ashes","Anchor","Question Card","Mercury Hourglass"],"acts_visited":["Exordium","TheCity","TheBeyond"],"potions_floor_usage":[7,21,22,27,33,39,42,50,50],"damage_taken":[{"damage":10,"enemies":"2 Louse","floor":1,"turns":3},{"damage":2,"enemies":"Jaw Worm","floor":3,"turns":3},{"damage":0,"enemies":"Small Slimes","floor":4,"turns":4},{"damage":30,"enemies":"Lagavulin","floor":7,"turns":5},{"damage":50,"enemies":"3 Sentries","floor":13,"turns":7},{"damage":0,"enemies":"Exordium Wildlife","floor":14,"turns":2},{"damage":74,"enemies":"Slime Boss","floor":16,"turns":11},{"damage":0,"enemies":"Chosen","floor":18,"turns":3},{"damage":12,"enemies":"Shell Parasite","floor":19,"turns":4},{"damage":25,"enemies":"Shelled Parasite and Fungi","floor":21,"turns":5},{"damage":12,"enemies":"Snake Plant","floor":22,"turns":2},{"damage":36,"enemies":"Book of Stabbing","floor":24,"turns":5},{"damage":20,"enemies":"Slavers","floor":27,"turns":4},{"damage":9,"enemies":"Book of Stabbing","floor":29,"turns":4},{"damage":19,"enemies":"Cultist and Chosen","floor":31,"turns":7},{"damage":70,"enemies":"Collector","floor":33,"turns":7},{"damage":0,"enemies":"Orb Walker","floor":35,"turns":3},{"damage":15,"enemies":"3 Darklings","floor":37,"turns":6},{"damage":48,"enemies":"2 Orb Walkers","floor":39,"turns":7},{"damage":2,"enemies":"Giant Head","floor":40,"turns":7},{"damage":21,"enemies":"Reptomancer","floor":42,"turns":5},{"damage":9,"enemies":"Jaw Worm Horde","floor":47,"turns":3},{"damage":0,"enemies":"Maw","floor":48,"turns":6},{"damage":60,"enemies":"Awakened One","floor":50,"turns":9}],"seed_played":"6209156707400758689","potions_obtained":[{"floor":1,"key":"Strength Potion"},{"floor":16,"key":"Weak Potion"},{"floor":18,"key":"Weak Potion"},{"floor":21,"key":"ColorlessPotion"},{"floor":29,"key":"BlessingOfTheForge"},{"floor":33,"key":"PowerPotion"},{"floor":34,"key":"Regen Potion"},{"floor":40,"key":"FairyPotion"},{"floor":45,"key":"AttackPotion"},{"floor":45,"key":"Ancient Potion"},{"floor":47,"key":"SteroidPotion"}],"is_trial":false,"path_per_floor":["M","?","M","M","$","R","E","?","T","R","?","R","E","M","R","B",null,"M","M","$","M","M","R","E","R","T","E","?","E","$","M","R","B",null,"M","?","M","$","?","E","R","E","T","R","?","R","M","M","R","B",null],"character_chosen":"IRONCLAD","items_purchased":["Uppercut","Impervious","Regal Pillow","Strawberry"],"campfire_rested":3,"item_purchase_floors":[5,30,30,38],"current_hp_per_floor":[68,52,56,62,62,62,38,64,64,64,64,64,20,26,50,7,62,68,62,62,43,37,61,31,31,31,17,17,24,24,27,69,64,89,95,95,91,98,60,85,85,91,91,91,91,91,99,102,102,63],"gold":164,"neow_bonus":"HUNDRED_GOLD","is_daily":false,"chose_seed":false,"campfire_upgraded":8,"win_rate":0.0,"timestamp":1611277693,"path_taken":["M","?","M","M","$","R","E","?","T","R","?","R","E","?","R","BOSS","M","M","$","?","?","R","E","R","T","E","?","E","$","M","R","BOSS","M","?","M","$","?","E","R","E","T","R","?","R","M","?","R","BOSS"],"items_purchased_type":["Card","Card","Relic","Relic"],"build_version":"2020-12-22","purchased_purges":3,"victory":true,"max_hp_per_floor":[80,80,80,80,80,80,80,80,80,80,80,80,80,80,80,80,80,80,80,80,80,80,80,80,80,80,80,80,90,90,90,90,90,95,95,95,95,102,102,102,102,102,102,102,102,102,102,102,102,102],"card_choices":[{"not_picked":["Fire Breathing","Clash"],"picked":"Carnage","floor":1},{"not_picked":["Warcry","Pommel Strike"],"picked":"True Grit","floor":3},{"not_picked":["Blood for Blood","Sword Boomerang"],"picked":"Inflame","floor":4},{"not_picked":["Pommel Strike","Body Slam"],"picked":"Seeing Red","floor":7},{"not_picked":["Heavy Blade","Perfected Strike"],"picked":"Pummel","floor":13},{"not_picked":["Warcry","Twin Strike"],"picked":"Flame Barrier","floor":14},{"not_picked":["Corruption","Fiend Fire"],"picked":"Demon Form","floor":16},{"not_picked":["Perfected Strike+1","Thunderclap","Rupture"],"picked":"SKIP","floor":18},{"not_picked":["True Grit","Headbutt+1","Clash"],"picked":"SKIP","floor":19},{"not_picked":["Ghostly Armor","Second Wind+1","Headbutt"],"picked":"SKIP","floor":21},{"not_picked":["Clash","Clothesline","Pommel Strike"],"picked":"SKIP","floor":22},{"not_picked":["Twin Strike","Armaments+1","Clash"],"picked":"SKIP","floor":24},{"not_picked":["Warcry","Infernal Blade+1","Headbutt"],"picked":"SKIP","floor":27},{"not_picked":["Battle Trance","Iron Wave"],"picked":"Reaper","floor":29},{"not_picked":["Sword Boomerang+1","Armaments","Iron Wave+1"],"picked":"SKIP","floor":31},{"not_picked":["Fiend Fire","Double Tap"],"picked":"Corruption","floor":33},{"not_picked":["Sentinel","Warcry"],"picked":"Disarm","floor":34},{"not_picked":["Warcry","Twin Strike","Rage+1"],"picked":"SKIP","floor":35},{"not_picked":["Sword Boomerang","Iron Wave+1","Warcry+1"],"picked":"SKIP","floor":37},{"not_picked":["Twin Strike","Intimidate+1"],"picked":"Disarm+1","floor":39},{"not_picked":["Headbutt","Sentinel"],"picked":"Pummel+1","floor":40},{"not_picked":["Headbutt","Clothesline"],"picked":"Immolate","floor":42},{"not_picked":["Evolve+1","Wild Strike+1","Headbutt+1"],"picked":"Shockwave+1","floor":47},{"not_picked":["Warcry","Dropkick+1","Blood for Blood"],"picked":"Double Tap","floor":48}],"player_experience":522610,"relics_obtained":[{"floor":7,"key":"Pantograph"},{"floor":9,"key":"Sundial"},{"floor":13,"key":"Champion Belt"},{"floor":24,"key":"Vajra"},{"floor":26,"key":"War Paint"},{"floor":27,"key":"HornCleat"},{"floor":29,"key":"Pear"},{"floor":39,"key":"Charon\u0027s Ashes"},{"floor":40,"key":"Anchor"},{"floor":42,"key":"Question Card"},{"floor":43,"key":"Mercury Hourglass"}],"event_choices":[{"damage_healed":0,"gold_gain":0,"player_choice":"Entered Light","damage_taken":16,"max_hp_gain":0,"max_hp_loss":0,"event_name":"Shining Light","floor":2,"gold_loss":0,"cards_upgraded":["Strike_R","Bash"]},{"damage_healed":26,"gold_gain":0,"player_choice":"Banana","damage_taken":0,"max_hp_gain":0,"max_hp_loss":0,"event_name":"Big Fish","floor":8,"gold_loss":0},{"damage_healed":0,"gold_gain":59,"player_choice":"Gained Gold","damage_taken":0,"max_hp_gain":0,"max_hp_loss":0,"event_name":"Golden Wing","floor":11,"gold_loss":0},{"cards_removed":["Strike_R"],"damage_healed":0,"gold_gain":0,"player_choice":"Gave Gold","damage_taken":0,"max_hp_gain":0,"max_hp_loss":0,"event_name":"Beggar","floor":28,"gold_loss":75},{"damage_healed":0,"gold_gain":0,"player_choice":"Memory 1","damage_taken":0,"max_hp_gain":0,"max_hp_loss":0,"event_name":"SensoryStone","floor":36,"gold_loss":0},{"damage_healed":0,"gold_gain":0,"player_choice":"Fight","damage_taken":0,"max_hp_gain":0,"max_hp_loss":0,"event_name":"Mysterious Sphere","floor":39,"gold_loss":0},{"damage_healed":0,"gold_gain":0,"player_choice":"Got Potions","damage_taken":0,"max_hp_gain":0,"max_hp_loss":0,"event_name":"Lab","floor":45,"gold_loss":0}],"is_beta":false,"boss_relics":[{"not_picked":["Black Star","Ectoplasm"],"picked":"Snecko Eye"},{"not_picked":["Velvet Choker","Philosopher\u0027s Stone"],"picked":"Tiny House"}],"items_purged_floors":[5,20,38],"is_endless":false,"potions_floor_spawned":[1,16,18,21,29,33,40,47],"ascension_level":10}}