{"host":"gfmw02tnhhvp9jba","time":1611310721,"event":{"mods":["AchievementEnabler","BaseMod","Colored Map","Downfall","Highlight Path","Minty Spire (QoL Compilation)","StSLib"],"gold_per_floor":[419,433,433,12,12,44,44,78,78,26,42,42,77,89,89,188,188,207,207,218,228,240,266,266,293,367,367,378,378,147,246,246,351,351,371,417,467,493,184,184,194,63,87,103,136,136,161,179,179,179],"floor_reached":51,"language":"ENG","playtime":1887,"items_purged":["Defend_B","Chaos","Rainbow","Fusion"],"score":935,"play_id":"15909b0e-bc53-463e-b908-27d7ca9dc86c","local_time":"20210122111841","is_ascension_mode":true,"campfire_choices":[{"data":"Zap","floor":7,"key":"SMITH"},{"floor":12,"key":"REST"},{"data":"Loop","floor":15,"key":"SMITH"},{"floor":24,"key":"REST"},{"data":"Defragment","floor":29,"key":"SMITH"},{"floor":32,"key":"REST"},{"data":"Defragment","floor":40,"key":"SMITH"},{"data":"Capacitor","floor":46,"key":"SMITH"},{"floor":49,"key":"REST"}],"circlet_count":0,"master_deck":["Zap+1","Dualcast","CurseOfTheBell","Storm","Storm","Biased Cognition","Sweeping Beam","Loop+1","Cold Snap","Capacitor+1","Buffer","BootSequence","Rainbow","Storm","Coolheaded","Defragment+1","FTL+1","Mayhem","Reboot","Defragment+1","Static Discharge","Consume","Machine Learning"],"relics":["Calling Bell","Blood Vial","Kunai","Old Coin","Membership Card","Symbiotic Virus","Lantern","Calipers","Regal Pillow","Ginger","Centennial Puzzle","Pandora\u0027s Box","Molten Egg 2","Orichalcum","Pear","Art of War","Busted Crown","Unceasing Top","Peace Pipe","PreservedInsect","Gremlin Horn","Bronze Scales","Boot","Anchor","Bottled Tornado"],"acts_visited":["Exordium","TheCity","TheBeyond"],"potions_floor_usage":[6,16,16,18,22,23,33,50],"damage_taken":[{"damage":4,"enemies":"Small Slimes","floor":1,"turns":4},{"damage":15,"enemies":"2 Louse","floor":2,"turns":5},{"damage":36,"enemies":"3 Sentries","floor":6,"turns":9},{"damage":8,"enemies":"Lagavulin","floor":8,"turns":4},{"damage":0,"enemies":"Cultist","floor":11,"turns":3},{"damage":8,"enemies":"Gremlin Nob","floor":13,"turns":4},{"damage":18,"enemies":"2 Fungi Beasts","floor":14,"turns":3},{"damage":12,"enemies":"Slime Boss","floor":16,"turns":4},{"damage":0,"enemies":"Chosen","floor":18,"turns":4},{"damage":2,"enemies":"3 Byrds","floor":20,"turns":2},{"damage":16,"enemies":"Centurion and Healer","floor":21,"turns":5},{"damage":42,"enemies":"3 Cultists","floor":22,"turns":5},{"damage":7,"enemies":"Book of Stabbing","floor":23,"turns":3},{"damage":18,"enemies":"Gremlin Leader","floor":25,"turns":4},{"damage":13,"enemies":"Sentry and Sphere","floor":28,"turns":3},{"damage":8,"enemies":"Automaton","floor":33,"turns":6},{"damage":19,"enemies":"3 Darklings","floor":35,"turns":4},{"damage":31,"enemies":"2 Orb Walkers","floor":36,"turns":3},{"damage":3,"enemies":"Mind Bloom Boss Battle","floor":37,"turns":4},{"damage":0,"enemies":"Orb Walker","floor":41,"turns":3},{"damage":0,"enemies":"Transient","floor":44,"turns":5},{"damage":3,"enemies":"Giant Head","floor":45,"turns":4},{"damage":0,"enemies":"Nemesis","floor":47,"turns":3},{"damage":40,"enemies":"Jaw Worm Horde","floor":48,"turns":3},{"damage":16,"enemies":"Donu and Deca","floor":50,"turns":4}],"seed_played":"-103908442401723804","potions_obtained":[{"floor":5,"key":"Block Potion"},{"floor":5,"key":"Dexterity Potion"},{"floor":5,"key":"Weak Potion"},{"floor":6,"key":"LiquidBronze"},{"floor":11,"key":"Fire Potion"},{"floor":13,"key":"Swift Potion"},{"floor":20,"key":"Dexterity Potion"},{"floor":21,"key":"Slimebound:ThreeZeroPotion"},{"floor":23,"key":"Dexterity Potion"},{"floor":33,"key":"Fire Potion"},{"floor":35,"key":"Guardian:BlockOnCardUsePotion"},{"floor":45,"key":"AttackPotion"},{"floor":48,"key":"FairyPotion"}],"is_trial":false,"path_per_floor":["M","M","?","$","?","E","R","E","T","$","M","R","E","M","R","B",null,"M","?","M","M","M","E","R","E","T","?","M","R","$","?","R","B",null,"M","?","?","T","$","R","M","$","T","M","E","R","E","M","R","B",null],"character_chosen":"DEFECT","items_purchased":["Membership Card","Symbiotic Virus","Storm","Lantern","Loop","Cold Snap","Art of War","FTL+1","Mayhem","Gremlin Horn","Bronze Scales","Defragment","Static Discharge","Consume"],"campfire_rested":4,"item_purchase_floors":[4,4,4,4,10,10,30,30,30,39,39,39,42,42],"current_hp_per_floor":[71,58,58,58,58,24,24,18,18,18,20,57,51,35,35,25,75,75,75,73,59,19,14,51,35,45,37,26,26,26,26,66,60,85,66,37,36,36,36,36,38,38,38,40,39,39,41,3,43,29],"gold":179,"neow_bonus":"BOSS_RELIC","is_daily":false,"chose_seed":false,"campfire_upgraded":5,"win_rate":0.0,"timestamp":1611310721,"path_taken":["M","M","?","$","?","E","R","E","T","$","?","R","E","M","R","BOSS","M","?","M","M","M","E","R","E","T","?","?","R","$","?","R","BOSS","M","?","?","?","$","R","M","$","T","M","E","R","E","M","R","BOSS"],"items_purchased_type":["Relic","Relic","Card","Relic","Card","Card","Relic","Card","Card","Relic","Relic","Card","Card","Card"],"build_version":"2020-12-22","purchased_purges":4,"victory":true,"max_hp_per_floor":[75,75,75,75,75,75,75,75,75,75,75,75,75,75,75,75,75,75,75,75,75,75,75,75,75,85,85,85,85,85,85,85,85,85,85,85,85,85,85,85,85,85,85,85,85,85,85,85,85,85],"card_choices":[{"not_picked":["Hologram","Turbo"],"picked":"Storm","floor":1},{"not_picked":["Streamline","Chill","Barrage"],"picked":"SKIP","floor":2},{"not_picked":["Thunder Strike","Static Discharge"],"picked":"Biased Cognition","floor":6},{"not_picked":["FTL","Force Field"],"picked":"Sweeping Beam","floor":8},{"not_picked":["Doom and Gloom","Beam Cell","Leap"],"picked":"SKIP","floor":11},{"not_picked":["Electrodynamics","Barrage"],"picked":"Capacitor","floor":13},{"not_picked":["Chaos","Double Energy","Recycle"],"picked":"SKIP","floor":14},{"not_picked":["Rainbow","Creative AI"],"picked":"Buffer","floor":16},{"not_picked":["Storm","Recycle"],"picked":"Coolheaded","floor":18},{"not_picked":["Gash","Leap","Hologram+1"],"picked":"SKIP","floor":20},{"not_picked":["Ball Lightning","Redo","Rainbow"],"picked":"SKIP","floor":21},{"not_picked":["Go for the Eyes+1","Sweeping Beam","Turbo"],"picked":"SKIP","floor":22},{"not_picked":["BootSequence","Turbo+1"],"picked":"Defragment","floor":23},{"not_picked":["Streamline+1","Chill","White Noise"],"picked":"SKIP","floor":25},{"not_picked":["Hologram","Scrape+1","Fusion+1"],"picked":"SKIP","floor":28},{"not_picked":["Meteor Strike+1","Creative AI"],"picked":"Reboot","floor":33},{"not_picked":["Turbo+1"],"picked":"SKIP","floor":35},{"not_picked":["Go for the Eyes+1"],"picked":"SKIP","floor":41},{"not_picked":["Glacier"],"picked":"SKIP","floor":44},{"not_picked":[],"picked":"Machine Learning","floor":45},{"not_picked":["Lockon+1"],"picked":"SKIP","floor":47},{"not_picked":["Chill"],"picked":"SKIP","floor":48}],"player_experience":43587,"relics_obtained":[{"floor":0,"key":"Blood Vial"},{"floor":0,"key":"Kunai"},{"floor":0,"key":"Old Coin"},{"floor":6,"key":"Calipers"},{"floor":8,"key":"Regal Pillow"},{"floor":9,"key":"Ginger"},{"floor":13,"key":"Centennial Puzzle"},{"floor":23,"key":"Molten Egg 2"},{"floor":25,"key":"Orichalcum"},{"floor":26,"key":"Pear"},{"floor":36,"key":"Unceasing Top"},{"floor":37,"key":"Peace Pipe"},{"floor":38,"key":"PreservedInsect"},{"floor":43,"key":"Boot"},{"floor":45,"key":"Anchor"},{"floor":47,"key":"Bottled Tornado"}],"event_choices":[{"cards_removed":["Strike_B"],"damage_healed":0,"gold_gain":0,"player_choice":"Forget","damage_taken":0,"max_hp_gain":0,"max_hp_loss":0,"event_name":"Living Wall","floor":3,"gold_loss":0},{"damage_healed":0,"gold_gain":0,"player_choice":"Got Potions","damage_taken":0,"max_hp_gain":0,"max_hp_loss":0,"event_name":"Lab","floor":5,"gold_loss":0},{"damage_healed":0,"gold_gain":0,"player_choice":"Damaged","damage_taken":8,"max_hp_gain":0,"max_hp_loss":0,"event_name":"Wheel of Change","floor":27,"gold_loss":0},{"damage_healed":0,"gold_gain":99,"player_choice":"Stole From Cult","damage_taken":0,"max_hp_gain":0,"max_hp_loss":0,"event_name":"Nest","floor":31,"gold_loss":0},{"damage_healed":0,"gold_gain":0,"player_choice":"Fight","damage_taken":0,"max_hp_gain":0,"max_hp_loss":0,"event_name":"Mysterious Sphere","floor":36,"gold_loss":0},{"damage_healed":0,"gold_gain":0,"player_choice":"Fight","damage_taken":0,"max_hp_gain":0,"max_hp_loss":0,"event_name":"MindBloom","floor":37,"gold_loss":0}],"is_beta":false,"boss_relics":[{"not_picked":["bronze:MakeshiftBattery","Snecko Eye"],"picked":"Pandora\u0027s Box"},{"not_picked":["SacredBark","Coffee Dripper"],"picked":"Busted Crown"}],"items_purged_floors":[4,30,39,42],"is_endless":false,"potions_floor_spawned":[6,8,11,13,14,20,21,23,33,35,45,48],"ascension_level":2}}