{"host":"vrsxkkch9ccrec7k","time":1611349578,"event":{"mods":["Act Like it!","BaseMod","Bestiary","Better Altar","Better Match","Better Note","Better Sensory Stone","Better Skull","Better Third Choice","Better Vampires","Downfall","Minty Spire (QoL Compilation)","Permanent Neow","Relic Stats","Spicy Shops","StSLib"],"gold_per_floor":[99,112,126,126,136,136,136,164,184,209,209,209,228,260,274,274,274,274],"floor_reached":16,"language":"ENG","playtime":1516,"items_purged":[],"score":165,"play_id":"c9948bbc-69cc-4aad-9062-e59a6ff66c93","local_time":"20210122160618","is_ascension_mode":true,"campfire_choices":[{"data":"bronze:Goto","floor":1,"key":"SMITH"},{"floor":11,"key":"REST"}],"circlet_count":0,"master_deck":["bronze:Strike","bronze:Strike","bronze:Strike","bronze:Strike","bronze:Defend","bronze:Defend","bronze:Defend","bronze:Defend","bronze:Replicate","bronze:Goto+1","bronze:ChosenStrike","bronze:Frontload","Panacea","bronze:Optimize","bronze:Fortify","bronze:Flail","bronze:ForceShield","bronze:Repair"],"relics":["bronze:BronzeCore","Anchor","Centennial Puzzle","hexamod:BolsterEngine","Slimebound:PreparedRelic","Dead Branch","Art of War","Guardian:GemstoneGun"],"acts_visited":["Exordium"],"potions_floor_usage":[8,8,8,10,16],"damage_taken":[{"damage":2,"enemies":"Small Slimes","floor":2,"turns":4},{"damage":0,"enemies":"2 Louse","floor":3,"turns":2},{"damage":0,"enemies":"Jaw Worm","floor":5,"turns":3},{"damage":8,"enemies":"Gremlin Nob","floor":8,"turns":3},{"damage":0,"enemies":"Large Slime","floor":9,"turns":5},{"damage":13,"enemies":"Lagavulin","floor":10,"turns":6},{"damage":0,"enemies":"Gremlin Gang","floor":13,"turns":2},{"damage":18,"enemies":"Gremlin Nob","floor":14,"turns":4},{"damage":5,"enemies":"Exordium Thugs","floor":15,"turns":5},{"damage":49,"enemies":"SI_SHIV_ARCHETYPE","floor":16,"turns":13}],"seed_played":"-7765093899654412253","potions_obtained":[{"floor":2,"key":"CultistPotion"},{"floor":3,"key":"EntropicBrew"},{"floor":14,"key":"bronze:BuildAFunctionPotion"}],"is_trial":false,"path_per_floor":["R","M","M","?","M","?","T","E","M","E","R","?","M","E","M","B"],"character_chosen":"THE_AUTOMATON","items_purchased":[],"campfire_rested":1,"item_purchase_floors":[],"current_hp_per_floor":[63,61,61,61,61,39,39,31,31,18,39,62,62,44,39,0,0,0],"gold":274,"neow_bonus":"RANDOM_COMMON_RELIC","is_daily":false,"chose_seed":false,"campfire_upgraded":1,"win_rate":0.0,"timestamp":1611349578,"path_taken":["R","M","M","?","M","?","T","E","M","E","R","?","M","E","M","BOSS"],"items_purchased_type":[],"build_version":"2020-12-22","purchased_purges":0,"victory":false,"max_hp_per_floor":[70,70,70,70,70,70,70,70,70,70,70,70,70,70,70,70,70,70],"relic_stats":{"Centennial Puzzle":[15],"counters":[10,47],"Dead Branch":[13],"Art of War":[2],"obtain_stats":[{"Anchor":0,"Centennial Puzzle":6,"bronze:BronzeCore":0,"Dead Branch":8,"Guardian:GemstoneGun":14,"Slimebound:PreparedRelic":7,"Art of War":10,"hexamod:BolsterEngine":6},{"Anchor":0,"Centennial Puzzle":3,"bronze:BronzeCore":0,"Dead Branch":4,"Guardian:GemstoneGun":8,"Slimebound:PreparedRelic":3,"Art of War":6,"hexamod:BolsterEngine":3},{"Anchor":0,"Centennial Puzzle":9,"bronze:BronzeCore":0,"Dead Branch":12,"Guardian:GemstoneGun":29,"Slimebound:PreparedRelic":9,"Art of War":23,"hexamod:BolsterEngine":9}]},"card_choices":[{"not_picked":["bronze:Refactor","bronze:CutThrough"],"picked":"bronze:ChosenStrike","floor":2},{"not_picked":["bronze:OilSpill","bronze:Refactor"],"picked":"bronze:Frontload","floor":3},{"not_picked":["Impatience","Swift Strike"],"picked":"Panacea","floor":4},{"not_picked":["bronze:BronzeOrb","bronze:DarkDash"],"picked":"bronze:Optimize","floor":5},{"not_picked":["bronze:OilSpill","bronze:Overheat","bronze:BuggyMess"],"picked":"SKIP","floor":8},{"not_picked":["bronze:Iterate","bronze:CutThrough"],"picked":"bronze:Fortify","floor":9},{"not_picked":["bronze:Invalidate","bronze:CutThrough"],"picked":"bronze:Flail","floor":10},{"not_picked":["bronze:FineTuning","bronze:Philosophize"],"picked":"bronze:ForceShield","floor":13},{"not_picked":["bronze:CutThrough","bronze:Deprecate","bronze:Overload"],"picked":"SKIP","floor":14},{"not_picked":["bronze:Fortify","bronze:Branch"],"picked":"bronze:Repair","floor":15}],"player_experience":1683116,"relics_obtained":[{"floor":7,"key":"Slimebound:PreparedRelic"},{"floor":8,"key":"Dead Branch"},{"floor":10,"key":"Art of War"},{"floor":14,"key":"Guardian:GemstoneGun"}],"event_choices":[{"damage_healed":0,"gold_gain":1,"player_choice":"1","damage_taken":0,"max_hp_gain":0,"max_hp_loss":0,"event_name":"betterStone:BetterStone","floor":4,"gold_loss":0},{"damage_healed":0,"gold_gain":1,"player_choice":"Relic Relic ","damage_taken":22,"max_hp_gain":0,"max_hp_loss":0,"event_name":"betterThird:BetterScrap","floor":6,"gold_loss":0,"cards_obtained":["Escape Plan"]},{"damage_healed":23,"gold_gain":0,"player_choice":"Banana","damage_taken":0,"max_hp_gain":0,"max_hp_loss":0,"event_name":"Big Fish","floor":12,"gold_loss":0}],"is_beta":false,"boss_relics":[],"items_purged_floors":[],"is_endless":false,"potions_floor_spawned":[2,3,14],"killed_by":"SI_SHIV_ARCHETYPE","ascension_level":7}}