{"host":"89iuq2p5kwriuwfq","time":1611357360,"event":{"mods":["BaseMod","Curses Come First","Minty Spire (QoL Compilation)","Permanent Neow","StSLib"],"gold_per_floor":[115,125,125,50,65,65,100,100,123,123,149,167,180,209,209,304,304,316,330,330,330],"floor_reached":20,"language":"ENG","playtime":999,"items_purged":["Normality"],"score":272,"play_id":"ba92207e-ba22-468e-8d43-56c45926bc81","local_time":"20210122231600","is_ascension_mode":true,"campfire_choices":[{"floor":8.0,"key":"REST"},{"floor":10.0,"key":"REST"},{"data":"Corpse Explosion","floor":15.0,"key":"SMITH"}],"circlet_count":0,"master_deck":["Strike_G","Strike_G","Strike_G","Strike_G","Defend_G","Defend_G","Defend_G","Defend_G","Defend_G","Survivor","Neutralize","Corpse Explosion+1","Blade Dance","Catalyst","Flying Knee","Dagger Throw","Leg Sweep","Quick Slash","Die Die Die","Burst"],"relics":["Ring of the Snake","Regal Pillow","The Courier","Ancient Tea Set","Calipers","Blood Vial","WristBlade"],"acts_visited":["Exordium","TheCity"],"potions_floor_usage":[16,19,20],"damage_taken":[{"damage":2.0,"enemies":"Jaw Worm","floor":1.0,"turns":5.0},{"damage":1.0,"enemies":"Small Slimes","floor":2.0,"turns":3.0},{"damage":0.0,"enemies":"Cultist","floor":5.0,"turns":3.0},{"damage":55.0,"enemies":"Gremlin Nob","floor":7.0,"turns":5.0},{"damage":17.0,"enemies":"3 Sentries","floor":11.0,"turns":5.0},{"damage":1.0,"enemies":"Looter","floor":12.0,"turns":3.0},{"damage":7.0,"enemies":"3 Louse","floor":13.0,"turns":3.0},{"damage":21.0,"enemies":"Gremlin Nob","floor":14.0,"turns":4.0},{"damage":22,"enemies":"The Guardian","floor":16,"turns":10},{"damage":22,"enemies":"2 Thieves","floor":18,"turns":2},{"damage":30,"enemies":"Spheric Guardian","floor":19,"turns":4},{"damage":0,"enemies":"Centurion and Healer","floor":20,"turns":1}],"seed_played":"-1748780404610672551","potions_obtained":[{"floor":5.0,"key":"SneckoOil"},{"floor":11.0,"key":"FearPotion"},{"floor":12.0,"key":"AttackPotion"},{"floor":13.0,"key":"LiquidBronze"},{"floor":14.0,"key":"Dexterity Potion"},{"floor":18,"key":"Explosive Potion"},{"floor":19,"key":"CunningPotion"}],"is_trial":false,"path_per_floor":["M","M","?","$","M","?","E","R","T","R","E","M","M","E","R","B",null,"M","M","M"],"character_chosen":"THE_SILENT","items_purchased":[],"campfire_rested":2,"item_purchase_floors":[],"current_hp_per_floor":[61,60,57,57,57,57,2,38,38,70,53,52,45,24,24,4,54,34,6,8,8],"gold":330,"neow_bonus":"THREE_RARE_CARDS","is_daily":false,"chose_seed":false,"campfire_upgraded":1,"win_rate":0.0,"timestamp":1611357360,"path_taken":["M","M","?","$","M","?","E","R","T","R","E","?","M","E","R","BOSS","M","M","M"],"items_purchased_type":[],"build_version":"2020-12-22","purchased_purges":1,"victory":false,"max_hp_per_floor":[70,70,70,70,70,70,70,70,70,70,70,70,70,70,70,70,70,70,70,70,70],"card_choices":[{"not_picked":["Wraith Form v2","Night Terror"],"picked":"Corpse Explosion","floor":0.0},{"not_picked":["All Out Attack","Blur"],"picked":"Blade Dance","floor":1.0},{"not_picked":["Dagger Spray","Prepared"],"picked":"Catalyst","floor":2.0},{"not_picked":["Blur","Outmaneuver"],"picked":"Flying Knee","floor":5.0},{"not_picked":["Acrobatics","Dagger Throw","Corpse Explosion"],"picked":"SKIP","floor":7.0},{"not_picked":["Slice","Terror","Prepared"],"picked":"SKIP","floor":11.0},{"not_picked":["Infinite Blades","Outmaneuver"],"picked":"Leg Sweep","floor":12.0},{"not_picked":["Deflect","Reflex"],"picked":"Quick Slash","floor":13.0},{"not_picked":["Quick Slash","Storm of Steel"],"picked":"Die Die Die","floor":14.0},{"not_picked":["Venomology","Grand Finale"],"picked":"Burst","floor":16},{"not_picked":["Outmaneuver","Dodge and Roll","Calculated Gamble"],"picked":"SKIP","floor":18},{"not_picked":["Underhanded Strike+1","Flying Knee","Skewer"],"picked":"SKIP","floor":19}],"player_experience":545301,"relics_obtained":[{"floor":7.0,"key":"The Courier"},{"floor":9.0,"key":"Ancient Tea Set"},{"floor":11.0,"key":"Calipers"},{"floor":14.0,"key":"Blood Vial"}],"event_choices":[{"damage_healed":0.0,"max_hp_gain":0.0,"max_hp_loss":0.0,"gold_gain":0.0,"event_name":"Scrap Ooze","player_choice":"Success","floor":3.0,"gold_loss":0.0,"damage_taken":3.0,"relics_obtained":["Regal Pillow"]},{"damage_healed":0.0,"max_hp_gain":0.0,"max_hp_loss":0.0,"gold_gain":0.0,"cards_transformed":["Strike_G"],"event_name":"Transmorgrifier","player_choice":"Transformed","floor":6.0,"gold_loss":0.0,"damage_taken":0.0,"cards_obtained":["Dagger Throw"]}],"is_beta":false,"boss_relics":[{"not_picked":["Coffee Dripper","SlaversCollar"],"picked":"WristBlade"}],"items_purged_floors":[4],"is_endless":false,"potions_floor_spawned":[5,11,12,13,14,18,19],"killed_by":"Centurion and Healer","ascension_level":8}}