{"host":"ctlqibkg0sskiu65","time":1611284710,"event":{"mods":["AchievementEnabler","Aspiration","BaseMod","BetterRewards","Colored Map","Colored Powertips","Conspire","Fiend Mod","Infinite Spire","Minty Spire (QoL Compilation)","Quick Restart","Replay The Spire","Shop Mod","StSLib","The Bladedancer","The Cursed","The Hierophant","The Jungle","The Kombatant","The Servant 0.9.4","TheBandit"],"gold_per_floor":[109,14,30,50,62,62,87,99,111,123,35,64,79,90,90,195,195,211,211,225,6,6,6,6,6,6,6,6,31,43,63,63,160,160,176,176,176,89,101,101,101,117,141,169,169,203,220,249,249,249],"floor_reached":51,"language":"ENG","playtime":2705,"items_purged":["Strike_B","Strike_B"],"score":813,"play_id":"02941007-a8ad-41dd-bf69-c20013b9e838","local_time":"20210121210510","is_ascension_mode":false,"campfire_choices":[{"data":"BasicCrystalCard","floor":6.0,"key":"SMITH"},{"floor":8.0,"key":"REST"},{"data":"Zap","floor":10.0,"key":"SMITH"},{"data":"Steam","floor":15.0,"key":"SMITH"},{"data":"Loop","floor":23.0,"key":"SMITH"},{"data":"Rainbow","floor":25.0,"key":"SMITH"},{"data":"Dualcast","floor":28.0,"key":"SMITH"},{"data":"Rainbow","floor":32.0,"key":"SMITH"},{"data":"Redo","floor":40,"key":"SMITH"},{"floor":49,"key":"REST"}],"circlet_count":0,"master_deck":["Strike_B","Strike_B","Defend_B","Defend_B","Defend_B","Zap+1","Dualcast+1","Leap","Conserve Battery","Coolheaded","Gash","BasicCrystalCard+1","Go for the Eyes","Crystallizer","FTL","Steam+1","Rainbow+1","Chill+1","Rainbow+1","Barrage+1","Loop+1","Redo+1","Aggregate+1","Gash+1","Redo+1","conspire:Banana","BasicCrystalCard+1","Apotheosis","Steam+1","Electrodynamics","aspiration:Polymerization+1"],"relics":["Cracked Core","Pantograph","aspiration:Nostalgia","TheKombatant:Shinnoks2ndAmuletRelic","infinitespire:Beetle Shell","MawBank","Replay:Rubber Ducky","infinitespire:BottledMercury","Nuclear Battery","Strawberry","Ginger","Replay:Bottled Snecko","Carrot","aspiration:DSix","conspire:SpecialSausage","ReplayTheSpireMod:ShopPack","ChewingGum","aspiration:EnhancedActuators","Meat on the Bone","Garlic","Omamori"],"acts_visited":["Exordium","TheCity","TheBeyond"],"potions_floor_usage":[42,44,48],"damage_taken":[{"damage":1.0,"enemies":"Jaw Worm","floor":1.0,"turns":3.0},{"damage":0.0,"enemies":"Cultist","floor":3.0,"turns":4.0},{"damage":0.0,"enemies":"2 Louse","floor":4.0,"turns":3.0},{"damage":15.0,"enemies":"Exordium Thugs","floor":5.0,"turns":7.0},{"damage":27.0,"enemies":"3 Sentries","floor":7.0,"turns":7.0},{"damage":13.0,"enemies":"Lagavulin","floor":12.0,"turns":8.0},{"damage":0.0,"enemies":"Large Slime","floor":13.0,"turns":5.0},{"damage":1.0,"enemies":"Looter","floor":14.0,"turns":3.0},{"damage":17.0,"enemies":"Hexaghost","floor":16.0,"turns":16.0},{"damage":7.0,"enemies":"Spheric Guardian","floor":18.0,"turns":5.0},{"damage":0.0,"enemies":"Shell Parasite","floor":20.0,"turns":9.0},{"damage":1.0,"enemies":"Slavers","floor":29.0,"turns":6.0},{"damage":1.0,"enemies":"Centurion and Healer","floor":30.0,"turns":6.0},{"damage":10.0,"enemies":"Snecko","floor":31.0,"turns":5.0},{"damage":70.0,"enemies":"Collector","floor":33.0,"turns":13.0},{"damage":3,"enemies":"Orb Walker","floor":35,"turns":3},{"damage":7,"enemies":"3 Darklings","floor":39,"turns":8},{"damage":13,"enemies":"Jaw Worm Horde","floor":42,"turns":6},{"damage":13,"enemies":"Nemesis","floor":44,"turns":7},{"damage":9,"enemies":"R_Hoarder","floor":46,"turns":9},{"damage":0,"enemies":"Sphere and 2 Shapes","floor":47,"turns":5},{"damage":47,"enemies":"Giant Head","floor":48,"turns":9},{"damage":0,"enemies":"Donu and Deca","floor":50,"turns":8}],"seed_played":"-7489470861810483118","potions_obtained":[{"floor":4.0,"key":"DuplicationPotion"},{"floor":5.0,"key":"FearPotion"},{"floor":7.0,"key":"Swift Potion"},{"floor":14.0,"key":"Fruit Juice"},{"floor":16.0,"key":"SpeedPotion"},{"floor":20.0,"key":"CultistPotion"},{"floor":29.0,"key":"Reflective Coating"},{"floor":31.0,"key":"Languid Potion"},{"floor":33.0,"key":"FocusPotion"},{"floor":39,"key":"Flashbang"},{"floor":47,"key":"Block Potion"}],"is_trial":false,"path_per_floor":["M","?","M","M","M","R","E","R","T","R","$","E","M","M","R","B",null,"M","?","M","$","T","R","?","R","T","T","R","E","M","M","R","B",null,"M","?","?","$","M","R","AVR","M","T","E","?","E","M","E","R","B",null],"character_chosen":"DEFECT","items_purchased":["Pantograph","aspiration:Nostalgia","Leap","Strawberry","Loop","conspire:Banana"],"campfire_rested":2,"item_purchase_floors":[0,0,0,21,21,38],"current_hp_per_floor":[74,74,74,74,59,59,32,54,54,54,54,41,41,45,45,53,80,73,73,73,80,80,80,80,80,80,80,80,79,78,68,68,17,87,84,84,84,84,78,78,78,66,66,55,55,47,49,16,44,70],"gold":249,"neow_bonus":"","is_daily":false,"chose_seed":false,"campfire_upgraded":8,"win_rate":0.0,"timestamp":1611284710,"path_taken":["M","?","?","?","M","R","E","R","T","R","$","E","M","M","R","BOSS","M","?","M","$","?","R","?","R","T","?","R","E","?","M","R","BOSS","M","?","?","?","M","R","AVR","M","T","E","?","E","M","E","R","BOSS"],"items_purchased_type":["Relic","Relic","Card","Relic","Card","Card"],"build_version":"2020-12-22","purchased_purges":2,"victory":true,"max_hp_per_floor":[75,75,75,75,75,75,75,75,75,75,75,75,75,80,80,80,80,80,80,80,87,87,87,87,87,87,87,87,87,87,87,87,87,87,87,87,87,87,88,88,88,89,89,91,91,92,94,96,96,97],"card_choices":[{"not_picked":["Leap","Go for the Eyes"],"picked":"Conserve Battery","floor":1.0},{"not_picked":["Barrage","Reboot"],"picked":"Coolheaded","floor":3.0},{"not_picked":["Stack","Go for the Eyes"],"picked":"Gash","floor":4.0},{"not_picked":["Heatsinks","Force Field"],"picked":"BasicCrystalCard","floor":5.0},{"not_picked":["ReplayGash","Sweeping Beam"],"picked":"Go for the Eyes","floor":7.0},{"not_picked":["Crystallizer","Go for the Eyes","Rip and Tear"],"picked":"SKIP","floor":12.0},{"not_picked":["Go for the Eyes","Rip and Tear"],"picked":"Crystallizer","floor":12.0},{"not_picked":["Steam","Beam Cell"],"picked":"FTL","floor":13.0},{"not_picked":["ReplayTheSpireMod:Dual Polarity","Panic Button"],"picked":"Steam","floor":14.0},{"not_picked":["Electrodynamics","Machine Learning"],"picked":"Rainbow","floor":16.0},{"not_picked":["Storm+1","Cold Snap"],"picked":"Chill+1","floor":18.0},{"not_picked":["Conserve Battery","Redo"],"picked":"Barrage+1","floor":20.0},{"not_picked":["Cold Snap+1","Gash"],"picked":"Redo+1","floor":29.0},{"not_picked":["Conserve Battery+1","Force Field"],"picked":"Aggregate+1","floor":30.0},{"not_picked":["Go for the Eyes","Melter+1"],"picked":"Gash+1","floor":31.0},{"not_picked":["Crystallizer","Self Repair"],"picked":"Redo","floor":35},{"not_picked":["Double Energy","Hologram+1"],"picked":"BasicCrystalCard+1","floor":39},{"not_picked":["Magnetism","Specialist"],"picked":"Apotheosis","floor":41},{"not_picked":["Fission","Compile Driver+1"],"picked":"Steam+1","floor":42},{"not_picked":["Panic Button","conspire:Rain"],"picked":"Electrodynamics","floor":44},{"not_picked":["Cold Snap","Melter"],"picked":"aspiration:Polymerization+1","floor":46},{"not_picked":["Reinforced Body","Compile Driver+1","Conserve Battery"],"picked":"SKIP","floor":47},{"not_picked":["ReplayGash","Hello World","conspire:Rain+1"],"picked":"SKIP","floor":48}],"player_experience":219043,"relics_obtained":[{"floor":7.0,"key":"MawBank"},{"floor":9.0,"key":"Replay:Rubber Ducky"},{"floor":12.0,"key":"infinitespire:BottledMercury"},{"floor":22.0,"key":"Ginger"},{"floor":26.0,"key":"Replay:Bottled Snecko"},{"floor":27.0,"key":"Carrot"},{"floor":29.0,"key":"aspiration:DSix"},{"floor":43,"key":"aspiration:EnhancedActuators"},{"floor":44,"key":"Meat on the Bone"},{"floor":46,"key":"Garlic"},{"floor":48,"key":"Omamori"}],"event_choices":[{"damage_healed":0.0,"max_hp_gain":0.0,"max_hp_loss":0.0,"gold_gain":0.0,"event_name":"WeMeetAgain","player_choice":"Paid Gold","floor":2.0,"gold_loss":95.0,"damage_taken":0.0,"relics_obtained":["infinitespire:Beetle Shell"]},{"damage_healed":0.0,"max_hp_gain":0.0,"max_hp_loss":0.0,"gold_gain":0.0,"event_name":"Duplicator","player_choice":"Copied","floor":19.0,"gold_loss":0.0,"damage_taken":0.0,"cards_obtained":["Rainbow"]},{"damage_healed":0,"gold_gain":0,"player_choice":"Leave","damage_taken":0,"max_hp_gain":0,"max_hp_loss":0,"event_name":"conspire:Investor","floor":36,"gold_loss":0},{"damage_healed":0,"gold_gain":0,"player_choice":"Ignored","damage_taken":0,"max_hp_gain":0,"max_hp_loss":0,"event_name":"Tomb of Lord Red Mask","floor":37,"gold_loss":0},{"cards_removed":["Defend_B"],"damage_healed":0,"gold_gain":0,"player_choice":"Purged","damage_taken":0,"max_hp_gain":0,"max_hp_loss":0,"event_name":"Purifier","floor":45,"gold_loss":0}],"is_beta":false,"boss_relics":[{"not_picked":["ReplayTheSpireMod:SealedPack","Fusion Hammer"],"picked":"Nuclear Battery"},{"not_picked":["Inserter","Runic Pyramid"],"picked":"conspire:SpecialSausage"}],"items_purged_floors":[0,11],"is_endless":false,"potions_floor_spawned":[4,5,7,14,16,20,29,31,33,39,47],"ascension_level":0}}