{"host":"k7udt7atmcuzf6l0","time":1611301194,"event":{"mods":["AchievementEnabler","BaseMod","Colored Map","Colored Powertips","Highlight Path","Minty Spire (QoL Compilation)","Quick Restart","Rare Cards Sparkle","StSLib","UnlockEverythingMod"],"gold_per_floor":[115,134,34,46,46,46,46,1,26,26,41,41,73,90,90,187,187,202,202,202,215,215,230,256,256,256],"floor_reached":25,"language":"ZHT","playtime":551,"items_purged":[],"score":246,"play_id":"a59bf318-f690-4ded-86a0-e89a6cb13f1a","local_time":"20210122153954","is_ascension_mode":false,"campfire_choices":[{"data":"Flex","floor":6.0,"key":"SMITH"},{"data":"Clash","floor":10.0,"key":"SMITH"},{"data":"Battle Trance","floor":12.0,"key":"SMITH"},{"data":"Armaments","floor":15.0,"key":"SMITH"}],"circlet_count":0,"master_deck":["Strike_R","Strike_R","Strike_R","Strike_R","Strike_R","Defend_R","Defend_R","Defend_R","Defend_R","Bash","Clash+1","Flex+1","Twin Strike","Headbutt","Iron Wave","Cleave","Battle Trance+1","Armaments+1","Body Slam","Offering","Necronomicurse","Pommel Strike+1","Havoc+1"],"relics":["Burning Blood","NeowsBlessing","Pear","Nunchaku","Magic Flower","Sozu","Necronomicon","Question Card"],"acts_visited":["Exordium","TheCity"],"potions_floor_usage":[16,18],"damage_taken":[{"damage":0.0,"enemies":"Small Slimes","floor":1.0,"turns":1.0},{"damage":0.0,"enemies":"Jaw Worm","floor":2.0,"turns":1.0},{"damage":0.0,"enemies":"Cultist","floor":4.0,"turns":1.0},{"damage":9.0,"enemies":"3 Louse","floor":11.0,"turns":3.0},{"damage":21.0,"enemies":"Lagavulin","floor":13.0,"turns":4.0},{"damage":7.0,"enemies":"Blue Slaver","floor":14.0,"turns":2.0},{"damage":48,"enemies":"Slime Boss","floor":16,"turns":10},{"damage":16,"enemies":"Spheric Guardian","floor":18,"turns":3},{"damage":12,"enemies":"Shell Parasite","floor":21,"turns":3},{"damage":8,"enemies":"3 Cultists","floor":23,"turns":4},{"damage":63,"enemies":"Slavers","floor":24,"turns":4},{"damage":20,"enemies":"Cultist and Chosen","floor":25,"turns":5}],"seed_played":"-4128276618510840044","potions_obtained":[{"floor":2.0,"key":"SneckoOil"},{"floor":14.0,"key":"Block Potion"},{"floor":16,"key":"ColorlessPotion"}],"is_trial":false,"path_per_floor":["M","M","$","M","?","R","?","$","T","R","M","R","E","M","R","B",null,"M","?","?","M","?","M","E","M"],"character_chosen":"IRONCLAD","items_purchased":["Twin Strike","Headbutt","Cleave"],"campfire_rested":0,"item_purchase_floors":[3,3,8],"current_hp_per_floor":[80,80,80,80,85,85,95,95,95,95,92,92,77,79,79,40,95,88,72,72,69,69,70,16,0,0],"gold":256,"neow_bonus":"THREE_ENEMY_KILL","is_daily":false,"chose_seed":false,"campfire_upgraded":4,"win_rate":0.0,"timestamp":1611301194,"path_taken":["M","M","$","M","?","R","?","$","T","R","?","R","E","M","R","BOSS","M","?","?","M","?","M","E","M"],"items_purchased_type":["Card","Card","Card"],"build_version":"2020-12-22","purchased_purges":0,"victory":false,"max_hp_per_floor":[80,80,80,80,85,85,95,95,95,95,95,95,95,95,95,95,95,95,95,95,95,95,95,95,95,95],"card_choices":[{"not_picked":["Headbutt","Second Wind"],"picked":"Clash","floor":1.0},{"not_picked":["Pummel","True Grit"],"picked":"Flex","floor":2.0},{"not_picked":["Flame Barrier","Second Wind"],"picked":"Iron Wave","floor":4.0},{"not_picked":["Clash","Wild Strike"],"picked":"Battle Trance","floor":11.0},{"not_picked":["Cleave","Shrug It Off"],"picked":"Armaments","floor":13.0},{"not_picked":["Clash","Flex"],"picked":"Body Slam","floor":14.0},{"not_picked":["Corruption","Juggernaut"],"picked":"Offering","floor":16},{"not_picked":["Anger","Flex","Evolve"],"picked":"SKIP","floor":18},{"not_picked":["Wild Strike","Clothesline","Shrug It Off"],"picked":"SKIP","floor":21},{"not_picked":["Flame Barrier","Iron Wave+1"],"picked":"Pommel Strike+1","floor":23},{"not_picked":["Rupture","Shrug It Off"],"picked":"Havoc+1","floor":24}],"player_experience":96937,"relics_obtained":[{"floor":9.0,"key":"Nunchaku"},{"floor":13.0,"key":"Magic Flower"},{"floor":19,"key":"Necronomicon"},{"floor":24,"key":"Question Card"}],"event_choices":[{"damage_healed":0.0,"max_hp_gain":5.0,"max_hp_loss":0.0,"gold_gain":0.0,"event_name":"Big Fish","player_choice":"Donut","floor":5.0,"gold_loss":0.0,"damage_taken":0.0},{"damage_healed":0.0,"max_hp_gain":0.0,"max_hp_loss":0.0,"gold_gain":0.0,"event_name":"WeMeetAgain","player_choice":"Gave Potion","floor":7.0,"gold_loss":0.0,"damage_taken":0.0,"relics_obtained":["Pear"]},{"damage_healed":0,"gold_gain":0,"player_choice":"Obtained Book","damage_taken":16,"max_hp_gain":0,"max_hp_loss":0,"event_name":"Cursed Tome","floor":19,"gold_loss":0},{"damage_healed":0,"gold_gain":0,"player_choice":"Ignored","damage_taken":0,"max_hp_gain":0,"max_hp_loss":0,"event_name":"Ghosts","floor":20,"gold_loss":0},{"damage_healed":0,"gold_gain":0,"player_choice":"Ignored","damage_taken":0,"max_hp_gain":0,"max_hp_loss":0,"event_name":"Vampires","floor":22,"gold_loss":0}],"is_beta":false,"boss_relics":[{"not_picked":["Astrolabe","Mark of Pain"],"picked":"Sozu"}],"items_purged_floors":[],"is_endless":false,"potions_floor_spawned":[2,14,16,21,23,24],"killed_by":"Cultist and Chosen","ascension_level":0}}