{"host":"sc0o2qwpf9j16a4i","time":1611355436,"event":{"mods":["AchievementEnabler","BaseMod","BetterRewards","Block Reminder","Colored Map","Colored Powertips","Custom Start","Highlight Path","Minty Spire (QoL Compilation)","Relic Stats"],"gold_per_floor":[112,131,81,95,114,114,114,114,138,170,198,209,209,225,225,354,354,373,373,386,409,429,429,462,462,543,566,117,117,52,77,77,196,196,212,232,253,586,606,606,638,44,44,144,156,156,172,206,206,206],"floor_reached":51,"language":"ENG","playtime":2271,"items_purged":["Barricade"],"score":866,"play_id":"f42ebb2b-d58d-474f-96f4-6fe00fab5991","local_time":"20210123004356","daily_mods":["SealedDeck","Uncertain Future","DeadlyEvents"],"is_ascension_mode":false,"campfire_choices":[{"data":"Armaments","floor":6,"key":"SMITH"},{"data":"Rupture","floor":8,"key":"SMITH"},{"data":"Spot Weakness","floor":15,"key":"SMITH"},{"data":"Uppercut","floor":23,"key":"SMITH"},{"data":"Combust","floor":25,"key":"SMITH"},{"data":"Limit Break","floor":32,"key":"SMITH"},{"floor":40,"key":"REST"},{"data":"Inflame","floor":46,"key":"PURGE"},{"data":"Entrench","floor":49,"key":"PURGE"}],"circlet_count":0,"master_deck":["Evolve","Power Through","Second Wind","Shockwave","Spot Weakness+1","Armaments+1","Uppercut+1","Rupture+1","Combust+1","Rampage","Battle Trance+1","Ghostly Armor","Power Through+1","Dropkick","Limit Break+1","Reaper","Dropkick+1","Seeing Red","Disarm","Entrench+1","Rupture","Shrug It Off","Sentinel","Combust","Feel No Pain","Offering","Barricade","Rupture","Rupture","Feel No Pain","Headbutt+1","Disarm+1"],"relics":["Burning Blood","Ancient Tea Set","Strawberry","Runic Pyramid","Bottled Lightning","Ornamental Fan","Membership Card","Ice Cream","Pen Nib","The Courier","SlaversCollar","Art of War","Medical Kit","Peace Pipe","Unceasing Top","Du-Vu Doll"],"acts_visited":["Exordium","TheCity","TheBeyond"],"potions_floor_usage":[16,41,50,50],"damage_taken":[{"damage":6,"enemies":"Small Slimes","floor":1,"turns":4},{"damage":9,"enemies":"Jaw Worm","floor":2,"turns":4},{"damage":3,"enemies":"Cultist","floor":4,"turns":5},{"damage":13,"enemies":"3 Louse","floor":5,"turns":2},{"damage":23,"enemies":"Gremlin Nob","floor":10,"turns":5},{"damage":4,"enemies":"3 Sentries","floor":11,"turns":5},{"damage":9,"enemies":"Exordium Thugs","floor":12,"turns":4},{"damage":13,"enemies":"Looter","floor":14,"turns":4},{"damage":11,"enemies":"Hexaghost","floor":16,"turns":7},{"damage":8,"enemies":"Spheric Guardian","floor":18,"turns":5},{"damage":5,"enemies":"Shell Parasite","floor":20,"turns":7},{"damage":7,"enemies":"Snake Plant","floor":21,"turns":6},{"damage":7,"enemies":"Centurion and Healer","floor":22,"turns":8},{"damage":10,"enemies":"Slavers","floor":24,"turns":6},{"damage":4,"enemies":"Chosen and Byrds","floor":27,"turns":6},{"damage":20,"enemies":"Shelled Parasite and Fungi","floor":31,"turns":6},{"damage":15,"enemies":"Champ","floor":33,"turns":7},{"damage":24,"enemies":"3 Darklings","floor":35,"turns":5},{"damage":5,"enemies":"3 Shapes","floor":36,"turns":6},{"damage":10,"enemies":"Jaw Worm Horde","floor":37,"turns":6},{"damage":64,"enemies":"Sphere and 2 Shapes","floor":39,"turns":7},{"damage":29,"enemies":"Reptomancer","floor":41,"turns":8},{"damage":44,"enemies":"Writhing Mass","floor":45,"turns":9},{"damage":25,"enemies":"3 Darklings","floor":47,"turns":5},{"damage":9,"enemies":"Giant Head","floor":48,"turns":7},{"damage":17,"enemies":"Time Eater","floor":50,"turns":7}],"seed_played":"4984544533314202620","potions_obtained":[{"floor":2,"key":"FearPotion"},{"floor":4,"key":"Weak Potion"},{"floor":22,"key":"Dexterity Potion"},{"floor":39,"key":"Fruit Juice"}],"is_trial":true,"path_per_floor":["M","M","$","M","M","R","?","R","T","E","E","M","?","M","R","B",null,"M","?","M","M","M","R","E","R","T","M","$","T","$","M","R","B",null,"M","M","M","?","M","R","E","$","T","?","M","R","M","E","R","B",null],"character_chosen":"IRONCLAD","items_purchased":["PowerPotion","Membership Card","Ice Cream","Limit Break","Pen Nib","Reaper","Medical Kit","Rupture","Shrug It Off","Sentinel","Combust","Feel No Pain","Offering","Barricade","Rupture","Rupture","Inflame","Feel No Pain","Peace Pipe"],"campfire_rested":1,"item_purchase_floors":[3,28,28,28,28,30,42,42,42,42,42,42,42,42,42,42,42,42,42],"current_hp_per_floor":[80,77,77,80,73,73,73,73,73,63,65,62,41,34,34,29,87,85,85,86,85,84,84,80,80,80,82,82,82,82,68,68,87,87,87,87,87,87,41,67,73,73,73,73,73,73,86,87,87,92],"gold":206,"neow_bonus":"","is_daily":false,"chose_seed":false,"campfire_upgraded":6,"win_rate":0.0,"timestamp":1611355436,"path_taken":["M","M","$","M","M","R","?","R","T","E","?","M","?","M","R","BOSS","M","?","M","M","M","R","E","R","T","M","?","?","$","M","R","BOSS","M","M","M","?","M","R","E","$","T","?","M","R","M","?","R","BOSS"],"items_purchased_type":["Potion","Relic","Relic","Card","Relic","Card","Relic","Card","Card","Card","Card","Card","Card","Card","Card","Card","Card","Card","Relic"],"build_version":"2020-12-22","purchased_purges":1,"victory":true,"max_hp_per_floor":[80,80,80,80,80,80,80,80,80,87,87,87,87,87,87,87,87,87,87,87,87,87,87,87,87,87,87,87,87,87,87,87,87,87,87,87,87,87,87,87,87,87,87,87,87,87,87,87,87,92],"relic_stats":{"Peace Pipe":2,"counters":[26,151],"Ornamental Fan":[24],"Pen Nib":[6],"Art of War":[16],"Medical Kit":[17],"obtain_stats":[{"Ice Cream":28,"Golden Idol":13,"Pen Nib":28,"The Courier":29,"Ancient Tea Set":9,"Medical Kit":42,"Burning Blood":0,"Peace Pipe":42,"Du-Vu Doll":48,"SlaversCollar":34,"Ornamental Fan":26,"Strawberry":10,"Art of War":41,"Bottled Lightning":24,"Membership Card":28,"Unceasing Top":43,"Runic Pyramid":17},{"Ice Cream":15,"Golden Idol":7,"Pen Nib":15,"The Courier":15,"Ancient Tea Set":4,"Medical Kit":22,"Burning Blood":0,"Peace Pipe":22,"Du-Vu Doll":25,"SlaversCollar":17,"Ornamental Fan":14,"Strawberry":5,"Art of War":22,"Bottled Lightning":14,"Membership Card":15,"Unceasing Top":22,"Runic Pyramid":9},{"Ice Cream":78,"Golden Idol":29,"Pen Nib":78,"The Courier":78,"Ancient Tea Set":15,"Medical Kit":123,"Burning Blood":0,"Peace Pipe":123,"Du-Vu Doll":144,"SlaversCollar":91,"Ornamental Fan":72,"Strawberry":20,"Art of War":123,"Bottled Lightning":72,"Membership Card":78,"Unceasing Top":123,"Runic Pyramid":40}],"Burning Blood":122,"Unceasing Top":[1]},"card_choices":[{"not_picked":["Warcry","Wild Strike","Combust"],"picked":"SKIP","floor":1},{"not_picked":["Twin Strike","Clothesline"],"picked":"Rampage","floor":2},{"not_picked":["Bloodletting","Clash"],"picked":"Battle Trance","floor":4},{"not_picked":["Heavy Blade","Havoc","Rampage"],"picked":"SKIP","floor":5},{"not_picked":["Armaments","Berserk","Sever Soul"],"picked":"SKIP","floor":10},{"not_picked":["Dropkick","Spot Weakness","True Grit"],"picked":"SKIP","floor":11},{"not_picked":["True Grit","Armaments","Anger"],"picked":"SKIP","floor":12},{"not_picked":["Havoc","Sever Soul"],"picked":"Ghostly Armor","floor":14},{"not_picked":["Hemokinesis","Warcry"],"picked":"Power Through+1","floor":18},{"not_picked":["Evolve","Flex","Warcry"],"picked":"SKIP","floor":20},{"not_picked":["Warcry","Flex"],"picked":"Entrench","floor":21},{"not_picked":["Cleave","Armaments"],"picked":"Dropkick","floor":22},{"not_picked":["Anger","Power Through","Carnage"],"picked":"SKIP","floor":24},{"not_picked":["Warcry","Armaments","Sword Boomerang"],"picked":"SKIP","floor":27},{"not_picked":["Twin Strike","Inflame"],"picked":"Dropkick+1","floor":31},{"not_picked":["Reaper","Fiend Fire"],"picked":"Barricade","floor":33},{"not_picked":["Whirlwind+1","Clothesline","Intimidate"],"picked":"SKIP","floor":35},{"not_picked":["Iron Wave+1","Blood for Blood+1"],"picked":"Seeing Red","floor":36},{"not_picked":["Searing Blow","Carnage"],"picked":"Disarm","floor":37},{"not_picked":["Rage+1","Pommel Strike+1","Havoc+1"],"picked":"SKIP","floor":39},{"not_picked":["Flame Barrier+1","Anger"],"picked":"Entrench+1","floor":41},{"not_picked":["Hemokinesis+1","Clothesline"],"picked":"Headbutt+1","floor":45},{"not_picked":["Rupture","Havoc+1"],"picked":"Disarm+1","floor":47},{"not_picked":["Wild Strike","Armaments+1","Warcry"],"picked":"SKIP","floor":48}],"player_experience":912750,"relics_obtained":[{"floor":9,"key":"Ancient Tea Set"},{"floor":10,"key":"Strawberry"},{"floor":24,"key":"Bottled Lightning"},{"floor":26,"key":"Ornamental Fan"},{"floor":29,"key":"The Courier"},{"floor":41,"key":"Art of War"},{"floor":43,"key":"Unceasing Top"},{"floor":48,"key":"Du-Vu Doll"}],"event_choices":[{"damage_healed":0,"gold_gain":0,"player_choice":"Upgraded","damage_taken":0,"max_hp_gain":0,"max_hp_loss":0,"event_name":"Upgrade Shrine","floor":7,"gold_loss":0,"cards_upgraded":["Battle Trance"]},{"damage_healed":0,"gold_gain":0,"player_choice":"Take Damage","damage_taken":21,"relics_obtained":["Golden Idol"],"max_hp_gain":0,"max_hp_loss":0,"event_name":"Golden Idol","floor":13,"gold_loss":0},{"cards_removed":["Clothesline"],"damage_healed":0,"gold_gain":0,"player_choice":"Elegance","damage_taken":0,"max_hp_gain":0,"max_hp_loss":0,"event_name":"Back to Basics","floor":19,"gold_loss":0},{"damage_healed":0,"gold_gain":333,"player_choice":"Gave Idol","damage_taken":0,"max_hp_gain":0,"max_hp_loss":0,"event_name":"The Moai Head","floor":38,"relics_lost":["Golden Idol"],"gold_loss":0},{"damage_healed":0,"gold_gain":100,"player_choice":"Pray","damage_taken":0,"max_hp_gain":0,"max_hp_loss":0,"event_name":"Golden Shrine","floor":44,"gold_loss":0}],"is_beta":false,"boss_relics":[{"not_picked":["Runic Cube","Philosopher\u0027s Stone"],"picked":"Runic Pyramid"},{"not_picked":["Sozu","Black Blood"],"picked":"SlaversCollar"}],"items_purged_floors":[42],"is_endless":false,"potions_floor_spawned":[2,4,11,12,22,24,31,36,37,39],"ascension_level":0}}