{"host":"fmwbmnqnrup981we","time":1611324108,"event":{"mods":["AchievementEnabler","Act Like it!","Alarm Clock","Arknights The Spire","Aspiration","Astrologer","Bard","Bartender","BaseMod","Better Altar","Better Match","Better Note","Better Sensory Stone","Better Skull","Better Synergies","Better Third Choice","Better Vampires","BetterRewards","Block Reminder","Curses Come First","Custom Start","DeckTracker","Displayed Cursed Tome","Downfall","Duelist Mod","Ekko","Elementarium","Energized Spire","Evolution","Fox Events","Gold Saver","Good Game Mod","GungeonMod","HexUI Lib","HornydragonMod","Infinite Spire","Kratos Character Expansion","Marked Mod","Minty Spire (QoL Compilation)","Permanent Neow","Pikachu Mod","Poor People Problems","Potionbrewer","Quick Restart","Relic Stats","Reorder Act Four","SIMod","Shop Mod","Small Relic Pack","StS++","StSLib","The Bug Knight","The Death Knight","The Forsaken","The Marked","The Necromancer","The Runesmith","The Servant 0.9.4","The Wild Card","TheHero","TheVacant","TheVelvet","Thieving Mod","Transform Curses","Uncapped","Unceasing Turn Reminder","Waifu the Spire","Yuri Mod","everything is the same but u backflip on backflip"],"gold_per_floor":[544,558,508,783,802,802,819,847,921,921,937,963,963,975,975,1078,1078,1088,1105,1105,1119,1139,1139,1168,1168,1240,1266,1266,1266,1285,1316,1316,1413,1413,1429,1429,1429,1444,1514,1514,1540,1540,1540,1567,1580,1596,877,912,912,1015,1015,1027,1078,1078,1088,490,516,585,592,669,680,687,709,720,737,737,837,837,846,1130,1134,1134,1059,1073,1073,1094,1094,377,377,446,448,438,438],"floor_reached":82,"language":"ENG","playtime":5233,"items_purged":["Regret","Defend_P","Defend_P"],"score":1941,"play_id":"5e594551-4299-409b-b507-61f6fc6bb3bb","local_time":"20210122140148","is_ascension_mode":true,"campfire_choices":[{"floor":6,"key":"RECALL"},{"floor":10,"key":"REST"},{"floor":13,"key":"REST"},{"floor":15,"key":"REST"},{"data":"SignatureMove","floor":23,"key":"SMITH"},{"data":"infinitespire:Menacing","floor":32,"key":"SMITH"},{"floor":40,"key":"RECALL"},{"data":"Flash of Steel","floor":42,"key":"SMITH"},{"floor":49,"key":"REST"},{"data":"Master of Strategy","floor":66,"key":"SMITH"},{"data":"infinitespire:Punishment","floor":75,"key":"SMITH"},{"data":"Embodiment","floor":79,"key":"SMITH"}],"circlet_count":0,"master_deck":["StSpp:LatentStrike+1","Strike_P","Strike_P","Defend_P","Eruption","Vigilance","Stare","SignatureMove+1","JustLucky","StSpp:LatentStrike+1","FlurryOfBlows","Prostrate","JustLucky+1","FollowUp+1","Stare","SashWhip+1","infinitespire:Menacing+1","BottledTime+1","Flash of Steel+1","Master of Strategy+1","MasterReality+1","FlyingSleeves+1","Consecrate+1","FastForward+1","Advance+1","BottledTime+1","JustLucky+1","Alpha","BestPractice+1","Embodiment+1","BottledTime+1","JustLucky+1","FlurryOfBlows+1","MarkedMod:FirstStrike+1","Shuttle+1","PathToVictory+1","StSpp:Purify","infinitespire:Punishment+1","LessonLearned+1","FlurryOfBlows+1","MarkedMod:Acupuncture+1","JustLucky+1","FlurryOfBlows+1"],"relics":["PureWater","EVO:Axolotl","REME:ComplimentaryCards","DemoMod:LamentConfigurum","MoneyPower","theForsaken:HumbleEgg","aspiration:ServantSkillbook","Pocketwatch","Lantern","infinitespire:CheckeredPen","energizedSpire:NeverEndingSparkler","StSpp:TwinEgg","theForsaken:PaleLantern","TeardropLocket","Strawberry","Incense Burner","Whetstone","aspiration:Nostalgia","theDuelist:BoosterPackPoolRelic","DemoMod:PinkGuonStone","Juzu Bracelet","aspiration:FetidBarrel","infinitespire:EmpoweringShard","Black Star","DemoMod:NanoMachines","Spirit Poop","DemoMod:GlassGuonStoneRelic","DemoMod:VorpalBullet","StSpp:JackpotMachine","Cleaning_Rag","StSpp:WoodenPendulum","potionbrewer:WarMedal","Toy Ornithopter","infinitespire:Midas Blood","aspiration:ChemicalBlood","Tiny Chest","DemoMod:ClearGuonStone","CeramicFish","SlaversCollar","CaptainsWheel","DemoMod:WhiteGuonStone","StSpp:SailingBoat","relicPack:WeightedSword","DemoMod:WeirdEgg","DemoMod:ResourcefulSack","infinitespire:FocusingShard"],"acts_visited":["Exordium","TheCity","TheBeyond","Exordium","TheCity"],"potions_floor_usage":[7,7,7,16,33,33,46,50,50,50,50,50,67,67],"damage_taken":[{"damage":7,"enemies":"2 Louse","floor":1,"turns":2},{"damage":6,"enemies":"Cultist","floor":2,"turns":5},{"damage":0,"enemies":"Small Slimes","floor":5,"turns":2},{"damage":18,"enemies":"Exordium Wildlife","floor":7,"turns":5},{"damage":32,"enemies":"3 Sentries","floor":8,"turns":9},{"damage":0,"enemies":"Exordium Thugs","floor":11,"turns":2},{"damage":10,"enemies":"Lagavulin","floor":12,"turns":3},{"damage":0,"enemies":"Large Slime","floor":14,"turns":2},{"damage":0,"enemies":"Slime Boss","floor":16,"turns":1},{"damage":0,"enemies":"Shell Parasite","floor":18,"turns":3},{"damage":2,"enemies":"2 Thieves","floor":19,"turns":2},{"damage":0,"enemies":"Cultist and Chosen","floor":21,"turns":2},{"damage":3,"enemies":"Chosen and Byrds","floor":22,"turns":4},{"damage":0,"enemies":"Nightmare","floor":24,"turns":5},{"damage":0,"enemies":"theDuelist:KaibaA2","floor":27,"turns":2},{"damage":6,"enemies":"Snake Plant","floor":30,"turns":2},{"damage":0,"enemies":"Book of Stabbing","floor":31,"turns":3},{"damage":0,"enemies":"Automaton","floor":33,"turns":3},{"damage":0,"enemies":"Orb Walker","floor":35,"turns":1},{"damage":4,"enemies":"3 Darklings","floor":38,"turns":2},{"damage":17,"enemies":"Giant Head","floor":41,"turns":3},{"damage":35,"enemies":"Nightmare","floor":44,"turns":4},{"damage":15,"enemies":"Writhing Mass","floor":45,"turns":2},{"damage":2,"enemies":"Spire Growth","floor":46,"turns":2},{"damage":5,"enemies":"Nemesis","floor":48,"turns":4},{"damage":21,"enemies":"infinitespire:MassOfShapes","floor":50,"turns":7},{"damage":0,"enemies":"2 Louse","floor":52,"turns":1},{"damage":0,"enemies":"Lagavulin Event","floor":53,"turns":2},{"damage":0,"enemies":"Cultist","floor":55,"turns":1},{"damage":0,"enemies":"Gremlin Nob","floor":57,"turns":1},{"damage":0,"enemies":"Small Slimes","floor":59,"turns":1},{"damage":0,"enemies":"3 Sentries","floor":61,"turns":3},{"damage":0,"enemies":"2 Fungi Beasts","floor":62,"turns":2},{"damage":0,"enemies":"Lagavulin","floor":63,"turns":1},{"damage":0,"enemies":"Looter","floor":64,"turns":1},{"damage":0,"enemies":"Nightmare","floor":65,"turns":2},{"damage":0,"enemies":"Slime Boss","floor":67,"turns":3},{"damage":0,"enemies":"Spheric Guardian","floor":69,"turns":2},{"damage":0,"enemies":"2 Thieves","floor":71,"turns":2},{"damage":0,"enemies":"Slavers","floor":74,"turns":3},{"damage":0,"enemies":"Snake Plant","floor":76,"turns":1},{"damage":91,"enemies":"Nightmare_Alpha","floor":82,"turns":2}],"seed_played":"-603609953559021404","potions_obtained":[{"floor":5,"key":"StSpp:ScatteredPotion"},{"floor":11,"key":"DistilledChaos"},{"floor":16,"key":"PowerPotion"},{"floor":19,"key":"Guardian:BlockOnCardUsePotion"},{"floor":21,"key":"potionbrewer:SplittingPotion"},{"floor":24,"key":"Ancient Potion"},{"floor":33,"key":"Guardian:BlockOnCardUsePotion"},{"floor":35,"key":"StancePotion"},{"floor":45,"key":"champ:CounterPotion"},{"floor":48,"key":"ColorlessPotion"},{"floor":53,"key":"Strength Potion"},{"floor":55,"key":"SkillPotion"},{"floor":61,"key":"AttackPotion"},{"floor":69,"key":"BlessingOfTheForge"},{"floor":76,"key":"potionbrewer:DiscountPotion"},{"floor":82,"key":"hexamod:SoulburnPotion"}],"is_trial":false,"path_per_floor":["M","M","?","?","M","R","M","E","T","R","M","E","R","M","R","B",null,"M","M","?","M","M","R","NM","?","T","E","AVR","?","M","E","R","B",null,"M","?","?","M","T","R","E","R","T","NM","M","M","$","E","R","B",null,"M","?","?","M","$","E","?","M","T","E","M","E","M","NM","R","B",null,"M","?","M","?","?","E","R","M","T","$","R","T","?","NM"],"character_chosen":"WATCHER","items_purchased":["Alpha","aspiration:Nostalgia","DemoMod:PinkGuonStone","Juzu Bracelet","DemoMod:VorpalBullet","StSpp:JackpotMachine","JustLucky+1","relicPack:WeightedSword","DemoMod:WeirdEgg","DemoMod:ResourcefulSack"],"campfire_rested":4,"item_purchase_floors":[47,47,47,47,56,56,56,78,78,78],"current_hp_per_floor":[65,59,59,59,59,59,41,9,9,30,30,20,41,41,62,62,72,72,70,70,70,67,67,67,67,67,67,67,67,61,61,61,61,72,72,102,102,98,98,98,88,88,88,53,38,36,43,38,72,51,116,116,116,116,116,116,116,116,116,116,116,116,116,116,116,116,116,116,116,116,116,116,116,116,116,116,116,116,116,116,82,0,0],"gold":438,"neow_bonus":"THREE_CARDS","is_daily":false,"chose_seed":false,"campfire_upgraded":6,"win_rate":0.0,"timestamp":1611324108,"path_taken":["M","M","?","?","?","R","M","E","T","R","M","E","R","M","R","BOSS","M","M","?","?","M","R","NM","?","T","E","AVR","?","?","E","R","BOSS","M","?","?","M","?","R","E","R","T","NM","M","M","?","E","R","BOSS","M","?","?","M","$","E","?","M","T","E","M","E","M","NM","R","BOSS","M","?","M","?","?","E","R","M","T","$","R","?","?","NM"],"items_purchased_type":["Card","Relic","Relic","Relic","Relic","Relic","Card","Relic","Relic","Relic"],"build_version":"2020-12-22","purchased_purges":3,"victory":false,"max_hp_per_floor":[72,72,72,72,72,72,72,72,72,72,72,72,72,72,72,72,72,72,72,72,72,72,72,72,72,72,72,72,72,72,72,72,72,72,72,102,102,102,102,102,109,109,109,109,109,109,116,116,116,116,116,116,116,116,116,116,116,116,116,116,116,116,116,116,116,116,116,116,116,116,116,116,116,116,116,116,116,116,116,116,116,116,116],"relic_stats":{"counters":[42,110],"CeramicFish":72,"Tiny Chest":1,"Juzu Bracelet":4,"Black Star":5,"Whetstone":["StSpp:LatentStrike","StSpp:LatentStrike"],"obtain_stats":[{"Lantern":25,"CeramicFish":65,"Spirit Poop":54,"DemoMod:GlassGuonStoneRelic":2,"Incense Burner":43,"Juzu Bracelet":47,"EVO:Axolotl":0,"TeardropLocket":39,"Whetstone":44,"DemoMod:WhiteGuonStone":74,"Cleaning_Rag":57,"theForsaken:HumbleEgg":12,"theDuelist:BoosterPackPoolRelic":47,"Strawberry":41,"DemoMod:LamentConfigurum":8,"StSpp:TwinEgg":31,"Tiny Chest":63,"DemoMod:ClearGuonStone":65,"aspiration:ChemicalBlood":63,"DemoMod:Armor":53,"potionbrewer:WarMedal":60,"aspiration:Nostalgia":47,"aspiration:FetidBarrel":48,"StSpp:JackpotMachine":56,"DemoMod:WeirdEgg":78,"StSpp:WoodenPendulum":57,"theForsaken:PaleLantern":34,"DemoMod:PinkGuonStone":47,"infinitespire:FocusingShard":80,"MoneyPower":9,"infinitespire:CheckeredPen":27,"StSpp:SailingBoat":74,"SlaversCollar":68,"REME:ComplimentaryCards":0,"CaptainsWheel":74,"energizedSpire:NeverEndingSparkler":28,"aspiration:ServantSkillbook":17,"DemoMod:NanoMachines":53,"infinitespire:EmpoweringShard":48,"Black Star":51,"DemoMod:ResourcefulSack":78,"PureWater":0,"DemoMod:VorpalBullet":56,"Toy Ornithopter":61,"relicPack:WeightedSword":78,"Pocketwatch":24,"infinitespire:Midas Blood":61},{"Lantern":14,"CeramicFish":36,"Spirit Poop":28,"DemoMod:GlassGuonStoneRelic":2,"Incense Burner":21,"Juzu Bracelet":24,"EVO:Axolotl":0,"TeardropLocket":20,"Whetstone":22,"DemoMod:WhiteGuonStone":40,"Cleaning_Rag":30,"theForsaken:HumbleEgg":7,"theDuelist:BoosterPackPoolRelic":24,"Strawberry":21,"DemoMod:LamentConfigurum":5,"StSpp:TwinEgg":17,"Tiny Chest":34,"DemoMod:ClearGuonStone":36,"aspiration:ChemicalBlood":34,"DemoMod:Armor":28,"potionbrewer:WarMedal":31,"aspiration:Nostalgia":24,"aspiration:FetidBarrel":25,"StSpp:JackpotMachine":29,"DemoMod:WeirdEgg":41,"StSpp:WoodenPendulum":30,"theForsaken:PaleLantern":18,"DemoMod:PinkGuonStone":24,"infinitespire:FocusingShard":41,"MoneyPower":5,"infinitespire:CheckeredPen":15,"StSpp:SailingBoat":40,"SlaversCollar":37,"REME:ComplimentaryCards":0,"CaptainsWheel":40,"energizedSpire:NeverEndingSparkler":15,"aspiration:ServantSkillbook":9,"DemoMod:NanoMachines":28,"infinitespire:EmpoweringShard":25,"Black Star":26,"DemoMod:ResourcefulSack":41,"PureWater":0,"DemoMod:VorpalBullet":29,"Toy Ornithopter":32,"relicPack:WeightedSword":41,"Pocketwatch":14,"infinitespire:Midas Blood":32},{"Lantern":47,"CeramicFish":97,"Spirit Poop":85,"DemoMod:GlassGuonStoneRelic":7,"Incense Burner":63,"Juzu Bracelet":71,"EVO:Axolotl":0,"TeardropLocket":60,"Whetstone":67,"DemoMod:WhiteGuonStone":107,"Cleaning_Rag":87,"theForsaken:HumbleEgg":28,"theDuelist:BoosterPackPoolRelic":71,"Strawberry":63,"DemoMod:LamentConfigurum":23,"StSpp:TwinEgg":54,"Tiny Chest":94,"DemoMod:ClearGuonStone":97,"aspiration:ChemicalBlood":94,"DemoMod:Armor":85,"potionbrewer:WarMedal":88,"aspiration:Nostalgia":71,"aspiration:FetidBarrel":74,"StSpp:JackpotMachine":86,"DemoMod:WeirdEgg":108,"StSpp:WoodenPendulum":87,"theForsaken:PaleLantern":57,"DemoMod:PinkGuonStone":71,"infinitespire:FocusingShard":108,"MoneyPower":23,"infinitespire:CheckeredPen":49,"StSpp:SailingBoat":107,"SlaversCollar":100,"REME:ComplimentaryCards":0,"CaptainsWheel":106,"energizedSpire:NeverEndingSparkler":49,"aspiration:ServantSkillbook":31,"DemoMod:NanoMachines":85,"infinitespire:EmpoweringShard":75,"Black Star":82,"DemoMod:ResourcefulSack":108,"PureWater":0,"DemoMod:VorpalBullet":86,"Toy Ornithopter":91,"relicPack:WeightedSword":108,"Pocketwatch":47,"infinitespire:Midas Blood":91}],"Toy Ornithopter":0,"Pocketwatch":[6]},"card_choices":[{"not_picked":["Swivel","StSpp:Renounce"],"picked":"SignatureMove","floor":0},{"not_picked":["MarkedMod:GentlePulse","Adaptation","ClearTheMind"],"picked":"SKIP","floor":1},{"not_picked":["Worship","Wallop"],"picked":"JustLucky","floor":2},{"not_picked":["Scrawl","CrushJoints"],"picked":"StSpp:LatentStrike","floor":5},{"not_picked":["DevaForm","FollowUp"],"picked":"FlurryOfBlows","floor":7},{"not_picked":["StSpp:LatentStrike","StSpp:Chanting"],"picked":"Prostrate","floor":8},{"not_picked":["MentalFortress","BowlingBash"],"picked":"JustLucky","floor":11},{"not_picked":["Omniscience","Wallop","Fasting2"],"picked":"SKIP","floor":12},{"not_picked":["SashWhip+1","FearNoEvil"],"picked":"FollowUp+1","floor":14},{"not_picked":["TimeWarp+1","Potential+1","Starlight+1"],"picked":"Halt+1","floor":18},{"not_picked":["Protect+1","TimeWarp+1","Alleviate+1","Potential+1"],"picked":"SKIP","floor":19},{"not_picked":["StSpp:Faith","PathToVictory+1","StSpp:TimeDodge+1","ClearTheMind+1"],"picked":"SKIP","floor":21},{"not_picked":["Deadline+1","StSpp:Renounce+1","Tantrum"],"picked":"SashWhip+1","floor":22},{"not_picked":["infinitespire:Oblivion","infinitespire:SevenWalls"],"picked":"infinitespire:Menacing","floor":24},{"not_picked":["EmptyFist+1","MarkedMod:PinPointDefense+1","Alleviate+1"],"picked":"BottledTime+1","floor":24},{"not_picked":["MarkedMod:OneThousandNeedles","CrushJoints+1","ShatteredReality+1","GearUp"],"picked":"SKIP","floor":27},{"not_picked":["Forethought","GreatAndPowerful","Master of Strategy"],"picked":"Flash of Steel","floor":29},{"not_picked":["Deep Breath","Mind Blast","Trip"],"picked":"Master of Strategy","floor":29},{"not_picked":["Ricochet+1","FanOfKnives","DoubleEdge+1","Protect+1"],"picked":"SKIP","floor":30},{"not_picked":["InnerPeace+1","ShatteredReality+1","Moonlight","PathToVictory+1"],"picked":"SKIP","floor":31},{"not_picked":["Ragnarok","ConjureBlade","Solidify"],"picked":"MasterReality","floor":33},{"not_picked":["SignatureMove+1","StSpp:Renounce+1","ShatteredReality+1"],"picked":"FlyingSleeves+1","floor":35},{"not_picked":["Comet+1","MarkedMod:GentlePulse+1","BowlingBash+1"],"picked":"Consecrate+1","floor":38},{"not_picked":["GearUp+1","Moonlight","StSpp:LatentStrike+1"],"picked":"FastForward+1","floor":41},{"not_picked":["ThirdEye+1","BowlingBash+1","ShatteredReality+1"],"picked":"Advance","floor":44},{"not_picked":["ThirdEye+1","Moondial","FanOfKnives+1"],"picked":"BottledTime+1","floor":45},{"not_picked":["Replace+1","Shuttle","Pray"],"picked":"JustLucky+1","floor":46},{"not_picked":["Omniscience","TimeWarp+1","SashWhip+1"],"picked":"BestPractice","floor":48},{"not_picked":["MarkedMod:ChiBlock","StSpp:Faith","MarkedMod:SlowDance"],"picked":"Embodiment","floor":50},{"not_picked":["Replace+1","SurpressingFire","TimeWarp+1","FanOfKnives"],"picked":"SKIP","floor":52},{"not_picked":["FollowUp+1","MarkedMod:PinPointDefense","DualDimension"],"picked":"BottledTime+1","floor":53},{"not_picked":["StSpp:LatentStrike+1","ClearTheMind+1","Unruled+1","Wallop"],"picked":"SKIP","floor":55},{"not_picked":["Rearm+1","InstantArmor","MarkedMod:Acupuncture+1"],"picked":"FlurryOfBlows+1","floor":57},{"not_picked":["MurderousAura","Rearm+1","BottledTime+1","DualDimension","Protect+1"],"picked":"MarkedMod:FirstStrike+1","floor":59},{"not_picked":["StSpp:Renounce+1","DoubleEdge+1","Worship","DualDimension","Fasting2","PathToVictory+1"],"picked":"SKIP","floor":61},{"not_picked":["Ricochet+1","Read","Starlight+1","ShatteredReality+1","DoubleEdge+1"],"picked":"Shuttle","floor":62},{"not_picked":["Indignation","Manipulate","FlyingSleeves+1","CutThroughFate+1","Hightail"],"picked":"PathToVictory+1","floor":63},{"not_picked":["Spin+1","EmptyMind","ShatteredReality+1","MarkedMod:FirstStrike+1","Initiator","Ricochet+1"],"picked":"SKIP","floor":64},{"not_picked":["Collect","MarkedMod:OneThousandNeedles","LikeWater","WreathOfFlame","Advance"],"picked":"StSpp:Purify","floor":65},{"not_picked":["infinitespire:SevenWalls","infinitespire:TheBestDefense"],"picked":"infinitespire:Punishment","floor":67},{"not_picked":["Deny","LightFlow","Vault","SilverMatrix","TrueSight"],"picked":"LessonLearned","floor":67},{"not_picked":["MarkedMod:Acupuncture+1","SashWhip+1","JustLucky+1","DoubleEdge+1","WindmillStrike"],"picked":"FlurryOfBlows+1","floor":69},{"not_picked":["DevaForm","Consecrate+1","StSpp:Renounce+1","FanOfKnives","FlyingSleeves+1"],"picked":"MarkedMod:Acupuncture+1","floor":71},{"not_picked":["SignatureMove","EmptyBody+1","Spin+1","Read","Protect+1"],"picked":"JustLucky+1","floor":74},{"not_picked":["MarkedMod:GracefulMovements","EmptyBody+1","Indignation","Replace+1","CutThroughFate+1"],"picked":"FlurryOfBlows+1","floor":76}],"player_experience":462868,"relics_obtained":[{"floor":8,"key":"DemoMod:LamentConfigurum"},{"floor":9,"key":"MoneyPower"},{"floor":12,"key":"theForsaken:HumbleEgg"},{"floor":24,"key":"Pocketwatch"},{"floor":27,"key":"infinitespire:CheckeredPen"},{"floor":31,"key":"StSpp:TwinEgg"},{"floor":39,"key":"TeardropLocket"},{"floor":41,"key":"Strawberry"},{"floor":43,"key":"Incense Burner"},{"floor":44,"key":"Whetstone"},{"floor":48,"key":"infinitespire:EmpoweringShard"},{"floor":53,"key":"DemoMod:NanoMachines"},{"floor":57,"key":"Cleaning_Rag"},{"floor":57,"key":"StSpp:WoodenPendulum"},{"floor":60,"key":"potionbrewer:WarMedal"},{"floor":61,"key":"Toy Ornithopter"},{"floor":61,"key":"infinitespire:Midas Blood"},{"floor":63,"key":"aspiration:ChemicalBlood"},{"floor":63,"key":"Tiny Chest"},{"floor":65,"key":"DemoMod:ClearGuonStone"},{"floor":65,"key":"CeramicFish"},{"floor":74,"key":"DemoMod:WhiteGuonStone"},{"floor":74,"key":"StSpp:SailingBoat"},{"floor":80,"key":"infinitespire:FocusingShard"}],"event_choices":[{"cards_removed":["Strike_P"],"damage_healed":0,"gold_gain":0,"player_choice":"Card Removal","damage_taken":0,"max_hp_gain":0,"max_hp_loss":0,"event_name":"The Cleric","floor":3,"gold_loss":50},{"damage_healed":0,"gold_gain":275,"player_choice":"Desecrate","damage_taken":0,"max_hp_gain":0,"max_hp_loss":0,"event_name":"Golden Shrine","floor":4,"gold_loss":0,"cards_obtained":["Regret"]},{"cards_removed":["Stare"],"damage_healed":0,"gold_gain":0,"player_choice":"Take \u0026 Give","damage_taken":0,"max_hp_gain":0,"max_hp_loss":0,"event_name":"betterNote:BetterNote","floor":20,"gold_loss":0,"cards_obtained":["Stare"]},{"damage_healed":0,"gold_gain":0,"player_choice":"Stole Relic","damage_taken":0,"relics_obtained":["Lantern"],"max_hp_gain":0,"max_hp_loss":0,"event_name":"Addict","floor":25,"gold_loss":0,"cards_obtained":["Shame"]},{"damage_healed":0,"gold_gain":2,"player_choice":"1","damage_taken":0,"max_hp_gain":0,"max_hp_loss":0,"event_name":"betterStone:BetterStone","floor":29,"gold_loss":0},{"cards_removed":["Halt"],"damage_healed":0,"gold_gain":0,"player_choice":"Removed Skill","damage_taken":0,"max_hp_gain":0,"max_hp_loss":0,"event_name":"Falling","floor":37,"gold_loss":0},{"damage_healed":0,"gold_gain":0,"player_choice":"Searched \u00271\u0027 times","damage_taken":0,"max_hp_gain":0,"max_hp_loss":0,"event_name":"Dead Adventurer","floor":53,"gold_loss":0},{"cards_removed":["Shame"],"damage_healed":0,"gold_gain":0,"player_choice":"Offered Curse","damage_taken":0,"relics_obtained":["Spirit Poop"],"max_hp_gain":0,"max_hp_loss":0,"event_name":"Bonfire Elementals","floor":54,"gold_loss":0},{"damage_healed":0,"gold_gain":69,"player_choice":"Gained Gold","damage_taken":0,"max_hp_gain":0,"max_hp_loss":0,"event_name":"Golden Wing","floor":58,"gold_loss":0},{"damage_healed":0,"gold_gain":275,"player_choice":"Desecrate","damage_taken":0,"max_hp_gain":0,"max_hp_loss":0,"event_name":"Golden Shrine","floor":70,"gold_loss":0,"cards_obtained":["Regret"]},{"cards_removed":["Regret"],"damage_healed":0,"gold_gain":0,"player_choice":"Elegance","damage_taken":0,"max_hp_gain":0,"max_hp_loss":0,"event_name":"betterThird:BetterWriting","floor":72,"gold_loss":0},{"cards_removed":["Defend_P"],"damage_healed":0,"gold_gain":0,"player_choice":"Gave Gold","damage_taken":0,"max_hp_gain":0,"max_hp_loss":0,"event_name":"Beggar","floor":73,"gold_loss":75}],"is_beta":false,"boss_relics":[{"not_picked":["Fusion Hammer","StSpp:PileOfSugar"],"picked":"aspiration:ServantSkillbook"},{"not_picked":["energizedSpire:DeadBattery","energizedSpire:EnergizedDie"],"picked":"theForsaken:PaleLantern"},{"not_picked":["Velvet Choker","aspiration:PoetsPen_weak"],"picked":"Black Star"},{"not_picked":["relicPack:StarArrow","potionbrewer:BhaskarasWheel"],"picked":"SlaversCollar"}],"items_purged_floors":[47,56,78],"is_endless":true,"potions_floor_spawned":[5,11,16,19,21,24,27,33,35,44,45,48,53,55,59,61,62,69,74,76],"killed_by":"Nightmare_Alpha","ascension_level":1}}