{"host":"y1oqg7uy0jc6f5mb","time":1611303322,"event":{"mods":["BaseMod","Better Altar","Better Match","Better Note","Better Sensory Stone","Better Skull","Better Third Choice","BetterRewards","Block Reminder","Colored Map","Colored Powertips","Custom Start","DeckTracker","Displayed Cursed Tome","Highlight Path","Ironclad Rager","Minty Spire (QoL Compilation)","Permanent Neow","Quick Restart","Relic Sorter","Relic Stats","Shop Mod","StSLib"],"gold_per_floor":[16,32,32,32,32,32,73,89,140,140,90,111,10,50,50,180,180,204,204,228,249,288,288,321,340,386,398,410,463,494,520,532,674,686,717,792,819,35,35,35,70,88,113,113,157,157,198,198,198,198],"floor_reached":51,"language":"ENG","playtime":2776,"items_purged":["Injury","Twin Strike"],"score":1178,"play_id":"bcc2dfe0-6fed-4a91-9da9-544360a87b29","local_time":"20210122161522","is_ascension_mode":true,"campfire_choices":[{"data":"Spot Weakness","floor":6.0,"key":"SMITH"},{"data":"Immolate","floor":10.0,"key":"SMITH"},{"data":"True Grit","floor":15.0,"key":"SMITH"},{"data":"Body Slam","floor":23.0,"key":"SMITH"},{"data":"Armaments","floor":27.0,"key":"SMITH"},{"floor":32.0,"key":"REST"},{"floor":40,"key":"REST"},{"floor":44,"key":"REST"},{"floor":49,"key":"REST"}],"circlet_count":0,"master_deck":["Bash+1","Twin Strike","Twin Strike","Twin Strike","Iron Wave","Iron Wave+1","Iron Wave","Iron Wave","Spot Weakness+1","Inflame","Immolate+1","True Grit+1","Offering","Offering","Entrench+1","Metallicize+1","Body Slam+1","Armaments+1","Flex+1","Disarm","Demon Form","Heavy Blade+1","Fire Breathing+1","Clothesline+1","Flame Barrier","ICR:VitalStrike","Secret Weapon","Battle Trance","Rupture"],"relics":["Burning Blood","Golden Idol","Smiling Mask","Matryoshka","Sozu","Red Mask","Blue Candle","Regal Pillow","Mercury Hourglass","Magic Flower","Bronze Scales","Fusion Hammer","FossilizedHelix","MerchantsRug","Oddly Smooth Stone","Blood Vial","MealTicket","Vajra","Torii","Ornamental Fan"],"acts_visited":["Exordium","TheCity","TheBeyond"],"potions_floor_usage":[],"damage_taken":[{"damage":0.0,"enemies":"2 Louse","floor":1.0,"turns":2.0},{"damage":10.0,"enemies":"Small Slimes","floor":2.0,"turns":2.0},{"damage":13.0,"enemies":"Lagavulin","floor":7.0,"turns":6.0},{"damage":0.0,"enemies":"Cultist","floor":8.0,"turns":2.0},{"damage":11.0,"enemies":"Looter","floor":12.0,"turns":2.0},{"damage":6.0,"enemies":"Gremlin Nob","floor":14.0,"turns":3.0},{"damage":9.0,"enemies":"Hexaghost","floor":16.0,"turns":6.0},{"damage":12.0,"enemies":"Spheric Guardian","floor":18.0,"turns":3.0},{"damage":12.0,"enemies":"Chosen","floor":20.0,"turns":2.0},{"damage":6.0,"enemies":"Centurion and Healer","floor":21.0,"turns":3.0},{"damage":6.0,"enemies":"Masked Bandits","floor":22.0,"turns":2.0},{"damage":14.0,"enemies":"Gremlin Leader","floor":24.0,"turns":4.0},{"damage":15.0,"enemies":"Snake Plant","floor":25.0,"turns":3.0},{"damage":12.0,"enemies":"Book of Stabbing","floor":29.0,"turns":2.0},{"damage":8.0,"enemies":"Snecko","floor":30.0,"turns":4.0},{"damage":12.0,"enemies":"Cultist and Chosen","floor":31.0,"turns":3.0},{"damage":17.0,"enemies":"Champ","floor":33.0,"turns":7.0},{"damage":7.0,"enemies":"Orb Walker","floor":35.0,"turns":2.0},{"damage":6.0,"enemies":"Mind Bloom Boss Battle","floor":36.0,"turns":4.0},{"damage":6.0,"enemies":"3 Shapes","floor":37.0,"turns":1.0},{"damage":30,"enemies":"Reptomancer","floor":41,"turns":5},{"damage":0,"enemies":"Spire Growth","floor":42,"turns":4},{"damage":0,"enemies":"Giant Head","floor":45,"turns":5},{"damage":8,"enemies":"Nemesis","floor":47,"turns":5},{"damage":29,"enemies":"Time Eater","floor":50,"turns":7}],"seed_played":"1218623","potions_obtained":[{"floor":1.0,"key":"Strength Potion"},{"floor":2.0,"key":"Weak Potion"}],"is_trial":false,"path_per_floor":["M","M","?","?","?","R","E","M","T","R","?","M","$","E","R","B",null,"M","?","M","M","?","R","E","M","T","R","T","E","M","M","R","B",null,"M","?","M","$","?","R","E","M","T","R","E","?","E","?","R","B",null],"character_chosen":"IRONCLAD","items_purchased":["PowerPotion","Flame Barrier","MerchantsRug","ICR:VitalStrike","Secret Weapon","Oddly Smooth Stone","Blood Vial"],"campfire_rested":4,"item_purchase_floors":[13,38,38,38,38,38,38],"current_hp_per_floor":[57,53,39,63,63,63,56,62,62,62,62,57,57,57,57,54,65,59,59,53,53,53,53,45,36,36,36,36,33,34,31,66,58,66,68,69,69,69,69,69,48,60,60,69,69,69,69,69,69,49],"gold":198,"neow_bonus":"IRONCLAD_BERSERKER","is_daily":false,"chose_seed":true,"campfire_upgraded":5,"win_rate":0.0,"timestamp":1611303322,"path_taken":["M","M","?","?","?","R","E","M","T","R","?","M","$","E","R","BOSS","M","?","?","M","?","R","E","M","T","R","?","E","M","M","R","BOSS","M","?","M","$","?","R","E","?","T","R","E","?","E","?","R","BOSS"],"items_purchased_type":["Potion","Card","Relic","Card","Card","Relic","Relic"],"build_version":"2020-12-22","purchased_purges":2,"victory":true,"max_hp_per_floor":[72,72,72,72,72,72,72,72,72,72,69,69,69,69,69,69,69,69,69,69,69,69,69,69,69,69,69,69,69,69,69,69,69,69,69,69,69,69,69,69,69,69,69,69,69,69,69,69,69,69],"relic_stats":{"Regal Pillow":15,"Torii":8,"counters":[25,89],"Golden Idol":196,"Blue Candle":[0],"Magic Flower":[28],"Smiling Mask":75,"Burning Blood":171,"Mercury Hourglass":[167],"Sozu":7,"Blood Vial":3,"Ornamental Fan":[8],"Bronze Scales":[106],"MealTicket":0,"obtain_stats":[{"MerchantsRug":38,"Regal Pillow":26,"Torii":45,"Golden Idol":5,"Blue Candle":24,"Magic Flower":28,"Oddly Smooth Stone":38,"Vajra":43,"War Paint":7,"Smiling Mask":9,"MawBank":26,"Burning Blood":0,"Mercury Hourglass":28,"Sozu":17,"Blood Vial":38,"Matryoshka":14,"Ornamental Fan":47,"Bronze Scales":29,"MealTicket":41,"Fusion Hammer":34,"Red Mask":22,"FossilizedHelix":36},{"MerchantsRug":20,"Regal Pillow":13,"Torii":23,"Golden Idol":2,"Blue Candle":12,"Magic Flower":13,"Oddly Smooth Stone":20,"Vajra":22,"War Paint":3,"Smiling Mask":4,"MawBank":13,"Burning Blood":0,"Mercury Hourglass":13,"Sozu":7,"Blood Vial":20,"Matryoshka":6,"Ornamental Fan":24,"Bronze Scales":14,"MealTicket":21,"Fusion Hammer":17,"Red Mask":11,"FossilizedHelix":19},{"MerchantsRug":63,"Regal Pillow":40,"Torii":77,"Golden Idol":4,"Blue Candle":37,"Magic Flower":40,"Oddly Smooth Stone":63,"Vajra":72,"War Paint":10,"Smiling Mask":12,"MawBank":40,"Burning Blood":0,"Mercury Hourglass":40,"Sozu":23,"Blood Vial":63,"Matryoshka":17,"Ornamental Fan":82,"Bronze Scales":42,"MealTicket":68,"Fusion Hammer":56,"Red Mask":33,"FossilizedHelix":62}]},"card_choices":[{"not_picked":["Body Slam","Carnage"],"picked":"Spot Weakness","floor":1.0},{"not_picked":["Wild Strike","Warcry"],"picked":"Inflame","floor":2.0},{"not_picked":["Havoc","Sword Boomerang"],"picked":"Perfected Strike","floor":7.0},{"not_picked":["Evolve","Thunderclap"],"picked":"Immolate","floor":8.0},{"not_picked":["Intimidate","Power Through","Bloodletting"],"picked":"SKIP","floor":12.0},{"not_picked":["Clash","Flex"],"picked":"True Grit","floor":14.0},{"not_picked":["Berserk","Exhume"],"picked":"Offering","floor":16.0},{"not_picked":["Perfected Strike","Fire Breathing"],"picked":"Sentinel","floor":18.0},{"not_picked":["Shrug It Off","Pommel Strike"],"picked":"Entrench+1","floor":20.0},{"not_picked":["Combust+1","Evolve"],"picked":"Metallicize+1","floor":21.0},{"not_picked":["ICR:Frenzy","Infernal Blade+1"],"picked":"Body Slam","floor":22.0},{"not_picked":["Flex","Impervious"],"picked":"Armaments","floor":24.0},{"not_picked":["Clash","Sword Boomerang","Second Wind"],"picked":"SKIP","floor":25.0},{"not_picked":["Perfected Strike+1","Second Wind"],"picked":"Flex+1","floor":29.0},{"not_picked":["Infernal Blade","Pommel Strike"],"picked":"Disarm","floor":30.0},{"not_picked":["Twin Strike","Pummel","Perfected Strike+1"],"picked":"SKIP","floor":31.0},{"not_picked":["Impervious","Berserk"],"picked":"Demon Form","floor":33.0},{"not_picked":["Second Wind","Wild Strike+1"],"picked":"Heavy Blade+1","floor":35.0},{"not_picked":["Anger","Burning Pact"],"picked":"Fire Breathing+1","floor":36.0},{"not_picked":["Wild Strike","Pommel Strike"],"picked":"Clothesline+1","floor":37.0},{"not_picked":["Perfected Strike","Heavy Blade"],"picked":"Battle Trance","floor":41},{"not_picked":["Twin Strike+1","Cleave"],"picked":"Iron Wave+1","floor":42},{"not_picked":["Infernal Blade+1","ICR:Frenzy"],"picked":"Rupture","floor":45},{"not_picked":["Ghostly Armor","Twin Strike","Wild Strike"],"picked":"SKIP","floor":47}],"player_experience":130910,"relics_obtained":[{"floor":7.0,"key":"War Paint"},{"floor":9.0,"key":"Smiling Mask"},{"floor":14.0,"key":"Matryoshka"},{"floor":22.0,"key":"Red Mask"},{"floor":24.0,"key":"Blue Candle"},{"floor":26.0,"key":"Regal Pillow"},{"floor":26.0,"key":"MawBank"},{"floor":28.0,"key":"Mercury Hourglass"},{"floor":28.0,"key":"Magic Flower"},{"floor":29.0,"key":"Bronze Scales"},{"floor":36.0,"key":"FossilizedHelix"},{"floor":41,"key":"MealTicket"},{"floor":43,"key":"Vajra"},{"floor":45,"key":"Torii"},{"floor":47,"key":"Ornamental Fan"}],"event_choices":[{"damage_healed":53.0,"max_hp_gain":0.0,"max_hp_loss":72.0,"gold_gain":0.0,"event_name":"betterThird:BetterShining","player_choice":"Upgrade","floor":3.0,"gold_loss":0.0,"damage_taken":14.0,"cards_upgraded":["Iron Wave","Bash"]},{"damage_healed":24.0,"max_hp_gain":0.0,"max_hp_loss":0.0,"gold_gain":0.0,"event_name":"Big Fish","player_choice":"Banana","floor":4.0,"gold_loss":0.0,"damage_taken":0.0},{"damage_healed":0.0,"max_hp_gain":0.0,"max_hp_loss":0.0,"gold_gain":0.0,"event_name":"Golden Idol","player_choice":"Take Wound","floor":5.0,"gold_loss":0.0,"damage_taken":0.0,"relics_obtained":["Golden Idol"],"cards_obtained":["Injury"]},{"cards_removed":["Parasite"],"damage_healed":0.0,"max_hp_gain":0.0,"max_hp_loss":0.0,"gold_gain":0.0,"event_name":"The Cleric","player_choice":"Card Removal","floor":11.0,"gold_loss":50.0,"damage_taken":0.0},{"damage_healed":0.0,"max_hp_gain":0.0,"max_hp_loss":0.0,"gold_gain":0.0,"event_name":"Duplicator","player_choice":"Copied","floor":19.0,"gold_loss":0.0,"damage_taken":0.0,"cards_obtained":["Offering"]},{"damage_healed":0.0,"max_hp_gain":0.0,"max_hp_loss":0.0,"gold_gain":0.0,"event_name":"Masked Bandits","player_choice":"Fought Bandits","floor":22.0,"gold_loss":0.0,"damage_taken":0.0},{"damage_healed":0.0,"max_hp_gain":0.0,"max_hp_loss":0.0,"gold_gain":0.0,"event_name":"MindBloom","player_choice":"Fight","floor":36.0,"gold_loss":0.0,"damage_taken":0.0},{"cards_removed":["Twin Strike"],"damage_healed":0,"gold_gain":0,"player_choice":"Offered Basic","damage_taken":0,"max_hp_gain":0,"max_hp_loss":0,"event_name":"Bonfire Elementals","floor":39,"gold_loss":0},{"damage_healed":0,"gold_gain":0,"player_choice":"Ignored","damage_taken":0,"max_hp_gain":0,"max_hp_loss":0,"event_name":"The Moai Head","floor":46,"gold_loss":0},{"cards_removed":["Iron Wave"],"damage_healed":0,"gold_gain":0,"player_choice":"Removed Attack","damage_taken":0,"max_hp_gain":0,"max_hp_loss":0,"event_name":"Falling","floor":48,"gold_loss":0}],"is_beta":false,"boss_relics":[{"not_picked":["Cursed Key","Tiny House"],"picked":"Sozu"},{"not_picked":["Snecko Eye","Black Blood"],"picked":"Fusion Hammer"}],"items_purged_floors":[13,38],"is_endless":false,"potions_floor_spawned":[1,2,14,18,20,24,33,37,42,47],"ascension_level":8}}