{"host":"njruw0b0uprlitpx","time":1611289917,"event":{"mods":["2.2 Compatiblity","Bartender","BaseMod","Better Altar","Better Match","Better Note","Better Sensory Stone","Better Skull","Better Third Choice","BetterRewards","Block Reminder","Colored Map","Colored Powertips","Energized Spire","Hermit","Jedi Mod","Keyboard Shortcuts","Minty Spire (QoL Compilation)","Quick Restart","Rare Cards Sparkle","Relic Stats","Replay The Spire","SacredBarkPlus","Spicy Shops","StSLib","SuperFastMode","The Blackbeard","The Bug Knight","The Construct","The Dragon Tamer","The Forsaken","The Mystic"],"gold_per_floor":[133,1,1,1,1,1,59,59,84,97,97,49,49,112,112,253,253,266,10,10,25,38,38,73,73,147,147,147,147,186,186,211,250,250,374,374,399,434,66,66,92,136,136,170,196,196,196,196,196,196,211,5,5,5],"floor_reached":55,"language":"ENG","playtime":2028,"items_purged":["hermit:Strike_Hermit","hermit:Defend_Hermit"],"score":1431,"play_id":"dbf74a23-0a2b-44b0-a70a-fc454b140848","local_time":"20210121223157","is_ascension_mode":true,"campfire_choices":[{"floor":6.0,"key":"REST"},{"data":"hermit:Determination","floor":13.0,"key":"SMITH"},{"floor":15.0,"key":"REST"},{"data":"hermit:Combo","floor":23.0,"key":"SMITH"},{"floor":25.0,"key":"REST"},{"data":"hermit:Adapt","floor":31.0,"key":"SMITH"},{"data":"hermit:GoldenBullet","floor":34.0,"key":"SMITH"},{"data":"hermit:EternalForm","floor":43.0,"key":"SMITH"},{"data":"Metamorphosis","floor":50.0,"key":"SMITH"},{"data":"hermit:Gestalt","floor":53,"key":"SMITH"}],"circlet_count":0,"master_deck":["hermit:Strike_Hermit","hermit:Strike_Hermit","hermit:Strike_Hermit","hermit:Defend_Hermit","hermit:Defend_Hermit","hermit:Snapshot","hermit:Covet","hermit:Combo+1","hermit:Ricochet","HandOfGreed","Forethought","Metamorphosis+1","hermit:Determination+1","hermit:WideOpen","hermit:Vantage","hermit:HoleUp","Injury","hermit:Enervate","hermit:Adapt+1","hermit:Deadeye","hermit:Gestalt+1","hermit:Gestalt","hermit:Gambit","Doubt","Moonsault_Kick+1","hermit:Grudge+1","hermit:Malice","hermit:EyeOfTheStorm+1","hermit:GoldenBullet+1","hermit:EternalForm+1","hermit:Dive","hermit:Desperado+1","hermit:Magnum+1","hermit:Quickdraw","hermit:Quickdraw","Writhe","hermit:DeadMansHand+1","hermit:WideOpen"],"relics":["hermit:Momento","Pondfish Scales","Kunai","ReplayTheSpireMod:ShopPack","Ice Cream","Toolbox","Replay:Ringing Soul","Boot","Lantern","Divine Protection","Golden Idol","hermit:RyeStalk","Blue Doll","Bronze Scales","Tiny Chest","energizedSpire:RedRose","jedi:shrinkray","TungstenRod","hermit:Horseshoe","jedi:archwizardhat","Busted Crown","Guide Book","Replay:Rubber Ducky","Du-Vu Doll","Juzu Bracelet"],"acts_visited":["Exordium","TheCity","TheBeyond"],"potions_floor_usage":[54,54,54],"damage_taken":[{"damage":2.0,"enemies":"Jaw Worm","floor":1.0,"turns":3.0},{"damage":12.0,"enemies":"Lagavulin","floor":7.0,"turns":5.0},{"damage":0.0,"enemies":"Small Slimes","floor":10.0,"turns":1.0},{"damage":18.0,"enemies":"3 Sentries","floor":14.0,"turns":8.0},{"damage":18.0,"enemies":"Hexaghost","floor":16.0,"turns":7.0},{"damage":7.0,"enemies":"2 Thieves","floor":18.0,"turns":4.0},{"damage":3.0,"enemies":"Spheric Guardian","floor":21.0,"turns":4.0},{"damage":8.0,"enemies":"Snake Plant","floor":22.0,"turns":4.0},{"damage":11.0,"enemies":"Replay:Snechameleon","floor":24.0,"turns":4.0},{"damage":0.0,"enemies":"3 Cultists","floor":30.0,"turns":4.0},{"damage":4.0,"enemies":"Chosen and Byrds","floor":32.0,"turns":4.0},{"damage":9.0,"enemies":"Book of Stabbing","floor":33.0,"turns":4.0},{"damage":17.0,"enemies":"Automaton","floor":35.0,"turns":7.0},{"damage":12.0,"enemies":"3 Darklings","floor":37.0,"turns":3.0},{"damage":5.0,"enemies":"Orb Walker","floor":38.0,"turns":3.0},{"damage":0.0,"enemies":"Reptomancer","floor":42.0,"turns":5.0},{"damage":0.0,"enemies":"Writhing Mass","floor":44.0,"turns":4.0},{"damage":0,"enemies":"3 Darklings","floor":51,"turns":3},{"damage":55,"enemies":"Time Eater","floor":54,"turns":9}],"seed_played":"5168784735531681904","potions_obtained":[{"floor":1.0,"key":"Strength Potion"},{"floor":21.0,"key":"FearPotion"},{"floor":30.0,"key":"LifebloodPotion"},{"floor":33.0,"key":"Explosive Potion"},{"floor":37.0,"key":"DistilledChaos"},{"floor":44.0,"key":"Dexterity Potion"},{"floor":51,"key":"SkillPotion"}],"is_trial":false,"path_per_floor":["M","$","?","?","?","R","E","T","T","M","?","$","R","E","R","B",null,"M","$","?","M","M","R","E","R","T","PTL","PTL","?","M","R","M","E","R","B",null,"M","M","$","?","T","E","R","M","T","?","PTL","PTL","?","R","M","$","R","B",null],"character_chosen":"HERMIT","items_purchased":["hermit:Combo","Pondfish Scales","Kunai","hermit:Ricochet","ReplayTheSpireMod:ShopPack","Toolbox","hermit:Determination","hermit:WideOpen","Replay:Ringing Soul","Boot","hermit:HoleUp","PowerPotion","hermit:Gestalt","hermit:Gambit","jedi:shrinkray","hermit:Magnum","Guide Book","hermit:Quickdraw","CultistPotion"],"campfire_rested":3,"item_purchase_floors":[0,0,0,0,0,0,0,0,0,0,2,12,19,19,19,39,39,39,52],"current_hp_per_floor":[69,72,61,61,64,84,72,72,72,75,75,75,75,57,83,68,85,81,84,87,84,79,79,68,98,98,98,98,98,101,101,100,94,94,80,106,97,95,98,126,126,126,126,129,129,129,129,129,129,129,132,132,132,77],"gold":5,"neow_bonus":"","is_daily":false,"chose_seed":false,"campfire_upgraded":7,"win_rate":0.0,"timestamp":1611289917,"path_taken":["M","$","?","?","?","R","E","?","T","?","?","$","R","E","R","BOSS","M","$","?","M","M","R","E","R","T","PTL","PTL","?","M","R","M","E","R","BOSS","M","M","$","?","?","E","R","M","T","?","PTL","PTL","?","R","M","$","R","BOSS"],"items_purchased_type":["Card","Relic","Relic","Card","Relic","Relic","Card","Card","Relic","Relic","Card","Potion","Card","Card","Relic","Card","Relic","Card","Potion"],"build_version":"2020-12-22","purchased_purges":2,"victory":true,"max_hp_per_floor":[78,81,81,81,84,84,84,84,84,87,87,87,87,87,87,90,90,93,96,99,99,102,102,102,102,102,102,102,102,105,105,108,111,111,114,114,117,120,123,126,126,126,126,129,129,129,129,129,129,129,132,132,132,132],"relic_stats":{"Busted Crown":10,"counters":[135,562],"Golden Idol":153,"Bronze Scales":[255],"Tiny Chest":1,"Juzu Bracelet":1,"Kunai":[51],"Boot":[27],"obtain_stats":[{"Golden Egg":0,"wanderingMiniBosses:OtherGremlinHorn":21,"jedi:bottledfury":23,"Boot":0,"theScribe:StormScale":0,"jedi:shrinkray":39,"Replay:Wanted Poster":0,"Replay:Ringing Soul":0,"Sundial":43,"HollowMod:PaleOreRelic":28,"Kunai":0,"Replay:Bottled Steam":8,"HollowMod:JonisBlessing":45,"theSleuth:BowenStilsonDogg":9,"Pen Nib":45,"theSleuth:Typewriter":0,"Akabeko":25,"potionbrewer:Torch":11,"StrikeDummy":0,"Abe\u0027s Treasure":17,"theScribe:StarterRelic1":0,"Lantern":14,"aspiration:Lifesprig":26,"Torii":33,"Singing Bowl":9,"Painkiller Herb":17,"mysticmod:SpellBook":46,"StoneCalendar":0,"Blue Doll":8,"jedi:archwizardhat":0,"Cursed Key":34,"theSleuth:JesterOfEncumbrance":31,"Replay:Rubber Ducky":41,"BranchBurnRelic":23,"Shovel":9,"Toolbox":0,"Chemical X":36,"wanderingMiniBosses:LockLocket":45,"Potion Belt":0,"Lee\u0027s Waffle":39,"Golden Idol":5,"Thread and Needle":0,"PreservedInsect":26,"Replay:Arrowhead":26,"potionbrewer:BoosterPack":10,"Busted Crown":36,"Ornamental Fan":0,"Orrery":28,"Ectoplasm":17,"Turnip":0,"Art of War":7,"Bottled Lightning":25,"ReplayTheSpireMod:Ring of Challenge":2,"ReplayTheSpireMod:Lightbulb":26,"hermit:Horseshoe":26,"Ice Cream":0,"Divine Protection":3,"Mark of the Bloom":47,"CeramicFish":0,"Vajra":9,"jedi:command_rare":46,"hermit:RyeStalk":7,"Centennial Puzzle":43,"Philosopher\u0027s Stone":17,"Iron Hammer":0,"Girya":0,"ReplayTheSpireMod:CursedCoin":11,"Dead Branch":0,"Oddly Smooth Stone":0,"War Paint":0,"Du-Vu Doll":42,"jedi:heavyjacket":28,"Replay:Baseball":9,"ReplayTheSpireMod:Shallot":5,"Shuriken":12,"Bronze Scales":9,"Simple Rune":25,"Onion Ring":45,"ReplayTheSpireMod:TigerMarble":43,"hermit:Momento":0,"NlothsMask":21,"ReplayFunnel":30,"theForsaken:ScaryMask":41,"Snecko Heart":17,"Angel_Ring":45,"theForsaken:Lifeblossom":26,"Mango":0,"CloakClasp":46,"Juzu Bracelet":45,"Replay:Mystery Machine":0,"Dream Catcher":29,"Nunchaku":3,"Replay:Bandana":40,"Mummified Hand":12,"Gambling Chip":0,"jedi:cryingmask":19,"Tiny Chest":14,"Red Mask":27,"Replay:Bottled Snecko":0,"Runic Pyramid":34,"Gremlin Food":24,"energizedSpire:RedRose":36,"BargainBundle":0,"ReplayTheSpireMod:Ninjato":0,"Replay:Towering Pillar of Hats":0,"Guide Book":39,"Odd Mushroom":7,"Orichalcum":43,"White Beast Statue":11,"Peace Pipe":0,"jedi:fakemustache":51,"Cauldron":0,"Strange Spoon":48,"Anchor":45,"Pondfish Scales":0,"jedi:kaleidoscope":0,"jedi:ominousloannote":28,"Snack Pack":51,"Membership Card":0,"TungstenRod":24,"ReplayTheSpireMod:ShopPack":0},{"Golden Egg":51,"wanderingMiniBosses:OtherGremlinHorn":36,"jedi:bottledfury":64,"Boot":0,"theScribe:StormScale":51,"jedi:shrinkray":92,"Replay:Wanted Poster":0,"Replay:Ringing Soul":116,"Sundial":93,"HollowMod:PaleOreRelic":10,"Kunai":0,"Replay:Bottled Steam":28,"HollowMod:JonisBlessing":94,"theSleuth:BowenStilsonDogg":3,"Pen Nib":111,"theSleuth:Typewriter":0,"Akabeko":65,"potionbrewer:Torch":4,"StrikeDummy":0,"Abe\u0027s Treasure":83,"theScribe:StarterRelic1":0,"Lantern":6,"aspiration:Lifesprig":9,"Torii":14,"Singing Bowl":80,"Painkiller Herb":32,"mysticmod:SpellBook":48,"StoneCalendar":0,"Blue Doll":118,"jedi:archwizardhat":96,"Cursed Key":69,"theSleuth:JesterOfEncumbrance":12,"Replay:Rubber Ducky":131,"BranchBurnRelic":105,"Shovel":28,"Toolbox":116,"Chemical X":44,"wanderingMiniBosses:LockLocket":75,"Potion Belt":77,"Lee\u0027s Waffle":92,"Golden Idol":1,"Thread and Needle":77,"PreservedInsect":38,"Replay:Arrowhead":9,"potionbrewer:BoosterPack":3,"Busted Crown":129,"Ornamental Fan":0,"Orrery":66,"Ectoplasm":104,"Turnip":0,"Art of War":55,"Bottled Lightning":38,"ReplayTheSpireMod:Ring of Challenge":20,"ReplayTheSpireMod:Lightbulb":65,"hermit:Horseshoe":125,"Ice Cream":116,"Divine Protection":117,"Mark of the Bloom":75,"CeramicFish":19,"Vajra":22,"jedi:command_rare":48,"hermit:RyeStalk":118,"Centennial Puzzle":111,"Philosopher\u0027s Stone":61,"Iron Hammer":77,"Girya":0,"ReplayTheSpireMod:CursedCoin":29,"Dead Branch":96,"Oddly Smooth Stone":51,"War Paint":0,"Du-Vu Doll":132,"jedi:heavyjacket":66,"Replay:Baseball":56,"ReplayTheSpireMod:Shallot":26,"Shuriken":81,"Bronze Scales":118,"Simple Rune":87,"Onion Ring":94,"ReplayTheSpireMod:TigerMarble":47,"hermit:Momento":0,"NlothsMask":105,"ReplayFunnel":41,"theForsaken:ScaryMask":93,"Snecko Heart":7,"Angel_Ring":17,"theForsaken:Lifeblossom":87,"Mango":0,"CloakClasp":48,"Juzu Bracelet":133,"Replay:Mystery Machine":0,"Dream Catcher":11,"Nunchaku":20,"Replay:Bandana":46,"Mummified Hand":58,"Gambling Chip":19,"jedi:cryingmask":105,"Tiny Chest":120,"Red Mask":10,"Replay:Bottled Snecko":0,"Runic Pyramid":43,"Gremlin Food":9,"energizedSpire:RedRose":15,"BargainBundle":51,"ReplayTheSpireMod:Ninjato":19,"Replay:Towering Pillar of Hats":25,"Guide Book":131,"Odd Mushroom":2,"Orichalcum":17,"White Beast Statue":29,"Peace Pipe":77,"jedi:fakemustache":115,"Cauldron":77,"Strange Spoon":95,"Anchor":94,"Pondfish Scales":116,"jedi:kaleidoscope":96,"jedi:ominousloannote":66,"Snack Pack":115,"Membership Card":77,"TungstenRod":125,"ReplayTheSpireMod:ShopPack":116},{"Golden Egg":246,"wanderingMiniBosses:OtherGremlinHorn":198,"jedi:bottledfury":286,"Boot":0,"theScribe:StormScale":246,"jedi:shrinkray":384,"Replay:Wanted Poster":0,"Replay:Ringing Soul":476,"Sundial":387,"HollowMod:PaleOreRelic":63,"Kunai":0,"Replay:Bottled Steam":164,"HollowMod:JonisBlessing":389,"theSleuth:BowenStilsonDogg":14,"Pen Nib":455,"theSleuth:Typewriter":0,"Akabeko":289,"potionbrewer:Torch":21,"StrikeDummy":0,"Abe\u0027s Treasure":356,"theScribe:StarterRelic1":0,"Lantern":34,"aspiration:Lifesprig":58,"Torii":80,"Singing Bowl":347,"Painkiller Herb":181,"mysticmod:SpellBook":233,"StoneCalendar":0,"Blue Doll":484,"jedi:archwizardhat":395,"Cursed Key":303,"theSleuth:JesterOfEncumbrance":73,"Replay:Rubber Ducky":541,"BranchBurnRelic":425,"Shovel":164,"Toolbox":476,"Chemical X":221,"wanderingMiniBosses:LockLocket":329,"Potion Belt":341,"Lee\u0027s Waffle":384,"Golden Idol":2,"Thread and Needle":341,"PreservedInsect":204,"Replay:Arrowhead":58,"potionbrewer:BoosterPack":14,"Busted Crown":535,"Ornamental Fan":0,"Orrery":293,"Ectoplasm":422,"Turnip":0,"Art of War":256,"Bottled Lightning":204,"ReplayTheSpireMod:Ring of Challenge":121,"ReplayTheSpireMod:Lightbulb":289,"hermit:Horseshoe":516,"Ice Cream":476,"Divine Protection":479,"Mark of the Bloom":329,"CeramicFish":119,"Vajra":127,"jedi:command_rare":233,"hermit:RyeStalk":484,"Centennial Puzzle":455,"Philosopher\u0027s Stone":276,"Iron Hammer":341,"Girya":0,"ReplayTheSpireMod:CursedCoin":166,"Dead Branch":395,"Oddly Smooth Stone":246,"War Paint":0,"Du-Vu Doll":546,"jedi:heavyjacket":293,"Replay:Baseball":258,"ReplayTheSpireMod:Shallot":153,"Shuriken":349,"Bronze Scales":484,"Simple Rune":368,"Onion Ring":389,"ReplayTheSpireMod:TigerMarble":230,"hermit:Momento":0,"NlothsMask":425,"ReplayFunnel":212,"theForsaken:ScaryMask":387,"Snecko Heart":44,"Angel_Ring":99,"theForsaken:Lifeblossom":368,"Mango":0,"CloakClasp":233,"Juzu Bracelet":550,"Replay:Mystery Machine":0,"Dream Catcher":69,"Nunchaku":121,"Replay:Bandana":228,"Mummified Hand":265,"Gambling Chip":119,"jedi:cryingmask":425,"Tiny Chest":493,"Red Mask":63,"Replay:Bottled Snecko":0,"Runic Pyramid":218,"Gremlin Food":58,"energizedSpire:RedRose":91,"BargainBundle":246,"ReplayTheSpireMod:Ninjato":119,"Replay:Towering Pillar of Hats":151,"Guide Book":541,"Odd Mushroom":9,"Orichalcum":99,"White Beast Statue":166,"Peace Pipe":341,"jedi:fakemustache":469,"Cauldron":341,"Strange Spoon":391,"Anchor":389,"Pondfish Scales":476,"jedi:kaleidoscope":395,"jedi:ominousloannote":293,"Snack Pack":469,"Membership Card":341,"TungstenRod":516,"ReplayTheSpireMod:ShopPack":476}],"TungstenRod":60},"card_choices":[{"not_picked":["Mayhem","Bandage Up"],"picked":"HandOfGreed","floor":0.0},{"not_picked":["Mind Blast","Swift Strike"],"picked":"Forethought","floor":0.0},{"not_picked":["ReplayUltimateDefense","Poisoned Strike"],"picked":"Metamorphosis","floor":0.0},{"not_picked":["hermit:ItchyTrigger","hermit:SprayPray"],"picked":"hermit:Vantage","floor":1.0},{"not_picked":["hermit:BodyArmor","hermit:Maintenance","hermit:Determination"],"picked":"SKIP","floor":7.0},{"not_picked":["hermit:Misfire","hermit:Virtue"],"picked":"hermit:Enervate","floor":10.0},{"not_picked":["hermit:Brawl","hermit:HighCaliber","hermit:LowProfile"],"picked":"SKIP","floor":14.0},{"not_picked":["hermit:DeadOrAlive","hermit:Gambit"],"picked":"hermit:Adapt","floor":16.0},{"not_picked":["hermit:Desperado","hermit:HoleUp+1"],"picked":"hermit:Deadeye","floor":18.0},{"not_picked":["hermit:Maintenance+1","hermit:Roulette+1","hermit:HoleUp"],"picked":"SKIP","floor":21.0},{"not_picked":["hermit:Enervate","hermit:Feint+1"],"picked":"hermit:Grudge+1","floor":22.0},{"not_picked":["hermit:HighNoon","hermit:SprayPray","hermit:Maintenance"],"picked":"SKIP","floor":24.0},{"not_picked":["hermit:Snipe+1","hermit:ShadowCloak+1"],"picked":"hermit:Malice","floor":30.0},{"not_picked":["hermit:Headshot","hermit:Gestalt"],"picked":"hermit:EyeOfTheStorm+1","floor":32.0},{"not_picked":["hermit:Glare","hermit:ShadowCloak"],"picked":"hermit:GoldenBullet","floor":33.0},{"not_picked":["hermit:DeadOrAlive","hermit:Gambit"],"picked":"hermit:EternalForm","floor":35.0},{"not_picked":[],"picked":"hermit:Dive","floor":37.0},{"not_picked":[],"picked":"hermit:Desperado+1","floor":38.0},{"not_picked":["hermit:Maintenance"],"picked":"SKIP","floor":42.0},{"not_picked":[],"picked":"hermit:DeadMansHand+1","floor":44.0},{"not_picked":[],"picked":"hermit:WideOpen","floor":51}],"player_experience":1765152,"relics_obtained":[{"floor":7.0,"key":"hermit:RyeStalk"},{"floor":8.0,"key":"Blue Doll"},{"floor":9.0,"key":"Bronze Scales"},{"floor":14.0,"key":"Tiny Chest"},{"floor":24.0,"key":"TungstenRod"},{"floor":26.0,"key":"hermit:Horseshoe"},{"floor":33.0,"key":"jedi:archwizardhat"},{"floor":41.0,"key":"Replay:Rubber Ducky"},{"floor":42.0,"key":"Du-Vu Doll"},{"floor":45.0,"key":"Juzu Bracelet"}],"event_choices":[{"damage_healed":0.0,"max_hp_gain":0.0,"max_hp_loss":0.0,"gold_gain":1.0,"event_name":"betterThird:BetterScrap","player_choice":"Relic Relic ","floor":3.0,"gold_loss":0.0,"damage_taken":11.0,"cards_obtained":["ReplayTheSpireMod:Corrosion Curse"]},{"damage_healed":0.0,"max_hp_gain":0.0,"max_hp_loss":0.0,"gold_gain":0.0,"event_name":"Golden Idol","player_choice":"Take Wound","floor":5.0,"gold_loss":0.0,"damage_taken":0.0,"relics_obtained":["Golden Idol"],"cards_obtained":["Injury"]},{"cards_removed":["hermit:Deadeye"],"damage_healed":0.0,"max_hp_gain":0.0,"max_hp_loss":0.0,"gold_gain":0.0,"event_name":"betterNote:BetterNote","player_choice":"Take \u0026 Give","floor":20.0,"gold_loss":0.0,"damage_taken":0.0,"cards_obtained":["Moonsault_Kick"]},{"damage_healed":0.0,"max_hp_gain":0.0,"max_hp_loss":0.0,"gold_gain":0.0,"event_name":"Ghosts","player_choice":"Ignored","floor":29.0,"gold_loss":0.0,"damage_taken":0.0},{"damage_healed":31.0,"max_hp_gain":0.0,"max_hp_loss":0.0,"gold_gain":0.0,"event_name":"Winding Halls","player_choice":"Writhe","floor":40.0,"gold_loss":0.0,"damage_taken":0.0,"cards_obtained":["Writhe"]},{"damage_healed":0.0,"max_hp_gain":0.0,"max_hp_loss":0.0,"gold_gain":0.0,"event_name":"Mysterious Sphere","player_choice":"Ignored","floor":46.0,"gold_loss":0.0,"damage_taken":0.0},{"cards_removed":["hermit:Defend_Hermit"],"damage_healed":0.0,"max_hp_gain":0.0,"max_hp_loss":0.0,"gold_gain":0.0,"event_name":"Falling","player_choice":"Removed Skill","floor":49.0,"gold_loss":0.0,"damage_taken":0.0}],"is_beta":false,"boss_relics":[{"not_picked":["energizedSpire:StickyHand","energizedSpire:DeadBattery"],"picked":"energizedSpire:RedRose"},{"not_picked":["theForsaken:PaleLantern","jedi:battlestandard"],"picked":"Busted Crown"}],"items_purged_floors":[0,2],"is_endless":false,"potions_floor_spawned":[1,21,30,33,37,44,51],"ascension_level":7}}