{"host":"nvt5ltqirct3fdms","time":1611273944,"event":{"mods":["AchievementEnabler","BaseMod","BetterRewards","Colored Map","Colored Powertips","Downfall","Duelist Mod","Hermit","Highlight Path","Hubris","Marisa????????","Minty Spire (QoL Compilation)","Prisma Mod","Quick Restart","Rare Cards Sparkle","Shop Mod","StSLib","The Construct","The Hierophant","The Necromancer"],"gold_per_floor":[19,19,32,107,127,153,153,172,172,172,234,249,275,288,288,383,383,396,409,334,334,345,345,358,387,413,328,342,359,376,376],"floor_reached":30,"language":"ENG","playtime":1817,"items_purged":["Strike_W"],"score":266,"play_id":"f7e6a5e4-772d-4155-99d0-59a2ff4323ab","local_time":"20210121190544","is_ascension_mode":false,"campfire_choices":[{"data":"hubris:DuctTapeCard","floor":7,"key":"SMITH"},{"data":"Summon_Lich","floor":10,"key":"SMITH"},{"floor":15,"key":"REST"},{"data":"Summon_Death_Knight","floor":23,"key":"SMITH"}],"circlet_count":0,"master_deck":["Strike_W","Strike_W","Strike_W","Defend_W","Defend_W","Negative_Energy_Arrows","Acid_Javelin","Summon_Lich+1","Bone_Armory","hubris:DuctTapeCard+2","Negative_Energy_Burst","Spectral_Armor","Siphon_Strength","Uncharnel","Summon_Death_Knight+1","Toxic_Smoke_Screen","Bone_Spikes","Negative_Energy_Mist+1"],"relics":["Vampire_Amulet","Turnip","hubris:DuctTape","Pear","Tiny Chest","construct:FoamFinger","hubris:TerracottaHorce","Mercury Hourglass","hubris:SlimyHat","MealTicket"],"acts_visited":["Exordium","TheCity"],"potions_floor_usage":[19,24,24,28],"damage_taken":[{"damage":0,"enemies":"2 Louse","floor":1,"turns":3},{"damage":0,"enemies":"Cultist","floor":3,"turns":3},{"damage":0,"enemies":"Small Slimes","floor":5,"turns":3},{"damage":28,"enemies":"Lagavulin","floor":6,"turns":9},{"damage":0,"enemies":"Exordium Wildlife","floor":8,"turns":3},{"damage":18,"enemies":"Lagavulin Event","floor":11,"turns":7},{"damage":2,"enemies":"Looter","floor":12,"turns":3},{"damage":26,"enemies":"3 Sentries","floor":13,"turns":4},{"damage":0,"enemies":"Red Slaver","floor":14,"turns":4},{"damage":12,"enemies":"The Guardian","floor":16,"turns":11},{"damage":1,"enemies":"Spheric Guardian","floor":18,"turns":5},{"damage":11,"enemies":"2 Thieves","floor":19,"turns":3},{"damage":10,"enemies":"Cultist and Chosen","floor":22,"turns":7},{"damage":19,"enemies":"Sentry and Sphere","floor":24,"turns":6},{"damage":7,"enemies":"theDuelist:KaibaA2","floor":25,"turns":4},{"damage":10,"enemies":"Centurion and Healer","floor":28,"turns":4},{"damage":6,"enemies":"Snake Plant","floor":29,"turns":4},{"damage":15,"enemies":"Sentry and Sphere","floor":30,"turns":5}],"seed_played":"-3215305407295129124","potions_obtained":[{"floor":5,"key":"sneckomod:MuddlingPotion"},{"floor":8,"key":"FearPotion"},{"floor":13,"key":"Energy Potion"},{"floor":14,"key":"Explosive Potion"},{"floor":22,"key":"Swift Potion"},{"floor":24,"key":"Swift Potion"},{"floor":25,"key":"PowerPotion"}],"is_trial":false,"path_per_floor":["M","?","M","?","M","E","R","M","T","R","?","M","E","M","R","B",null,"M","M","$","?","M","R","M","E","T","?","M","M","M"],"character_chosen":"NECROMANCER","items_purchased":[],"campfire_rested":1,"item_purchase_floors":[],"current_hp_per_floor":[75,75,75,68,72,46,46,50,60,60,44,44,24,26,51,41,74,75,68,68,68,62,62,47,42,42,42,36,32,21,21],"gold":376,"neow_bonus":"ONE_RARE_RELIC","is_daily":false,"chose_seed":false,"campfire_upgraded":3,"win_rate":0.0,"timestamp":1611273944,"path_taken":["M","?","M","?","?","E","R","M","T","R","?","M","E","M","R","BOSS","M","M","$","?","M","R","M","E","T","?","M","?","M"],"items_purchased_type":[],"build_version":"2020-12-22","purchased_purges":1,"victory":false,"max_hp_per_floor":[75,75,75,75,75,75,75,75,85,85,85,85,85,85,85,85,85,85,85,85,85,85,85,85,85,85,85,85,85,85,85],"card_choices":[{"not_picked":["Consume_Illness","Epidemic"],"picked":"Acid_Javelin","floor":1},{"not_picked":["Negative_Energy_Mist","Death_Coil"],"picked":"Bone_Armory","floor":3},{"not_picked":["Shackles_Of_Pain","Bone_Shift","Blood_Whip"],"picked":"SKIP","floor":5},{"not_picked":["Blood_Curse","Blood_Shield"],"picked":"Negative_Energy_Burst","floor":6},{"not_picked":["Stop_Heart","Spectral_Walk"],"picked":"Spectral_Armor","floor":8},{"not_picked":["Bone_Spikes","Spectral_Walk"],"picked":"Siphon_Strength","floor":11},{"not_picked":["Violent_Necrosis","Negative_Energy_Shield","Bone_Prison"],"picked":"SKIP","floor":12},{"not_picked":["Vampiric_Strike","Negative_Energy_Javelin"],"picked":"Uncharnel","floor":13},{"not_picked":["Bone_Bullets","Negative_Energy_Javelin","Necromantic_Selection"],"picked":"SKIP","floor":14},{"not_picked":["Hellfire","Reap_The_Weak"],"picked":"Summon_Death_Knight","floor":16},{"not_picked":["Uncharnel","Pandemic"],"picked":"Toxic_Smoke_Screen","floor":18},{"not_picked":["Shackles_Of_Pain","Violent_Necrosis","Deaths_Shadow"],"picked":"SKIP","floor":19},{"not_picked":["Bone_Bullets+1","Strike_from_Beyond","Negative_Energy_Mist"],"picked":"SKIP","floor":22},{"not_picked":["Life_Tap","Bone_Shift"],"picked":"Bone_Spikes","floor":24},{"not_picked":["Exploit+1","Toxic_Smoke_Screen"],"picked":"Negative_Energy_Mist+1","floor":25},{"not_picked":["Chill_Blood+1","Blood_Wake","Finger_Of_Death"],"picked":"SKIP","floor":28},{"not_picked":["Bone_Spikes","Whirlwind_of_Bones","Death_March_Dance"],"picked":"SKIP","floor":29},{"not_picked":["Bones_to_Steel","Strike_from_Beyond","Shackles_Of_Pain"],"picked":"SKIP","floor":30}],"player_experience":456499,"relics_obtained":[{"floor":6,"key":"hubris:DuctTape"},{"floor":9,"key":"Pear"},{"floor":13,"key":"construct:FoamFinger"},{"floor":25,"key":"Mercury Hourglass"},{"floor":26,"key":"hubris:SlimyHat"}],"event_choices":[{"damage_healed":0,"gold_gain":0,"cards_transformed":["Defend_W"],"player_choice":"Change","damage_taken":0,"max_hp_gain":0,"max_hp_loss":0,"event_name":"Living Wall","floor":2,"gold_loss":0,"cards_obtained":["Summon_Lich"]},{"damage_healed":0,"gold_gain":75,"player_choice":"Touch","damage_taken":7,"max_hp_gain":0,"max_hp_loss":0,"event_name":"FaceTrader","floor":4,"gold_loss":0},{"damage_healed":0,"gold_gain":0,"player_choice":"Searched \u00273\u0027 times","damage_taken":0,"relics_obtained":["Tiny Chest"],"max_hp_gain":0,"max_hp_loss":0,"event_name":"Dead Adventurer","floor":11,"gold_loss":0},{"damage_healed":0,"gold_gain":0,"player_choice":"Ignored","damage_taken":0,"max_hp_gain":0,"max_hp_loss":0,"event_name":"Vampires","floor":21,"gold_loss":0},{"damage_healed":0,"gold_gain":0,"player_choice":"Obtained Relic","damage_taken":0,"relics_obtained":["MealTicket"],"max_hp_gain":0,"max_hp_loss":0,"event_name":"Addict","floor":27,"gold_loss":85}],"is_beta":false,"boss_relics":[{"not_picked":["hubris:RunicObelisk","Ectoplasm"],"picked":"hubris:TerracottaHorce"}],"items_purged_floors":[20],"is_endless":false,"potions_floor_spawned":[5,8,13,14,22,24,25],"killed_by":"Sentry and Sphere","ascension_level":0}}