{"host":"22ezjknwheybwqtz","time":1611309991,"event":{"mods":["BaseMod","Minty Spire (QoL Compilation)","Replay The Spire","Shop Mod","StSLib"],"gold_per_floor":[110,127,144,94,369,369,398,408,432,99,99,112,123,23,23,122,122,135,155,155,175,188,188,198,198,221,221,221],"floor_reached":27,"language":"ENG","playtime":746,"items_purged":["Regret","CommonCold"],"score":228,"play_id":"ab88aa69-0172-4240-a7e9-2b064fc0894b","local_time":"20210122180631","is_ascension_mode":true,"campfire_choices":[{"data":"Dropkick","floor":6,"key":"SMITH"},{"data":"Bash","floor":11,"key":"SMITH"},{"data":"ReplayReversal","floor":23,"key":"SMITH"},{"data":"Sword Boomerang","floor":25,"key":"SMITH"}],"circlet_count":0,"master_deck":["Strike_R","Strike_R","Strike_R","Strike_R","Defend_R","Defend_R","Defend_R","Bash+1","Dropkick+1","Sword Boomerang+1","Twin Strike","Run Through","Inflame+1","Double Tap+1","Perfected Strike","Bludgeon","Sword Boomerang+1","Uppercut+1","Heavy Blade+1","ReplayReversal+1","Flex"],"relics":["Burning Blood","Pocketwatch","Tiny Chest","Bronze Scales","Frozen Egg 2","Painkiller Herb","Potion Belt"],"acts_visited":["Exordium","TheCity"],"potions_floor_usage":[16,16,16,22,24],"damage_taken":[{"damage":10,"enemies":"2 Louse","floor":1,"turns":3},{"damage":1,"enemies":"Cultist","floor":2,"turns":3},{"damage":0,"enemies":"Small Slimes","floor":3,"turns":3},{"damage":28,"enemies":"Gremlin Nob","floor":7,"turns":4},{"damage":18,"enemies":"2 Fungi Beasts","floor":8,"turns":3},{"damage":25,"enemies":"Exordium Wildlife","floor":12,"turns":4},{"damage":4,"enemies":"Gremlin Gang","floor":13,"turns":3},{"damage":18,"enemies":"Hexaghost","floor":16,"turns":3},{"damage":5,"enemies":"Chosen","floor":18,"turns":3},{"damage":46,"enemies":"2 Thieves","floor":19,"turns":3},{"damage":16,"enemies":"3 Cultists","floor":21,"turns":4},{"damage":16,"enemies":"Snake Plant","floor":22,"turns":2},{"damage":6,"enemies":"Snecko","floor":24,"turns":3},{"damage":38,"enemies":"Slavers","floor":27,"turns":2}],"seed_played":"4459138950457942493","potions_obtained":[{"floor":1,"key":"Venom Potion"},{"floor":2,"key":"Adrenaline Potion"},{"floor":12,"key":"Adrenaline Potion"},{"floor":13,"key":"SteroidPotion"},{"floor":21,"key":"BloodPotion"},{"floor":22,"key":"Adrenaline Potion"},{"floor":24,"key":"HeartOfIron"}],"is_trial":false,"path_per_floor":["M","M","M","?","?","R","E","M","T","$","R","M","M","$","R","B",null,"?","?","?","?","?","T","?","T","T","E"],"character_chosen":"IRONCLAD","items_purchased":["Frozen Egg 2"],"campfire_rested":0,"item_purchase_floors":[10],"current_hp_per_floor":[76,80,80,80,80,80,58,46,46,46,46,27,29,29,29,17,80,80,40,40,30,36,36,36,36,36,0,0],"gold":221,"neow_bonus":"ONE_RARE_RELIC","is_daily":false,"chose_seed":false,"campfire_upgraded":4,"win_rate":0.0,"timestamp":1611309991,"path_taken":["M","M","M","?","?","R","E","M","T","$","R","M","M","$","R","BOSS","?","?","?","?","?","T","?","T","T","E"],"items_purchased_type":["Relic"],"build_version":"2020-12-22","purchased_purges":2,"victory":false,"max_hp_per_floor":[80,80,80,80,80,80,80,80,80,80,80,80,80,80,80,80,80,80,80,80,80,80,80,80,80,80,80,80],"card_choices":[{"not_picked":["Cleave","Reckless Charge"],"picked":"Dropkick","floor":1},{"not_picked":["Clothesline","Warcry","Battle Trance"],"picked":"SKIP","floor":2},{"not_picked":["ReplayTheSpireMod:LeadingStrike","ReplayTheSpireMod:Stacked"],"picked":"Sword Boomerang","floor":3},{"not_picked":["Havoc","Anger"],"picked":"Twin Strike","floor":7},{"not_picked":["Abandon","Havoc"],"picked":"Run Through","floor":8},{"not_picked":["Iron Wave","Run Through"],"picked":"Inflame+1","floor":12},{"not_picked":["Disarm","Anger"],"picked":"Double Tap","floor":13},{"not_picked":["Impervious","Juggernaut+1"],"picked":"Bludgeon","floor":16},{"not_picked":["Clash","Replay:Undeath\u0027s Touch+1"],"picked":"Sword Boomerang+1","floor":18},{"not_picked":["Headbutt","Rupture+1"],"picked":"Uppercut+1","floor":19},{"not_picked":["Hemokinesis","Armaments"],"picked":"Heavy Blade+1","floor":21},{"not_picked":["Whirlwind+1","Metallicize+1"],"picked":"ReplayReversal","floor":22},{"not_picked":["Dropkick","Iron Wave"],"picked":"Flex","floor":24}],"player_experience":62192,"relics_obtained":[{"floor":7,"key":"Tiny Chest"},{"floor":9,"key":"Bronze Scales"},{"floor":26,"key":"Potion Belt"}],"event_choices":[{"cards_removed":["Defend_R"],"damage_healed":0,"gold_gain":0,"player_choice":"Card Removal","damage_taken":0,"max_hp_gain":0,"max_hp_loss":0,"event_name":"The Cleric","floor":4,"gold_loss":50},{"damage_healed":0,"gold_gain":275,"player_choice":"Desecrate","damage_taken":0,"max_hp_gain":0,"max_hp_loss":0,"event_name":"Golden Shrine","floor":5,"gold_loss":0,"cards_obtained":["Regret"]},{"damage_healed":0,"gold_gain":0,"player_choice":"Upgraded","damage_taken":0,"max_hp_gain":0,"max_hp_loss":0,"event_name":"Upgrade Shrine","floor":20,"gold_loss":0,"cards_upgraded":["Double Tap"]}],"is_beta":false,"boss_relics":[{"not_picked":["Runic Pyramid","SlaversCollar"],"picked":"Painkiller Herb"}],"items_purged_floors":[10,14],"is_endless":false,"potions_floor_spawned":[1,2,12,13,21,22,24],"killed_by":"Slavers","ascension_level":1}}