{"host":"irrizrmw64do51k7","time":1611274041,"event":{"mods":["AchievementEnabler","BaseMod","Better Altar","Better Match","Better Note","Better Sensory Stone","Better Skull","Better Third Choice","BetterRewards","Card Forge","Colored Map","Colored Powertips","Curses Come First","DeckTracker","Good Game Mod","Infinite Spire","Minty Spire (QoL Compilation)","Quick Restart","Relic Stats","Replay The Spire","Shop Mod","StSLib"],"gold_per_floor":[117,132,144,163,163,197,197,232,232,266,23,75,107,121,121,203,303,324,363,413,413,440,440,466,466,466,510,510,546,558,587,587,665,715,715,133,176,306],"floor_reached":39,"language":"ENG","playtime":2886,"items_purged":["Strike_B"],"score":2097,"play_id":"86919768-bf53-4dfe-a5ef-5449825951f1","local_time":"20210121160721","is_ascension_mode":true,"campfire_choices":[{"floor":15,"key":"REST"},{"data":"ReplayTheSpireMod:Brewmster","floor":15,"key":"SMITH"},{"floor":23,"key":"REST"},{"data":"Buffer","floor":23,"key":"SMITH"},{"data":"Electrodynamics","floor":25,"key":"SMITH"},{"floor":28,"key":"REST"},{"data":"Genetic Algorithm","floor":28,"key":"SMITH"},{"data":"Buffer","floor":32,"key":"SMITH"},{"data":"ReplayTheSpireMod:Fabricate Wheel","floor":35,"key":"SMITH"}],"circlet_count":0,"master_deck":["AscendersBane","Strike_B","Strike_B","Strike_B","Defend_B","Defend_B","Defend_B+1","Defend_B","Zap","Dualcast","Machine Learning+1","ReplaySort","Ball Lightning","Auto Shields","Buffer+1","Loop","Loop","Chill","Defragment+1","ReplayTheSpireMod:GoodbyeWorld","Sweeping Beam","Conserve Battery+1","Buffer+1","Crystallizer","Electrodynamics+1","infinitespire:NeuralNetwork","Panic Button","Genetic Algorithm+1","ReplayTheSpireMod:Brewmster","ReplayTheSpireMod:Brewmster+1","Coolheaded","Streamline+1","Mirror Shield","Streamline","Mirror Shield","Ball Lightning+1","Self Repair","Stack","Streamline","Leap+1","Seek","Ball Lightning","Coolheaded","Crystallizer","FIFO Queue","Biased Cognition","Buffer"],"relics":["Cracked Core","Hammer of Thor","Seething Fire","Anvil of the Gods","REME:ComplimentaryCards","Solar Panel","Incense Burner","Orrery","Torii","BargainBundle","Geode","infinitespire:Magic Flask","Blue Doll","Ginger","Matryoshka","Juzu Bracelet","PreservedInsect","infinitespire:Midas Blood","Strawberry","Du-Vu Doll","Replay:Wanted Poster","Red Mask","ReplayTheSpireMod:Ninjato","Dream Catcher","White Beast Statue","Pen Nib","Peace Pipe","infinitespire:CursedDice","Tiny House","Replay:Arrowhead","Strange Spoon","Prayer Wheel","Replay:Bottled Eggs"],"acts_visited":["Exordium","TheCity","TheEnding"],"potions_floor_usage":[8,16,16,16,16,16,16,16,16,16,16,16,19,24,24,29,30,30,30,30,31,33,33,33,33,33,33,33,37,37,37,37,37,38,38,38,38,38,38,38,38,38,38,38],"damage_taken":[{"damage":12,"enemies":"Jaw Worm","floor":1,"turns":3},{"damage":1,"enemies":"2 Louse","floor":2,"turns":3},{"damage":1,"enemies":"Cultist","floor":3,"turns":3},{"damage":6,"enemies":"Looter","floor":4,"turns":3},{"damage":0,"enemies":"Lagavulin","floor":6,"turns":8},{"damage":1,"enemies":"3 Sentries","floor":8,"turns":5},{"damage":0,"enemies":"Lagavulin","floor":10,"turns":7},{"damage":20,"enemies":"3 Sentries","floor":13,"turns":5},{"damage":0,"enemies":"2 Fungi Beasts","floor":14,"turns":4},{"damage":2,"enemies":"The Guardian","floor":16,"turns":11},{"damage":18,"enemies":"2 Thieves","floor":18,"turns":4},{"damage":12,"enemies":"Masked Bandits","floor":19,"turns":2},{"damage":7,"enemies":"3 Byrds","floor":22,"turns":6},{"damage":0,"enemies":"Nightmare","floor":24,"turns":3},{"damage":36,"enemies":"Slavers","floor":27,"turns":5},{"damage":24,"enemies":"Book of Stabbing","floor":29,"turns":5},{"damage":0,"enemies":"Snecko","floor":30,"turns":6},{"damage":0,"enemies":"Slavers","floor":31,"turns":2},{"damage":14,"enemies":"Collector","floor":33,"turns":9},{"damage":83,"enemies":"Shield and Spear","floor":37,"turns":11},{"damage":27,"enemies":"The Heart","floor":38,"turns":11}],"seed_played":"431074046237428054","potions_obtained":[{"floor":3,"key":"Adrenaline Potion"},{"floor":8,"key":"EntropicBrew"},{"floor":19,"key":"PotionOfCapacity"},{"floor":27,"key":"Regen Potion"},{"floor":29,"key":"Explosive Potion"},{"floor":30,"key":"Explosive Potion"},{"floor":31,"key":"SmokeBomb"},{"floor":33,"key":"PowerPotion"},{"floor":37,"key":"Elixir"},{"floor":38,"key":"Languid Potion"}],"is_trial":false,"path_per_floor":["M","M","M","M","?","E","?","E","T","E","$","?","E","M","R","B",null,"M","?","?","?","M","R","NM","R","T","E","R","E","M","E","R","B",null,"R","$","E","B",null],"character_chosen":"DEFECT","items_purchased":["Solar Panel","Machine Learning+1","Orrery","BargainBundle","Regen Potion","FairyPotion","Loop","Chill","Geode","Blue Doll","Defragment","Genetic Algorithm","ReplayTheSpireMod:Brewmster","Coolheaded","Streamline+1","Replay:Arrowhead","Strange Spoon","FIFO Queue"],"campfire_rested":3,"item_purchase_floors":[0,0,0,0,0,0,0,0,0,0,0,11,11,11,11,36,36,36],"current_hp_per_floor":[54,55,56,50,29,35,18,21,21,28,28,21,7,7,30,28,66,50,38,38,38,31,54,60,60,60,35,58,50,63,76,76,75,82,82,82,72,58],"gold":306,"neow_bonus":"","is_daily":false,"chose_seed":false,"campfire_upgraded":6,"win_rate":0.0,"timestamp":1611274041,"path_taken":["M","M","M","M","?","E","?","E","T","E","$","?","E","M","R","BOSS","M","?","?","?","M","R","NM","R","T","E","R","E","M","E","R","BOSS","R","$","E","BOSS"],"items_purchased_type":["Relic","Card","Relic","Relic","Potion","Potion","Card","Card","Relic","Relic","Card","Card","Card","Card","Card","Relic","Relic","Card"],"build_version":"2020-12-22","purchased_purges":1,"victory":true,"max_hp_per_floor":[71,71,71,71,71,71,71,71,71,78,78,78,78,78,78,78,78,78,78,78,78,78,78,78,78,78,78,78,78,78,78,78,78,83,83,83,83,83],"relic_stats":{"Peace Pipe":0,"Strange Spoon":[3],"Dream Catcher":1,"Torii":51,"counters":[91,357],"Prayer Wheel":0,"PreservedInsect":337,"Pen Nib":[3],"Juzu Bracelet":1,"Ginger":[13],"obtain_stats":[{"Ice Cream":0,"Calipers":0,"Tiny House":17,"Hammer of Thor":0,"Ginger":0,"Boot":6,"Replay:Wanted Poster":17,"Centennial Puzzle":8,"infinitespire:ShieldingShard":26,"infinitespire:SolderingIron":40,"Strawberry":10,"Prayer Wheel":37,"Eternal Feather":43,"infinitespire:Beetle Shell":10,"Pen Nib":27,"infinitespire:Magic Flask":0,"Cables":0,"Du-Vu Doll":27,"Anvil of the Gods":0,"Bronze Scales":43,"infinitespire:EmpoweringShard":7,"Unceasing Top":9,"Solar Panel":0,"Torii":38,"animator:TheMissingPiece":0,"Blue Doll":0,"Bag of Preparation":27,"Incense Burner":0,"Juzu Bracelet":8,"Empty Cage":68,"Dream Catcher":26,"Matryoshka":9,"infinitespire:Bottled Soul":76,"Gambling Chip":0,"Red Mask":21,"Replay:Bottled Eggs":37,"Cracked Core":21,"InkBottle":57,"BargainBundle":0,"ReplayTheSpireMod:Ninjato":24,"NeowsBlessing":0,"infinitespire:CursedDice":31,"infinitespire:Joker Card":12,"PreservedInsect":9,"Geode":0,"Seething Fire":0,"infinitespire:CheckeredPen":0,"infinitespire:Lucky Rock":22,"Odd Mushroom":65,"Frozen Egg 2":77,"White Beast Statue":26,"Replay:Arrowhead":36,"Nuclear Battery":17,"Peace Pipe":29,"Strange Spoon":36,"REME:ComplimentaryCards":0,"CaptainsWheel":0,"DataDisk":48,"Anchor":62,"Busted Crown":34,"Orrery":0,"animator:LivingPicture":0,"Turnip":0,"Art of War":74,"Bottled Lightning":56,"infinitespire:Freezer":38,"infinitespire:Midas Blood":9},{"Ice Cream":3,"Calipers":3,"Tiny House":15,"Hammer of Thor":0,"Ginger":70,"Boot":28,"Replay:Wanted Poster":80,"Centennial Puzzle":10,"infinitespire:ShieldingShard":40,"infinitespire:SolderingIron":48,"Strawberry":77,"Prayer Wheel":90,"Eternal Feather":50,"infinitespire:Beetle Shell":30,"Pen Nib":85,"infinitespire:Magic Flask":70,"Cables":3,"Du-Vu Doll":41,"Anvil of the Gods":0,"Bronze Scales":50,"infinitespire:EmpoweringShard":10,"Unceasing Top":10,"Solar Panel":70,"Torii":47,"animator:TheMissingPiece":0,"Blue Doll":70,"Bag of Preparation":19,"Incense Burner":70,"Juzu Bracelet":76,"Empty Cage":63,"Dream Catcher":84,"Matryoshka":29,"infinitespire:Bottled Soul":69,"Gambling Chip":3,"Red Mask":18,"Replay:Bottled Eggs":90,"Cracked Core":18,"InkBottle":58,"BargainBundle":70,"ReplayTheSpireMod:Ninjato":84,"NeowsBlessing":0,"infinitespire:CursedDice":88,"infinitespire:Joker Card":12,"PreservedInsect":76,"Geode":70,"Seething Fire":0,"infinitespire:CheckeredPen":3,"infinitespire:Lucky Rock":18,"Odd Mushroom":62,"Frozen Egg 2":69,"White Beast Statue":84,"Replay:Arrowhead":89,"Nuclear Battery":34,"Peace Pipe":86,"Strange Spoon":89,"REME:ComplimentaryCards":0,"CaptainsWheel":3,"DataDisk":52,"Anchor":60,"Busted Crown":45,"Orrery":70,"animator:LivingPicture":0,"Turnip":3,"Art of War":68,"Bottled Lightning":57,"infinitespire:Freezer":47,"infinitespire:Midas Blood":76},{"Ice Cream":5,"Calipers":5,"Tiny House":51,"Hammer of Thor":0,"Ginger":242,"Boot":104,"Replay:Wanted Poster":293,"Centennial Puzzle":25,"infinitespire:ShieldingShard":146,"infinitespire:SolderingIron":180,"Strawberry":273,"Prayer Wheel":339,"Eternal Feather":188,"infinitespire:Beetle Shell":111,"Pen Nib":313,"infinitespire:Magic Flask":242,"Cables":5,"Du-Vu Doll":151,"Anvil of the Gods":0,"Bronze Scales":188,"infinitespire:EmpoweringShard":25,"Unceasing Top":25,"Solar Panel":242,"Torii":175,"animator:TheMissingPiece":0,"Blue Doll":242,"Bag of Preparation":71,"Incense Burner":242,"Juzu Bracelet":266,"Empty Cage":222,"Dream Catcher":308,"Matryoshka":108,"infinitespire:Bottled Soul":241,"Gambling Chip":5,"Red Mask":63,"Replay:Bottled Eggs":346,"Cracked Core":63,"InkBottle":210,"BargainBundle":242,"ReplayTheSpireMod:Ninjato":308,"NeowsBlessing":0,"infinitespire:CursedDice":326,"infinitespire:Joker Card":33,"PreservedInsect":266,"Geode":242,"Seething Fire":0,"infinitespire:CheckeredPen":5,"infinitespire:Lucky Rock":63,"Odd Mushroom":218,"Frozen Egg 2":241,"White Beast Statue":308,"Replay:Arrowhead":335,"Nuclear Battery":125,"Peace Pipe":318,"Strange Spoon":335,"REME:ComplimentaryCards":0,"CaptainsWheel":5,"DataDisk":193,"Anchor":214,"Busted Crown":170,"Orrery":242,"animator:LivingPicture":0,"Turnip":5,"Art of War":236,"Bottled Lightning":208,"infinitespire:Freezer":175,"infinitespire:Midas Blood":266}]},"card_choices":[{"not_picked":["Steam","Rebound"],"picked":"ReplaySort","floor":0},{"not_picked":["Doom and Gloom","Chaos"],"picked":"Ball Lightning","floor":0},{"not_picked":["ReplaySort","Go for the Eyes"],"picked":"Auto Shields","floor":0},{"not_picked":["Sweeping Beam","Turbo"],"picked":"Buffer","floor":0},{"not_picked":["Hologram","Turbo"],"picked":"ReplayTheSpireMod:GoodbyeWorld","floor":1},{"not_picked":["Force Field","Compile Driver"],"picked":"Sweeping Beam","floor":2},{"not_picked":["Beam Cell","Rebound"],"picked":"Conserve Battery","floor":3},{"not_picked":["Rebound","Conserve Battery"],"picked":"Buffer","floor":4},{"not_picked":["ReplayTheSpireMod:Calculation Training","Gash"],"picked":"Crystallizer","floor":6},{"not_picked":["infinitespire:Execution","infinitespire:Collect"],"picked":"infinitespire:NeuralNetwork","floor":7},{"not_picked":["Beam Cell","Chaos"],"picked":"Panic Button","floor":8},{"not_picked":["Hologram","Steam Power","Rebound"],"picked":"SKIP","floor":10},{"not_picked":["Beam Cell","Lockon"],"picked":"Mirror Shield","floor":13},{"not_picked":["Reinforced Body","Gash"],"picked":"Streamline","floor":14},{"not_picked":["ReplayTheSpireMod:Fabricate Wheel","ReplayRNGCard"],"picked":"Mirror Shield","floor":16},{"not_picked":["Go for the Eyes+1","Cold Snap"],"picked":"Ball Lightning","floor":18},{"not_picked":["Compile Driver","Crystallizer"],"picked":"Self Repair","floor":19},{"not_picked":["Compile Driver","Rebound"],"picked":"Stack","floor":22},{"not_picked":["Undo","Leap"],"picked":"Streamline","floor":24},{"not_picked":["Blizzard","Panic Button"],"picked":"Leap+1","floor":27},{"not_picked":["Barrage","Lockon+1"],"picked":"Seek","floor":28},{"not_picked":["ReplayTheSpireMod:System Scan","Compile Driver"],"picked":"Ball Lightning","floor":29},{"not_picked":["Conserve Battery","BasicCrystalCard"],"picked":"Coolheaded","floor":30},{"not_picked":["Tempest","Beam Cell"],"picked":"Crystallizer","floor":31},{"not_picked":["Meteor Strike","Electrodynamics"],"picked":"ReplayTheSpireMod:Fabricate Wheel","floor":33},{"not_picked":["Skim","ReplayTheSpireMod:GoodbyeWorld+1","Go for the Eyes"],"picked":"SKIP","floor":37},{"not_picked":["All For One","Machine Learning"],"picked":"Buffer","floor":38}],"player_experience":495978,"relics_obtained":[{"floor":6,"key":"Matryoshka"},{"floor":8,"key":"Juzu Bracelet"},{"floor":9,"key":"PreservedInsect"},{"floor":9,"key":"infinitespire:Midas Blood"},{"floor":10,"key":"Strawberry"},{"floor":13,"key":"Du-Vu Doll"},{"floor":19,"key":"Red Mask"},{"floor":24,"key":"ReplayTheSpireMod:Ninjato"},{"floor":26,"key":"Dream Catcher"},{"floor":26,"key":"White Beast Statue"},{"floor":27,"key":"Pen Nib"},{"floor":29,"key":"Peace Pipe"},{"floor":31,"key":"infinitespire:CursedDice"},{"floor":37,"key":"Replay:Bottled Eggs"}],"event_choices":[{"damage_healed":50,"gold_gain":0,"player_choice":"Upgrade","damage_taken":21,"max_hp_gain":0,"max_hp_loss":71,"event_name":"betterThird:BetterShining","floor":5,"gold_loss":0,"cards_upgraded":["Defend_B","Conserve Battery"]},{"damage_healed":0,"gold_gain":50,"player_choice":"Touch","damage_taken":7,"max_hp_gain":0,"max_hp_loss":0,"event_name":"FaceTrader","floor":12,"gold_loss":0},{"damage_healed":0,"gold_gain":0,"player_choice":"Fought Bandits","damage_taken":0,"max_hp_gain":0,"max_hp_loss":0,"event_name":"Masked Bandits","floor":19,"gold_loss":0},{"damage_healed":0,"gold_gain":50,"player_choice":"Steal","damage_taken":0,"max_hp_gain":0,"max_hp_loss":0,"event_name":"betterThird:BetterNest","floor":20,"gold_loss":0},{"damage_healed":0,"gold_gain":0,"player_choice":"Ignored","damage_taken":0,"max_hp_gain":0,"max_hp_loss":0,"event_name":"Vampires","floor":21,"gold_loss":0}],"is_beta":false,"boss_relics":[{"not_picked":["Runic Pyramid","Replay:Ancient Bell"],"picked":"Replay:Wanted Poster"},{"not_picked":["infinitespire:Cupcake","Sozu"],"picked":"Tiny House"}],"items_purged_floors":[0],"is_endless":true,"potions_floor_spawned":[2,3,8,14,16,19,27,29,30,31,33,37,38],"ascension_level":17}}