{"host":"x730sfaw5rd1mxd8","time":1611285954,"event":{"mods":["BaseMod","BetterRewards","Colored Map","Colored Powertips","Highlight Path","Minty Spire (QoL Compilation)","Relic Sorter","Relic Stats","Replay The Spire","StSLib"],"gold_per_floor":[119,129,0,0,18,18,49,49,74,106,106,135,135,166,166,261,261,281,294,144,156,171,201,201,226,249,283,303,303,303,314,314,418,418,432,432,432,432,479,479,506,506,581,598,614,624,640,31,31,31,31,31,31,61,61],"floor_reached":56,"language":"ENG","playtime":2898,"items_purged":["Strike_B","Strike_B","Defend_B","Defend_B","Defend_B"],"score":1680,"play_id":"0d55d3d6-afef-4516-859d-75b131d4f8ce","local_time":"20210121222554","is_ascension_mode":true,"campfire_choices":[{"data":"Defragment","floor":6,"key":"SMITH"},{"data":"Loop","floor":8,"key":"SMITH"},{"data":"Consume","floor":13,"key":"SMITH"},{"data":"Redo","floor":15,"key":"SMITH"},{"data":"Sweeping Beam","floor":24,"key":"SMITH"},{"floor":30,"key":"REST"},{"floor":32,"key":"RECALL"},{"floor":42,"key":"REST"},{"data":"Loop","floor":49,"key":"SMITH"},{"data":"ReplayTheSpireMod:Calculation Training","floor":52,"key":"SMITH"}],"circlet_count":0,"master_deck":["Zap","Dualcast+1","Coolheaded+1","Loop+1","Defragment+1","Ball Lightning","Sweeping Beam+1","Consume+1","Cold Snap","Redo+1","Capacitor+1","Time Bomb","Cold Snap","Cold Snap+1","Fusion+1","Doom and Gloom","White Noise+1","Blizzard+1","Capacitor","Seek","Ball Lightning+1","Dark Shackles","ReplayTheSpireMod:Calculation Training+1","Seek","ReplayTheSpireMod:System Scan+1","Coolheaded","Loop+1"],"relics":["Cracked Core","Happy Flower","OrangePellets","DataDisk","PreservedInsect","Bronze Scales","Centennial Puzzle","Orichalcum","Replay:Bronze Core","War Paint","Gremlin Food","InkBottle","SlaversCollar","Peace Pipe","Geode","Blue Candle","FossilizedHelix","Cables"],"acts_visited":["Exordium","TheCity","TheBeyond","TheEnding"],"potions_floor_usage":[23,41,55,55,55],"damage_taken":[{"damage":0,"enemies":"Cultist","floor":1,"turns":3},{"damage":1,"enemies":"Small Slimes","floor":2,"turns":3},{"damage":0,"enemies":"2 Louse","floor":5,"turns":2},{"damage":4,"enemies":"Lagavulin","floor":7,"turns":5},{"damage":0,"enemies":"Gremlin Nob","floor":10,"turns":3},{"damage":9,"enemies":"3 Sentries","floor":12,"turns":3},{"damage":0,"enemies":"Lagavulin","floor":14,"turns":5},{"damage":18,"enemies":"The Guardian","floor":16,"turns":10},{"damage":0,"enemies":"Chosen","floor":18,"turns":4},{"damage":0,"enemies":"Shell Parasite","floor":19,"turns":4},{"damage":0,"enemies":"Chosen and Byrds","floor":21,"turns":6},{"damage":0,"enemies":"3 Cultists","floor":22,"turns":5},{"damage":17,"enemies":"Slavers","floor":23,"turns":3},{"damage":5,"enemies":"Book of Stabbing","floor":25,"turns":4},{"damage":13,"enemies":"Gremlin Leader","floor":27,"turns":5},{"damage":0,"enemies":"Centurion and Healer","floor":28,"turns":5},{"damage":0,"enemies":"Chosen and Byrds","floor":31,"turns":5},{"damage":0,"enemies":"Collector","floor":33,"turns":7},{"damage":7,"enemies":"3 Shapes","floor":35,"turns":4},{"damage":18,"enemies":"2 Orb Walkers","floor":39,"turns":5},{"damage":0,"enemies":"R_Hoarder","floor":41,"turns":7},{"damage":1,"enemies":"Orb Walker","floor":44,"turns":4},{"damage":0,"enemies":"Maw","floor":45,"turns":6},{"damage":0,"enemies":"Transient","floor":46,"turns":5},{"damage":0,"enemies":"3 Darklings","floor":47,"turns":5},{"damage":2,"enemies":"Awakened One","floor":50,"turns":10},{"damage":39,"enemies":"Shield and Spear","floor":54,"turns":7},{"damage":13,"enemies":"The Heart","floor":55,"turns":9}],"seed_played":"-1956757047301802096","potions_obtained":[{"floor":1,"key":"Ancient Potion"},{"floor":2,"key":"DistilledChaos"},{"floor":19,"key":"PowerPotion"},{"floor":27,"key":"BlessingOfTheForge"},{"floor":31,"key":"Adrenaline Potion"},{"floor":41,"key":"Swift Potion"},{"floor":44,"key":"PowerPotion"},{"floor":46,"key":"FocusPotion"}],"is_trial":false,"path_per_floor":["M","M","$","?","M","R","E","R","T","E","?","E","R","E","R","B",null,"M","M","$","M","M","E","R","E","T","E","M","?","R","M","R","B",null,"M","?","?","?","?","T","E","R","T","M","M","M","M","$","R","B",null,"R","$","E","B",null],"character_chosen":"DEFECT","items_purchased":["Coolheaded+1","Loop","Happy Flower","Defragment","OrangePellets","DataDisk","Ball Lightning","Dexterity Potion","Consume","Cold Snap","Coolheaded","FossilizedHelix","Loop"],"campfire_rested":2,"item_purchase_floors":[0,0,0,0,0,0,0,0,3,3,48,48,48],"current_hp_per_floor":[75,74,74,74,74,74,70,70,70,70,63,54,54,54,54,36,75,75,75,75,75,75,58,58,53,53,40,40,26,50,50,50,50,80,73,73,73,63,45,45,45,69,69,68,68,68,68,68,68,66,80,80,80,41,28],"gold":61,"neow_bonus":"","is_daily":false,"chose_seed":false,"campfire_upgraded":7,"win_rate":0.0,"timestamp":1611285954,"path_taken":["M","M","$","?","?","R","E","R","T","E","?","E","R","E","R","BOSS","M","M","$","M","M","E","R","E","T","E","M","?","R","M","R","BOSS","M","?","?","?","?","?","E","R","T","M","M","?","M","$","R","BOSS","R","$","E","BOSS"],"items_purchased_type":["Card","Card","Relic","Card","Relic","Relic","Card","Potion","Card","Card","Card","Relic","Card"],"build_version":"2020-12-22","purchased_purges":5,"victory":true,"max_hp_per_floor":[75,75,75,75,75,75,75,75,75,75,75,75,75,75,75,75,75,75,75,75,75,75,75,75,75,75,75,75,80,80,80,80,80,80,80,80,80,80,80,80,80,80,80,80,80,80,80,80,80,80,80,80,80,80,80],"relic_stats":{"Happy Flower":[48],"counters":[154,646],"Blue Candle":[0],"PreservedInsect":421,"Orichalcum":[276],"War Paint":["Fusion","Dualcast"],"Cables":[9,2,6,0,1],"Peace Pipe":0,"OrangePellets":[20],"Centennial Puzzle":[45],"Bronze Scales":[1086],"obtain_stats":[{"Ice Cream":14,"Gremlin Horn":9,"Vampiric Spirits":0,"Nilry\u0027s Codex":23,"Vajra":28,"Whetstone":55,"Boot":55,"Sling":55,"Blood Vial":20,"Centennial Puzzle":9,"Strawberry":28,"Replay:Bronze Core":17,"MealTicket":27,"Prayer Wheel":0,"Fusion Hammer":36,"Electric Blood":17,"Byrd Skull":11,"Replay:Bottled Steam":43,"Pear":46,"Happy Flower":55,"Blue Candle":30,"Oddly Smooth Stone":26,"Tingsha":0,"Ring of Chaos":47,"Paper Crane":8,"War Paint":23,"Cables":54,"SlaversCollar":17,"OrangePellets":0,"Bottled Flame":15,"Replay:Baseball":0,"Snecko Scales":34,"Bronze Scales":12,"Bird Faced Urn":12,"Simple Rune":55,"Mark of Pain":0,"StrikeDummy":6,"Pocketwatch":0,"Meat on the Bone":38,"Darkstone Periapt":5,"ReplayFunnel":55,"Regal Pillow":0,"Singing Bowl":10,"Magic Flower":11,"Mango":6,"Painkiller Herb":19,"Snake Skull":29,"Incense Burner":45,"Bag of Preparation":55,"Replay:Multitool":44,"Cursed Key":34,"Burning Blood":0,"Pet Ghost":23,"Replay:Rubber Ducky":55,"Dream Catcher":43,"Nunchaku":24,"Replay:Bandana":10,"Matryoshka":0,"Pantograph":23,"Gambling Chip":24,"Red Skull":6,"InkBottle":27,"Gremlin Food":44,"Replay:Towering Pillar of Hats":10,"The Specimen":25,"Golden Idol":11,"Basket Of Snakes":39,"Quantum Egg":46,"Guide Book":0,"The Courier":14,"PreservedInsect":22,"Replay:WaspNest":0,"Geode":40,"Frozen Egg 2":0,"Orichalcum":56,"MawBank":31,"Medical Kit":42,"Mercury Hourglass":0,"Peace Pipe":39,"Anchor":11,"CaptainsWheel":43,"Pondfish Scales":55,"DataDisk":0,"Busted Crown":17,"Ornamental Fan":55,"Turnip":46,"Art of War":40,"Snack Pack":8,"Membership Card":0,"ReplayTheSpireMod:Ring of Challenge":38,"FossilizedHelix":48},{"Ice Cream":23,"Gremlin Horn":20,"Vampiric Spirits":61,"Nilry\u0027s Codex":75,"Vajra":77,"Whetstone":91,"Boot":91,"Sling":91,"Blood Vial":26,"Centennial Puzzle":5,"Strawberry":13,"Replay:Bronze Core":134,"MealTicket":58,"Prayer Wheel":93,"Fusion Hammer":80,"Electric Blood":51,"Byrd Skull":66,"Replay:Bottled Steam":119,"Pear":122,"Happy Flower":91,"Blue Candle":30,"Oddly Smooth Stone":57,"Tingsha":93,"Ring of Chaos":122,"Paper Crane":66,"War Paint":139,"Cables":153,"SlaversCollar":24,"OrangePellets":93,"Bottled Flame":70,"Replay:Baseball":93,"Snecko Scales":115,"Bronze Scales":6,"Bird Faced Urn":22,"Simple Rune":91,"Mark of Pain":0,"StrikeDummy":98,"Pocketwatch":41,"Meat on the Bone":117,"Darkstone Periapt":18,"ReplayFunnel":91,"Regal Pillow":93,"Singing Bowl":21,"Magic Flower":49,"Mango":19,"Painkiller Herb":72,"Snake Skull":78,"Incense Burner":87,"Bag of Preparation":91,"Replay:Multitool":120,"Cursed Key":31,"Burning Blood":0,"Pet Ghost":56,"Replay:Rubber Ducky":91,"Dream Catcher":37,"Nunchaku":75,"Replay:Bandana":100,"Matryoshka":61,"Pantograph":12,"Gambling Chip":27,"Red Skull":47,"InkBottle":141,"Gremlin Food":87,"Replay:Towering Pillar of Hats":66,"The Specimen":76,"Golden Idol":5,"Basket Of Snakes":82,"Quantum Egg":87,"Guide Book":93,"The Courier":7,"PreservedInsect":11,"Replay:WaspNest":61,"Geode":146,"Frozen Egg 2":14,"Orichalcum":92,"MawBank":79,"Medical Kit":119,"Mercury Hourglass":61,"Peace Pipe":146,"Anchor":66,"CaptainsWheel":86,"Pondfish Scales":91,"DataDisk":126,"Busted Crown":8,"Ornamental Fan":91,"Turnip":38,"Art of War":36,"Snack Pack":48,"Membership Card":61,"ReplayTheSpireMod:Ring of Challenge":81,"FossilizedHelix":151},{"Ice Cream":93,"Gremlin Horn":78,"Vampiric Spirits":244,"Nilry\u0027s Codex":288,"Vajra":296,"Whetstone":364,"Boot":364,"Sling":364,"Blood Vial":107,"Centennial Puzzle":17,"Strawberry":48,"Replay:Bronze Core":537,"MealTicket":230,"Prayer Wheel":376,"Fusion Hammer":315,"Electric Blood":208,"Byrd Skull":257,"Replay:Bottled Steam":471,"Pear":484,"Happy Flower":364,"Blue Candle":123,"Oddly Smooth Stone":226,"Tingsha":376,"Ring of Chaos":484,"Paper Crane":257,"War Paint":559,"Cables":637,"SlaversCollar":100,"OrangePellets":376,"Bottled Flame":268,"Replay:Baseball":376,"Snecko Scales":459,"Bronze Scales":20,"Bird Faced Urn":86,"Simple Rune":364,"Mark of Pain":0,"StrikeDummy":392,"Pocketwatch":170,"Meat on the Bone":463,"Darkstone Periapt":65,"ReplayFunnel":364,"Regal Pillow":376,"Singing Bowl":82,"Magic Flower":200,"Mango":73,"Painkiller Herb":279,"Snake Skull":300,"Incense Burner":344,"Bag of Preparation":364,"Replay:Multitool":475,"Cursed Key":130,"Burning Blood":0,"Pet Ghost":224,"Replay:Rubber Ducky":364,"Dream Catcher":151,"Nunchaku":288,"Replay:Bandana":399,"Matryoshka":244,"Pantograph":44,"Gambling Chip":111,"Red Skull":189,"InkBottle":568,"Gremlin Food":344,"Replay:Towering Pillar of Hats":257,"The Specimen":292,"Golden Idol":17,"Basket Of Snakes":325,"Quantum Egg":344,"Guide Book":376,"The Courier":25,"PreservedInsect":40,"Replay:WaspNest":244,"Geode":594,"Frozen Egg 2":51,"Orichalcum":369,"MawBank":304,"Medical Kit":471,"Mercury Hourglass":244,"Peace Pipe":594,"Anchor":257,"CaptainsWheel":341,"Pondfish Scales":364,"DataDisk":505,"Busted Crown":30,"Ornamental Fan":364,"Turnip":156,"Art of War":146,"Snack Pack":196,"Membership Card":244,"ReplayTheSpireMod:Ring of Challenge":318,"FossilizedHelix":621}],"InkBottle":[39]},"card_choices":[{"not_picked":["Blizzard","BootSequence"],"picked":"Sweeping Beam","floor":1},{"not_picked":["BasicCrystalCard","Go for the Eyes","Steam"],"picked":"SKIP","floor":2},{"not_picked":["Recycle","Leap"],"picked":"Redo","floor":5},{"not_picked":["Gash","ReplaySort"],"picked":"Capacitor","floor":7},{"not_picked":["Panic Button","Rebound","BootSequence"],"picked":"SKIP","floor":10},{"not_picked":["Rebound","Beam Cell"],"picked":"Time Bomb","floor":12},{"not_picked":["ReplayTheSpireMod:GoodbyeWorld","Turbo"],"picked":"Cold Snap","floor":14},{"not_picked":["Redo","Streamline"],"picked":"Cold Snap+1","floor":18},{"not_picked":["Compile Driver","Streamline"],"picked":"Fusion","floor":19},{"not_picked":["Heatsinks","Compile Driver","Static Discharge+1"],"picked":"SKIP","floor":21},{"not_picked":["Hologram","Turbo"],"picked":"Doom and Gloom","floor":22},{"not_picked":["ReplaySolidLightProjector","Force Field"],"picked":"White Noise+1","floor":23},{"not_picked":["BasicCrystalCard","Hologram"],"picked":"Blizzard","floor":25},{"not_picked":["Leap+1","Conserve Battery","Double Energy"],"picked":"SKIP","floor":27},{"not_picked":["Leap","Rebound"],"picked":"Capacitor","floor":28},{"not_picked":["Static Discharge","Sweeping Beam","Sunder+1"],"picked":"SKIP","floor":31},{"not_picked":["Mirror Shield","Fission"],"picked":"Seek","floor":33},{"not_picked":["Blizzard","Compile Driver+1"],"picked":"Ball Lightning+1","floor":35},{"not_picked":["Forethought","Magnetism"],"picked":"Dark Shackles","floor":38},{"not_picked":["Sweeping Beam+1","Rebound+1"],"picked":"ReplayTheSpireMod:Calculation Training","floor":39},{"not_picked":["Storm","Go for the Eyes"],"picked":"Seek","floor":41},{"not_picked":["Go for the Eyes+1","BasicCrystalCard+1"],"picked":"ReplayTheSpireMod:System Scan+1","floor":44},{"not_picked":["Hello World+1","Stack","Sweeping Beam"],"picked":"SKIP","floor":45},{"not_picked":["Compile Driver","Capacitor","Streamline"],"picked":"SKIP","floor":46},{"not_picked":["Time Bomb+1","Blizzard+1","Undo+1"],"picked":"SKIP","floor":47},{"not_picked":["Consume","Conserve Battery","Stack+1"],"picked":"SKIP","floor":54}],"player_experience":3980528,"relics_obtained":[{"floor":7,"key":"PreservedInsect"},{"floor":9,"key":"Bronze Scales"},{"floor":10,"key":"Centennial Puzzle"},{"floor":12,"key":"Orichalcum"},{"floor":23,"key":"War Paint"},{"floor":25,"key":"Gremlin Food"},{"floor":27,"key":"InkBottle"},{"floor":39,"key":"Peace Pipe"},{"floor":40,"key":"Geode"},{"floor":43,"key":"Blue Candle"},{"floor":54,"key":"Cables"}],"event_choices":[{"cards_removed":["Defend_B"],"damage_healed":0,"gold_gain":0,"player_choice":"Purged","damage_taken":0,"max_hp_gain":0,"max_hp_loss":0,"event_name":"Purifier","floor":4,"gold_loss":0},{"cards_removed":["Strike_B"],"damage_healed":0,"gold_gain":0,"player_choice":"Card Removal","damage_taken":7,"max_hp_gain":0,"max_hp_loss":0,"event_name":"Golden Wing","floor":11,"gold_loss":0},{"damage_healed":0,"gold_gain":0,"player_choice":"Shed Blood","damage_taken":19,"max_hp_gain":5,"max_hp_loss":0,"event_name":"Forgotten Altar","floor":29,"gold_loss":0},{"cards_removed":["Strike_B"],"damage_healed":0,"gold_gain":0,"player_choice":"Removed Attack","damage_taken":0,"max_hp_gain":0,"max_hp_loss":0,"event_name":"Falling","floor":36,"gold_loss":0},{"damage_healed":0,"gold_gain":0,"player_choice":"Memory 3","damage_taken":10,"max_hp_gain":0,"max_hp_loss":0,"event_name":"SensoryStone","floor":38,"gold_loss":0},{"damage_healed":0,"gold_gain":0,"player_choice":"Fight","damage_taken":0,"max_hp_gain":0,"max_hp_loss":0,"event_name":"Mysterious Sphere","floor":39,"gold_loss":0}],"is_beta":false,"boss_relics":[{"not_picked":["Runic Pyramid","Coffee Dripper"],"picked":"Replay:Bronze Core"},{"not_picked":["Snecko Eye","Painkiller Herb"],"picked":"SlaversCollar"}],"items_purged_floors":[0,0,0,20,48],"is_endless":false,"potions_floor_spawned":[1,2,16,19,27,28,31,41,44,45,46,54],"ascension_level":1}}