{"host":"guv5thfpx4d8ikzb","time":1611344506,"event":{"mods":["2.2 Compatiblity","AchievementEnabler","BaseMod","Block Reminder","Colored Map","Colored Powertips","Downfall","Minty Spire (QoL Compilation)","Permanent Neow","Quick Restart","Relic Stats","Replay The Spire","StSLib"],"gold_per_floor":[99,119,137,137,151,165,192,92,192,192,211,222,222,251,266,370,370,270,282,300,138,158,193,193,105,121,153,153,53,80,98,116,216,216,216,234,254,20,77,110,110,186,186,230,230,246,246,312,372,396,396,428,45,45,55,71],"floor_reached":57,"language":"ENG","playtime":4741,"items_purged":["bronze:Strike","bronze:Defend","bronze:Defend"],"score":1861,"play_id":"a4a9d417-fedf-4686-b0fe-fbb4ced6302a","local_time":"20210122144146","is_ascension_mode":true,"campfire_choices":[{"floor":1,"key":"RECALL"},{"data":"Pot Of Greed","floor":8,"key":"SMITH"},{"data":"bronze:BuggyMess","floor":10,"key":"SMITH"},{"data":"Pot Of Greed","floor":10,"key":"SMITH"},{"floor":13,"key":"REST"},{"data":"Pot Of Greed","floor":18,"key":"SMITH"},{"data":"bronze:ForceShield","floor":18,"key":"SMITH"},{"floor":29,"key":"REST"},{"floor":35,"key":"DIG"},{"data":"Pot Of Greed","floor":45,"key":"SMITH"},{"floor":47,"key":"REST"},{"data":"bronze:Defend","floor":54,"key":"SMITH"},{"data":"bronze:Defend","floor":54,"key":"SMITH"}],"circlet_count":0,"master_deck":["bronze:Defend+2","bronze:Defend","bronze:Replicate+1","bronze:Goto+1","bronze:CutThrough+1","bronze:Overheat+1","bronze:Assembly+1","Pot Of Greed+1","Pot Of Greed+1","bronze:BuggyMess+1","bronze:Iterate+1","bronze:CutThrough+1","bronze:FunctionCard","bronze:ForceShield+1","bronze:CloningBeam+1","bronze:MaxOutput+1","bronze:Constructor+1","Pot Of Greed+1","bronze:FunctionCard","bronze:Invalidate+1","bronze:Branch+1","bronze:InfiniteLoop+1","bronze:ItsAFeature+1","bronze:FunctionCard","Replay:Bootleg Shield Generator+1","bronze:Flail+1","bronze:SpaghettiCode+1","bronze:ClassDefault+1","bronze:Shield+1","bronze:Shield+1","Pot Of Greed+1","bronze:Fortify+1","bronze:InfiniteBeams+1","bronze:SpaghettiCode+1","bronze:Mutator+1","bronze:BronzeOrb+1","expansioncontent:QuickStudy+1","bronze:Shield+1","bronze:Turbo+1","bronze:Format+1","bronze:SpaghettiCode+1","bronze:HardenedForm+1","bronze:Repulsor+1","Pot Of Greed+1","bronze:Turbo+1","bronze:Verify+1","bronze:Deprecate+1","bronze:ThunderWave+1","bronze:Iterate+1","bronze:Iterate+1"],"relics":["Replay:Bronze Core","Golden Egg","Molten Egg 2","Grinning Jar","downfall:HeartBlessingRed","Replay:Arrowhead","Toy Ornithopter","Smiling Mask","Astrolabe","downfall:HeartBlessingGreen","Question Card","DollysMirror","Sundial","HornCleat","ReplayTheSpireMod:Lightbulb","Counterbalance","Replay:Rubber Ducky","downfall:HeartBlessingBlue","Kunai","ReplayTheSpireMod:DimensionalGlitch","Gremlin Horn","War Paint","Replay:Bandana","Replay:Bottled Steam","Meat on the Bone","Ice Cream","ReplayFunnel","Strawberry","Simple Rune"],"acts_visited":["Exordium","TheCity","TheBeyond","TheEnding"],"potions_floor_usage":[9,14,16,20,23,27,40,42],"damage_taken":[{"damage":8,"enemies":"2 Louse","floor":2,"turns":3},{"damage":1,"enemies":"Cultist","floor":3,"turns":3},{"damage":7,"enemies":"Small Slimes","floor":5,"turns":3},{"damage":0,"enemies":"Gremlin Gang","floor":6,"turns":3},{"damage":22,"enemies":"downfall:LadyInBlue","floor":9,"turns":9},{"damage":0,"enemies":"2 Fungi Beasts","floor":11,"turns":1},{"damage":12,"enemies":"Exordium Wildlife","floor":12,"turns":2},{"damage":0,"enemies":"Lagavulin","floor":14,"turns":3},{"damage":0,"enemies":"Exordium Thugs","floor":15,"turns":2},{"damage":11,"enemies":"IC_STATUS_ARCHETYPE","floor":16,"turns":4},{"damage":0,"enemies":"Chosen","floor":19,"turns":4},{"damage":8,"enemies":"Shell Parasite","floor":20,"turns":3},{"damage":0,"enemies":"downfall:FleeingMerchant","floor":21,"turns":5},{"damage":12,"enemies":"Centurion and Healer","floor":22,"turns":3},{"damage":13,"enemies":"Slavers","floor":23,"turns":3},{"damage":0,"enemies":"downfall:FleeingMerchant","floor":25,"turns":2},{"damage":0,"enemies":"Shelled Parasite and Fungi","floor":26,"turns":4},{"damage":5,"enemies":"Replay:Snechameleon","floor":27,"turns":5},{"damage":11,"enemies":"Slavers","floor":30,"turns":3},{"damage":0,"enemies":"Sentry and Sphere","floor":31,"turns":3},{"damage":0,"enemies":"Centurion and Healer","floor":32,"turns":3},{"damage":18,"enemies":"DF_ARCHETYPE_CLAW","floor":33,"turns":6},{"damage":5,"enemies":"Orb Walker","floor":36,"turns":2},{"damage":0,"enemies":"3 Shapes","floor":37,"turns":1},{"damage":0,"enemies":"R_Hoarder","floor":40,"turns":4},{"damage":0,"enemies":"Nemesis","floor":42,"turns":5},{"damage":0,"enemies":"Maw","floor":44,"turns":5},{"damage":0,"enemies":"Writhing Mass","floor":46,"turns":1},{"damage":0,"enemies":"Writhing Mass","floor":48,"turns":5},{"damage":11,"enemies":"Sphere and 2 Shapes","floor":49,"turns":2},{"damage":0,"enemies":"WA_ARCHETYPE_DIVINITY","floor":50,"turns":9},{"damage":0,"enemies":"downfall:CharBossMerchant","floor":52,"turns":1},{"damage":0,"enemies":"downfall:NeowBoss","floor":55,"turns":3},{"damage":0,"enemies":"downfall:NeowBossFinal","floor":56,"turns":3}],"seed_played":"6081327269252502894","potions_obtained":[{"floor":3,"key":"BlessingOfTheForge"},{"floor":9,"key":"ColorlessPotion"},{"floor":9,"key":"Elixir"},{"floor":9,"key":"FearPotion"},{"floor":9,"key":"Flashbang"},{"floor":12,"key":"LifebloodPotion"},{"floor":16,"key":"sneckomod:MuddlingPotion"},{"floor":20,"key":"Strength Potion"},{"floor":22,"key":"Flashbang"},{"floor":26,"key":"Strength Potion"},{"floor":27,"key":"DistilledChaos"},{"floor":39,"key":"Regen Potion"},{"floor":42,"key":"ColorlessPotion"},{"floor":46,"key":"AttackPotion"}],"is_trial":false,"path_per_floor":["R","M","M","?","M","M","T","R","?","R","M","M","R","E","M","B",null,"R","M","M","$","M","E","T","$","M","E","?","R","E","M","M","B",null,"R_BF","M","M","$","?","E","T","E","?","M","R","M","R","?","M","B",null,"E","$","R","B","B",null],"character_chosen":"THE_AUTOMATON","items_purchased":["Question Card","bronze:ItsAFeature","DollysMirror","Sundial","Replay:Bootleg Shield Generator","Counterbalance","bronze:Shield","expansioncontent:QuickStudy","bronze:Iterate+1","Strawberry","Simple Rune","Adrenaline Potion"],"campfire_rested":3,"item_purchase_floors":[21,21,21,21,21,25,25,38,53,53,53,53],"current_hp_per_floor":[70,62,61,61,54,54,54,54,32,32,32,20,41,46,46,40,70,70,70,62,62,50,42,42,42,42,42,42,76,65,65,65,47,80,80,75,75,75,43,53,53,56,56,56,56,56,80,80,69,69,80,80,87,87,87,87],"gold":71,"neow_bonus":"BOSS_RELIC","is_daily":false,"chose_seed":false,"campfire_upgraded":8,"win_rate":0.0,"timestamp":1611344506,"path_taken":["R","M","M","?","?","M","T","R","?","R","M","M","R","E","M","BOSS","R","M","?","$","M","E","T","$","M","E","?","R","E","?","M","BOSS","R_BF","M","M","$","?","E","T","E","?","?","R","M","R","?","M","BOSS","E","$","R","BOSS","BOSS"],"items_purchased_type":["Relic","Card","Relic","Relic","Card","Relic","Card","Card","Card","Relic","Relic","Potion"],"build_version":"2020-12-22","purchased_purges":3,"victory":true,"max_hp_per_floor":[70,70,70,70,70,70,70,70,70,70,70,70,70,70,70,70,70,70,70,70,70,70,70,70,70,70,70,70,80,80,80,80,80,80,80,80,80,80,80,80,80,80,80,80,80,80,80,80,80,80,80,80,87,87,87,87],"relic_stats":{"Gremlin Horn":[17,18],"counters":[34,117],"Sundial":[2],"Astrolabe":["bronze:CloningBeam","bronze:MaxOutput","bronze:Constructor"],"Kunai":[25],"War Paint":["bronze:Defend"],"Smiling Mask":150,"Question Card":20,"obtain_stats":[{"Ice Cream":48,"ReplayFunnel":52,"Golden Egg":0,"bronze:BronzeCore":0,"Gremlin Horn":35,"downfall:HeartBlessingGreen":18,"Smiling Mask":14,"Replay:Rubber Ducky":27,"Replay:Bandana":40,"HornCleat":23,"DollysMirror":21,"Sundial":21,"downfall:HeartBlessingBlue":29,"Replay:Bronze Core":0,"Strawberry":53,"Kunai":30,"Replay:Bottled Steam":41,"downfall:HeartBlessingRed":8,"Astrolabe":17,"Counterbalance":25,"War Paint":39,"Question Card":21,"Replay:Arrowhead":8,"Molten Egg 2":2,"Simple Rune":53,"Grinning Jar":7,"ReplayTheSpireMod:Lightbulb":24,"ReplayTheSpireMod:DimensionalGlitch":34,"Toy Ornithopter":9,"Meat on the Bone":42},{"Ice Cream":29,"ReplayFunnel":32,"Golden Egg":0,"bronze:BronzeCore":0,"Gremlin Horn":22,"downfall:HeartBlessingGreen":10,"Smiling Mask":8,"Replay:Rubber Ducky":18,"Replay:Bandana":25,"HornCleat":15,"DollysMirror":13,"Sundial":13,"downfall:HeartBlessingBlue":18,"Replay:Bronze Core":0,"Strawberry":32,"Kunai":19,"Replay:Bottled Steam":25,"downfall:HeartBlessingRed":4,"Astrolabe":10,"Counterbalance":16,"War Paint":24,"Question Card":13,"Replay:Arrowhead":4,"Molten Egg 2":1,"Simple Rune":32,"Grinning Jar":4,"ReplayTheSpireMod:Lightbulb":15,"ReplayTheSpireMod:DimensionalGlitch":22,"Toy Ornithopter":5,"Meat on the Bone":26},{"Ice Cream":100,"ReplayFunnel":111,"Golden Egg":0,"bronze:BronzeCore":0,"Gremlin Horn":77,"downfall:HeartBlessingGreen":33,"Smiling Mask":27,"Replay:Rubber Ducky":62,"Replay:Bandana":84,"HornCleat":51,"DollysMirror":45,"Sundial":45,"downfall:HeartBlessingBlue":62,"Replay:Bronze Core":0,"Strawberry":111,"Kunai":65,"Replay:Bottled Steam":84,"downfall:HeartBlessingRed":12,"Astrolabe":33,"Counterbalance":53,"War Paint":80,"Question Card":45,"Replay:Arrowhead":12,"Molten Egg 2":3,"Simple Rune":111,"Grinning Jar":12,"ReplayTheSpireMod:Lightbulb":51,"ReplayTheSpireMod:DimensionalGlitch":77,"Toy Ornithopter":21,"Meat on the Bone":89}],"Toy Ornithopter":26,"Meat on the Bone":0},"card_choices":[{"not_picked":["bronze:WildBeam+1","bronze:Repulsor"],"picked":"bronze:CutThrough+1","floor":2},{"not_picked":["bronze:BuggyMess","bronze:Optimize"],"picked":"bronze:Overheat+1","floor":3},{"not_picked":["bronze:BronzeArmor","bronze:Repulsor"],"picked":"bronze:Separator+1","floor":5},{"not_picked":["bronze:OilSpill+1","bronze:Shell"],"picked":"bronze:Assembly","floor":6},{"not_picked":["bronze:DelayedGuard","bronze:Repulsor"],"picked":"bronze:BuggyMess","floor":9},{"not_picked":["bronze:BitShift","bronze:Repulsor"],"picked":"bronze:Iterate+1","floor":11},{"not_picked":["bronze:Frontload","bronze:Invalidate"],"picked":"bronze:CutThrough+1","floor":12},{"not_picked":["bronze:BronzeArmor","bronze:Backtrace+1"],"picked":"bronze:Hardcode","floor":14},{"not_picked":["bronze:DelayedGuard","bronze:Backtrace+1"],"picked":"bronze:ForceShield","floor":15},{"not_picked":["bronze:TinkerersToolbox","bronze:BurnOut+1"],"picked":"bronze:Hardcode","floor":16},{"not_picked":["bronze:Separator+1","bronze:Overload"],"picked":"bronze:Invalidate+1","floor":19},{"not_picked":["bronze:DelayedGuard+1","bronze:Philosophize"],"picked":"bronze:Branch+1","floor":20},{"not_picked":["bronze:BuggyMess","bronze:Turbo"],"picked":"bronze:InfiniteLoop+1","floor":21},{"not_picked":["bronze:Invalidate","bronze:BitShift","bronze:Deprecate+1"],"picked":"bronze:Flail+1","floor":22},{"not_picked":["bronze:Separator+1","bronze:Return","bronze:Philosophize+1"],"picked":"bronze:SpaghettiCode","floor":23},{"not_picked":["bronze:Branch+1","bronze:Frontload+1","bronze:Terminator"],"picked":"bronze:ClassDefault","floor":25},{"not_picked":["bronze:BronzeArmor+1","bronze:Constructor+1","bronze:Turbo"],"picked":"bronze:Fortify+1","floor":26},{"not_picked":["bronze:Overheat+1","bronze:BuggyMess","bronze:Separator+1"],"picked":"bronze:InfiniteBeams+1","floor":27},{"not_picked":["bronze:Constructor","bronze:Refactor","bronze:CutThrough+1"],"picked":"bronze:SpaghettiCode","floor":30},{"not_picked":["bronze:Invalidate","bronze:Constructor+1","bronze:ClassDefault","bronze:CutThrough+1"],"picked":"SKIP","floor":31},{"not_picked":["bronze:DarkDash+1","bronze:Overheat+1","bronze:WildBeam+1","bronze:Philosophize"],"picked":"SKIP","floor":32},{"not_picked":["bronze:ThunderWave+1","bronze:Break+1","bronze:SpaghettiCode"],"picked":"bronze:Mutator","floor":33},{"not_picked":["bronze:FineTuning","bronze:CutThrough+1","bronze:Overload+1"],"picked":"bronze:BronzeOrb+1","floor":36},{"not_picked":["bronze:BronzeArmor","bronze:Shield","bronze:Branch+1","bronze:BuggyMess"],"picked":"SKIP","floor":37},{"not_picked":["bronze:Iterate+1","bronze:Return+1","bronze:Constructor+1"],"picked":"bronze:Shield+1","floor":39},{"not_picked":["bronze:Optimize","bronze:Iterate+1","bronze:DigitalCarnage+1"],"picked":"bronze:Turbo+1","floor":39},{"not_picked":["bronze:Frontload","bronze:Branch+1","bronze:WhirlingStrike+1"],"picked":"bronze:Format","floor":40},{"not_picked":["bronze:Turbo+1","bronze:Deprecate+1","bronze:Safeguard"],"picked":"bronze:SpaghettiCode","floor":42},{"not_picked":["bronze:BronzeArmor","bronze:Shell+1","bronze:BronzeOrb+1"],"picked":"bronze:Repulsor+1","floor":44},{"not_picked":["bronze:CutThrough+1","bronze:DelayedSlice+1","bronze:Backtrace+1"],"picked":"bronze:Turbo+1","floor":46},{"not_picked":["bronze:BitShift","bronze:Branch+1","bronze:Constructor"],"picked":"bronze:Verify","floor":48},{"not_picked":["bronze:Constructor","bronze:Philosophize","bronze:DelayedGuard"],"picked":"bronze:Deprecate+1","floor":49},{"not_picked":["bronze:OilSpill+1","bronze:MaxOutput+1","bronze:ChosenStrike+1"],"picked":"bronze:ThunderWave+1","floor":52}],"player_experience":1088599,"relics_obtained":[{"floor":7,"key":"Grinning Jar"},{"floor":9,"key":"Toy Ornithopter"},{"floor":14,"key":"Smiling Mask"},{"floor":23,"key":"HornCleat"},{"floor":24,"key":"ReplayTheSpireMod:Lightbulb"},{"floor":27,"key":"Replay:Rubber Ducky"},{"floor":30,"key":"Kunai"},{"floor":35,"key":"Gremlin Horn"},{"floor":39,"key":"War Paint"},{"floor":40,"key":"Replay:Bandana"},{"floor":41,"key":"Replay:Bottled Steam"},{"floor":42,"key":"Meat on the Bone"},{"floor":48,"key":"Ice Cream"},{"floor":52,"key":"ReplayFunnel"}],"event_choices":[],"is_beta":false,"boss_relics":[{"not_picked":["Snecko Eye","Honey Jar"],"picked":"Astrolabe"},{"not_picked":["Philosopher\u0027s Stone","Replay:Wanted Poster"],"picked":"ReplayTheSpireMod:DimensionalGlitch"}],"items_purged_floors":[21,25,38],"is_endless":false,"potions_floor_spawned":[3,9,12,16,20,22,26,27,32,33,37,42,46,49,52],"ascension_level":4}}