{"host":"nolo0osttpwefhwj","time":1611328101,"event":{"mods":["AchievementEnabler","BaseMod","Bestiary","Colored Powertips","Minty Spire (QoL Compilation)","Permanent Neow","Quick Restart","Relic Stats"],"gold_per_floor":[362,362,362,59,73,104,104,4,4,31,31,57,76,92,92,197,197,207,221,221,238,238,265,279,279,303,303,336,336,184,194,194,291,291,302,319,332,332,44,44,71,71,98,118,147,164,164,192,192,192,192],"floor_reached":50,"language":"ENG","playtime":3247,"items_purged":["Strike_G","Strike_G","Strike_G"],"score":1191,"play_id":"7e12afba-f700-4665-b10a-9841f1738922","local_time":"20210122160821","is_ascension_mode":true,"campfire_choices":[{"data":"Phantasmal Killer","floor":7.0,"key":"SMITH"},{"data":"Neutralize","floor":11.0,"key":"SMITH"},{"data":"Footwork","floor":15.0,"key":"SMITH"},{"data":"RitualDagger","floor":25.0,"key":"SMITH"},{"data":"Prepared","floor":29.0,"key":"SMITH"},{"data":"Tactician","floor":32.0,"key":"SMITH"},{"data":"Terror","floor":40.0,"key":"SMITH"},{"floor":42.0,"key":"RECALL"},{"data":"Tactician","floor":47,"key":"SMITH"},{"data":"PiercingWail","floor":49,"key":"SMITH"}],"circlet_count":0,"master_deck":["AscendersBane","Defend_G","Defend_G","Defend_G","Defend_G","Defend_G","Survivor","Neutralize+1","Backstab","Predator","Phantasmal Killer+1","Dagger Spray","Dagger Throw+1","Quick Slash+1","Footwork+1","Eviscerate","Leg Sweep","Tactician+1","Underhanded Strike","Grand Finale","Deflect","Prepared+1","RitualDagger+1","Caltrops+1","Ghostly","Ghostly","Ghostly","Ghostly","Ghostly","Phantasmal Killer+1","Malaise","Tactician+1","Grand Finale","Terror+1","Bane","Dagger Throw+1","Reflex+1","PiercingWail+1"],"relics":["Ring of the Serpent","Orrery","Strawberry","Paper Crane","Bronze Scales","HornCleat","Gremlin Horn","Whetstone","Mummified Hand","Oddly Smooth Stone","Philosopher\u0027s Stone","Membership Card","Orichalcum","Turnip","Snake Skull","Prayer Wheel"],"acts_visited":["Exordium","TheCity","TheBeyond"],"potions_floor_usage":[46],"damage_taken":[{"damage":0.0,"enemies":"Small Slimes","floor":1.0,"turns":4.0},{"damage":0.0,"enemies":"Jaw Worm","floor":5.0,"turns":3.0},{"damage":11.0,"enemies":"Lagavulin","floor":6.0,"turns":9.0},{"damage":1.0,"enemies":"Gremlin Nob","floor":10.0,"turns":3.0},{"damage":3.0,"enemies":"3 Sentries","floor":12.0,"turns":6.0},{"damage":0.0,"enemies":"Cultist","floor":13.0,"turns":2.0},{"damage":0.0,"enemies":"2 Fungi Beasts","floor":14.0,"turns":2.0},{"damage":6.0,"enemies":"Slime Boss","floor":16.0,"turns":9.0},{"damage":4.0,"enemies":"Chosen","floor":18.0,"turns":6.0},{"damage":5.0,"enemies":"Shell Parasite","floor":19.0,"turns":4.0},{"damage":0.0,"enemies":"Centurion and Healer","floor":21.0,"turns":6.0},{"damage":0.0,"enemies":"Book of Stabbing","floor":23.0,"turns":5.0},{"damage":3.0,"enemies":"Snake Plant","floor":24.0,"turns":5.0},{"damage":0.0,"enemies":"Gremlin Leader","floor":28.0,"turns":7.0},{"damage":0.0,"enemies":"Sentry and Sphere","floor":31.0,"turns":6.0},{"damage":23.0,"enemies":"Automaton","floor":33.0,"turns":10.0},{"damage":0.0,"enemies":"3 Shapes","floor":35.0,"turns":5.0},{"damage":0.0,"enemies":"3 Darklings","floor":36.0,"turns":4.0},{"damage":13.0,"enemies":"Spire Growth","floor":37.0,"turns":7.0},{"damage":0.0,"enemies":"Reptomancer","floor":41.0,"turns":5.0},{"damage":0.0,"enemies":"Transient","floor":44.0,"turns":5.0},{"damage":5.0,"enemies":"Giant Head","floor":45.0,"turns":8.0},{"damage":0,"enemies":"Writhing Mass","floor":46,"turns":4},{"damage":0,"enemies":"Reptomancer","floor":48,"turns":6},{"damage":49,"enemies":"Donu and Deca","floor":50,"turns":7}],"seed_played":"5250803788640739430","potions_obtained":[{"floor":6.0,"key":"FearPotion"},{"floor":10.0,"key":"Fruit Juice"},{"floor":12.0,"key":"SpeedPotion"},{"floor":16.0,"key":"Strength Potion"},{"floor":28.0,"key":"Dexterity Potion"},{"floor":33.0,"key":"DistilledChaos"},{"floor":35.0,"key":"ColorlessPotion"},{"floor":44.0,"key":"FairyPotion"},{"floor":46,"key":"EssenceOfSteel"}],"is_trial":false,"path_per_floor":["M","?","?","$","M","E","R","$","T","E","R","E","M","M","R","B",null,"M","M","?","M","?","E","M","R","T","?","E","R","$","M","R","B",null,"M","M","M","?","$","R","E","R","T","M","E","M","R","E","R","B"],"character_chosen":"THE_SILENT","items_purchased":["Orrery","BlessingOfTheForge","Footwork","Oddly Smooth Stone","Membership Card","Orichalcum"],"campfire_rested":0,"item_purchase_floors":[4,4,4,30,39,39],"current_hp_per_floor":[63,63,56,56,56,52,52,52,52,51,51,48,48,48,48,47,73,69,64,58,58,41,41,38,38,38,38,38,38,38,38,38,15,35,35,35,22,22,22,22,22,22,22,22,17,17,17,17,17,0,0],"gold":192,"neow_bonus":"TWO_FIFTY_GOLD","is_daily":false,"chose_seed":false,"campfire_upgraded":9,"win_rate":0.0,"timestamp":1611328101,"path_taken":["M","?","?","$","M","E","R","?","T","E","R","E","?","M","R","BOSS","M","?","?","M","?","E","M","R","T","?","E","R","$","M","R","BOSS","M","?","?","?","?","R","E","R","T","M","E","?","R","E","R","BOSS"],"items_purchased_type":["Relic","Potion","Card","Relic","Relic","Relic"],"build_version":"2020-12-22","purchased_purges":3,"victory":false,"max_hp_per_floor":[70,70,70,70,70,77,77,77,77,77,77,77,77,77,77,82,82,82,82,82,82,41,41,41,41,41,41,41,41,41,41,41,41,41,41,41,41,41,41,41,41,41,41,41,41,41,41,41,41,41,41],"relic_stats":{"Gremlin Horn":[21,21],"counters":[25,138],"Mummified Hand":[31],"Bronze Scales":[333],"Prayer Wheel":0,"Turnip":[0],"Snake Skull":[0],"Whetstone":["Dagger Throw","Quick Slash"],"Orichalcum":[42],"obtain_stats":[{"Gremlin Horn":23,"Oddly Smooth Stone":30,"Snake Skull":45,"Whetstone":26,"Paper Crane":9,"Orichalcum":39,"HornCleat":12,"Mummified Hand":28,"Strawberry":6,"Bronze Scales":10,"Orrery":4,"Philosopher\u0027s Stone":34,"Prayer Wheel":48,"Turnip":41,"Membership Card":39,"Ring of the Serpent":17,"Ring of the Snake":0},{"Gremlin Horn":12,"Oddly Smooth Stone":14,"Snake Skull":22,"Whetstone":13,"Paper Crane":3,"Orichalcum":19,"HornCleat":5,"Mummified Hand":14,"Strawberry":3,"Bronze Scales":4,"Orrery":1,"Philosopher\u0027s Stone":16,"Prayer Wheel":24,"Turnip":20,"Membership Card":19,"Ring of the Serpent":8,"Ring of the Snake":0},{"Gremlin Horn":59,"Oddly Smooth Stone":71,"Snake Skull":121,"Whetstone":64,"Paper Crane":16,"Orichalcum":103,"HornCleat":25,"Mummified Hand":71,"Strawberry":16,"Bronze Scales":19,"Orrery":4,"Philosopher\u0027s Stone":87,"Prayer Wheel":131,"Turnip":108,"Membership Card":103,"Ring of the Serpent":38,"Ring of the Snake":0}]},"card_choices":[{"not_picked":["Sucker Punch","Backflip"],"picked":"Backstab","floor":1.0},{"not_picked":["Finisher","Calculated Gamble"],"picked":"Phantasmal Killer","floor":4.0},{"not_picked":["Underhanded Strike","Bouncing Flask"],"picked":"Dagger Spray","floor":4.0},{"not_picked":["Unload","Expertise"],"picked":"Dagger Throw","floor":4.0},{"not_picked":["Acrobatics","Expertise"],"picked":"Quick Slash","floor":4.0},{"not_picked":["Poisoned Stab","PiercingWail","Flechettes"],"picked":"SKIP","floor":5.0},{"not_picked":["Blur","Setup"],"picked":"Eviscerate","floor":6.0},{"not_picked":["Prepared","PiercingWail"],"picked":"Leg Sweep","floor":10.0},{"not_picked":["Bane","Distraction","Envenom"],"picked":"SKIP","floor":12.0},{"not_picked":["Infinite Blades","Dodge and Roll"],"picked":"Tactician","floor":13.0},{"not_picked":["Riddle With Holes","Dodge and Roll"],"picked":"Underhanded Strike","floor":14.0},{"not_picked":["Night Terror","Envenom"],"picked":"Grand Finale","floor":16.0},{"not_picked":["Deadly Poison","Slice","Deflect"],"picked":"SKIP","floor":18.0},{"not_picked":["Deadly Poison","Slice"],"picked":"Deflect","floor":18.0},{"not_picked":["Outmaneuver","Predator"],"picked":"Prepared","floor":19.0},{"not_picked":["Blade Dance+1","Flechettes"],"picked":"Caltrops+1","floor":21.0},{"not_picked":["Dagger Spray","Blade Dance","Prepared"],"picked":"SKIP","floor":23.0},{"not_picked":["Sucker Punch","Flying Knee","Expertise"],"picked":"SKIP","floor":24.0},{"not_picked":["Glass Knife","Outmaneuver"],"picked":"Malaise","floor":28.0},{"not_picked":["Poisoned Stab","Quick Slash"],"picked":"Tactician","floor":31.0},{"not_picked":["Glass Knife","Venomology"],"picked":"Grand Finale","floor":33.0},{"not_picked":["Noxious Fumes","Poisoned Stab+1"],"picked":"Terror","floor":35.0},{"not_picked":["Sucker Punch+1","Slice","Setup"],"picked":"SKIP","floor":36.0},{"not_picked":["Bouncing Flask","Deflect","Deadly Poison"],"picked":"SKIP","floor":37.0},{"not_picked":["Outmaneuver","Deflect","Backflip"],"picked":"SKIP","floor":41.0},{"not_picked":["Dash","Poisoned Stab"],"picked":"Dagger Throw+1","floor":44.0},{"not_picked":["Finisher+1","Poisoned Stab+1"],"picked":"Reflex+1","floor":45.0},{"not_picked":["Dodge and Roll","Outmaneuver+1","Bullet Time"],"picked":"SKIP","floor":46},{"not_picked":["Outmaneuver","Infinite Blades"],"picked":"PiercingWail","floor":48}],"player_experience":250236,"relics_obtained":[{"floor":6.0,"key":"Strawberry"},{"floor":9.0,"key":"Paper Crane"},{"floor":10.0,"key":"Bronze Scales"},{"floor":12.0,"key":"HornCleat"},{"floor":23.0,"key":"Gremlin Horn"},{"floor":26.0,"key":"Whetstone"},{"floor":28.0,"key":"Mummified Hand"},{"floor":41.0,"key":"Turnip"},{"floor":45.0,"key":"Snake Skull"},{"floor":48,"key":"Prayer Wheel"}],"event_choices":[{"damage_healed":0.0,"max_hp_gain":0.0,"max_hp_loss":0.0,"gold_gain":0.0,"cards_transformed":["Strike_G"],"event_name":"Living Wall","player_choice":"Change","floor":2.0,"gold_loss":0.0,"damage_taken":0.0,"cards_obtained":["Predator"]},{"cards_removed":["Shame"],"damage_healed":0.0,"max_hp_gain":0.0,"max_hp_loss":0.0,"gold_gain":0.0,"event_name":"Golden Wing","player_choice":"Card Removal","floor":3.0,"gold_loss":0.0,"damage_taken":7.0},{"damage_healed":0.0,"max_hp_gain":0.0,"max_hp_loss":0.0,"gold_gain":0.0,"event_name":"Nest","player_choice":"Joined the Cult","floor":20.0,"gold_loss":0.0,"damage_taken":6.0,"cards_obtained":["RitualDagger"]},{"damage_healed":0.0,"max_hp_gain":0.0,"max_hp_loss":41.0,"gold_gain":0.0,"event_name":"Ghosts","player_choice":"Became a Ghost","floor":22.0,"gold_loss":0.0,"damage_taken":0.0,"cards_obtained":["Ghostly","Ghostly","Ghostly","Ghostly","Ghostly"]},{"damage_healed":0.0,"max_hp_gain":0.0,"max_hp_loss":0.0,"gold_gain":0.0,"event_name":"Duplicator","player_choice":"Copied","floor":27.0,"gold_loss":0.0,"damage_taken":0.0,"cards_obtained":["Phantasmal Killer"]},{"damage_healed":0.0,"max_hp_gain":0.0,"max_hp_loss":0.0,"gold_gain":0.0,"cards_transformed":["Strike_G"],"event_name":"Transmorgrifier","player_choice":"Transformed","floor":38.0,"gold_loss":0.0,"damage_taken":0.0,"cards_obtained":["Bane"]}],"is_beta":false,"boss_relics":[{"not_picked":["Sozu","Astrolabe"],"picked":"Ring of the Serpent"},{"not_picked":["Black Star","Velvet Choker"],"picked":"Philosopher\u0027s Stone"}],"items_purged_floors":[4,8,39],"is_endless":false,"potions_floor_spawned":[6,10,12,16,21,23,24,28,33,35,41,44,46,48],"killed_by":"Donu and Deca","ascension_level":12}}