{"host":"nolo0osttpwefhwj","time":1611329543,"event":{"mods":["AchievementEnabler","BaseMod","Bestiary","Colored Powertips","Minty Spire (QoL Compilation)","Permanent Neow","Quick Restart","Relic Stats"],"gold_per_floor":[114,39,39,114,74,74,101,101,101,131,194,226,245,271,271,370,370,382,382,53,67,79,106,118,118,118],"floor_reached":25,"language":"ENG","playtime":1262,"items_purged":["Strike_G","Strike_G"],"score":475,"play_id":"76eaa1c4-7fd3-4030-98e3-9485e31a1a41","local_time":"20210122163223","is_ascension_mode":true,"campfire_choices":[{"data":"Masterful Stab","floor":6.0,"key":"SMITH"},{"data":"Prepared","floor":15.0,"key":"SMITH"}],"circlet_count":0,"master_deck":["AscendersBane","Strike_G","Strike_G","Strike_G","Defend_G","Defend_G","Defend_G","Defend_G","Defend_G","Survivor","Neutralize","Terror","Masterful Stab+1","Dagger Throw","Malaise","Predator","Prepared+1","Acrobatics","Adrenaline","Dagger Throw","Accuracy","PiercingWail+1","Escape Plan","Acrobatics","Cloak And Dagger"],"relics":["Coffee Dripper","Question Card","Pantograph","Lantern","Bag of Marbles","Bottled Lightning","Torii","Blue Candle","WristBlade","SsserpentHead","Bag of Preparation","Tiny Chest"],"acts_visited":["Exordium","TheCity"],"potions_floor_usage":[],"damage_taken":[{"damage":0.0,"enemies":"Cultist","floor":1.0,"turns":4.0},{"damage":0.0,"enemies":"Lagavulin","floor":7.0,"turns":6.0},{"damage":12.0,"enemies":"3 Sentries","floor":10.0,"turns":9.0},{"damage":0.0,"enemies":"Gremlin Nob","floor":12.0,"turns":3.0},{"damage":0.0,"enemies":"2 Louse","floor":13.0,"turns":2.0},{"damage":2.0,"enemies":"Lagavulin","floor":14.0,"turns":6.0},{"damage":15.0,"enemies":"The Guardian","floor":16.0,"turns":12.0},{"damage":0.0,"enemies":"Shell Parasite","floor":18.0,"turns":4.0},{"damage":1.0,"enemies":"2 Thieves","floor":21.0,"turns":3.0},{"damage":8.0,"enemies":"Cultist and Chosen","floor":22.0,"turns":7.0},{"damage":42.0,"enemies":"Slavers","floor":23.0,"turns":10.0},{"damage":0.0,"enemies":"Centurion and Healer","floor":24.0,"turns":4.0},{"damage":0,"enemies":"Gremlin Leader","floor":25,"turns":1}],"seed_played":"-4190623590308578720","potions_obtained":[{"floor":1.0,"key":"Strength Potion"},{"floor":10.0,"key":"GamblersBrew"},{"floor":16.0,"key":"Block Potion"},{"floor":18.0,"key":"SpeedPotion"},{"floor":21.0,"key":"Poison Potion"}],"is_trial":false,"path_per_floor":["M","$","?","?","$","R","E","T","T","E","?","E","M","E","R","B",null,"M","?","$","M","M","E","M","E"],"character_chosen":"THE_SILENT","items_purchased":["Masterful Stab","Bag of Preparation","Accuracy"],"campfire_rested":0,"item_purchase_floors":[5,20,20],"current_hp_per_floor":[63,63,51,40,40,40,40,40,40,28,28,28,28,26,26,36,62,62,62,62,61,53,11,11,11,11],"gold":118,"neow_bonus":"BOSS_RELIC","is_daily":false,"chose_seed":false,"campfire_upgraded":2,"win_rate":0.0,"timestamp":1611329543,"path_taken":["M","?","?","?","$","R","E","?","T","E","?","E","M","E","R","BOSS","M","?","$","M","M","E","M","E"],"items_purchased_type":["Card","Relic","Card"],"build_version":"2020-12-22","purchased_purges":2,"victory":false,"max_hp_per_floor":[70,70,70,70,70,70,70,70,70,70,70,70,70,70,70,70,70,70,70,70,70,70,70,70,70,70],"relic_stats":{"SsserpentHead":0,"Torii":10,"counters":[13,71],"Pantograph":25,"Blue Candle":[0],"Tiny Chest":0,"Bag of Preparation":[10],"Question Card":11,"obtain_stats":[{"Lantern":8,"Torii":12,"Blue Candle":14,"Bag of Preparation":20,"Question Card":3,"SsserpentHead":19,"WristBlade":17,"Pantograph":7,"Tiny Chest":23,"Coffee Dripper":0,"Bag of Marbles":9,"Bottled Lightning":10,"Ring of the Snake":0},{"Lantern":2,"Torii":4,"Blue Candle":6,"Bag of Preparation":8,"Question Card":1,"SsserpentHead":8,"WristBlade":7,"Pantograph":2,"Tiny Chest":11,"Coffee Dripper":0,"Bag of Marbles":2,"Bottled Lightning":3,"Ring of the Snake":0},{"Lantern":10,"Torii":22,"Blue Candle":30,"Bag of Preparation":46,"Question Card":4,"SsserpentHead":46,"WristBlade":42,"Pantograph":10,"Tiny Chest":66,"Coffee Dripper":0,"Bag of Marbles":10,"Bottled Lightning":19,"Ring of the Snake":0}]},"card_choices":[{"not_picked":["Catalyst","Dash"],"picked":"Terror","floor":1.0},{"not_picked":["Slice","Backflip","Acrobatics"],"picked":"Dagger Throw","floor":7.0},{"not_picked":["Blur","Calculated Gamble","Infinite Blades"],"picked":"Malaise","floor":10.0},{"not_picked":["Sucker Punch","Quick Slash","Flying Knee"],"picked":"Predator","floor":12.0},{"not_picked":["Dodge and Roll","Deflect","Terror"],"picked":"Prepared","floor":13.0},{"not_picked":["Finisher","Deflect","Dagger Spray"],"picked":"Acrobatics","floor":14.0},{"not_picked":["Doppelganger","Die Die Die","Storm of Steel"],"picked":"Adrenaline","floor":16.0},{"not_picked":["Deadly Poison","Acrobatics","Poisoned Stab"],"picked":"Dagger Throw","floor":18.0},{"not_picked":["Deflect","Bane","All Out Attack"],"picked":"PiercingWail+1","floor":21.0},{"not_picked":["Deadly Poison","Distraction","Blur"],"picked":"Escape Plan","floor":22.0},{"not_picked":["Dash","Expertise","Deadly Poison"],"picked":"Acrobatics","floor":23.0},{"not_picked":["Caltrops","Acrobatics","Dodge and Roll"],"picked":"Cloak And Dagger","floor":24.0}],"player_experience":250236,"relics_obtained":[{"floor":7.0,"key":"Pantograph"},{"floor":8.0,"key":"Lantern"},{"floor":9.0,"key":"Bag of Marbles"},{"floor":10.0,"key":"Bottled Lightning"},{"floor":12.0,"key":"Torii"},{"floor":14.0,"key":"Blue Candle"},{"floor":23.0,"key":"Tiny Chest"}],"event_choices":[{"damage_healed":0.0,"max_hp_gain":0.0,"max_hp_loss":0.0,"gold_gain":0.0,"event_name":"Scrap Ooze","player_choice":"Success","floor":3.0,"gold_loss":0.0,"damage_taken":12.0,"relics_obtained":["Question Card"]},{"damage_healed":0.0,"max_hp_gain":0.0,"max_hp_loss":0.0,"gold_gain":75.0,"event_name":"World of Goop","player_choice":"Gather Gold","floor":4.0,"gold_loss":0.0,"damage_taken":11.0},{"damage_healed":0.0,"max_hp_gain":0.0,"max_hp_loss":0.0,"gold_gain":63.0,"event_name":"Golden Wing","player_choice":"Gained Gold","floor":11.0,"gold_loss":0.0,"damage_taken":0.0},{"damage_healed":0.0,"max_hp_gain":0.0,"max_hp_loss":0.0,"gold_gain":0.0,"event_name":"FaceTrader","player_choice":"Trade","floor":19.0,"gold_loss":0.0,"damage_taken":0.0,"relics_obtained":["SsserpentHead"]}],"is_beta":false,"boss_relics":[{"not_picked":["Philosopher\u0027s Stone","SlaversCollar"],"picked":"WristBlade"}],"items_purged_floors":[2,20],"is_endless":false,"potions_floor_spawned":[1,10,16,18,21],"killed_by":"Gremlin Leader","ascension_level":12}}