{"host":"sefvftc5g87x47w2","time":1611337669,"event":{"mods":["AchievementEnabler","BaseMod","Colored Map","Colored Powertips","DeckTracker","Minty Spire (QoL Compilation)","Quick Restart","Rare Cards Sparkle","StSLib","everything is the same but u backflip on backflip"],"gold_per_floor":[14,14,33,43,62,62,14,39,39,39,54,54,84,9,9,104,104,119,136,154,173,26,58,58,58,58,58,77,87,87,101,101,101,101],"floor_reached":33,"language":"KOR","playtime":3817,"items_purged":["Regret","Strike_P"],"score":281,"play_id":"121dcf6e-92fe-48e8-924c-96893b0703ed","local_time":"20210123024749","is_ascension_mode":false,"campfire_choices":[{"data":"Adaptation","floor":10.0,"key":"SMITH"},{"floor":15.0,"key":"REST"},{"data":"Crescendo","floor":24,"key":"SMITH"},{"data":"DevaForm","floor":32,"key":"SMITH"}],"circlet_count":0,"master_deck":["Strike_P","Strike_P","Strike_P","Defend_P+1","Defend_P","Defend_P","Defend_P","Eruption+1","Vigilance","Metamorphosis","FlurryOfBlows","LikeWater","CarveReality","FollowUp","EmptyBody","Adaptation+1","CrushJoints+1","EmptyFist","LessonLearned","CurseOfTheBell","Crescendo+1","Halt","Consecrate+1","FlurryOfBlows+1","FollowUp","ClearTheMind+1","InnerPeace","DevaForm+1","Sanctity","FlurryOfBlows+1"],"relics":["PureWater","Meat on the Bone","Nunchaku","Letter Opener","Lantern","Calling Bell","Strawberry","Pantograph","Torii","MealTicket","White Beast Statue"],"acts_visited":["Exordium","TheCity"],"potions_floor_usage":[23,23,29,31,33],"damage_taken":[{"damage":3.0,"enemies":"2 Louse","floor":1.0,"turns":2.0},{"damage":2.0,"enemies":"Small Slimes","floor":3.0,"turns":4.0},{"damage":1.0,"enemies":"Jaw Worm","floor":4.0,"turns":3.0},{"damage":6.0,"enemies":"3 Louse","floor":5.0,"turns":4.0},{"damage":9.0,"enemies":"3 Sentries","floor":8.0,"turns":7.0},{"damage":7.0,"enemies":"Looter","floor":11.0,"turns":3.0},{"damage":24.0,"enemies":"Gremlin Nob","floor":13.0,"turns":4.0},{"damage":41.0,"enemies":"The Guardian","floor":16.0,"turns":6.0},{"damage":13.0,"enemies":"Shell Parasite","floor":18.0,"turns":4.0},{"damage":0,"enemies":"Spheric Guardian","floor":19,"turns":1},{"damage":34,"enemies":"Snecko","floor":20,"turns":7},{"damage":21,"enemies":"Shelled Parasite and Fungi","floor":21,"turns":5},{"damage":13,"enemies":"Gremlin Leader","floor":23,"turns":4},{"damage":23,"enemies":"Snake Plant","floor":25,"turns":4},{"damage":0,"enemies":"Sentry and Sphere","floor":28,"turns":3},{"damage":1,"enemies":"Cultist and Chosen","floor":29,"turns":4},{"damage":41,"enemies":"Chosen and Byrds","floor":31,"turns":4},{"damage":53,"enemies":"Champ","floor":33,"turns":6}],"seed_played":"-7051616770038277035","potions_obtained":[{"floor":1.0,"key":"EssenceOfSteel"},{"floor":5.0,"key":"Ancient Potion"},{"floor":8.0,"key":"Swift Potion"},{"floor":20,"key":"CultistPotion"},{"floor":21,"key":"EssenceOfSteel"},{"floor":23,"key":"LiquidBronze"},{"floor":28,"key":"EssenceOfSteel"},{"floor":29,"key":"Ancient Potion"},{"floor":31,"key":"LiquidMemories"}],"is_trial":false,"path_per_floor":["M","?","M","M","M","?","$","E","T","R","M","$","E","$","R","B",null,"M","M","M","M","$","E","R","M","T","?","M","M","?","M","R","B"],"character_chosen":"WATCHER","items_purchased":["EmptyBody","FollowUp"],"campfire_rested":1,"item_purchase_floors":[7,22],"current_hp_per_floor":[69,69,67,66,60,60,60,51,51,51,44,44,32,32,53,24,79,66,66,44,35,35,34,34,23,23,23,35,46,46,17,17,0,0],"gold":101,"neow_bonus":"RANDOM_COLORLESS_2","is_daily":false,"chose_seed":false,"campfire_upgraded":3,"win_rate":0.0,"timestamp":1611337669,"path_taken":["M","?","M","M","M","?","$","E","T","R","M","?","E","$","R","BOSS","M","M","M","M","$","E","R","M","T","?","M","M","?","M","R","BOSS"],"items_purchased_type":["Card","Card"],"build_version":"2020-12-22","purchased_purges":2,"victory":false,"max_hp_per_floor":[72,72,72,72,72,72,72,72,72,72,72,72,72,72,72,72,79,79,79,79,79,79,79,79,79,79,79,79,79,79,79,79,79,79],"card_choices":[{"not_picked":["Sadistic Nature","The Bomb"],"picked":"Metamorphosis","floor":0.0},{"not_picked":["CutThroughFate","JustLucky"],"picked":"FlurryOfBlows","floor":1.0},{"not_picked":["PathToVictory","Vengeance"],"picked":"LikeWater","floor":3.0},{"not_picked":["ReachHeaven","CutThroughFate"],"picked":"CarveReality","floor":4.0},{"not_picked":["Pray","WheelKick"],"picked":"FollowUp","floor":5.0},{"not_picked":["PathToVictory","FlurryOfBlows"],"picked":"Adaptation","floor":8.0},{"not_picked":["FlyingSleeves","CutThroughFate"],"picked":"CrushJoints","floor":11.0},{"not_picked":["Fasting2","CarveReality"],"picked":"EmptyFist","floor":13.0},{"not_picked":["Brilliance","Judgement"],"picked":"LessonLearned","floor":16.0},{"not_picked":["LikeWater","Nirvana"],"picked":"Crescendo","floor":18},{"not_picked":["Weave+1","Consecrate"],"picked":"Halt","floor":19},{"not_picked":["Weave","Protect"],"picked":"Consecrate+1","floor":20},{"not_picked":["Study","ClearTheMind"],"picked":"FlurryOfBlows","floor":21},{"not_picked":["Adaptation","Worship"],"picked":"ClearTheMind+1","floor":23},{"not_picked":["BattleHymn","ThirdEye","Adaptation+1"],"picked":"SKIP","floor":25},{"not_picked":["ThirdEye","WaveOfTheHand"],"picked":"InnerPeace","floor":28},{"not_picked":["Worship","JustLucky"],"picked":"DevaForm","floor":29},{"not_picked":["Collect","Tantrum"],"picked":"FlurryOfBlows+1","floor":31}],"player_experience":89316,"relics_obtained":[{"floor":8.0,"key":"Nunchaku"},{"floor":9.0,"key":"Letter Opener"},{"floor":13.0,"key":"Lantern"},{"floor":17.0,"key":"Strawberry"},{"floor":17.0,"key":"Pantograph"},{"floor":17.0,"key":"Torii"},{"floor":23,"key":"MealTicket"},{"floor":26,"key":"White Beast Statue"}],"event_choices":[{"damage_healed":0.0,"max_hp_gain":0.0,"max_hp_loss":0.0,"gold_gain":0.0,"event_name":"Living Wall","player_choice":"Grow","floor":2.0,"gold_loss":0.0,"damage_taken":0.0,"cards_upgraded":["Eruption"]},{"damage_healed":0.0,"max_hp_gain":0.0,"max_hp_loss":0.0,"gold_gain":0.0,"event_name":"Big Fish","player_choice":"Box","floor":6.0,"gold_loss":0.0,"damage_taken":0.0,"relics_obtained":["Meat on the Bone"],"cards_obtained":["Regret"]},{"damage_healed":0,"gold_gain":0,"player_choice":"Ignored","damage_taken":0,"max_hp_gain":0,"max_hp_loss":0,"event_name":"Vampires","floor":27,"gold_loss":0},{"damage_healed":0,"gold_gain":0,"player_choice":"Read","damage_taken":0,"max_hp_gain":0,"max_hp_loss":0,"event_name":"The Library","floor":30,"gold_loss":0,"cards_obtained":["Sanctity"]}],"is_beta":false,"boss_relics":[{"not_picked":["Philosopher\u0027s Stone","Coffee Dripper"],"picked":"Calling Bell"}],"items_purged_floors":[14,22],"is_endless":false,"potions_floor_spawned":[1,5,8,20,21,23,28,29,31],"killed_by":"Champ","ascension_level":0}}