{"host":"m1hsm1cztz438mir","time":1611290035,"event":{"mods":["2.2 Compatiblity","AchievementEnabler","Act Like it!","BaseMod","Colored Map","Curses Come First","Downfall","Minty Spire (QoL Compilation)","Relic Stats","Shop Mod","StSLib"],"gold_per_floor":[99,112,177,177,188,88,88,102,115,149,59,88,88,238,256,361,411,411,425,435,435,451,477,477,377,173,173,202,202,87,99,113,218,218,218,228,246,246,262,262,285,304,354,389,175,175,75,75,94,94,94,94,94,94],"floor_reached":52,"language":"ENG","playtime":7320,"items_purged":["bronze:Strike","Normality","downfall:Icky","bronze:DigitalCarnage"],"score":880,"play_id":"bdd5c066-707e-46ce-9353-44e13f94d5ce","local_time":"20210122043355","is_ascension_mode":false,"campfire_choices":[{"floor":1.0,"key":"RECALL"},{"floor":6.0,"key":"REST"},{"data":"bronze:BuggyMess","floor":13.0,"key":"SMITH"},{"data":"bronze:Goto","floor":18,"key":"SMITH"},{"data":"bronze:HardenedForm","floor":25,"key":"SMITH"},{"data":"bronze:Optimize","floor":29,"key":"SMITH"},{"data":"bronze:MaxOutput","floor":35,"key":"SMITH"},{"data":"bronze:Verify","floor":47,"key":"SMITH"}],"circlet_count":0,"master_deck":["bronze:Replicate","bronze:Goto+1","bronze:BuggyMess+1","bronze:Format+1","bronze:BronzeOrb","bronze:ClassDefault+1","bronze:BronzeOrb","bronze:Repulsor","bronze:SpaghettiCode+1","bronze:Shell+1","bronze:DelayedGuard+1","bronze:Repair+1","bronze:BronzeOrb","bronze:Optimize+1","bronze:HardenedForm+1","bronze:Invalidate+1","expansioncontent:YouAreMine+1","bronze:MaxOutput+1","bronze:Verify+1","bronze:Allocate+1","bronze:Fortify","bronze:WhirlingStrike+1","bronze:ItsAFeature","bronze:SpaghettiCode+1","bronze:OilSpill","bronze:OilSpill+1","Doubt"],"relics":["bronze:BronzeCore","Toxic Egg 2","downfall:HeartBlessingRed","Singing Bowl","Oddly Smooth Stone","Juzu Bracelet","Tiny House","Gremlin Horn","Mummified Hand","downfall:HeartBlessingGreen","The Courier","Pandora\u0027s Box","Ginger","Blood Vial","Shuriken","FossilizedHelix","downfall:HeartBlessingBlue"],"acts_visited":["Exordium","TheCity","TheBeyond","TheEnding"],"potions_floor_usage":[16,23,33,33,43,44,52],"damage_taken":[{"damage":0.0,"enemies":"Small Slimes","floor":2.0,"turns":3.0},{"damage":48.0,"enemies":"3 Sentries","floor":3.0,"turns":12.0},{"damage":1.0,"enemies":"Jaw Worm","floor":5.0,"turns":3.0},{"damage":0.0,"enemies":"2 Louse","floor":8.0,"turns":2.0},{"damage":0.0,"enemies":"2 Fungi Beasts","floor":9.0,"turns":3.0},{"damage":0.0,"enemies":"Gremlin Nob","floor":10.0,"turns":3.0},{"damage":0.0,"enemies":"downfall:FleeingMerchant","floor":11.0,"turns":4.0},{"damage":9.0,"enemies":"3 Sentries","floor":12.0,"turns":6.0},{"damage":0.0,"enemies":"Exordium Thugs","floor":15.0,"turns":5.0},{"damage":0,"enemies":"WA_ARCHETYPE_RETAIN","floor":16,"turns":5},{"damage":1,"enemies":"Spheric Guardian","floor":19,"turns":4},{"damage":0,"enemies":"Centurion and Healer","floor":20,"turns":6},{"damage":0,"enemies":"Snake Plant","floor":22,"turns":6},{"damage":5,"enemies":"Slavers","floor":23,"turns":25},{"damage":0,"enemies":"downfall:FleeingMerchant","floor":26,"turns":4},{"damage":31,"enemies":"Book of Stabbing","floor":28,"turns":9},{"damage":1,"enemies":"downfall:FleeingMerchant","floor":30,"turns":4},{"damage":0,"enemies":"Chosen and Byrds","floor":31,"turns":6},{"damage":0,"enemies":"Centurion and Healer","floor":32,"turns":8},{"damage":0,"enemies":"SI_MIRROR_ARCHETYPE","floor":33,"turns":8},{"damage":0,"enemies":"3 Darklings","floor":36,"turns":5},{"damage":12,"enemies":"Orb Walker","floor":37,"turns":3},{"damage":0,"enemies":"4 Shapes","floor":39,"turns":4},{"damage":25,"enemies":"Maw","floor":42,"turns":5},{"damage":36,"enemies":"2 Orb Walkers","floor":43,"turns":5},{"damage":11,"enemies":"Reptomancer","floor":44,"turns":5},{"damage":9,"enemies":"downfall:FleeingMerchant","floor":45,"turns":4},{"damage":13,"enemies":"Jaw Worm Horde","floor":49,"turns":3},{"damage":72,"enemies":"DF_ARCHETYPE_ORBS","floor":50,"turns":8},{"damage":145,"enemies":"downfall:CharBossMerchant","floor":52,"turns":8}],"seed_played":"1489978468524985050","potions_obtained":[{"floor":3.0,"key":"Fire Potion"},{"floor":5.0,"key":"ColorlessPotion"},{"floor":12.0,"key":"bronze:BurnAndBuffPotion"},{"floor":15.0,"key":"LiquidMemories"},{"floor":16,"key":"Ancient Potion"},{"floor":20,"key":"Dexterity Potion"},{"floor":23,"key":"Strength Potion"},{"floor":36,"key":"Fire Potion"},{"floor":43,"key":"Block Potion"},{"floor":44,"key":"Fruit Juice"}],"is_trial":false,"path_per_floor":["R","M","?","?","M","R","T","M","M","E","$","E","R","?","M","B",null,"R","M","M","?","M","E","T","R","$","?","E","R","$","M","M","B",null,"R","M","M","?","M","?","T","M","?","E","$","?","R","$","M","B",null,"E"],"character_chosen":"THE_AUTOMATON","items_purchased":["expansioncontent:YouAreMine","Shuriken","FossilizedHelix"],"campfire_rested":1,"item_purchase_floors":[26,45,45],"current_hp_per_floor":[77,77,29,29,28,51,51,51,53,53,53,46,46,46,46,46,88,88,87,87,87,87,87,87,87,88,88,57,57,68,80,92,94,94,94,94,84,84,94,94,94,71,45,49,54,103,113,113,115,53,115,0,0,0],"gold":94,"neow_bonus":"TEN_PERCENT_HP_BONUS","is_daily":false,"chose_seed":false,"campfire_upgraded":6,"win_rate":0.0,"timestamp":1611290035,"path_taken":["R","M","?","?","M","R","T","M","M","E","?","E","R","?","M","BOSS","R","M","M","?","M","E","T","R","?","?","E","R","$","M","M","BOSS","R","M","M","?","M","?","T","M","?","E","$","?","R","?","M","BOSS","E"],"items_purchased_type":["Card","Relic","Relic"],"build_version":"2020-12-22","purchased_purges":4,"victory":false,"max_hp_per_floor":[77,77,77,77,77,77,77,77,79,79,79,81,81,81,81,81,88,88,88,88,88,88,88,88,88,88,88,88,88,90,92,94,94,94,94,94,96,96,96,96,96,96,96,101,103,103,113,113,115,115,115,115,115,115],"relic_stats":{"Blood Vial":2,"Singing Bowl":18,"Gremlin Horn":[22,22],"counters":[30,176],"Mummified Hand":[106],"Shuriken":[9],"Pandora\u0027s Box":["bronze:Allocate","bronze:DigitalCarnage","bronze:Fortify"],"Juzu Bracelet":2,"Ginger":[19],"obtain_stats":[{"bronze:BronzeCore":0,"Tiny House":17,"downfall:HeartBlessingRed":6,"Singing Bowl":7,"Gremlin Horn":23,"Oddly Smooth Stone":10,"downfall:HeartBlessingGreen":25,"The Courier":28,"Juzu Bracelet":12,"Ginger":43,"Blood Vial":44,"Mummified Hand":24,"Shuriken":45,"downfall:HeartBlessingBlue":47,"Pandora\u0027s Box":34,"Toxic Egg 2":3,"FossilizedHelix":45},{"bronze:BronzeCore":0,"Tiny House":10,"downfall:HeartBlessingRed":3,"Singing Bowl":3,"Gremlin Horn":14,"Oddly Smooth Stone":6,"downfall:HeartBlessingGreen":14,"The Courier":16,"Juzu Bracelet":8,"Ginger":25,"Blood Vial":26,"Mummified Hand":14,"Shuriken":27,"downfall:HeartBlessingBlue":27,"Pandora\u0027s Box":20,"Toxic Egg 2":2,"FossilizedHelix":27},{"bronze:BronzeCore":0,"Tiny House":46,"downfall:HeartBlessingRed":18,"Singing Bowl":18,"Gremlin Horn":87,"Oddly Smooth Stone":26,"downfall:HeartBlessingGreen":87,"The Courier":100,"Juzu Bracelet":36,"Ginger":148,"Blood Vial":153,"Mummified Hand":87,"Shuriken":157,"downfall:HeartBlessingBlue":157,"Pandora\u0027s Box":126,"Toxic Egg 2":15,"FossilizedHelix":157}]},"card_choices":[{"not_picked":["bronze:DelayedGuard","bronze:Safeguard"],"picked":"bronze:BuggyMess","floor":2.0},{"not_picked":["bronze:WhirlingStrike","bronze:BugBarrage"],"picked":"bronze:Format+1","floor":3.0},{"not_picked":["bronze:DelayedSlice","bronze:WildBeam","bronze:Overheat"],"picked":"SKIP","floor":5.0},{"not_picked":["bronze:Turbo+1","bronze:MaxOutput"],"picked":"bronze:BronzeOrb","floor":8.0},{"not_picked":["bronze:Repulsor","bronze:Invalidate+1","bronze:Frontload+1"],"picked":"Singing Bowl","floor":9.0},{"not_picked":["bronze:Frontload+1","bronze:DelayedSlice"],"picked":"bronze:ClassDefault","floor":10.0},{"not_picked":["bronze:DigitalCarnage","bronze:Iterate"],"picked":"bronze:BronzeOrb","floor":11.0},{"not_picked":["bronze:Flail","bronze:Turbo+1","bronze:BitShift+1"],"picked":"Singing Bowl","floor":12.0},{"not_picked":["bronze:FollowUp","bronze:Iterate"],"picked":"bronze:Repulsor","floor":15.0},{"not_picked":["bronze:ThunderWave","bronze:Mutator"],"picked":"bronze:SpaghettiCode+1","floor":16},{"not_picked":["bronze:BugBarrage","bronze:Optimize","bronze:DigitalCarnage"],"picked":"Singing Bowl","floor":17},{"not_picked":["bronze:BuggyMess+1","bronze:Iterate"],"picked":"bronze:Shell+1","floor":19},{"not_picked":["bronze:Return+1","bronze:ClassDefault"],"picked":"bronze:DelayedGuard+1","floor":20},{"not_picked":["bronze:CutThrough","bronze:Frontload+1"],"picked":"bronze:Optimize","floor":22},{"not_picked":["bronze:DelayedSlice","bronze:WhirlingStrike"],"picked":"bronze:HardenedForm","floor":23},{"not_picked":["bronze:FineTuning+1","bronze:Shell+1"],"picked":"bronze:Invalidate+1","floor":26},{"not_picked":["bronze:Turbo+1","bronze:DelayedGuard+1"],"picked":"bronze:MaxOutput","floor":28},{"not_picked":["bronze:Deprecate+1","bronze:BuggyMess+1","bronze:DelayedGuard+1"],"picked":"Singing Bowl","floor":30},{"not_picked":["bronze:FineTuning+1","bronze:Backtrace","bronze:Allocate+1"],"picked":"Singing Bowl","floor":31},{"not_picked":["bronze:DelayedSlice","bronze:ClassDefault+1","bronze:Frontload+1"],"picked":"Singing Bowl","floor":32},{"not_picked":["bronze:Format+1","bronze:Assembly+1"],"picked":"bronze:Verify","floor":33},{"not_picked":["bronze:CutThrough","bronze:BugBarrage+1"],"picked":"bronze:WhirlingStrike+1","floor":36},{"not_picked":["bronze:DelayedGuard+1","bronze:OilSpill","bronze:ForceShield+1"],"picked":"Singing Bowl","floor":37},{"not_picked":["bronze:Invalidate+1","bronze:DelayedGuard+1"],"picked":"bronze:ItsAFeature","floor":39},{"not_picked":["bronze:CutThrough+1","bronze:BugBarrage+1"],"picked":"bronze:SpaghettiCode+1","floor":42},{"not_picked":["bronze:DarkDash+1","bronze:Frontload+1"],"picked":"bronze:OilSpill","floor":43},{"not_picked":["bronze:DelayedSlice","bronze:CutThrough+1"],"picked":"bronze:OilSpill+1","floor":44},{"not_picked":["bronze:WhirlingStrike+1","bronze:Iterate+1","bronze:Repair+1"],"picked":"Singing Bowl","floor":45},{"not_picked":["bronze:DelayedGuard+1","bronze:BronzeArmor+1","bronze:CleanCode"],"picked":"Singing Bowl","floor":49}],"player_experience":383862,"relics_obtained":[{"floor":3.0,"key":"Toxic Egg 2"},{"floor":7.0,"key":"Singing Bowl"},{"floor":10.0,"key":"Oddly Smooth Stone"},{"floor":12.0,"key":"Juzu Bracelet"},{"floor":23,"key":"Gremlin Horn"},{"floor":24,"key":"Mummified Hand"},{"floor":28,"key":"The Courier"},{"floor":43,"key":"Ginger"},{"floor":44,"key":"Blood Vial"}],"event_choices":[{"cards_removed":["bronze:Strike"],"damage_healed":0.0,"max_hp_gain":0.0,"max_hp_loss":0.0,"gold_gain":0.0,"event_name":"The Cleric","player_choice":"Card Removal","floor":4.0,"gold_loss":0.0,"damage_taken":0.0},{"cards_removed":["bronze:ForceShield"],"damage_healed":0,"gold_gain":0,"player_choice":"Removed Skill","damage_taken":0,"max_hp_gain":0,"max_hp_loss":0,"event_name":"Falling","floor":40,"gold_loss":0},{"damage_healed":0,"gold_gain":0,"player_choice":"Fight","damage_taken":0,"max_hp_gain":0,"max_hp_loss":0,"event_name":"Mysterious Sphere","floor":43,"gold_loss":0}],"is_beta":false,"boss_relics":[{"not_picked":["Black Star","Empty Cage"],"picked":"Tiny House"},{"not_picked":["Busted Crown","Philosopher\u0027s Stone"],"picked":"Pandora\u0027s Box"}],"items_purged_floors":[11,26,30,45],"is_endless":false,"potions_floor_spawned":[3,5,12,15,16,20,23,28,31,32,36,43,44],"killed_by":"downfall:CharBossMerchant","ascension_level":0}}