{"host":"o5jvvi5yapo90aia","time":1611320439,"event":{"mods":["BaseMod","CapriCore","Minty Spire (QoL Compilation)","MostiFishMod","Prisma Mod","Spicy Shops","StSLib","TestMod","The Immortal","Yakumo Yukari mod","【人物mod】游戏王New YuGiOh mod","【功能Mod】Neow奖励"],"gold_per_floor":[109,109,121,140,154,187,187,215,215,241,259,285,347,70,70,148,148,148,148],"floor_reached":18,"language":"ZHS","playtime":546,"items_purged":[],"score":480,"play_id":"e0079cd3-f85e-42b5-ad3b-d3170472d0ed","local_time":"20210122210039","is_ascension_mode":true,"campfire_choices":[{"floor":7.0,"key":"RECALL"},{"data":"Defend_R","floor":15.0,"key":"PURGE"}],"circlet_count":0,"master_deck":["AscendersBane","Strike_R","Strike_R","Strike_R","Strike_R","Defend_R","Defend_R","Defend_R","Bash","Feel No Pain","Impervious","Limit Break+1"],"relics":["DaveBox","testmod-TestBox","Philosopher\u0027s Stone","ArrowTower","testmod-SaigiyounoYou","SynthV:TestCard","TungstenRod","Oddly Smooth Stone","InkBottle","testmod-Motorcycle","StrikeDummy","Toxic Egg 2","testmod-EnergyCheck"],"acts_visited":["Exordium","TheCity"],"potions_floor_usage":[],"damage_taken":[{"damage":4.0,"enemies":"Small Slimes","floor":1.0,"turns":3.0},{"damage":2.0,"enemies":"Cultist","floor":3.0,"turns":3.0},{"damage":3.0,"enemies":"Jaw Worm","floor":4.0,"turns":3.0},{"damage":13.0,"enemies":"Large Slime","floor":5.0,"turns":4.0},{"damage":25.0,"enemies":"3 Sentries","floor":6.0,"turns":5.0},{"damage":20.0,"enemies":"Lagavulin","floor":8.0,"turns":6.0},{"damage":9.0,"enemies":"3 Sentries","floor":10.0,"turns":5.0},{"damage":0.0,"enemies":"Looter","floor":11.0,"turns":3.0},{"damage":8.0,"enemies":"Lagavulin","floor":12.0,"turns":7.0},{"damage":20.0,"enemies":"Gremlin Nob","floor":13.0,"turns":4.0},{"damage":0.0,"enemies":"Slime Boss","floor":16.0,"turns":7.0},{"damage":0,"enemies":"3 Byrds","floor":18,"turns":1}],"seed_played":"9021429737294428121","potions_obtained":[{"floor":5.0,"key":"Block Potion"},{"floor":8.0,"key":"GamblersBrew"},{"floor":13.0,"key":"Fire Potion"},{"floor":16.0,"key":"Dexterity Potion"}],"is_trial":false,"path_per_floor":["M","?","M","M","M","E","R","E","T","E","M","E","?","$","R","B",null,"M"],"character_chosen":"IRONCLAD","items_purchased":["Toxic Egg 2"],"campfire_rested":0,"item_purchase_floors":[14],"current_hp_per_floor":[70,70,75,75,63,47,47,36,36,33,40,41,29,29,29,38,66,67,67],"gold":148,"neow_bonus":"BOSS_RELIC","is_daily":false,"chose_seed":false,"campfire_upgraded":0,"win_rate":0.0,"timestamp":1611320439,"path_taken":["M","?","M","?","?","E","R","E","T","E","M","E","?","$","R","BOSS","M"],"items_purchased_type":["Relic"],"build_version":"2020-12-22","purchased_purges":0,"victory":false,"max_hp_per_floor":[75,75,75,75,75,75,75,75,75,75,75,75,75,75,75,75,75,75,75],"card_choices":[{"not_picked":["Heavy Blade","Armaments","Twin Strike"],"picked":"SKIP","floor":1.0},{"not_picked":["Clothesline","Metallicize","Perfected Strike","Wild Strike","Havoc"],"picked":"SKIP","floor":3.0},{"not_picked":["Clash","Flex","Clothesline","Juggernaut","Perfected Strike"],"picked":"SKIP","floor":4.0},{"not_picked":["Intimidate","Thunderclap","Searing Blow","Twin Strike","Ghostly Armor"],"picked":"SKIP","floor":5.0},{"not_picked":["Havoc","Clothesline","Rupture","Clash","Combust"],"picked":"SKIP","floor":6.0},{"not_picked":["Sword Boomerang","Clothesline","Clash","Anger"],"picked":"Feel No Pain","floor":8.0},{"not_picked":["Rage","Body Slam","Dual Wield","Wild Strike"],"picked":"Impervious","floor":10.0},{"not_picked":["Searing Blow","Entrench","Twin Strike","Body Slam","Shrug It Off"],"picked":"SKIP","floor":11.0},{"not_picked":["Exhume","Headbutt","Power Through","Pommel Strike","Sentinel"],"picked":"SKIP","floor":12.0},{"not_picked":["MostiFishMod:RainCloud","Brutality","Juggernaut","MostiFishMod:TemporaryOutbreak"],"picked":"Limit Break+1","floor":16.0}],"player_experience":1487568,"relics_obtained":[{"floor":1.0,"key":"SynthV:TestCard"},{"floor":6.0,"key":"TungstenRod"},{"floor":8.0,"key":"Oddly Smooth Stone"},{"floor":10.0,"key":"InkBottle"},{"floor":12.0,"key":"testmod-Motorcycle"},{"floor":13.0,"key":"StrikeDummy"}],"event_choices":[{"cards_removed":["Strike_R"],"damage_healed":0.0,"max_hp_gain":0.0,"max_hp_loss":0.0,"gold_gain":0.0,"event_name":"Purifier","player_choice":"Purged","floor":2.0,"gold_loss":0.0,"damage_taken":0.0},{"damage_healed":0.0,"max_hp_gain":0.0,"max_hp_loss":0.0,"gold_gain":0.0,"event_name":"Dead Adventurer","player_choice":"Searched \u00272\u0027 times","floor":13.0,"gold_loss":0.0,"damage_taken":0.0}],"is_beta":false,"boss_relics":[{"not_picked":["testmod-Recursion","HereWithMe"],"picked":"testmod-EnergyCheck"}],"items_purged_floors":[],"is_endless":false,"potions_floor_spawned":[5,8,11,12,13,16],"killed_by":"3 Byrds","ascension_level":20}}