{"host":"7zdktqb5xjtif29d","time":1611318317,"event":{"mods":["AchievementEnabler","BaseMod","Colored Map","Colored Powertips","Dark Map","Highlight Path","Minty Spire (QoL Compilation)","Rare Cards Sparkle","SuperFastMode","Waifu the Spire","everything is the same but u backflip on backflip"],"gold_per_floor":[109,122,72,91,110,140,151,151,151],"floor_reached":8,"language":"ENG","playtime":362,"items_purged":[],"score":66,"play_id":"442211f1-3872-47ab-b14d-a03b1ca9b4bc","local_time":"20210122122517","is_ascension_mode":true,"campfire_choices":[],"circlet_count":0,"master_deck":["Strike_B","Strike_B","Strike_B","Defend_B","Defend_B","Defend_B","Defend_B","Zap","Dualcast","Defragment","Ball Lightning","Leap","Capacitor","Ball Lightning"],"relics":["Cracked Core","Anchor"],"acts_visited":[],"potions_floor_usage":[7,8],"damage_taken":[{"damage":4,"enemies":"2 Louse","floor":1,"turns":2},{"damage":2,"enemies":"Jaw Worm","floor":2,"turns":3},{"damage":0,"enemies":"Small Slimes","floor":4,"turns":2},{"damage":5,"enemies":"Exordium Wildlife","floor":5,"turns":3},{"damage":25,"enemies":"3 Sentries","floor":6,"turns":8},{"damage":31,"enemies":"Gremlin Gang","floor":7,"turns":5},{"damage":27,"enemies":"Gremlin Nob","floor":8,"turns":3}],"seed_played":"-1090753285052994426","potions_obtained":[{"floor":1,"key":"Ancient Potion"},{"floor":2,"key":"FearPotion"}],"is_trial":false,"path_per_floor":["M","M","?","M","M","E","M","E"],"character_chosen":"DEFECT","items_purchased":[],"campfire_rested":0,"item_purchase_floors":[],"current_hp_per_floor":[78,76,76,76,71,46,15,0,0],"gold":151,"neow_bonus":"TEN_PERCENT_HP_BONUS","is_daily":false,"chose_seed":false,"campfire_upgraded":0,"win_rate":0.0,"timestamp":1611318317,"path_taken":["M","M","?","M","M","E","M","E"],"items_purchased_type":[],"build_version":"2020-12-22","purchased_purges":0,"victory":false,"max_hp_per_floor":[82,82,82,82,82,82,82,82,82],"card_choices":[{"not_picked":["Steam Power","Steam"],"picked":"Defragment","floor":1},{"not_picked":["Heatsinks","Beam Cell"],"picked":"Ball Lightning","floor":2},{"not_picked":["Sweeping Beam","Go for the Eyes"],"picked":"Leap","floor":4},{"not_picked":["Streamline","Redo","Chill"],"picked":"SKIP","floor":5},{"not_picked":["Rebound","BootSequence"],"picked":"Capacitor","floor":6},{"not_picked":["Streamline","Glacier"],"picked":"Ball Lightning","floor":7}],"player_experience":249387,"relics_obtained":[{"floor":6,"key":"Anchor"}],"event_choices":[{"cards_removed":["Strike_B"],"damage_healed":0,"gold_gain":0,"player_choice":"Card Removal","damage_taken":0,"max_hp_gain":0,"max_hp_loss":0,"event_name":"The Cleric","floor":3,"gold_loss":50}],"is_beta":false,"boss_relics":[],"items_purged_floors":[],"is_endless":false,"potions_floor_spawned":[1,2],"killed_by":"Gremlin Nob","ascension_level":2}}