{"host":"mal0jdk4f6ubgyb8","time":1611342357,"event":{"mods":["100% Spire Juice","Act Like it!","Arknights The Spire","Aspiration","BaseMod","Gensokyo","Hallownest","Koishi","Luminous","Marisa£®ÏF”Í°°ƒß¿Ì…≥£©","Minty Spire (QoL Compilation)","Quick Restart","Reimu£®≤©¿ˆ¡È√Œ£©","Relic Stats","Remilia£®¿Ÿ√◊¿Ú—«£©","StSLib","The Bug Knight","WarShipGirlsR/’ΩΩ¢…Ÿ≈ÆR mod","Yakumo Yukari mod","Youmu£®ªÍ∆«—˝√Œ£©","Yuri Mod","Yuyuko"],"gold_per_floor":[112,112,125,137,151,181,181,193,263,276,309,319,347,366,366,467,467,480,494,253,253,263,298,298,333,356,400,328,347,347,347,347,451,451,471,490,346,346,123,151,151,183,183,214,224,243,270,281,281,281,281,281,137,172,172],"floor_reached":56,"language":"ZHS","playtime":3166,"items_purged":["RedMoon","Defend_RM"],"score":1578,"play_id":"3999851a-ae90-4f76-b650-ffd7cc2c6e8e","local_time":"20210123030557","is_ascension_mode":true,"campfire_choices":[{"data":"LeisurelyOfLord","floor":7.0,"key":"SMITH"},{"data":"BombardNight","floor":15.0,"key":"SMITH"},{"data":"BloodyHallows","floor":24.0,"key":"SMITH"},{"floor":32.0,"key":"RECALL"},{"data":"BloodAndWine","floor":41.0,"key":"SMITH"},{"data":"HeartBreak","floor":49.0,"key":"SMITH"},{"data":"BloodyHallows","floor":52.0,"key":"SMITH"}],"circlet_count":0,"master_deck":["Strike_RM","Strike_RM","Strike_RM+1","Strike_RM","Defend_RM+1","Defend_RM+1","Defend_RM","ScarletShoot+1","ScarletImprint+1","StarOfDavid","LeisurelyOfLord+1","BombardNight","ScarletDevil","RedRainbow","BombardNight+1","FitfulNightmare","EternalNight+1","BloodyHallows+1","RedMagic","RedRainbow+1","Master of Strategy","HeartBreak+1","BloodyHallows+1","BombardNight+1","ScarletImprint+1","BloodAndWine+1","ScarletCoffin","RedRainbow+1","BombardNight+1","VampirishNight+1","RedRainbow+1","TransientEternity","CeilingFear","BloodHunter+1","Panache","ScarletDevil"],"relics":["ScarletHat","NeowsBlessing","Tiny Chest","RedBat","Strawberry","RedLine:ReiMu","aspiration:ChemicalBlood","War Paint","Ancient Tea Set","Boot","ScarletEmblem","HandDrill","Membership Card","Whetstone","HollowMod:LifeEnderRelic","Orichalcum","yuri:PortableGlitches","Nunchaku","Bag of Marbles","Lantern","Pantograph","aspiration:Lifesprig"],"acts_visited":["Exordium","Exordium","Hallownest:CityofTears","TheEnding"],"potions_floor_usage":[55,55,55,55,55],"damage_taken":[{"damage":0.0,"enemies":"Jaw Worm","floor":1.0,"turns":1.0},{"damage":0.0,"enemies":"Cultist","floor":3.0,"turns":1.0},{"damage":0.0,"enemies":"2 Louse","floor":4.0,"turns":1.0},{"damage":20.0,"enemies":"Large Slime","floor":5.0,"turns":9.0},{"damage":7.0,"enemies":"3 Sentries","floor":6.0,"turns":5.0},{"damage":7.0,"enemies":"Red Slaver","floor":8.0,"turns":4.0},{"damage":0.0,"enemies":"Looter","floor":10.0,"turns":1.0},{"damage":0.0,"enemies":"Lagavulin","floor":11.0,"turns":2.0},{"damage":4.0,"enemies":"Exordium Thugs","floor":12.0,"turns":3.0},{"damage":9.0,"enemies":"3 Sentries","floor":13.0,"turns":4.0},{"damage":0.0,"enemies":"2 Fungi Beasts","floor":14.0,"turns":2.0},{"damage":36.0,"enemies":"Hexaghost","floor":16.0,"turns":8.0},{"damage":11.0,"enemies":"Hallownest:3_Youths","floor":18.0,"turns":4.0},{"damage":8.0,"enemies":"Hallownest:Flukemon_and_Top","floor":19.0,"turns":3.0},{"damage":19.0,"enemies":"Hallownest:Master_and_Novice","floor":22.0,"turns":3.0},{"damage":32.0,"enemies":"Hallownest:Nosk","floor":23.0,"turns":9.0},{"damage":19.0,"enemies":"Hallownest:eliteSoulWarrior","floor":25.0,"turns":6.0},{"damage":8.0,"enemies":"Hallownest:Glutton_and_Coward","floor":27.0,"turns":2.0},{"damage":16.0,"enemies":"Hallownest:2_Husk_Sentries","floor":29.0,"turns":3.0},{"damage":19.0,"enemies":"Hallownest:BossMantisLord","floor":33.0,"turns":2.0},{"damage":22.0,"enemies":"Hallownest:3_Siblings","floor":35.0,"turns":8.0},{"damage":18.0,"enemies":"Hallownest:2_Littles","floor":36.0,"turns":5.0},{"damage":41.0,"enemies":"Hallownest:eliteCollector","floor":40.0,"turns":8.0},{"damage":18.0,"enemies":"Hallownest:StalkingDevout","floor":42.0,"turns":3.0},{"damage":8.0,"enemies":"Hallownest:eliteHiveKnight","floor":44.0,"turns":2.0},{"damage":26.0,"enemies":"Hallownest:2_Wandering_and_1_Horned","floor":45.0,"turns":3.0},{"damage":0.0,"enemies":"Hallownest:Slobbering_and_Violent","floor":46.0,"turns":3.0},{"damage":13.0,"enemies":"Hallownest:StalkingDevout","floor":47.0,"turns":4.0},{"damage":4.0,"enemies":"Hallownest:2_Wing_and_1_Kings","floor":48.0,"turns":3.0},{"damage":67.0,"enemies":"Hallownest:BossHollowKnight","floor":50.0,"turns":3.0},{"damage":18.0,"enemies":"Shield and Spear","floor":54.0,"turns":2.0},{"damage":66,"enemies":"The Heart","floor":55,"turns":2}],"seed_played":"621629231580663478","potions_obtained":[{"floor":3.0,"key":"FearPotion"},{"floor":8.0,"key":"Strength Potion"},{"floor":10.0,"key":"ColorlessPotion"},{"floor":11.0,"key":"Strength Potion"},{"floor":13.0,"key":"SkillPotion"},{"floor":16.0,"key":"Strength Potion"},{"floor":18.0,"key":"AttackPotion"},{"floor":33.0,"key":"Explosive Potion"},{"floor":36.0,"key":"GamblersBrew"},{"floor":44.0,"key":"Strength Potion"},{"floor":45.0,"key":"PowerPotion"},{"floor":48.0,"key":"SteroidPotion"}],"is_trial":false,"path_per_floor":["M","?","M","M","M","E","R","M","T","M","E","M","E","M","R","B",null,"M","M","$","?","M","E","R","E","T","M","$","M","T","?","R","B",null,"M","M","$","?","$","E","R","E","T","E","M","M","E","M","R","B",null,"R","$","E","B",null],"character_chosen":"REMILIA","items_purchased":["Master of Strategy","BloodAndWine","HandDrill","Membership Card","Whetstone","Panache"],"campfire_rested":0,"item_purchase_floors":[20,28,37,39,39,53],"current_hp_per_floor":[75,75,75,75,59,52,52,47,47,47,49,47,46,46,46,26,82,71,63,63,71,56,45,45,38,38,30,30,25,25,33,33,17,82,70,52,52,60,60,60,60,48,48,43,32,52,82,82,82,72,82,82,82,82,70],"gold":172,"neow_bonus":"THREE_ENEMY_KILL","is_daily":false,"chose_seed":false,"campfire_upgraded":6,"win_rate":0.0,"timestamp":1611342357,"path_taken":["M","?","M","M","M","E","R","M","T","M","E","?","E","M","R","BOSS","M","M","$","?","?","E","R","E","T","M","$","M","?","?","R","BOSS","M","M","?","?","$","E","R","E","T","E","M","M","E","M","R","BOSS","R","$","E","BOSS"],"items_purchased_type":["Card","Card","Relic","Relic","Relic","Card"],"build_version":"2020-12-22","purchased_purges":2,"victory":true,"max_hp_per_floor":[75,75,75,75,75,75,75,75,75,75,75,75,82,82,82,82,82,82,82,82,82,82,82,82,82,82,82,82,82,82,82,82,82,82,82,82,82,82,82,82,82,82,82,82,82,82,82,82,82,82,82,82,82,82,82],"relic_stats":{"Nunchaku":[9],"counters":[32,119],"Pantograph":0,"Tiny Chest":1,"HandDrill":[46],"Whetstone":["ScarletShoot","RedRainbow"],"War Paint":["Defend_RM","Defend_RM"],"Orichalcum":[30],"Boot":[140],"obtain_stats":[{"Lantern":45,"aspiration:Lifesprig":54,"HollowMod:LifeEnderRelic":40,"NeowsBlessing":0,"ScarletEmblem":34,"Whetstone":39,"War Paint":25,"Orichalcum":42,"Ancient Tea Set":26,"Boot":30,"ScarletHat":0,"RedBat":11,"RedLine:ReiMu":17,"Nunchaku":44,"Strawberry":13,"Pantograph":47,"Tiny Chest":6,"HandDrill":37,"Bag of Marbles":44,"Membership Card":39,"yuri:PortableGlitches":43,"aspiration:ChemicalBlood":23},{"Lantern":26,"aspiration:Lifesprig":31,"HollowMod:LifeEnderRelic":23,"NeowsBlessing":0,"ScarletEmblem":20,"Whetstone":22,"War Paint":17,"Orichalcum":24,"Ancient Tea Set":17,"Boot":19,"ScarletHat":0,"RedBat":8,"RedLine:ReiMu":12,"Nunchaku":25,"Strawberry":10,"Pantograph":28,"Tiny Chest":5,"HandDrill":22,"Bag of Marbles":25,"Membership Card":22,"yuri:PortableGlitches":24,"aspiration:ChemicalBlood":16},{"Lantern":102,"aspiration:Lifesprig":117,"HollowMod:LifeEnderRelic":94,"NeowsBlessing":0,"ScarletEmblem":73,"Whetstone":86,"War Paint":66,"Orichalcum":97,"Ancient Tea Set":66,"Boot":71,"ScarletHat":0,"RedBat":24,"RedLine:ReiMu":41,"Nunchaku":99,"Strawberry":31,"Pantograph":109,"Tiny Chest":17,"HandDrill":86,"Bag of Marbles":99,"Membership Card":86,"yuri:PortableGlitches":97,"aspiration:ChemicalBlood":60}]},"card_choices":[{"not_picked":["BloodHunter","DiffusionOfMisfortune"],"picked":"ScarletImprint","floor":1.0},{"not_picked":["MastersStateliness","AfternoonTea"],"picked":"StarOfDavid","floor":3.0},{"not_picked":["VampireKiss","NightLord"],"picked":"LeisurelyOfLord","floor":4.0},{"not_picked":["BlasphemousPunishment","NightDance"],"picked":"BombardNight","floor":5.0},{"not_picked":["BadLadyScramble","BloodySeventeenLaser"],"picked":"ScarletDevil","floor":6.0},{"not_picked":["ReincarnationDial","ScarletDevil"],"picked":"RedRainbow","floor":8.0},{"not_picked":["RedNightlessCastle","Maim"],"picked":"BombardNight","floor":10.0},{"not_picked":["ScarletDevilSign","EndlessAdversity"],"picked":"FitfulNightmare","floor":11.0},{"not_picked":["AfternoonTea","DiffusionOfMisfortune","MiserableFate"],"picked":"SKIP","floor":12.0},{"not_picked":["FavorOfDestiny","NightLord","Stigmanizer"],"picked":"SKIP","floor":13.0},{"not_picked":["UnstableMagic","BlasphemousPunishment"],"picked":"EternalNight","floor":14.0},{"not_picked":["QueenOfMidnight","KillingBlow"],"picked":"BloodyHallows","floor":16.0},{"not_picked":["BlasphemousPunishment+1","ChainGang"],"picked":"RedMagic","floor":18.0},{"not_picked":["MiserableFate+1","UnstableMagic+1"],"picked":"RedRainbow","floor":19.0},{"not_picked":["MastersStateliness","BlasphemousPunishment"],"picked":"HeartBreak","floor":22.0},{"not_picked":["StarOfDavid","BloodHunter"],"picked":"BloodyHallows","floor":23.0},{"not_picked":["RedMagic","ScarletImprint"],"picked":"BombardNight+1","floor":25.0},{"not_picked":["VampireFantasy","BloodyTrap+1"],"picked":"ScarletImprint+1","floor":27.0},{"not_picked":["BlasphemousPunishment","ChainGang","MastersStateliness"],"picked":"SKIP","floor":29.0},{"not_picked":["EquivalentExchange","BloodyHallows"],"picked":"ScarletCoffin","floor":33.0},{"not_picked":["BombardNight","VampireKiss+1","CharismaGuard"],"picked":"SKIP","floor":35.0},{"not_picked":["HunterOfTheNight","CharismaGuard","BloodHunter"],"picked":"SKIP","floor":36.0},{"not_picked":["BloodHunter","NightDance+1"],"picked":"RedRainbow+1","floor":40.0},{"not_picked":["BloodHunter","VampireKiss"],"picked":"BombardNight+1","floor":42.0},{"not_picked":["VampireKiss","HunterOfTheNight"],"picked":"VampirishNight+1","floor":44.0},{"not_picked":["BloodyTrap+1","BlasphemousPunishment"],"picked":"RedRainbow+1","floor":45.0},{"not_picked":["LeisurelyOfLord","ScarletImprint"],"picked":"TransientEternity","floor":46.0},{"not_picked":["StarOfDavid","UnstableMagic"],"picked":"CeilingFear","floor":47.0},{"not_picked":["CharismaGuard","UnstableMagic"],"picked":"BloodHunter+1","floor":48.0},{"not_picked":["ChainGang+1","DevilSight"],"picked":"ScarletDevil","floor":54.0}],"player_experience":330361,"relics_obtained":[{"floor":6.0,"key":"Tiny Chest"},{"floor":11.0,"key":"RedBat"},{"floor":13.0,"key":"Strawberry"},{"floor":23.0,"key":"aspiration:ChemicalBlood"},{"floor":25.0,"key":"War Paint"},{"floor":26.0,"key":"Ancient Tea Set"},{"floor":30.0,"key":"Boot"},{"floor":40.0,"key":"HollowMod:LifeEnderRelic"},{"floor":42.0,"key":"Orichalcum"},{"floor":43.0,"key":"yuri:PortableGlitches"},{"floor":44.0,"key":"Nunchaku"},{"floor":44.0,"key":"Bag of Marbles"},{"floor":45.0,"key":"Lantern"},{"floor":47.0,"key":"Pantograph"},{"floor":54.0,"key":"aspiration:Lifesprig"}],"event_choices":[{"damage_healed":0.0,"max_hp_gain":0.0,"max_hp_loss":0.0,"gold_gain":0.0,"event_name":"Upgrade Shrine","player_choice":"Upgraded","floor":2.0,"gold_loss":0.0,"damage_taken":0.0,"cards_upgraded":["ScarletImprint"]}],"is_beta":false,"boss_relics":[{"not_picked":["Pandora\u0027s Box","aspiration:RunicSpoon"],"picked":"RedLine:ReiMu"},{"not_picked":["aspiration:SecretTechniqueScroll","aspiration:DefectSkillbook"],"picked":"ScarletEmblem"}],"items_purged_floors":[20,53],"is_endless":false,"potions_floor_spawned":[3,8,10,11,13,16,18,33,36,44,45,48],"ascension_level":2}}