{"host":"5gfra4hjb6stk8c2","time":1611358922,"event":{"mods":["BaseMod","Minty Spire (QoL Compilation)","Quick Restart","SuperFastMode"],"gold_per_floor":[118,143,158,175,125,125,158,158,158,172,202,46,46,61,61,163,163,173,173,191,3,20,45,59,85,109,146,158,179,188,203,212,212,212],"floor_reached":33,"language":"ENG","playtime":1049,"items_purged":["Strike_P","Wallop"],"score":599,"play_id":"df0fc99d-15ba-4ce0-8d89-ba3d8fa478a9","local_time":"20210122204202","is_ascension_mode":true,"campfire_choices":[{"data":"SignatureMove","floor":6,"key":"SMITH"},{"data":"Eruption","floor":8,"key":"SMITH"},{"data":"Halt","floor":15,"key":"SMITH"},{"floor":30,"key":"REST"},{"floor":32,"key":"REST"}],"circlet_count":0,"master_deck":["Vigilance","SignatureMove+1","Halt+1","Consecrate","Consecrate","Dramatic Entrance","Omniscience","FlurryOfBlows+1","Adaptation+1","Collect+1","Tantrum","Dramatic Entrance","Consecrate","Worship","Alpha","Fasting2","CrushJoints+1"],"relics":["PureWater","Boot","Pen Nib","Darkstone Periapt","Dream Catcher","Astrolabe","Letter Opener","White Beast Statue","Blood Vial","CeramicFish"],"acts_visited":["Exordium","TheCity"],"potions_floor_usage":[10,11,23,28,28,31,31,33,33],"damage_taken":[{"damage":0,"enemies":"Cultist","floor":1,"turns":2},{"damage":1,"enemies":"2 Louse","floor":3,"turns":3},{"damage":7,"enemies":"Jaw Worm","floor":4,"turns":3},{"damage":22,"enemies":"3 Sentries","floor":7,"turns":8},{"damage":1,"enemies":"Looter","floor":10,"turns":3},{"damage":0,"enemies":"Gremlin Nob","floor":11,"turns":2},{"damage":0,"enemies":"3 Louse","floor":14,"turns":2},{"damage":0,"enemies":"Slime Boss","floor":16,"turns":4},{"damage":4,"enemies":"Chosen","floor":18,"turns":2},{"damage":0,"enemies":"Spheric Guardian","floor":20,"turns":2},{"damage":0,"enemies":"3 Cultists","floor":22,"turns":1},{"damage":0,"enemies":"Book of Stabbing","floor":23,"turns":1},{"damage":16,"enemies":"Snake Plant","floor":24,"turns":2},{"damage":0,"enemies":"Gremlin Leader","floor":25,"turns":2},{"damage":20,"enemies":"Book of Stabbing","floor":27,"turns":2},{"damage":18,"enemies":"Snecko","floor":28,"turns":4},{"damage":0,"enemies":"Sentry and Sphere","floor":29,"turns":2},{"damage":18,"enemies":"Snake Plant","floor":31,"turns":3},{"damage":61,"enemies":"Champ","floor":33,"turns":3}],"seed_played":"-5379083396418355888","potions_obtained":[{"floor":1,"key":"SteroidPotion"},{"floor":3,"key":"Dexterity Potion"},{"floor":11,"key":"BottledMiracle"},{"floor":20,"key":"Fire Potion"},{"floor":22,"key":"Dexterity Potion"},{"floor":24,"key":"FearPotion"},{"floor":28,"key":"FearPotion"},{"floor":29,"key":"Weak Potion"},{"floor":31,"key":"EssenceOfSteel"}],"is_trial":false,"path_per_floor":["M","T","M","M","?","R","E","R","T","M","E","$","?","M","R","B",null,"M","?","M","$","M","E","M","E","T","E","M","M","R","M","R","B"],"character_chosen":"WATCHER","items_purchased":["Dramatic Entrance","Dramatic Entrance"],"campfire_rested":2,"item_purchase_floors":[12,21],"current_hp_per_floor":[47,47,46,39,39,39,17,17,17,16,16,16,16,16,16,16,58,54,54,54,54,54,54,38,38,38,20,4,6,27,11,32,0,0],"gold":212,"neow_bonus":"REMOVE_TWO","is_daily":false,"chose_seed":false,"campfire_upgraded":3,"win_rate":0.0,"timestamp":1611358922,"path_taken":["M","?","M","M","?","R","E","R","T","M","E","?","?","M","R","BOSS","M","?","?","$","M","E","M","E","T","E","M","?","R","M","R","BOSS"],"items_purchased_type":["Card","Card"],"build_version":"2020-12-22","purchased_purges":2,"victory":false,"max_hp_per_floor":[72,72,72,72,72,72,72,72,72,72,72,72,72,72,72,72,72,72,72,72,72,72,72,72,72,72,72,72,72,72,72,72,72,72],"card_choices":[{"not_picked":["ForeignInfluence","SashWhip"],"picked":"SignatureMove","floor":1},{"not_picked":["Protect","EmptyMind","CarveReality"],"picked":"SKIP","floor":3},{"not_picked":["Study","ClearTheMind"],"picked":"Halt","floor":4},{"not_picked":["Crescendo","SashWhip","Meditate"],"picked":"SKIP","floor":7},{"not_picked":["WreathOfFlame","SandsOfTime"],"picked":"Consecrate","floor":10},{"not_picked":["Halt","Study"],"picked":"Consecrate","floor":11},{"not_picked":["Pray","FlyingSleeves","Weave"],"picked":"SKIP","floor":14},{"not_picked":["DeusExMachina","Blasphemy"],"picked":"Omniscience","floor":16},{"not_picked":["Evaluate","Swivel"],"picked":"Tantrum","floor":18},{"not_picked":["Crescendo","PathToVictory","SashWhip"],"picked":"SKIP","floor":20},{"not_picked":["EmptyBody","ClearTheMind","Weave"],"picked":"SKIP","floor":22},{"not_picked":["PathToVictory","CrushJoints","Meditate"],"picked":"SKIP","floor":23},{"not_picked":["Protect","LikeWater","Collect"],"picked":"SKIP","floor":24},{"not_picked":["InnerPeace","DeceiveReality"],"picked":"Consecrate","floor":25},{"not_picked":["WreathOfFlame","EmptyBody"],"picked":"Worship","floor":27},{"not_picked":["WreathOfFlame+1","Pray","EmptyFist+1"],"picked":"SKIP","floor":28},{"not_picked":["BowlingBash+1","JustLucky"],"picked":"Alpha","floor":29},{"not_picked":["ClearTheMind","Indignation"],"picked":"Fasting2","floor":30},{"not_picked":["InnerPeace","Evaluate","EmptyBody"],"picked":"SKIP","floor":31},{"not_picked":["Crescendo+1","ClearTheMind"],"picked":"CrushJoints+1","floor":32}],"player_experience":183735,"relics_obtained":[{"floor":2,"key":"Boot"},{"floor":7,"key":"Pen Nib"},{"floor":9,"key":"Darkstone Periapt"},{"floor":11,"key":"Dream Catcher"},{"floor":23,"key":"Letter Opener"},{"floor":25,"key":"White Beast Statue"},{"floor":26,"key":"Blood Vial"},{"floor":27,"key":"CeramicFish"}],"event_choices":[{"cards_removed":["Strike_P"],"damage_healed":0,"gold_gain":0,"player_choice":"Card Removal","damage_taken":0,"max_hp_gain":0,"max_hp_loss":0,"event_name":"The Cleric","floor":5,"gold_loss":50},{"cards_removed":["Strike_P"],"damage_healed":0,"gold_gain":0,"player_choice":"Forget","damage_taken":0,"max_hp_gain":0,"max_hp_loss":0,"event_name":"Living Wall","floor":13,"gold_loss":0},{"damage_healed":0,"gold_gain":0,"cards_transformed":["Eruption"],"player_choice":"Transformed","damage_taken":0,"max_hp_gain":0,"max_hp_loss":0,"event_name":"Transmorgrifier","floor":19,"gold_loss":0,"cards_obtained":["Wallop"]}],"is_beta":false,"boss_relics":[{"not_picked":["Sozu","Pandora\u0027s Box"],"picked":"Astrolabe"}],"items_purged_floors":[12,21],"is_endless":false,"potions_floor_spawned":[1,3,11,20,22,24,27,28,29,31],"killed_by":"Champ","ascension_level":7}}