{"host":"zx8rmvlb08usbkpl","time":1611354867,"event":{"mods":["BaseMod","BetterRewards","Colored Powertips","Dota2Spire","Downfall","GifTheSpireLib","Marisa????????","Minty Spire (QoL Compilation)","Quick Restart","StSLib","Stuff the Spire","The Bug Knight","The Senshi"],"gold_per_floor":[118,131,143,158,173,205,205,235,308,327,327,327,340,340,340,441,441,454,83,133,133,133,133,195,195,195,195,258,258,301,1,1,1,1],"floor_reached":33,"language":"ENG","playtime":1738,"items_purged":["Strike_R"],"score":466,"play_id":"3a8c8470-c640-40f7-bd2f-00d78815bbf0","local_time":"20210122173427","is_ascension_mode":true,"campfire_choices":[{"floor":7,"key":"REST"},{"floor":11,"key":"REST"},{"floor":15,"key":"REST"},{"floor":23,"key":"REST"},{"floor":25,"key":"REST"},{"floor":29,"key":"REST"},{"floor":32,"key":"REST"}],"circlet_count":0,"master_deck":["Strike_R+1","Strike_R+1","Defend_R","Defend_R","Defend_R","Bash+1","Bloodletting","Spot Weakness","Metallicize+1","Seeing Red","Heavy Blade","Feed","Flex","StuffTheSpire:RockThrow","Feed","Metallicize+1","Rupture","Battle Trance+1","downfall:Bewildered","StuffTheSpire:WarGroove","StuffTheSpire:WarCurse","StuffTheSpire:WarCurse","Disarm+1"],"relics":["Burning Blood","Vajra","Whetstone","Empty Cage","Dota2Spire:HandOfMidas","DollysMirror","sneckomod:BabySnecko","Lizard Tail","Boot","Dota2Spire:MaskOfMadness","Dota2Spire:AssaultCuirass"],"acts_visited":["TheCity"],"potions_floor_usage":[8,30,33,33],"damage_taken":[{"damage":6,"enemies":"Small Slimes","floor":1,"turns":4},{"damage":7,"enemies":"Jaw Worm","floor":2,"turns":6},{"damage":9,"enemies":"Cultist","floor":3,"turns":5},{"damage":18,"enemies":"2 Fungi Beasts","floor":4,"turns":5},{"damage":10,"enemies":"Large Slime","floor":5,"turns":9},{"damage":43,"enemies":"3 Sentries","floor":6,"turns":12},{"damage":5,"enemies":"Gremlin Nob","floor":8,"turns":3},{"damage":7,"enemies":"Blue Slaver","floor":10,"turns":3},{"damage":14,"enemies":"3 Louse","floor":13,"turns":4},{"damage":49,"enemies":"Hexaghost","floor":16,"turns":9},{"damage":37,"enemies":"2 Thieves","floor":18,"turns":5},{"damage":15,"enemies":"Spheric Guardian","floor":20,"turns":4},{"damage":17,"enemies":"HollowMod:Nosk","floor":24,"turns":6},{"damage":52,"enemies":"Slavers","floor":28,"turns":7},{"damage":52,"enemies":"Centurion and Healer","floor":30,"turns":6},{"damage":98,"enemies":"Collector","floor":33,"turns":6}],"seed_played":"9066969895350424174","potions_obtained":[{"floor":2,"key":"Weak Potion"},{"floor":3,"key":"Dexterity Potion"},{"floor":4,"key":"DistilledChaos"},{"floor":13,"key":"BlessingOfTheForge"},{"floor":30,"key":"hexamod:SoulburnPotion"}],"is_trial":false,"path_per_floor":["M","M","M","M","M","E","R","E","T","M","R","?","M","?","R","B",null,"M","$","M","?","?","R","E","R","T","?","E","R","M","$","R","B"],"character_chosen":"IRONCLAD","items_purchased":["Bloodletting","Dota2Spire:HandOfMidas","DollysMirror","Rupture","Dota2Spire:AssaultCuirass"],"campfire_rested":7,"item_purchase_floors":[0,19,19,19,31],"current_hp_per_floor":[72,71,68,56,52,15,39,40,40,39,63,63,58,41,65,22,83,55,55,49,49,29,55,47,74,74,74,31,59,16,16,45,3,3],"gold":1,"neow_bonus":"","is_daily":false,"chose_seed":false,"campfire_upgraded":0,"win_rate":0.0,"timestamp":1611354867,"path_taken":["M","M","M","M","M","E","R","E","T","M","R","?","M","?","R","BOSS","M","$","M","?","?","R","E","R","T","?","E","R","M","?","R","BOSS"],"items_purchased_type":["Card","Relic","Relic","Card","Relic"],"build_version":"2020-12-22","purchased_purges":1,"victory":false,"max_hp_per_floor":[80,80,80,80,80,80,80,80,80,80,80,80,83,83,83,83,83,86,86,89,89,89,89,92,92,92,92,95,95,98,98,98,98,98],"card_choices":[{"not_picked":["StuffTheSpire:Pyroclast","Flex"],"picked":"Spot Weakness","floor":1},{"not_picked":["Clothesline","Dual Wield"],"picked":"Metallicize","floor":2},{"not_picked":["Thunderclap","Spot Weakness"],"picked":"Seeing Red","floor":3},{"not_picked":["Perfected Strike","Sever Soul","Sword Boomerang"],"picked":"SKIP","floor":4},{"not_picked":["Havoc","Body Slam"],"picked":"Heavy Blade","floor":5},{"not_picked":["Power Through","Sentinel"],"picked":"Feed","floor":6},{"not_picked":["Perfected Strike","Reckless Charge","StuffTheSpire:Incineration"],"picked":"SKIP","floor":8},{"not_picked":["Blood for Blood","Headbutt"],"picked":"Flex","floor":10},{"not_picked":["StuffTheSpire:RagingBull","Clash","Headbutt"],"picked":"SKIP","floor":13},{"not_picked":["Brutality","Barricade"],"picked":"Feed","floor":16},{"not_picked":["Headbutt","Clothesline","Perfected Strike"],"picked":"SKIP","floor":18},{"not_picked":["Searing Blow","Thunderclap"],"picked":"Battle Trance+1","floor":20},{"not_picked":["Anger","Body Slam","Clothesline+1"],"picked":"SKIP","floor":24},{"not_picked":["Uppercut","Exhume","Havoc"],"picked":"SKIP","floor":28},{"not_picked":["Rage","Body Slam"],"picked":"Disarm+1","floor":30}],"player_experience":970350,"relics_obtained":[{"floor":6,"key":"Vajra"},{"floor":8,"key":"Whetstone"},{"floor":24,"key":"Lizard Tail"},{"floor":26,"key":"Boot"},{"floor":28,"key":"Dota2Spire:MaskOfMadness"}],"event_choices":[{"damage_healed":0,"gold_gain":0,"cards_transformed":["Defend_R"],"player_choice":"Change","damage_taken":0,"max_hp_gain":0,"max_hp_loss":0,"event_name":"Living Wall","floor":12,"gold_loss":0,"cards_obtained":["StuffTheSpire:RockThrow"]},{"damage_healed":0,"gold_gain":0,"player_choice":"Entered Light","damage_taken":17,"max_hp_gain":0,"max_hp_loss":0,"event_name":"Shining Light","floor":14,"gold_loss":0,"cards_upgraded":["Metallicize","Bash"]},{"damage_healed":0,"gold_gain":0,"player_choice":"Ignored","damage_taken":0,"max_hp_gain":0,"max_hp_loss":0,"event_name":"Vampires","floor":27,"gold_loss":0}],"is_beta":false,"boss_relics":[{"not_picked":["Busted Crown","SacredBark"],"picked":"Empty Cage"}],"items_purged_floors":[0],"is_endless":false,"potions_floor_spawned":[2,3,4,6,13,16,24,30],"killed_by":"Collector","ascension_level":1}}