{"host":"clf2hd4adhiiw0zf","time":1611275076,"event":{"mods":["AchievementEnabler","BaseMod","Beaked The Cultist","Bestiary","Dark Map","Downfall","Gremlin Mod","Hermit","Jorbs\u0027s Wanderer Trilogy","Marisa????????","Minty Spire (QoL Compilation)","Shop Mod","StSLib","The Cursed","The Servant 0.9.4","UnlockEverythingMod"],"gold_per_floor":[0,20,34,484,484,503,553,42,56,56,56],"floor_reached":10,"language":"ENG","playtime":793,"items_purged":[],"score":61,"play_id":"5fca39d8-6b21-437d-9e28-19f3bc7d0573","local_time":"20210121172436","is_ascension_mode":true,"campfire_choices":[{"floor":1,"key":"RECALL"}],"circlet_count":0,"master_deck":["Gremlin:Strike","Gremlin:Strike","Gremlin:Strike+1","Gremlin:Strike+1","Gremlin:Defend","Gremlin:Defend","Gremlin:Defend","Gremlin:Defend","Gremlin:TagTeam","Gremlin:GremlinDance","Gremlin:MakeshiftArmor+1","Gremlin:Presto","downfall:Icky","downfall:Icky","downfall:Icky","downfall:Malfunctioning","Gremlin:CatScratch","Gremlin:Wizardry","expansioncontent:QuickStudy","Gremlin:Rhythm"],"relics":["Gremlin:GremlinKnob","Du-Vu Doll","Dead Branch"],"acts_visited":["Exordium"],"potions_floor_usage":[6],"damage_taken":[{"damage":5,"enemies":"2 Louse","floor":2,"turns":4},{"damage":9,"enemies":"Jaw Worm","floor":3,"turns":6},{"damage":1,"enemies":"Cultist","floor":6,"turns":3},{"damage":0,"enemies":"downfall:FleeingMerchant","floor":8,"turns":4},{"damage":7,"enemies":"Blue Slaver","floor":9,"turns":2},{"damage":4,"enemies":"3 Sentries","floor":10,"turns":2}],"seed_played":"-578036263086578405","potions_obtained":[{"floor":2,"key":"Ancient Potion"},{"floor":3,"key":"Ancient Potion"},{"floor":6,"key":"Fruit Juice"}],"is_trial":false,"path_per_floor":["R","M","M","?","?","M","T","$","M","E"],"character_chosen":"GREMLIN","items_purchased":["Dead Branch","expansioncontent:QuickStudy"],"campfire_rested":0,"item_purchase_floors":[8,8],"current_hp_per_floor":[20,20,11,11,11,20,20,21,12,17,17],"gold":56,"neow_bonus":"ONE_RARE_RELIC","is_daily":false,"chose_seed":false,"campfire_upgraded":0,"win_rate":0.0,"timestamp":1611275076,"path_taken":["R","M","M","?","?","M","T","?","?","E"],"items_purchased_type":["Relic","Card"],"build_version":"2020-12-22","purchased_purges":0,"victory":false,"max_hp_per_floor":[20,20,20,20,20,21,21,21,21,21,21],"card_choices":[{"not_picked":["Gremlin:IrksomeBlow","Gremlin:Mockery"],"picked":"Gremlin:MakeshiftArmor","floor":2},{"not_picked":["Gremlin:GlitterGuard","Gremlin:Tadah"],"picked":"Gremlin:Presto","floor":3},{"not_picked":["Gremlin:Scatter","Gremlin:BulkUp"],"picked":"Gremlin:CatScratch","floor":6},{"not_picked":["Gremlin:SharpenBlades","Gremlin:Raid"],"picked":"Gremlin:Wizardry","floor":8},{"not_picked":["Gremlin:PourSalt","Gremlin:ShowOfHands"],"picked":"Gremlin:Rhythm","floor":9}],"player_experience":75577,"relics_obtained":[],"event_choices":[],"is_beta":false,"boss_relics":[],"items_purged_floors":[],"is_endless":false,"potions_floor_spawned":[2,3,6],"killed_by":"3 Sentries","ascension_level":1}}