{"host":"54jr43vd79817238","time":1611319345,"event":{"mods":["100% Spire Juice","ATMod(°¢èªMod)","Act Like it!","Arknights The Spire","Aspiration","BaseMod","CapriCore","Dota2Spire","Friendly Minions","Gensokyo","Hallownest","Hermit","Jedi Mod","KinomotoSakuraMod(Ä¾Ö®±¾Ó£)","Koishi","Lobotomy","LobotomyExtend","Mari Mod (Legacy)","Mari\u0027s V1 Patch","Marisa£¨ìFÓê¡¡Ä§ÀíÉ³£©","Minty Spire (QoL Compilation)","MostiFishMod","Quarter Circle Forward PUNCH!","Replay The Spire","Robot Space Explorer","RumiaBox-Â¶Ã×æ«µÄÉñÃØºÐ×Ó","Spicy Shops","StSLib","TestMod","The Dragon Tamer","The Marked","WarShipGirlsR/Õ½½¢ÉÙÅ®R mod","Yakumo Yukari mod","Youmu£¨»êÆÇÑýÃÎ£©","vexMod","¡¾ÒÅÎï¿¨ÅÆ¡¿REMEMod"],"gold_per_floor":[113,124,124,142,152,152,164,189,189,189,189,189,200,214,214,214,214],"floor_reached":16,"language":"ZHS","playtime":834,"items_purged":[],"score":109,"play_id":"0cee63ec-b75f-4f97-98a8-22f1351eacb1","local_time":"20210122204225","is_ascension_mode":true,"campfire_choices":[{"floor":6,"key":"RECALL"},{"data":"RobotSpaceExplorer:Explosion","floor":10,"key":"SMITH"},{"data":"RobotSpaceExplorer:Multitool","floor":12,"key":"SMITH"},{"floor":15,"key":"REST"}],"circlet_count":0,"master_deck":["RobotSpaceExplorer:Strike","RobotSpaceExplorer:Strike","RobotSpaceExplorer:Strike","RobotSpaceExplorer:Strike","RobotSpaceExplorer:Defend","RobotSpaceExplorer:Defend","RobotSpaceExplorer:Defend","RobotSpaceExplorer:Defend","RobotSpaceExplorer:Scan","RobotSpaceExplorer:MiniLasers","AT_OneInchPunch","RobotSpaceExplorer:Multitool+1","RobotSpaceExplorer:MiniDrones","RobotSpaceExplorer:FranticSearch","RobotSpaceExplorer:DualCore","RobotSpaceExplorer:Explosion+1","hermit:Determination","RobotSpaceExplorer:RigExplosive"],"relics":["RobotSpaceExplorer:RoboCore","testmod-TestBox","DaveBox","REME_ComplimentaryCards","AT_ATBox","jedi:shrinkray","Nloth\u0027s Gift","testmod-HeartOfDaVinci","SynthV:TestCard","testmod-FatalChain","RobotSpaceExplorer:BottledGravity","hermit:Horseshoe"],"acts_visited":["Exordium"],"potions_floor_usage":[8,16],"damage_taken":[{"damage":0,"enemies":"Cultist","floor":1,"turns":1},{"damage":0,"enemies":"Jaw Worm","floor":2,"turns":2},{"damage":0,"enemies":"2 Louse","floor":4,"turns":2},{"damage":3,"enemies":"Exordium Wildlife","floor":5,"turns":3},{"damage":3,"enemies":"Looter","floor":7,"turns":3},{"damage":27,"enemies":"Gremlin Nob","floor":8,"turns":4},{"damage":2,"enemies":"2 Fungi Beasts","floor":13,"turns":2},{"damage":21,"enemies":"Blue Slaver","floor":14,"turns":4},{"damage":44,"enemies":"The Guardian","floor":16,"turns":11}],"seed_played":"5019649438072377977","potions_obtained":[{"floor":7,"key":"Adrenaline Potion"},{"floor":13,"key":"jedi:StrikingPotion"}],"is_trial":false,"path_per_floor":["M","M","?","M","M","R","M","E","T","R","$","R","M","M","R","B"],"character_chosen":"RobotSpaceExplorer","items_purchased":[],"campfire_rested":1,"item_purchase_floors":[],"current_hp_per_floor":[75,75,75,75,72,72,69,42,42,42,42,42,40,19,41,0,0],"gold":214,"neow_bonus":"RANDOM_COMMON_RELIC","is_daily":false,"chose_seed":false,"campfire_upgraded":2,"win_rate":0.0,"timestamp":1611319345,"path_taken":["M","M","?","M","M","R","M","E","T","R","?","R","M","?","R","BOSS"],"items_purchased_type":[],"build_version":"2020-12-22","purchased_purges":0,"victory":false,"max_hp_per_floor":[75,75,75,75,75,75,75,75,75,75,75,75,75,75,75,75,75],"card_choices":[{"not_picked":["RobotSpaceExplorer:FrostMissile","RobotSpaceExplorer:FranticSearch"],"picked":"RobotSpaceExplorer:Multitool","floor":1},{"not_picked":["RobotSpaceExplorer:SurgingStrike","RobotSpaceExplorer:TurboDodge","RobotSpaceExplorer:GlueShot","RobotSpaceExplorer:Electroshield"],"picked":"RobotSpaceExplorer:MiniDrones","floor":2},{"not_picked":["RobotSpaceExplorer:SwiftStep","RobotSpaceExplorer:FrostMissile","RobotSpaceExplorer:DoubleBlock","RobotSpaceExplorer:SurgingStrike"],"picked":"RobotSpaceExplorer:FranticSearch","floor":4},{"not_picked":["RobotSpaceExplorer:JunkDive","RobotSpaceExplorer:Ammunition","RobotSpaceExplorer:Probe","RobotSpaceExplorer:GlueSpray"],"picked":"RobotSpaceExplorer:DualCore","floor":5},{"not_picked":["RobotSpaceExplorer:GlueSpray","RobotSpaceExplorer:SurgingShield","RobotSpaceExplorer:SurgingStrike","RobotSpaceExplorer:FranticSearch"],"picked":"RobotSpaceExplorer:Explosion","floor":7},{"not_picked":["RobotSpaceExplorer:PowerCollector","RobotSpaceExplorer:FrostMissile","RobotSpaceExplorer:FreezeRay","RobotSpaceExplorer:ScrapToss"],"picked":"RobotSpaceExplorer:Wormhole","floor":8},{"not_picked":["RobotSpaceExplorer:Smokescreen","RobotSpaceExplorer:MakeshiftVolley","RobotSpaceExplorer:Wormhole","RobotSpaceExplorer:FrostMissile"],"picked":"RobotSpaceExplorer:Exploration","floor":13},{"not_picked":["RobotSpaceExplorer:FranticSearch","RobotSpaceExplorer:MetalStrike","RobotSpaceExplorer:ShovelStrike","RobotSpaceExplorer:SwiftStep"],"picked":"RobotSpaceExplorer:RigExplosive","floor":14}],"player_experience":264991,"relics_obtained":[{"floor":1,"key":"SynthV:TestCard"},{"floor":8,"key":"RobotSpaceExplorer:BottledGravity"},{"floor":9,"key":"hermit:Horseshoe"}],"event_choices":[{"damage_healed":0,"gold_gain":0,"player_choice":"Box","damage_taken":0,"relics_obtained":["testmod-FatalChain"],"max_hp_gain":0,"max_hp_loss":0,"event_name":"Big Fish","floor":3,"gold_loss":0,"cards_obtained":["Regret"]}],"is_beta":false,"boss_relics":[],"items_purged_floors":[],"is_endless":false,"potions_floor_spawned":[7,13],"killed_by":"The Guardian","ascension_level":1}}