{"host":"nbmmy2ys5j9alw05","time":1611286917,"event":{"mods":["AchievementEnabler","BaseMod","Bestiary","Better Vampires","Colored Map","Colored Powertips","Googly Eyes","Minty Spire (QoL Compilation)","Quick Restart","StSLib","The Hierophant","The IronCluck","everything is the same but u backflip on backflip"],"gold_per_floor":[113,63,76,76,76,104,104,139,221,235,245,121,121,136,136,241,241,196,196,111,33,33,33,33,33],"floor_reached":24,"language":"ENG","playtime":605,"items_purged":["Strike_B"],"score":306,"play_id":"ac35adcb-b12f-403e-84e3-359ffefb4468","local_time":"20210121194157","is_ascension_mode":true,"campfire_choices":[{"floor":7,"key":"REST"},{"floor":15,"key":"REST"},{"data":"Defragment","floor":23,"key":"SMITH"}],"circlet_count":0,"master_deck":["AscendersBane","Defend_B","Defend_B","Defend_B","Defend_B","Zap","Dualcast","Lockon","Glacier","Doom and Gloom","Genetic Algorithm","Ball Lightning","Defragment+1","Creative AI","Lockon+1","Storm"],"relics":["Cracked Core","Art of War","Bag of Marbles","Ornamental Fan","Symbiotic Virus","Ectoplasm","Shuriken"],"acts_visited":["Exordium","TheCity"],"potions_floor_usage":[8,24],"damage_taken":[{"damage":2,"enemies":"Jaw Worm","floor":1,"turns":3},{"damage":13,"enemies":"Small Slimes","floor":3,"turns":3},{"damage":15,"enemies":"Lagavulin","floor":6,"turns":8},{"damage":27,"enemies":"3 Sentries","floor":8,"turns":14},{"damage":0,"enemies":"Cultist","floor":10,"turns":2},{"damage":3,"enemies":"Blue Slaver","floor":11,"turns":2},{"damage":4,"enemies":"Red Slaver","floor":14,"turns":3},{"damage":13,"enemies":"Slime Boss","floor":16,"turns":7},{"damage":12,"enemies":"2 Thieves","floor":18,"turns":4},{"damage":13,"enemies":"Spheric Guardian","floor":22,"turns":4},{"damage":38,"enemies":"Gremlin Leader","floor":24,"turns":3}],"seed_played":"-3774945303535895587","potions_obtained":[{"floor":1,"key":"Weak Potion"},{"floor":6,"key":"Dexterity Potion"},{"floor":10,"key":"GamblersBrew"},{"floor":11,"key":"Strength Potion"},{"floor":14,"key":"CultistPotion"}],"is_trial":false,"path_per_floor":["M","?","M","?","?","E","R","E","T","M","M","$","?","M","R","B",null,"M","?","?","$","M","R","E"],"character_chosen":"DEFECT","items_purchased":["Ball Lightning","Storm"],"campfire_rested":2,"item_purchase_floors":[12,21],"current_hp_per_floor":[66,66,53,41,41,26,48,21,21,21,18,18,18,14,36,23,62,50,50,50,50,37,37,0,0],"gold":33,"neow_bonus":"REMOVE_CARD","is_daily":false,"chose_seed":false,"campfire_upgraded":1,"win_rate":0.0,"timestamp":1611286917,"path_taken":["M","?","M","?","?","E","R","E","T","?","M","$","?","M","R","BOSS","M","?","?","?","M","R","E"],"items_purchased_type":["Card","Card"],"build_version":"2020-12-22","purchased_purges":1,"victory":false,"max_hp_per_floor":[75,75,75,75,75,75,75,75,75,75,75,75,75,75,75,75,75,75,75,75,75,75,75,75,75],"card_choices":[{"not_picked":["Redo","Hologram"],"picked":"Lockon","floor":1},{"not_picked":["Steam Power","Chill"],"picked":"Glacier","floor":3},{"not_picked":["Go for the Eyes","Beam Cell","Stack"],"picked":"SKIP","floor":6},{"not_picked":["Reboot","Cold Snap"],"picked":"Doom and Gloom","floor":8},{"not_picked":["Scrape","Go for the Eyes","Rebound"],"picked":"SKIP","floor":10},{"not_picked":["Reboot","Double Energy"],"picked":"Genetic Algorithm","floor":11},{"not_picked":["Hologram","Chill"],"picked":"Defragment","floor":14},{"not_picked":["Echo Form","Reboot"],"picked":"Creative AI","floor":16},{"not_picked":["Cold Snap+1","Leap"],"picked":"Lockon+1","floor":18},{"not_picked":["Barrage","Beam Cell","Melter+1"],"picked":"SKIP","floor":22}],"player_experience":527144,"relics_obtained":[{"floor":6,"key":"Bag of Marbles"},{"floor":8,"key":"Ornamental Fan"},{"floor":9,"key":"Symbiotic Virus"}],"event_choices":[{"cards_removed":["Strike_B"],"damage_healed":0,"gold_gain":0,"player_choice":"Card Removal","damage_taken":0,"max_hp_gain":0,"max_hp_loss":0,"event_name":"The Cleric","floor":2,"gold_loss":50},{"damage_healed":0,"gold_gain":0,"player_choice":"Success","damage_taken":12,"relics_obtained":["Art of War"],"max_hp_gain":0,"max_hp_loss":0,"event_name":"Scrap Ooze","floor":4,"gold_loss":0},{"cards_removed":["Strike_B"],"damage_healed":0,"gold_gain":0,"player_choice":"Offered Basic","damage_taken":0,"max_hp_gain":0,"max_hp_loss":0,"event_name":"Bonfire Elementals","floor":5,"gold_loss":0},{"damage_healed":0,"gold_gain":0,"player_choice":"Leave","damage_taken":0,"max_hp_gain":0,"max_hp_loss":0,"event_name":"FaceTrader","floor":13,"gold_loss":0},{"damage_healed":0,"gold_gain":0,"player_choice":"Ignored","damage_taken":0,"max_hp_gain":0,"max_hp_loss":0,"event_name":"The Mausoleum","floor":19,"gold_loss":0},{"damage_healed":0,"gold_gain":0,"player_choice":"Obtained Relic","damage_taken":0,"relics_obtained":["Shuriken"],"max_hp_gain":0,"max_hp_loss":0,"event_name":"Addict","floor":20,"gold_loss":85}],"is_beta":false,"boss_relics":[{"not_picked":["SacredBark","Astrolabe"],"picked":"Ectoplasm"}],"items_purged_floors":[12],"is_endless":false,"potions_floor_spawned":[1,6,10,11,14,22],"killed_by":"Gremlin Leader","ascension_level":10}}