{"host":"xetj7e4h1njmphhb","time":1611342764,"event":{"mods":["BaseMod","Minty Spire (QoL Compilation)","SuperFastMode"],"gold_per_floor":[17,17,17,35,49,80,95,95,95,95,116,116,139,155,155,285,285,298,298,323,358,358,358,401,420,447,79,102,122,122,137,137,265,265,283,11,11,36,258,258,258],"floor_reached":40,"language":"ENG","playtime":2175,"items_purged":["Fusion","Strike_B"],"score":410,"play_id":"eabc4a01-dfbe-4fd6-8a56-5c82a9e1f3d1","local_time":"20210122141244","is_ascension_mode":false,"campfire_choices":[{"floor":10,"key":"REST"},{"floor":12,"key":"REST"},{"floor":15,"key":"REST"},{"floor":23,"key":"REST"},{"floor":30,"key":"REST"},{"floor":32,"key":"REST"}],"circlet_count":0,"master_deck":["Strike_B","Defend_B","Defend_B","Defend_B","Defend_B","Zap+1","Dualcast","Ball Lightning","Leap","Ball Lightning","Ball Lightning","Seek","Hologram","Redo","Barrage","Electrodynamics","Barrage","Gash","Reinforced Body","White Noise","Redo","Rebound","Loop","Glacier","Thunder Strike","Go for the Eyes","Panacea","Redo+1"],"relics":["Cracked Core","Golden Idol","Bottled Flame","Letter Opener","Busted Crown","Red Mask","NlothsMask","Mummified Hand","Gremlin Horn","Velvet Choker"],"acts_visited":["Exordium","TheCity","TheBeyond"],"potions_floor_usage":[21,33,33,33,33],"damage_taken":[{"damage":0,"enemies":"Small Slimes","floor":1,"turns":4},{"damage":6,"enemies":"2 Louse","floor":4,"turns":2},{"damage":0,"enemies":"Cultist","floor":5,"turns":3},{"damage":13,"enemies":"Lagavulin","floor":6,"turns":6},{"damage":12,"enemies":"2 Fungi Beasts","floor":7,"turns":2},{"damage":2,"enemies":"Blue Slaver","floor":11,"turns":3},{"damage":0,"enemies":"Large Slime","floor":13,"turns":3},{"damage":13,"enemies":"Lots of Slimes","floor":14,"turns":3},{"damage":50,"enemies":"Hexaghost","floor":16,"turns":8},{"damage":28,"enemies":"3 Byrds","floor":18,"turns":3},{"damage":20,"enemies":"Shell Parasite","floor":20,"turns":4},{"damage":0,"enemies":"Masked Bandits","floor":21,"turns":2},{"damage":14,"enemies":"Gremlin Leader","floor":24,"turns":5},{"damage":17,"enemies":"Snecko","floor":25,"turns":4},{"damage":0,"enemies":"Snake Plant","floor":28,"turns":3},{"damage":12,"enemies":"Sentry and Sphere","floor":29,"turns":4},{"damage":6,"enemies":"Chosen and Byrds","floor":31,"turns":4},{"damage":45,"enemies":"Collector","floor":33,"turns":8},{"damage":17,"enemies":"Orb Walker","floor":35,"turns":3},{"damage":18,"enemies":"3 Shapes","floor":38,"turns":3},{"damage":70,"enemies":"Giant Head","floor":40,"turns":7}],"seed_played":"-8797353905410360729","potions_obtained":[{"floor":1,"key":"Strength Potion"},{"floor":6,"key":"EntropicBrew"},{"floor":7,"key":"LiquidBronze"},{"floor":11,"key":"Energy Potion"},{"floor":21,"key":"FairyPotion"},{"floor":29,"key":"Block Potion"},{"floor":35,"key":"AttackPotion"},{"floor":38,"key":"Dexterity Potion"}],"is_trial":false,"path_per_floor":["M","?","$","M","M","E","M","?","T","R","M","R","M","M","R","B",null,"M","?","M","?","?","R","E","M","T","$","M","M","R","M","R","B",null,"M","$","$","M","?","E"],"character_chosen":"DEFECT","items_purchased":["Redo","Gremlin Horn","Panacea","PotionOfCapacity"],"campfire_rested":6,"item_purchase_floors":[27,27,36,36],"current_hp_per_floor":[75,57,57,51,51,38,26,26,26,48,46,68,68,55,75,25,75,47,47,27,27,27,49,35,18,18,18,18,6,28,22,44,22,75,58,58,58,40,40,0,0],"gold":258,"neow_bonus":"REMOVE_TWO","is_daily":false,"chose_seed":false,"campfire_upgraded":0,"win_rate":0.0,"timestamp":1611342764,"path_taken":["M","?","$","M","M","E","M","?","T","R","M","R","?","M","R","BOSS","M","?","M","?","?","R","E","?","T","?","M","?","R","M","R","BOSS","M","?","$","M","?","E"],"items_purchased_type":["Card","Relic","Card","Potion"],"build_version":"2020-12-22","purchased_purges":2,"victory":false,"max_hp_per_floor":[75,75,75,75,75,75,75,75,75,75,75,75,75,75,75,75,75,75,75,75,75,75,75,75,75,75,75,75,75,75,75,75,75,75,75,75,75,75,75,75,75],"card_choices":[{"not_picked":["Hello World","Compile Driver"],"picked":"Ball Lightning","floor":1},{"not_picked":["Heatsinks","Redo"],"picked":"Leap","floor":4},{"not_picked":["Redo","Storm"],"picked":"Ball Lightning","floor":5},{"not_picked":["Loop","Compile Driver"],"picked":"Ball Lightning","floor":6},{"not_picked":["Gash","Sweeping Beam"],"picked":"Seek","floor":7},{"not_picked":["Coolheaded","Gash"],"picked":"Hologram","floor":11},{"not_picked":["Defragment","Glacier"],"picked":"Redo","floor":13},{"not_picked":["Beam Cell","Streamline"],"picked":"Barrage","floor":14},{"not_picked":["Thunder Strike","Amplify"],"picked":"Electrodynamics","floor":16},{"not_picked":[],"picked":"Barrage","floor":18},{"not_picked":[],"picked":"Fusion","floor":20},{"not_picked":[],"picked":"Gash","floor":21},{"not_picked":[],"picked":"Reinforced Body","floor":24},{"not_picked":[],"picked":"White Noise","floor":25},{"not_picked":[],"picked":"Rebound","floor":28},{"not_picked":[],"picked":"Loop","floor":29},{"not_picked":[],"picked":"Glacier","floor":31},{"not_picked":[],"picked":"Thunder Strike","floor":33},{"not_picked":[],"picked":"Go for the Eyes","floor":35},{"not_picked":[],"picked":"Redo+1","floor":38}],"player_experience":23041,"relics_obtained":[{"floor":6,"key":"Bottled Flame"},{"floor":9,"key":"Letter Opener"},{"floor":21,"key":"Red Mask"},{"floor":24,"key":"Mummified Hand"}],"event_choices":[{"damage_healed":0,"gold_gain":0,"player_choice":"Take Damage","damage_taken":18,"relics_obtained":["Golden Idol"],"max_hp_gain":0,"max_hp_loss":0,"event_name":"Golden Idol","floor":2,"gold_loss":0},{"damage_healed":0,"gold_gain":0,"player_choice":"Forge","damage_taken":0,"max_hp_gain":0,"max_hp_loss":0,"event_name":"Accursed Blacksmith","floor":8,"gold_loss":0,"cards_upgraded":["Zap"]},{"damage_healed":0,"gold_gain":0,"player_choice":"Ignored","damage_taken":0,"max_hp_gain":0,"max_hp_loss":0,"event_name":"The Mausoleum","floor":19,"gold_loss":0},{"damage_healed":0,"gold_gain":0,"player_choice":"Fought Bandits","damage_taken":0,"max_hp_gain":0,"max_hp_loss":0,"event_name":"Masked Bandits","floor":21,"gold_loss":0},{"damage_healed":0,"gold_gain":0,"player_choice":"Trade","damage_taken":0,"relics_obtained":["NlothsMask"],"max_hp_gain":0,"max_hp_loss":0,"event_name":"FaceTrader","floor":22,"gold_loss":0},{"damage_healed":0,"gold_gain":222,"player_choice":"Wore Mask","damage_taken":0,"max_hp_gain":0,"max_hp_loss":0,"event_name":"Tomb of Lord Red Mask","floor":39,"gold_loss":0}],"is_beta":false,"boss_relics":[{"not_picked":["Inserter","Snecko Eye"],"picked":"Busted Crown"},{"not_picked":["SacredBark","Black Star"],"picked":"Velvet Choker"}],"items_purged_floors":[27,36],"is_endless":false,"potions_floor_spawned":[1,6,7,11,18,21,25,29,31,35,38],"killed_by":"Giant Head","ascension_level":0}}