{"host":"mcoari43e93adu4g","time":1611296042,"event":{"mods":["2.2 Compatiblity","BaseMod","Downfall","Duelist Mod","Hermit","Marisa????????","Minty Spire (QoL Compilation)","READ ME - Guardian Mod","Robot Space Explorer","Shade Mod","Shop Mod","StSLib","SuperFastMode","The Animator","The Bug Knight","The Construct","The Cursed","The Disciple","The Necromancer","The Runesmith","The Servant 0.9.4"],"gold_per_floor":[112,125,141,161,181,211,161,171,217,228,62,62,62,72,72,173,173,183,201,215,234,249,249,249,249,249,260,260,260,260],"floor_reached":29,"language":"ENG","playtime":2138,"items_purged":["construct:Strike_Gold"],"score":233,"play_id":"54c90f9d-ccbc-47ae-bd2a-076708c5682f","local_time":"20210122111402","is_ascension_mode":false,"campfire_choices":[{"floor":15.0,"key":"REST"},{"floor":23.0,"key":"REST"},{"floor":25.0,"key":"REST"},{"data":"construct:ShiftStrike","floor":28.0,"key":"SMITH"}],"circlet_count":0,"master_deck":["construct:Strike_Gold","construct:Strike_Gold","construct:Strike_Gold","construct:Defend_Gold","construct:Defend_Gold","construct:Defend_Gold","construct:Defend_Gold","construct:Defend_Gold","construct:AttackMode","construct:DefenseMode","construct:OneWayMirror","construct:Disrupt","construct:Isolate","construct:SuppressiveFire","construct:ShiftStrike","construct:ForceCore","construct:Boost","construct:ReactiveShield","Bandage Up","construct:FocusedBeam","construct:ShieldBurst","construct:ShiftStrike+1","construct:SyphonStrike","construct:SweepLaser","construct:FocusedBeam","construct:FocusedBeam+1","construct:ReactiveShield","Swift Strike","construct:CripplingShot"],"relics":["construct:Cogwheel","Bottled Flame","Bronze Scales","SlaversCollar","Kunai"],"acts_visited":["Exordium","TheCity"],"potions_floor_usage":[],"damage_taken":[{"damage":1.0,"enemies":"Cultist","floor":1.0,"turns":4.0},{"damage":1.0,"enemies":"Jaw Worm","floor":2.0,"turns":4.0},{"damage":3.0,"enemies":"Small Slimes","floor":3.0,"turns":4.0},{"damage":11.0,"enemies":"Exordium Wildlife","floor":4.0,"turns":5.0},{"damage":2.0,"enemies":"Gremlin Gang","floor":5.0,"turns":3.0},{"damage":28.0,"enemies":"3 Sentries","floor":6.0,"turns":6.0},{"damage":14.0,"enemies":"Looter","floor":8.0,"turns":4.0},{"damage":5.0,"enemies":"Lots of Slimes","floor":10.0,"turns":3.0},{"damage":9.0,"enemies":"2 Fungi Beasts","floor":14.0,"turns":3.0},{"damage":39.0,"enemies":"The Guardian","floor":16.0,"turns":7.0},{"damage":29.0,"enemies":"2 Thieves","floor":18.0,"turns":4.0},{"damage":10.0,"enemies":"Spheric Guardian","floor":19.0,"turns":3.0},{"damage":23.0,"enemies":"3 Cultists","floor":20.0,"turns":5.0},{"damage":19.0,"enemies":"Snake Plant","floor":21.0,"turns":4.0},{"damage":14.0,"enemies":"Centurion and Healer","floor":22.0,"turns":5.0},{"damage":16.0,"enemies":"Cultist and Chosen","floor":27.0,"turns":5.0},{"damage":0,"enemies":"Snake Plant","floor":29,"turns":1}],"seed_played":"5999577545272622599","potions_obtained":[{"floor":2.0,"key":"Explosive Potion"},{"floor":3.0,"key":"Regen Potion"},{"floor":4.0,"key":"Guardian:BlockOnCardUsePotion"},{"floor":6.0,"key":"EntropicBrew"},{"floor":16.0,"key":"SpeedPotion"},{"floor":20.0,"key":"Strength Potion"},{"floor":22.0,"key":"Guardian:BlockOnCardUsePotion"}],"is_trial":false,"path_per_floor":["M","M","M","M","M","E","?","M","T","M","$","?","$","M","R","B",null,"M","M","M","M","M","R","?","R","T","M","R","M"],"character_chosen":"THE_CONSTRUCT_MOD","items_purchased":["Bandage Up"],"campfire_rested":3,"item_purchase_floors":[11],"current_hp_per_floor":[92,91,88,77,75,47,47,33,33,33,33,33,33,28,55,20,93,64,54,35,20,10,37,37,64,64,52,52,52,52],"gold":260,"neow_bonus":"TEN_PERCENT_HP_BONUS","is_daily":false,"chose_seed":false,"campfire_upgraded":1,"win_rate":0.0,"timestamp":1611296042,"path_taken":["M","M","M","?","M","E","?","M","T","M","$","?","?","M","R","BOSS","M","M","M","?","M","R","?","R","T","M","R","M"],"items_purchased_type":["Card"],"build_version":"2020-12-22","purchased_purges":1,"victory":false,"max_hp_per_floor":[93,93,93,93,93,93,93,93,93,93,93,93,93,93,93,93,93,93,93,93,93,93,93,93,93,93,93,93,93,93],"card_choices":[{"not_picked":["construct:Accumulate","construct:Boost"],"picked":"construct:OneWayMirror","floor":1.0},{"not_picked":["construct:VentSteam","construct:SaveState"],"picked":"construct:Disrupt","floor":2.0},{"not_picked":["construct:ModeShift","construct:Versatility"],"picked":"construct:Isolate","floor":3.0},{"not_picked":["construct:ShiftGuard","construct:VentSteam"],"picked":"construct:SuppressiveFire","floor":4.0},{"not_picked":["construct:Reinforce","construct:SiegeForm"],"picked":"construct:ShiftStrike","floor":5.0},{"not_picked":["construct:SuppressiveFire","construct:Backfire"],"picked":"construct:ForceCore","floor":6.0},{"not_picked":["construct:Reinforce","construct:Isolate"],"picked":"construct:Boost","floor":8.0},{"not_picked":["construct:Zapper","construct:Autoturret"],"picked":"construct:ReactiveShield","floor":10.0},{"not_picked":["construct:Isolate","construct:Backfire"],"picked":"construct:FocusedBeam","floor":14.0},{"not_picked":["construct:ShieldGenerator","construct:MassProduction"],"picked":"construct:ShieldBurst","floor":16.0},{"not_picked":["construct:Reinforce","construct:ShiftGuard"],"picked":"construct:ShiftStrike","floor":18.0},{"not_picked":["construct:Backfire","construct:Analyze+1"],"picked":"construct:SyphonStrike","floor":19.0},{"not_picked":["construct:Boost","construct:Isolate"],"picked":"construct:SweepLaser","floor":20.0},{"not_picked":["construct:Anticipate","construct:OneWayMirror"],"picked":"construct:FocusedBeam","floor":21.0},{"not_picked":["construct:Boost","construct:Anticipate"],"picked":"construct:FocusedBeam+1","floor":22.0},{"not_picked":["construct:VentSteam+1","construct:Hazardproof+1"],"picked":"construct:CripplingShot","floor":27.0}],"player_experience":21052,"relics_obtained":[{"floor":6.0,"key":"Bottled Flame"},{"floor":9.0,"key":"Bronze Scales"},{"floor":26.0,"key":"Kunai"}],"event_choices":[{"cards_removed":["construct:Strike_Gold"],"damage_healed":0.0,"max_hp_gain":0.0,"max_hp_loss":0.0,"gold_gain":0.0,"event_name":"The Cleric","player_choice":"Card Removal","floor":7.0,"gold_loss":50.0,"damage_taken":0.0},{"damage_healed":0.0,"max_hp_gain":0.0,"max_hp_loss":0.0,"gold_gain":0.0,"event_name":"Match and Keep!","player_choice":"2 cards matched","floor":24.0,"gold_loss":0.0,"damage_taken":0.0,"cards_obtained":["construct:ReactiveShield","Swift Strike"]}],"is_beta":false,"boss_relics":[{"not_picked":["Empty Cage","Philosopher\u0027s Stone"],"picked":"SlaversCollar"}],"items_purged_floors":[11],"is_endless":false,"potions_floor_spawned":[2,3,4,6,16,19,20,22],"killed_by":"Snake Plant","ascension_level":0}}