{"host":"70zhvo5nwrhp1mbg","time":1611288337,"event":{"mods":["BaseMod","Colored Map","Colored Powertips","Highlight Path","Minty Spire (QoL Compilation)","Rare Cards Sparkle","StSLib"],"gold_per_floor":[114,114,11,11,26,51,51,86,86,100,100,63,81,81,81,177,177,194,212,127,52,64,64,64,64,64],"floor_reached":25,"language":"ENG","playtime":1595,"items_purged":["Pain"],"score":330,"play_id":"02dbfa58-4de7-439d-8c8c-82837c718925","local_time":"20210121230537","is_ascension_mode":true,"campfire_choices":[{"data":"Searing Blow","floor":7,"key":"SMITH"},{"data":"Trip","floor":11,"key":"SMITH"},{"data":"Heavy Blade","floor":15,"key":"SMITH"},{"floor":24,"key":"REST"}],"circlet_count":0,"master_deck":["Strike_R","Strike_R","Strike_R","Strike_R","Strike_R","Defend_R","Defend_R","Defend_R","Defend_R","Bash","Searing Blow+1","Trip+1","Bash","Shrug It Off","Anger","Pommel Strike","Flame Barrier","Anger","Blood for Blood","Heavy Blade+1","Demon Form","Sword Boomerang","Flex","Ghostly Armor"],"relics":["Burning Blood","NeowsBlessing","Paper Frog","HornCleat","Anchor","WarpedTongs","Runic Pyramid","InkBottle"],"acts_visited":["Exordium","TheCity"],"potions_floor_usage":[16,16,18,22,23,23],"damage_taken":[{"damage":0,"enemies":"Jaw Worm","floor":1,"turns":1},{"damage":0,"enemies":"Cultist","floor":5,"turns":1},{"damage":0,"enemies":"3 Sentries","floor":6,"turns":2},{"damage":14,"enemies":"Gremlin Nob","floor":8,"turns":4},{"damage":0,"enemies":"Small Slimes","floor":10,"turns":2},{"damage":1,"enemies":"Gremlin Gang","floor":13,"turns":4},{"damage":26,"enemies":"The Guardian","floor":16,"turns":12},{"damage":22,"enemies":"3 Byrds","floor":18,"turns":5},{"damage":10,"enemies":"2 Thieves","floor":19,"turns":4},{"damage":1,"enemies":"Centurion and Healer","floor":22,"turns":7},{"damage":68,"enemies":"Gremlin Leader","floor":23,"turns":6},{"damage":0,"enemies":"Slavers","floor":25,"turns":1}],"seed_played":"8368367895660000350","potions_obtained":[{"floor":1,"key":"BloodPotion"},{"floor":6,"key":"Block Potion"},{"floor":16,"key":"SmokeBomb"},{"floor":19,"key":"FearPotion"},{"floor":22,"key":"ElixirPotion"}],"is_trial":false,"path_per_floor":["M","?","$","$","M","E","R","E","T","M","R","$","M","?","R","B",null,"M","M","?","$","M","E","R","E"],"character_chosen":"IRONCLAD","items_purchased":["Shrug It Off","Fire Potion","Blood for Blood"],"campfire_rested":1,"item_purchase_floors":[3,3,12],"current_hp_per_floor":[78,78,78,78,80,80,80,72,72,78,78,78,80,80,80,60,75,75,71,71,71,76,14,38,38,38],"gold":64,"neow_bonus":"THREE_ENEMY_KILL","is_daily":false,"chose_seed":false,"campfire_upgraded":3,"win_rate":0.0,"timestamp":1611288337,"path_taken":["M","?","?","$","M","E","R","E","T","M","R","?","M","?","R","BOSS","M","?","?","$","M","E","R","E"],"items_purchased_type":["Card","Potion","Card"],"build_version":"2020-12-22","purchased_purges":1,"victory":false,"max_hp_per_floor":[80,80,80,80,80,80,80,80,80,80,80,80,80,80,80,80,80,80,80,80,80,80,80,80,80,80],"card_choices":[{"not_picked":["Havoc","Combust"],"picked":"Searing Blow","floor":1},{"not_picked":["Searing Blow","Cleave"],"picked":"Anger","floor":5},{"not_picked":["True Grit","Sword Boomerang"],"picked":"Pommel Strike","floor":6},{"not_picked":["Thunderclap","Infernal Blade"],"picked":"Flame Barrier","floor":8},{"not_picked":["Twin Strike","Warcry"],"picked":"Anger","floor":10},{"not_picked":["Seeing Red","Armaments"],"picked":"Heavy Blade","floor":13},{"not_picked":["Fiend Fire","Juggernaut"],"picked":"Demon Form","floor":16},{"not_picked":["Wild Strike","Havoc"],"picked":"Sword Boomerang","floor":18},{"not_picked":["Clash+1","Warcry+1"],"picked":"Flex","floor":19},{"not_picked":["Twin Strike","Warcry"],"picked":"Ghostly Armor","floor":22}],"player_experience":435828,"relics_obtained":[{"floor":6,"key":"Paper Frog"},{"floor":8,"key":"HornCleat"},{"floor":9,"key":"Anchor"}],"event_choices":[{"damage_healed":0,"gold_gain":0,"player_choice":"2 cards matched","damage_taken":0,"max_hp_gain":0,"max_hp_loss":0,"event_name":"Match and Keep!","floor":2,"gold_loss":0,"cards_obtained":["Trip","Bash"]},{"damage_healed":0,"gold_gain":0,"player_choice":"Rummage","damage_taken":0,"relics_obtained":["WarpedTongs"],"max_hp_gain":0,"max_hp_loss":0,"event_name":"Accursed Blacksmith","floor":14,"gold_loss":0,"cards_obtained":["Pain"]},{"damage_healed":0,"gold_gain":0,"player_choice":"Obtained Relic","damage_taken":0,"relics_obtained":["InkBottle"],"max_hp_gain":0,"max_hp_loss":0,"event_name":"Addict","floor":20,"gold_loss":85}],"is_beta":false,"boss_relics":[{"not_picked":["SacredBark","Mark of Pain"],"picked":"Runic Pyramid"}],"items_purged_floors":[21],"is_endless":false,"potions_floor_spawned":[1,6,10,16,19,22],"killed_by":"Slavers","ascension_level":6}}