{"host":"1qxljlv0g0hslid3","time":1611313705,"event":{"mods":["2.2 Compatiblity","AchievementEnabler","Act Like it!","Astrologer","BaseMod","Beaked The Cultist","BetterRewards","Clawfect","Conspire","Custom Start","Dio Mod","Elementarium","Energized Spire","Googly Eyes","GungeonMod","Hallownest","Hermit","Hero for Fun","Hubris","Infinite Spire","Lobotomy","LobotomyExtend","Magitek Elite","Marisa????????","Minty Spire (QoL Compilation)","Prisma Mod","Remilia??????","Replay The Spire","Shop Mod","StSLib","The Administrix","The Alterego","The Animator","The Bug Knight","The Cursed","The Death Knight","The Elementalist","The Hierophant","The Jungle","The Necromancer","The Runesmith","The Senshi","The Servant 0.9.4","Wandering Minibosses","Yuri Mod","everything is the same but u backflip on backflip","slay the spire mod where everything is the same but ironclad has a cowboy hat"],"gold_per_floor":[115,79,79,254,254,254,287,287,287,320,333,333,348,365,365,463,463,473,473,488,503,514,539,539,550,550,550,550,594,672,711,711,848,848,890,890,890,892,892],"floor_reached":38,"language":"ENG","playtime":2828,"items_purged":["BeautyBeast","ReplayTheSpireMod:Splinters"],"score":522,"play_id":"ecf1a529-6d47-4447-93c8-f9e3189840c6","local_time":"20210122050825","is_ascension_mode":false,"campfire_choices":[{"data":"alterego_mod:Impale","floor":6,"key":"SMITH"},{"floor":8,"key":"RECALL"},{"floor":12,"key":"REST"},{"floor":15,"key":"DIG"},{"data":"alterego_mod:Weigh","floor":24,"key":"SMITH"},{"data":"alterego_mod:Exercise","floor":27,"key":"SMITH"}],"circlet_count":0,"master_deck":["alterego_mod:Strike","alterego_mod:Strike","alterego_mod:Strike","alterego_mod:Strike","alterego_mod:Defend","alterego_mod:Defend","alterego_mod:Defend","alterego_mod:Defend","alterego_mod:Impale+1","alterego_mod:BigMeatyClaws","alterego_mod:BrynhildrsRune","OldLady","alterego_mod:Birthday","alterego_mod:Bounce","alterego_mod:Bounce","Doubt","CherryBlossoms","alterego_mod:Nekomimi","Bloodbath","alterego_mod:SakuraFive","LaLuna","alterego_mod:Weigh+1","infinitespire:DeathsTouch","alterego_mod:Collar","alterego_mod:BiFurious+1","RedShoes","MeatLantern","alterego_mod:Exercise+1","alterego_mod:Bounce+1","alterego_mod:Rake+1","FairyFestival","alterego_mod:TrickOrTreatment","alterego_mod:DiscoLights","ShyLook","alterego_mod:Bounce","infinitespire:Collect","hubris:Envy","alterego_mod:TrickOrTreatment"],"relics":["alterego_mod:MasochisticConstitution","CogitoBucket","LetterFromLob","Dead Branch","Replay:Mystery Machine","infinitespire:EmpoweringShard","LuminousBracelet","infinitespire:Joker Card","conspire:SpecialSausage","Singing Bowl","theSenshi:MoonKaleidoScopeRelic","TreeSap","hubris:DisguiseKit","infinitespire:Midas Blood","Oddly Smooth Stone","Art of War","Elementarium:ElementariumTrophy","energizedSpire:DeadBattery","AtMidnight","DemoMod:GlassGuonStoneRelic","energizedSpire:OgreHead","DemoMod:AgedBell"],"acts_visited":["Exordium","Elementarium:Elementarium","TheBeyond"],"potions_floor_usage":[10,10,16,22,29,29,29,33,33],"damage_taken":[{"damage":4,"enemies":"2 Louse","floor":1,"turns":3},{"damage":28,"enemies":"3 Sentries","floor":7,"turns":7},{"damage":34,"enemies":"Lagavulin","floor":10,"turns":6},{"damage":4,"enemies":"conspire:RoseBush","floor":11,"turns":4},{"damage":0,"enemies":"Cultist","floor":13,"turns":2},{"damage":18,"enemies":"Exordium Thugs","floor":14,"turns":4},{"damage":38,"enemies":"Fading Forest","floor":16,"turns":11},{"damage":0,"enemies":"Elementarium:2_ELEMENTALS","floor":18,"turns":2},{"damage":26,"enemies":"Elementarium:Cyclone","floor":20,"turns":4},{"damage":18,"enemies":"Elementarium:STONE_GOLEMS","floor":21,"turns":4},{"damage":19,"enemies":"Elementarium:VoidBeast","floor":22,"turns":3},{"damage":23,"enemies":"Nightmare","floor":23,"turns":6},{"damage":20,"enemies":"Elementarium:Hydrostalker","floor":25,"turns":3},{"damage":11,"enemies":"Elementarium:FIRE_NOBILITY","floor":29,"turns":4},{"damage":16,"enemies":"Elementarium:CYCLONE_AND_LIVING_STORMCLOUD","floor":31,"turns":6},{"damage":58,"enemies":"Elementarium:PHOENIXES","floor":33,"turns":7},{"damage":90,"enemies":"Orb Walker","floor":35,"turns":4},{"damage":50,"enemies":"3 Shapes","floor":38,"turns":1}],"seed_played":"2692749902792758844","potions_obtained":[{"floor":1,"key":"ColorlessPotion"},{"floor":5,"key":"Adrenaline Potion"},{"floor":5,"key":"LiquidBronze"},{"floor":13,"key":"SkillPotion"},{"floor":14,"key":"LiquidMemories"},{"floor":21,"key":"Toxic Potion"},{"floor":22,"key":"Energy Potion"},{"floor":29,"key":"ColorlessPotion"},{"floor":31,"key":"LiquidBronze"}],"is_trial":false,"path_per_floor":["M","$","?","?","?","R","E","R","T","E","M","R","M","M","R","B",null,"M","AVR","M","M","M","NM","R","M","T","R","M","E","?","M","R","B",null,"M","AVR","?","M"],"character_chosen":"The_Alterego","items_purchased":["alterego_mod:Bounce"],"campfire_rested":1,"item_purchase_floors":[2],"current_hp_per_floor":[67,67,67,67,67,67,42,42,42,11,10,32,32,34,34,19,91,91,91,74,62,47,33,33,22,22,22,22,19,21,27,57,41,103,37,37,37,0,0],"gold":892,"neow_bonus":"","is_daily":false,"chose_seed":false,"campfire_upgraded":3,"win_rate":0.0,"timestamp":1611313705,"path_taken":["M","$","?","?","?","R","E","R","T","E","M","R","?","?","R","BOSS","M","AVR","M","M","?","NM","R","M","T","R","M","E","?","M","R","BOSS","M","AVR","?","M"],"items_purchased_type":["Card"],"build_version":"2020-12-22","purchased_purges":2,"victory":false,"max_hp_per_floor":[71,71,71,71,71,71,72,72,72,73,74,74,74,90,90,91,91,91,91,92,93,94,95,95,96,96,96,96,97,99,100,100,103,103,106,106,106,106,106],"card_choices":[{"not_picked":["NothingThere","NakedNest"],"picked":"OldLady","floor":1},{"not_picked":["alterego_mod:PresenceConcealment","alterego_mod:Punishment"],"picked":"alterego_mod:Birthday","floor":1},{"not_picked":["alterego_mod:Schoolgirl","alterego_mod:Cycle","alterego_mod:BreastValley"],"picked":"SKIP","floor":7},{"not_picked":["NakedNest","Scorched"],"picked":"CherryBlossoms","floor":10},{"not_picked":["alterego_mod:Valentines","alterego_mod:Table"],"picked":"alterego_mod:Nekomimi","floor":10},{"not_picked":["Laetitia","QueenOfHatred"],"picked":"Bloodbath","floor":11},{"not_picked":["alterego_mod:Punishment","alterego_mod:Bunnysuit","alterego_mod:GoddessCore"],"picked":"SKIP","floor":11},{"not_picked":["alterego_mod:Lift","alterego_mod:1TonWallop"],"picked":"alterego_mod:SakuraFive","floor":13},{"not_picked":["MeatLantern","NakedNest"],"picked":"LaLuna","floor":14},{"not_picked":["alterego_mod:BoobPocket","alterego_mod:Clones","alterego_mod:Cushion"],"picked":"SKIP","floor":14},{"not_picked":["alterego_mod:VirginLaserPalladion","alterego_mod:RingBreak"],"picked":"alterego_mod:Weigh","floor":16},{"not_picked":["CrumblingArmor","SingingMachine"],"picked":"BeautyBeast","floor":18},{"not_picked":["alterego_mod:Pet","alterego_mod:Complex","alterego_mod:Cooking"],"picked":"SKIP","floor":18},{"not_picked":["alterego_mod:Skirt","alterego_mod:HighServant"],"picked":"alterego_mod:Collar","floor":20},{"not_picked":["alterego_mod:BoobPocket+1","alterego_mod:RidiculouslyBig"],"picked":"alterego_mod:BiFurious+1","floor":21},{"not_picked":["BlackSwan","Freischutz"],"picked":"RedShoes","floor":21},{"not_picked":["MHz","Murderer","UniverseFragment"],"picked":"Singing Bowl","floor":22},{"not_picked":["QueenBee","Funeral"],"picked":"MeatLantern","floor":22},{"not_picked":["alterego_mod:Cushion","alterego_mod:Skirt"],"picked":"alterego_mod:Exercise","floor":22},{"not_picked":["alterego_mod:Belts","alterego_mod:Nekomimi"],"picked":"alterego_mod:Bounce+1","floor":23},{"not_picked":["alterego_mod:Crossover","alterego_mod:Birthday","Yawn"],"picked":"alterego_mod:Rake","floor":25},{"not_picked":["Mercenary","GreedKing"],"picked":"FairyFestival","floor":25},{"not_picked":["alterego_mod:Complex","alterego_mod:BiFurious","Normal_Punch"],"picked":"alterego_mod:TrickOrTreatment","floor":29},{"not_picked":["alterego_mod:HighServant","alterego_mod:DustData+1","Side_Hop"],"picked":"alterego_mod:DiscoLights","floor":30},{"not_picked":["alterego_mod:Crossover","alterego_mod:HighServant","alterego_mod:Cycle","Ignore"],"picked":"Singing Bowl","floor":30},{"not_picked":["DespairKnight","BigBird"],"picked":"ShyLook","floor":31},{"not_picked":["alterego_mod:GoddessCore","alterego_mod:Maid","Consecutive_Normal_Punch"],"picked":"alterego_mod:Bounce","floor":31},{"not_picked":["alterego_mod:InsideBaseball","alterego_mod:Vow","alterego_mod:AlterEgo","Serious_Side_Hops"],"picked":"Singing Bowl","floor":33},{"not_picked":["BackwardClockRelic","ChangeAnythingRelic","FleshIdolRelic"],"picked":"Singing Bowl","floor":35},{"not_picked":["alterego_mod:Skirt+1","alterego_mod:BiFurious","alterego_mod:RocketPunch","Hop"],"picked":"Singing Bowl","floor":35}],"player_experience":571171,"relics_obtained":[{"floor":1,"key":"LetterFromLob"},{"floor":7,"key":"Dead Branch"},{"floor":9,"key":"Replay:Mystery Machine"},{"floor":10,"key":"infinitespire:EmpoweringShard"},{"floor":15,"key":"infinitespire:Joker Card"},{"floor":23,"key":"hubris:DisguiseKit"},{"floor":26,"key":"infinitespire:Midas Blood"},{"floor":29,"key":"Oddly Smooth Stone"},{"floor":30,"key":"Art of War"},{"floor":35,"key":"AtMidnight"}],"event_choices":[{"damage_healed":0,"gold_gain":0,"player_choice":"Disagree","damage_taken":0,"max_hp_gain":0,"max_hp_loss":0,"event_name":"conspire:LoneGhost","floor":3,"gold_loss":0},{"damage_healed":0,"gold_gain":175,"player_choice":"AGREE","damage_taken":0,"max_hp_gain":0,"max_hp_loss":0,"event_name":"Liars Game","floor":4,"gold_loss":0,"cards_obtained":["Doubt"]},{"damage_healed":0,"gold_gain":0,"player_choice":"Got Potions","damage_taken":0,"max_hp_gain":0,"max_hp_loss":0,"event_name":"Lab","floor":5,"gold_loss":0},{"damage_healed":0,"gold_gain":0,"player_choice":"2 cards matched","damage_taken":0,"max_hp_gain":0,"max_hp_loss":0,"event_name":"Match and Keep!","floor":37,"gold_loss":0,"cards_obtained":["hubris:Envy","alterego_mod:TrickOrTreatment"]}],"is_beta":false,"boss_relics":[{"not_picked":["hubris:TerracottaHorce","energizedSpire:CursedPentagram"],"picked":"conspire:SpecialSausage"},{"not_picked":["Abe\u0027s Treasure","energizedSpire:HugeHouse"],"picked":"energizedSpire:DeadBattery"}],"items_purged_floors":[19,36],"is_endless":false,"potions_floor_spawned":[1,13,14,21,22,29,31],"killed_by":"3 Shapes","ascension_level":0}}