{"host":"jx3f6ezc0g3s9edc","time":1611284680,"event":{"mods":["AchievementEnabler","BaseMod","Bestiary","Colored Map","Highlight Path","Minty Spire (QoL Compilation)","StSLib"],"gold_per_floor":[116,66,66,66,41,41,75,86,165,199,199,11,40,51,51,153,153,170,170,170,70,81,81,81,81],"floor_reached":24,"language":"ENG","playtime":1791,"items_purged":[],"score":336,"play_id":"69984741-a04a-4d56-b152-0d37b1050a3f","local_time":"20210121220440","is_ascension_mode":true,"campfire_choices":[{"data":"Bash","floor":6.0,"key":"SMITH"},{"floor":11.0,"key":"REST"},{"floor":15.0,"key":"REST"},{"floor":23.0,"key":"REST"}],"circlet_count":0,"master_deck":["AscendersBane","Strike_R+1","Defend_R+1","Bash+1","Ghostly Armor+1","Carnage","Twin Strike","Shrug It Off","Sword Boomerang","Cleave","Rampage+1","Madness","Feed+1","Headbutt+1","Exhume","Iron Wave+1","Dark Embrace+1","Limit Break+1","Spot Weakness","True Grit","Sentinel+1"],"relics":["Burning Blood","Ice Cream","Mummified Hand","Molten Egg 2","Membership Card","Potion Belt","Astrolabe","Medical Kit"],"acts_visited":["Exordium","TheCity"],"potions_floor_usage":[],"damage_taken":[{"damage":7.0,"enemies":"Jaw Worm","floor":1.0,"turns":3.0},{"damage":28.0,"enemies":"Gremlin Nob","floor":7.0,"turns":4.0},{"damage":0.0,"enemies":"Small Slimes","floor":8.0,"turns":3.0},{"damage":10.0,"enemies":"Lagavulin","floor":10.0,"turns":6.0},{"damage":24.0,"enemies":"3 Sentries","floor":13.0,"turns":8.0},{"damage":1.0,"enemies":"2 Louse","floor":14.0,"turns":3.0},{"damage":40.0,"enemies":"The Guardian","floor":16.0,"turns":11.0},{"damage":35.0,"enemies":"Shell Parasite","floor":18.0,"turns":7.0},{"damage":22.0,"enemies":"Spheric Guardian","floor":22.0,"turns":4.0},{"damage":44,"enemies":"Snecko","floor":24,"turns":4}],"seed_played":"-9146973388985016715","potions_obtained":[{"floor":8.0,"key":"FearPotion"}],"is_trial":false,"path_per_floor":["M","?","?","?","$","R","E","M","T","E","R","$","E","M","R","B",null,"M","?","?","$","M","R","M"],"character_chosen":"IRONCLAD","items_purchased":["Shrug It Off","Membership Card","Madness","Medical Kit","True Grit"],"campfire_rested":3,"item_purchase_floors":[5,12,12,21,21],"current_hp_per_floor":[71,71,57,50,50,50,28,34,34,30,51,51,33,38,59,29,64,35,35,35,35,19,41,0,0],"gold":81,"neow_bonus":"TRANSFORM_TWO_CARDS","is_daily":false,"chose_seed":false,"campfire_upgraded":1,"win_rate":0.0,"timestamp":1611284680,"path_taken":["M","?","?","?","?","R","E","?","T","E","R","$","E","M","R","BOSS","M","?","?","?","M","R","?"],"items_purchased_type":["Card","Relic","Card","Relic","Card"],"build_version":"2020-12-22","purchased_purges":0,"victory":false,"max_hp_per_floor":[72,72,72,72,72,72,72,72,72,72,72,72,72,72,72,76,76,76,76,76,76,76,76,76,76],"card_choices":[{"not_picked":["Shrug It Off","Rage"],"picked":"Twin Strike","floor":1.0},{"not_picked":["Power Through","Headbutt"],"picked":"Sword Boomerang","floor":7.0},{"not_picked":["Headbutt","Battle Trance"],"picked":"Cleave","floor":8.0},{"not_picked":["Twin Strike+1","Armaments"],"picked":"Rampage+1","floor":10.0},{"not_picked":["Flex","Seeing Red"],"picked":"Feed+1","floor":13.0},{"not_picked":["Flex","Feel No Pain"],"picked":"Headbutt+1","floor":14.0},{"not_picked":["Double Tap","Berserk"],"picked":"Exhume","floor":16.0},{"not_picked":["Burning Pact","Seeing Red"],"picked":"Spot Weakness","floor":18.0},{"not_picked":["Twin Strike+1","Blood for Blood+1"],"picked":"Sentinel+1","floor":22.0}],"player_experience":772828,"relics_obtained":[{"floor":7.0,"key":"Ice Cream"},{"floor":9.0,"key":"Mummified Hand"},{"floor":10.0,"key":"Molten Egg 2"},{"floor":13.0,"key":"Potion Belt"}],"event_choices":[{"cards_removed":["Strike_R"],"damage_healed":0.0,"max_hp_gain":0.0,"max_hp_loss":0.0,"gold_gain":0.0,"event_name":"The Cleric","player_choice":"Card Removal","floor":2.0,"gold_loss":50.0,"damage_taken":0.0},{"damage_healed":0.0,"max_hp_gain":0.0,"max_hp_loss":0.0,"gold_gain":0.0,"event_name":"Shining Light","player_choice":"Entered Light","floor":3.0,"gold_loss":0.0,"damage_taken":14.0,"cards_upgraded":["Ghostly Armor","Strike_R"]},{"cards_removed":["Strike_R"],"damage_healed":0.0,"max_hp_gain":0.0,"max_hp_loss":0.0,"gold_gain":0.0,"event_name":"Golden Wing","player_choice":"Card Removal","floor":4.0,"gold_loss":0.0,"damage_taken":7.0},{"damage_healed":0.0,"max_hp_gain":0.0,"max_hp_loss":0.0,"gold_gain":0.0,"event_name":"Ghosts","player_choice":"Ignored","floor":19.0,"gold_loss":0.0,"damage_taken":0.0},{"damage_healed":0.0,"max_hp_gain":0.0,"max_hp_loss":0.0,"gold_gain":0.0,"event_name":"Back to Basics","player_choice":"Simplicity","floor":20.0,"gold_loss":0.0,"damage_taken":0.0,"cards_upgraded":["Defend_R"]}],"is_beta":false,"boss_relics":[{"not_picked":["Pandora\u0027s Box","SacredBark"],"picked":"Astrolabe"}],"items_purged_floors":[],"is_endless":false,"potions_floor_spawned":[8],"killed_by":"Snecko","ascension_level":12}}