{"host":"lzlnscgb2n0l5w2m","time":1611287901,"event":{"mods":["AchievementEnabler","BaseMod","Block Reminder","Colored Powertips","Googly Eyes","Highlight Path","Minty Spire (QoL Compilation)","Permanent Neow","Relic Stats","StSLib"],"gold_per_floor":[109,109,120,120,139,164,164,164,164],"floor_reached":8,"language":"ZHT","playtime":467,"items_purged":[],"score":73,"play_id":"13c749c1-42c2-41e7-90f3-053ac3b887e2","local_time":"20210122115821","is_ascension_mode":true,"campfire_choices":[{"data":"Bash","floor":7,"key":"SMITH"}],"circlet_count":0,"master_deck":["Strike_R","Strike_R","Strike_R","Strike_R","Strike_R","Defend_R","Defend_R","Defend_R","Defend_R","Bash+1","Headbutt","Metallicize","Rampage"],"relics":["Burning Blood","NeowsBlessing","Ginger","Letter Opener"],"acts_visited":["Exordium"],"potions_floor_usage":[8],"damage_taken":[{"damage":0,"enemies":"Jaw Worm","floor":1,"turns":1},{"damage":0,"enemies":"Cultist","floor":3,"turns":1},{"damage":0,"enemies":"Small Slimes","floor":5,"turns":1},{"damage":39,"enemies":"Gremlin Nob","floor":6,"turns":5},{"damage":63,"enemies":"3 Sentries","floor":8,"turns":7}],"seed_played":"-1223355559581408895","potions_obtained":[{"floor":3,"key":"BloodPotion"}],"is_trial":false,"path_per_floor":["M","?","M","?","M","E","R","E"],"character_chosen":"IRONCLAD","items_purchased":[],"campfire_rested":0,"item_purchase_floors":[],"current_hp_per_floor":[78,78,80,80,80,47,47,0,0],"gold":164,"neow_bonus":"THREE_ENEMY_KILL","is_daily":false,"chose_seed":false,"campfire_upgraded":1,"win_rate":0.0,"timestamp":1611287901,"path_taken":["M","?","?","?","M","E","R","E"],"items_purchased_type":[],"build_version":"2020-12-22","purchased_purges":0,"victory":false,"max_hp_per_floor":[80,80,80,80,80,80,80,80,80],"relic_stats":{"counters":[5,15],"Ginger":[0],"Letter Opener":[0],"obtain_stats":[{"NeowsBlessing":0,"Ginger":2,"Letter Opener":6,"Burning Blood":0},{"NeowsBlessing":0,"Ginger":1,"Letter Opener":4,"Burning Blood":0},{"NeowsBlessing":0,"Ginger":1,"Letter Opener":8,"Burning Blood":0}],"Burning Blood":14},"card_choices":[{"not_picked":["Flex","Feel No Pain"],"picked":"Thunderclap","floor":1},{"not_picked":["Battle Trance","Heavy Blade"],"picked":"Headbutt","floor":3},{"not_picked":["Perfected Strike","Twin Strike"],"picked":"Metallicize","floor":5},{"not_picked":["Whirlwind","Intimidate"],"picked":"Rampage","floor":6}],"player_experience":224588,"relics_obtained":[{"floor":6,"key":"Letter Opener"}],"event_choices":[{"cards_removed":["Thunderclap"],"damage_healed":0,"gold_gain":0,"player_choice":"Gave Card","damage_taken":0,"relics_obtained":["Ginger"],"max_hp_gain":0,"max_hp_loss":0,"event_name":"WeMeetAgain","floor":2,"gold_loss":0},{"damage_healed":0,"gold_gain":0,"player_choice":"Ignored","damage_taken":0,"max_hp_gain":0,"max_hp_loss":0,"event_name":"Shining Light","floor":4,"gold_loss":0}],"is_beta":false,"boss_relics":[],"items_purged_floors":[],"is_endless":false,"potions_floor_spawned":[3],"killed_by":"3 Sentries","ascension_level":6}}