{"host":"bpkhhmvsfrvlto2l","time":1611342416,"event":{"mods":["2.2 Compatiblity","AchievementEnabler","Act Like it!","AlwaysNeverKeys","Aspiration","BaseMod","Better Silent Start","Challenge The Spire","Colored Map","Colored Powertips","Custom Start","Energized Spire","Friendly Minions","GifTheSpireLib","Halation","Hubris","Infinite Spire","Ironclad Rager","Mimic Mod","Minty Spire (QoL Compilation)","Permanent Neow","Quick Restart","Random Character Button","Relic Sorter","Replay The Spire","Spikes Relics","StSLib","Stuff the Spire","Swap Starting Deck Mod","Trackpad"],"gold_per_floor":[113,113,113,113,46,46,67,67,67,67,101,121,154,165,165,275,275,295,214,214,232,331,331,370,370,394,309,333,333,333,358,358,465,465,481,481,500,526,539,539,541,541],"floor_reached":41,"language":"ENG","playtime":942,"items_purged":[],"score":634,"play_id":"1547c421-0104-4461-ab53-bbd51fabaf0b","local_time":"20210122140656","is_ascension_mode":true,"campfire_choices":[{"data":"Finisher","floor":6,"key":"SMITH"},{"data":"Blade Dance","floor":8,"key":"SMITH"},{"data":"Blade Dance","floor":10,"key":"SMITH"},{"floor":15,"key":"REST"},{"data":"Cloak And Dagger","floor":15,"key":"SMITH"},{"data":"Accuracy","floor":23,"key":"SMITH"},{"floor":25,"key":"REST"},{"data":"Cloak And Dagger","floor":25,"key":"SMITH"},{"floor":32,"key":"REST"},{"data":"Cloak And Dagger","floor":32,"key":"SMITH"},{"floor":40,"key":"REST"},{"data":"Cloak And Dagger","floor":40,"key":"SMITH"}],"circlet_count":0,"master_deck":["Slice","Slice","Slice","Slice","Finisher+1","Cloak And Dagger+1","Cloak And Dagger+1","Cloak And Dagger+1","Cloak And Dagger+1","Blade Dance+1","Regret","Blade Dance+1","Accuracy+1"],"relics":["Ring of the Snake","halation:PinkSoulGem","swapstartingdeckmod:DeadBlossom","StuffTheSpire:RedRose","halation:IllGainedPizza","infinitespire:Magic Flask","Happy Flower","BrokenLever","trackpad:RapidFire","Lantern","Ancient Tea Set","Boot","halation:Jellyphish","halation:SelfBoilingWater"],"acts_visited":["Exordium","TheCity","TheBeyond"],"potions_floor_usage":[16,33],"damage_taken":[{"damage":0,"enemies":"Jaw Worm","floor":1,"turns":2},{"damage":1,"enemies":"2 Louse","floor":7,"turns":2},{"damage":2,"enemies":"Gremlin Nob","floor":11,"turns":2},{"damage":0,"enemies":"Cultist","floor":12,"turns":1},{"damage":15,"enemies":"Lagavulin","floor":13,"turns":3},{"damage":0,"enemies":"Exordium Wildlife","floor":14,"turns":1},{"damage":41,"enemies":"The Guardian","floor":16,"turns":5},{"damage":0,"enemies":"Spheric Guardian","floor":18,"turns":1},{"damage":0,"enemies":"3 Byrds","floor":21,"turns":1},{"damage":10,"enemies":"Book of Stabbing","floor":24,"turns":3},{"damage":25,"enemies":"Snake Plant","floor":28,"turns":3},{"damage":0,"enemies":"Slavers","floor":31,"turns":1},{"damage":11,"enemies":"Collector","floor":33,"turns":5},{"damage":8,"enemies":"3 Shapes","floor":35,"turns":1},{"damage":23,"enemies":"3 Darklings","floor":37,"turns":2},{"damage":2,"enemies":"Transient","floor":38,"turns":5},{"damage":25,"enemies":"Maw","floor":39,"turns":4},{"damage":23,"enemies":"R_Hoarder","floor":41,"turns":4}],"seed_played":"-2780491942425703726","potions_obtained":[{"floor":1,"key":"Elixir"},{"floor":12,"key":"AttackPotion"},{"floor":14,"key":"Swift Potion"},{"floor":28,"key":"Reflective Coating"}],"is_trial":false,"path_per_floor":["M","$","?","?","?","R","M","R","T","R","E","M","E","M","R","B",null,"M","$","?","M","?","R","E","R","T","?","M","?","?","E","R","B",null,"M","AVR","M","M","M","R","E"],"character_chosen":"THE_SILENT","items_purchased":["Accuracy"],"campfire_rested":4,"item_purchase_floors":[19],"current_hp_per_floor":[70,70,70,70,70,70,69,69,69,69,67,67,52,52,63,22,57,57,57,57,57,57,57,47,58,58,58,33,33,33,33,44,33,68,60,60,37,35,10,21,0,0],"gold":541,"neow_bonus":"","is_daily":false,"chose_seed":false,"campfire_upgraded":8,"win_rate":0.0,"timestamp":1611342416,"path_taken":["M","$","?","?","?","R","?","R","T","R","E","M","E","M","R","BOSS","M","$","?","M","?","R","E","R","T","?","M","?","?","E","R","BOSS","M","AVR","M","M","M","R","E"],"items_purchased_type":["Card"],"build_version":"2020-12-22","purchased_purges":0,"victory":false,"max_hp_per_floor":[70,70,70,70,70,70,70,70,70,70,70,70,70,70,70,70,70,70,70,70,70,70,70,70,70,70,70,70,70,70,70,70,70,70,70,70,70,70,70,70,70,70],"card_choices":[{"not_picked":["Underhanded Strike","hubris:SlightOfHand"],"picked":"Blade Dance","floor":7}],"player_experience":102054,"relics_obtained":[{"floor":9,"key":"infinitespire:Magic Flask"},{"floor":11,"key":"Happy Flower"},{"floor":13,"key":"BrokenLever"},{"floor":24,"key":"trackpad:RapidFire"},{"floor":26,"key":"Lantern"},{"floor":31,"key":"Boot"}],"event_choices":[{"damage_healed":0,"gold_gain":0,"player_choice":"Paid Gold","damage_taken":0,"relics_obtained":["halation:IllGainedPizza"],"max_hp_gain":0,"max_hp_loss":0,"event_name":"WeMeetAgain","floor":5,"gold_loss":67},{"damage_healed":0,"gold_gain":99,"player_choice":"Stole From Cult","damage_taken":0,"max_hp_gain":0,"max_hp_loss":0,"event_name":"Nest","floor":22,"gold_loss":0},{"damage_healed":0,"gold_gain":0,"player_choice":"Obtained Relic","damage_taken":0,"relics_obtained":["Ancient Tea Set"],"max_hp_gain":0,"max_hp_loss":0,"event_name":"Addict","floor":27,"gold_loss":85},{"damage_healed":0,"gold_gain":0,"player_choice":"Simplicity","damage_taken":0,"max_hp_gain":0,"max_hp_loss":0,"event_name":"Back to Basics","floor":30,"gold_loss":0,"cards_upgraded":[]}],"is_beta":false,"boss_relics":[{"not_picked":["halation:Yufonium","Coffee Dripper","hubris:RunicObelisk"]},{"not_picked":["hubris:GrandSneckoEye","aspiration:PoetsPen_weak","trackpad:Trackpad"]}],"items_purged_floors":[],"is_endless":false,"potions_floor_spawned":[1,12,14,28],"killed_by":"R_Hoarder","ascension_level":4}}