{"host":"pq8o62wp0h1hflf3","time":1611337976,"event":{"mods":["BaseMod","Minty Spire (QoL Compilation)","Relic Stats","ojb\u0027s Info Mod"],"gold_per_floor":[117,117,130,130,130,159,159,193,193,193,26,26,54,65,65,138,138,149,162,162,179,197,197,232,252,252,265,94,110,128,17,17,17,17],"floor_reached":33,"language":"ENG","playtime":1556,"items_purged":[],"score":674,"play_id":"31c64fc7-210f-42bd-b1f8-2e4fcd94540d","local_time":"20210122125256","is_ascension_mode":true,"campfire_choices":[{"data":"Immolate","floor":7,"key":"SMITH"},{"data":"Bash","floor":12,"key":"SMITH"},{"data":"Spot Weakness","floor":15,"key":"SMITH"},{"floor":23,"key":"REST"},{"floor":32,"key":"REST"}],"circlet_count":0,"master_deck":["AscendersBane","Strike_R","Strike_R+1","Strike_R+1","Strike_R","Defend_R","Defend_R","Defend_R","Defend_R","Bash+1","Clothesline","Spot Weakness+1","Immolate+1","Shrug It Off","Sword Boomerang","Battle Trance","Bludgeon","Whirlwind","Flame Barrier"],"relics":["Burning Blood","NeowsBlessing","Omamori","Du-Vu Doll","Whetstone","Shuriken","Ancient Tea Set","Red Skull","Blue Candle","SlaversCollar","WarpedTongs","Tiny Chest","Question Card","MealTicket"],"acts_visited":["TheCity"],"potions_floor_usage":[8,13,16,22,25,29,30,33,33],"damage_taken":[{"damage":0,"enemies":"Jaw Worm","floor":1,"turns":1},{"damage":0,"enemies":"2 Louse","floor":3,"turns":1},{"damage":0,"enemies":"3 Sentries","floor":6,"turns":2},{"damage":29,"enemies":"Lagavulin","floor":8,"turns":8},{"damage":0,"enemies":"Gremlin Nob","floor":13,"turns":2},{"damage":0,"enemies":"Small Slimes","floor":14,"turns":1},{"damage":16,"enemies":"Hexaghost","floor":16,"turns":7},{"damage":19,"enemies":"Spheric Guardian","floor":18,"turns":4},{"damage":47,"enemies":"3 Byrds","floor":19,"turns":4},{"damage":0,"enemies":"Snecko","floor":21,"turns":3},{"damage":0,"enemies":"3 Cultists","floor":22,"turns":2},{"damage":22,"enemies":"Gremlin Leader","floor":24,"turns":4},{"damage":17,"enemies":"Centurion and Healer","floor":25,"turns":3},{"damage":2,"enemies":"Chosen and Byrds","floor":27,"turns":5},{"damage":5,"enemies":"Snecko","floor":29,"turns":4},{"damage":3,"enemies":"Snake Plant","floor":30,"turns":3},{"damage":70,"enemies":"Collector","floor":33,"turns":5}],"seed_played":"-7956021798202849465","potions_obtained":[{"floor":6,"key":"Weak Potion"},{"floor":8,"key":"SneckoOil"},{"floor":13,"key":"BlessingOfTheForge"},{"floor":19,"key":"BlessingOfTheForge"},{"floor":24,"key":"Swift Potion"},{"floor":25,"key":"Fire Potion"},{"floor":27,"key":"Swift Potion"}],"is_trial":false,"path_per_floor":["M","?","M","?","?","E","R","E","T","?","$","R","E","M","R","B",null,"M","M","?","M","M","R","E","M","T","M","$","M","M","$","R","B"],"character_chosen":"IRONCLAD","items_purchased":["Red Skull","MealTicket","AttackPotion","Explosive Potion"],"campfire_rested":2,"item_purchase_floors":[11,28,31,31],"current_hp_per_floor":[74,74,75,68,57,63,63,40,40,40,40,40,46,52,52,42,67,54,13,13,19,25,47,31,20,20,24,24,25,28,43,65,0,0],"gold":17,"neow_bonus":"THREE_ENEMY_KILL","is_daily":false,"chose_seed":false,"campfire_upgraded":3,"win_rate":0.0,"timestamp":1611337976,"path_taken":["M","?","M","?","?","E","R","E","T","?","$","R","E","M","R","BOSS","M","M","?","M","M","R","E","M","T","M","$","?","M","$","R","BOSS"],"items_purchased_type":["Relic","Relic","Potion","Potion"],"build_version":"2020-12-22","purchased_purges":0,"victory":false,"max_hp_per_floor":[75,75,75,75,75,75,75,75,75,75,75,75,75,75,75,75,75,75,75,75,75,75,75,75,75,75,75,75,75,75,75,75,75,75],"relic_stats":{"counters":[17,59],"Shuriken":[8],"Blue Candle":[0],"Tiny Chest":0,"MealTicket":15,"Whetstone":["Strike_R","Strike_R"],"Question Card":3,"obtain_stats":[{"NeowsBlessing":0,"Blue Candle":13,"Omamori":5,"Whetstone":8,"Ancient Tea Set":10,"Question Card":26,"Burning Blood":0,"WarpedTongs":20,"Du-Vu Doll":6,"SlaversCollar":17,"Shuriken":9,"Tiny Chest":24,"MealTicket":28,"Red Skull":11},{"NeowsBlessing":0,"Blue Candle":5,"Omamori":2,"Whetstone":4,"Ancient Tea Set":4,"Question Card":13,"Burning Blood":0,"WarpedTongs":9,"Du-Vu Doll":3,"SlaversCollar":7,"Shuriken":4,"Tiny Chest":12,"MealTicket":14,"Red Skull":4},{"NeowsBlessing":0,"Blue Candle":14,"Omamori":2,"Whetstone":12,"Ancient Tea Set":12,"Question Card":42,"Burning Blood":0,"WarpedTongs":30,"Du-Vu Doll":4,"SlaversCollar":22,"Shuriken":12,"Tiny Chest":39,"MealTicket":47,"Red Skull":12}],"Burning Blood":91,"WarpedTongs":[29]},"card_choices":[{"not_picked":["Clash","Dropkick"],"picked":"Clothesline","floor":1},{"not_picked":["Bloodletting","Combust"],"picked":"Spot Weakness","floor":3},{"not_picked":["Pummel","Fire Breathing"],"picked":"Immolate","floor":6},{"not_picked":["Twin Strike","Rampage"],"picked":"Shrug It Off","floor":8},{"not_picked":["Burning Pact","Warcry"],"picked":"Sword Boomerang","floor":13},{"not_picked":["Thunderclap","Headbutt"],"picked":"Battle Trance","floor":14},{"not_picked":["Immolate","Exhume"],"picked":"Bludgeon","floor":16},{"not_picked":["Clothesline","Inflame"],"picked":"Whirlwind","floor":18},{"not_picked":["True Grit","Rage","Pommel Strike"],"picked":"SKIP","floor":19},{"not_picked":["Sever Soul","Clothesline","Combust"],"picked":"SKIP","floor":21},{"not_picked":["Perfected Strike","Clash","Sentinel"],"picked":"SKIP","floor":22},{"not_picked":["Perfected Strike","Clash","Sentinel"],"picked":"SKIP","floor":22},{"not_picked":["Whirlwind","Bludgeon"],"picked":"Flame Barrier","floor":24},{"not_picked":["Flex","Havoc","Bloodletting"],"picked":"SKIP","floor":25},{"not_picked":["Clothesline","Iron Wave","Inflame","Dropkick"],"picked":"SKIP","floor":27},{"not_picked":["Cleave+1","Metallicize","Body Slam","Evolve"],"picked":"SKIP","floor":29},{"not_picked":["Iron Wave","Anger","Bloodletting+1","Perfected Strike"],"picked":"SKIP","floor":30}],"player_experience":1157380,"relics_obtained":[{"floor":6,"key":"Du-Vu Doll"},{"floor":8,"key":"Whetstone"},{"floor":9,"key":"Shuriken"},{"floor":13,"key":"Blue Candle"},{"floor":24,"key":"Tiny Chest"},{"floor":26,"key":"Question Card"}],"event_choices":[{"damage_healed":0,"gold_gain":0,"player_choice":"Ignored","damage_taken":0,"max_hp_gain":0,"max_hp_loss":0,"event_name":"Liars Game","floor":2,"gold_loss":0},{"cards_removed":["Strike_R"],"damage_healed":0,"gold_gain":0,"player_choice":"Card Removal","damage_taken":7,"max_hp_gain":0,"max_hp_loss":0,"event_name":"Golden Wing","floor":4,"gold_loss":0},{"damage_healed":0,"gold_gain":0,"player_choice":"Success","damage_taken":11,"relics_obtained":["Omamori"],"max_hp_gain":0,"max_hp_loss":0,"event_name":"Scrap Ooze","floor":5,"gold_loss":0},{"damage_healed":0,"gold_gain":0,"player_choice":"Box","damage_taken":0,"relics_obtained":["Ancient Tea Set"],"max_hp_gain":0,"max_hp_loss":0,"event_name":"Big Fish","floor":10,"gold_loss":0,"cards_obtained":["Regret"]},{"damage_healed":0,"gold_gain":0,"player_choice":"Rummage","damage_taken":0,"relics_obtained":["WarpedTongs"],"max_hp_gain":0,"max_hp_loss":0,"event_name":"Accursed Blacksmith","floor":20,"gold_loss":0,"cards_obtained":["Pain"]}],"is_beta":false,"boss_relics":[{"not_picked":["Black Star","Busted Crown"],"picked":"SlaversCollar"}],"items_purged_floors":[],"is_endless":false,"potions_floor_spawned":[6,8,13,19,24,25,27],"killed_by":"Collector","ascension_level":20}}