{"host":"gsmj583br51y3r1c","time":1611325118,"event":{"mods":["AchievementEnabler","BaseMod","Better Note","Better Third Choice","Colored Map","Dark Map","Downfall","Hermit","Highlight Path","Infinite Spire","Marisa????????","Minty Spire (QoL Compilation)","Permanent Neow","Quick Restart","StSLib","The Bug Knight","The Cursed","The Marked","The Mystic","The Servant 0.9.4","everything is the same but u backflip on backflip"],"gold_per_floor":[109,184,196,214,100,117,117,117,117,117,117,117,133,145,145,145,145],"floor_reached":16,"language":"ENG","playtime":958,"items_purged":["hermit:Defend_Hermit"],"score":92,"play_id":"dea0c258-8178-4688-a6b8-bde7b464cbf2","local_time":"20210122161838","is_ascension_mode":false,"campfire_choices":[{"data":"hermit:TakeCover","floor":7,"key":"SMITH"},{"data":"infinitespire:NeuralNetwork","floor":10,"key":"SMITH"},{"data":"hermit:Snapshot","floor":15,"key":"SMITH"}],"circlet_count":0,"master_deck":["hermit:Strike_Hermit","hermit:Strike_Hermit","hermit:Strike_Hermit","hermit:Strike_Hermit","hermit:Defend_Hermit","hermit:Defend_Hermit+1","hermit:Defend_Hermit","hermit:Snapshot+1","hermit:Covet","hermit:PistolWhip","hermit:TakeCover+1","hermit:Dive+1","infinitespire:NeuralNetwork+1","hermit:Enervate"],"relics":["hermit:Momento","Oddly Smooth Stone","HornCleat"],"acts_visited":["Exordium"],"potions_floor_usage":[14],"damage_taken":[{"damage":0.0,"enemies":"2 Louse","floor":1.0,"turns":3.0},{"damage":0,"enemies":"Cultist","floor":3,"turns":3},{"damage":0,"enemies":"Small Slimes","floor":4,"turns":3},{"damage":1,"enemies":"Blue Slaver","floor":6,"turns":4},{"damage":0,"enemies":"Large Slime","floor":13,"turns":6},{"damage":0,"enemies":"Exordium Thugs","floor":14,"turns":4},{"damage":0,"enemies":"The Guardian","floor":16,"turns":4}],"seed_played":"-5548605787493134970","potions_obtained":[{"floor":1,"key":"SkillPotion"},{"floor":3,"key":"SpeedPotion"},{"floor":4,"key":"Explosive Potion"}],"is_trial":false,"path_per_floor":["M","?","M","M","$","M","R","?","T","R","?","?","M","M","R","B"],"character_chosen":"HERMIT","items_purchased":["hermit:TakeCover"],"campfire_rested":0,"item_purchase_floors":[5],"current_hp_per_floor":[75,68,68,68,68,67,67,48,48,48,33,33,33,33,33,33,33],"gold":145,"neow_bonus":"RANDOM_COMMON_RELIC","is_daily":false,"chose_seed":false,"campfire_upgraded":3,"win_rate":0.0,"timestamp":1611325118,"path_taken":["M","?","?","M","$","M","R","?","T","R","?","?","?","M","R","BOSS"],"items_purchased_type":["Card"],"build_version":"2020-12-22","purchased_purges":1,"victory":false,"max_hp_per_floor":[75,75,75,75,75,75,75,75,75,75,75,75,75,75,75,75,75],"card_choices":[{"not_picked":["hermit:WideOpen","hermit:Headshot"],"picked":"hermit:PistolWhip","floor":1},{"not_picked":["hermit:Vantage","hermit:Roulette","hermit:LowProfile"],"picked":"SKIP","floor":3},{"not_picked":["hermit:NoHoldsBarred","hermit:LowProfile","hermit:Headshot"],"picked":"SKIP","floor":4},{"not_picked":["hermit:Vantage","hermit:Purgatory"],"picked":"hermit:Dive","floor":6},{"not_picked":["infinitespire:FutureSight","infinitespire:SevenWalls"],"picked":"infinitespire:NeuralNetwork","floor":8},{"not_picked":["hermit:Feint","hermit:FullyLoaded","hermit:HoleUp"],"picked":"SKIP","floor":13},{"not_picked":["hermit:Grudge","hermit:Headshot"],"picked":"hermit:Enervate","floor":14}],"player_experience":453037,"relics_obtained":[{"floor":9,"key":"HornCleat"}],"event_choices":[{"damage_healed":0,"gold_gain":75,"player_choice":"Touch","damage_taken":7,"max_hp_gain":0,"max_hp_loss":0,"event_name":"FaceTrader","floor":2,"gold_loss":0},{"damage_healed":48,"gold_gain":0,"player_choice":"Upgrade","damage_taken":15,"max_hp_gain":0,"max_hp_loss":75,"event_name":"betterThird:BetterShining","floor":11,"gold_loss":0,"cards_upgraded":["hermit:Dive","hermit:Defend_Hermit"]},{"damage_healed":0,"gold_gain":0,"player_choice":"Got Potions","damage_taken":0,"max_hp_gain":0,"max_hp_loss":0,"event_name":"Lab","floor":12,"gold_loss":0}],"is_beta":false,"boss_relics":[],"items_purged_floors":[5],"is_endless":false,"potions_floor_spawned":[1,3,4],"killed_by":"The Guardian","ascension_level":0}}