{"host":"a1eatafr7pisesky","time":1611330550,"event":{"mods":["AchievementEnabler","BaseMod","Colored Map","Keyboard Shortcuts","Minty Spire (QoL Compilation)","Say the Spire","StSLib","SuperFastMode","everything is the same but u backflip on backflip"],"gold_per_floor":[119,99,119,137,156,188,188,208,259,47,47,74,91,101,101,101,101],"floor_reached":16,"language":"KOR","playtime":486,"items_purged":["Injury"],"score":188,"play_id":"957dc71b-59e0-4e98-a2e6-faed8af7e1b9","local_time":"20210123004910","is_ascension_mode":true,"campfire_choices":[{"floor":7.0,"key":"REST"},{"data":"Body Slam","floor":11.0,"key":"SMITH"},{"floor":15,"key":"REST"}],"circlet_count":0,"master_deck":["AscendersBane","Strike_R","Strike_R","Strike_R","Strike_R","Strike_R","Defend_R","Defend_R","Defend_R","Defend_R","Bash","Battle Trance","Body Slam+1","Bloodletting","Power Through+1","Barricade","Shrug It Off+1"],"relics":["Burning Blood","Ginger","Toxic Egg 2","Boot","Sundial"],"acts_visited":["Exordium"],"potions_floor_usage":[13],"damage_taken":[{"damage":18.0,"enemies":"Jaw Worm","floor":1.0,"turns":4.0},{"damage":1.0,"enemies":"Cultist","floor":3.0,"turns":3.0},{"damage":0.0,"enemies":"Small Slimes","floor":4.0,"turns":3.0},{"damage":30.0,"enemies":"2 Fungi Beasts","floor":5.0,"turns":5.0},{"damage":40.0,"enemies":"Gremlin Nob","floor":6.0,"turns":5.0},{"damage":6.0,"enemies":"3 Louse","floor":8.0,"turns":4.0},{"damage":29.0,"enemies":"Lagavulin","floor":12.0,"turns":10.0},{"damage":3,"enemies":"Looter","floor":13,"turns":3},{"damage":4,"enemies":"Exordium Thugs","floor":14,"turns":5},{"damage":47,"enemies":"Hexaghost","floor":16,"turns":16}],"seed_played":"2367436849286715571","potions_obtained":[{"floor":1.0,"key":"LiquidBronze"},{"floor":2.0,"key":"SteroidPotion"},{"floor":3.0,"key":"BlessingOfTheForge"},{"floor":12.0,"key":"Weak Potion"}],"is_trial":false,"path_per_floor":["M","?","M","M","M","E","R","M","T","$","R","E","M","M","R","B"],"character_chosen":"IRONCLAD","items_purchased":["Barricade"],"campfire_rested":2,"item_purchase_floors":[10],"current_hp_per_floor":[60,60,65,71,47,13,37,37,37,37,37,14,17,19,43,0,0],"gold":101,"neow_bonus":"ONE_RARE_RELIC","is_daily":false,"chose_seed":false,"campfire_upgraded":1,"win_rate":0.0,"timestamp":1611330550,"path_taken":["M","?","M","M","M","E","R","M","T","$","R","E","?","M","R","BOSS"],"items_purchased_type":["Card"],"build_version":"2020-12-22","purchased_purges":1,"victory":false,"max_hp_per_floor":[80,80,80,80,80,80,80,80,80,80,80,80,80,80,80,80,80],"card_choices":[{"not_picked":["True Grit","Heavy Blade"],"picked":"Battle Trance","floor":1.0},{"not_picked":["Rampage","Infernal Blade","Metallicize"],"picked":"SKIP","floor":3.0},{"not_picked":["Sword Boomerang","Warcry"],"picked":"Body Slam","floor":4.0},{"not_picked":["Clash","Flex"],"picked":"Bloodletting","floor":5.0},{"not_picked":["Wild Strike","Rupture"],"picked":"Power Through+1","floor":6.0},{"not_picked":["Clash","Heavy Blade","Thunderclap"],"picked":"SKIP","floor":8.0},{"not_picked":["Metallicize","Juggernaut","Combust"],"picked":"SKIP","floor":12.0},{"not_picked":["Thunderclap","Intimidate+1"],"picked":"Shrug It Off+1","floor":13},{"not_picked":["Sentinel+1","Bloodletting+1","Anger"],"picked":"SKIP","floor":14}],"player_experience":338898,"relics_obtained":[{"floor":6.0,"key":"Toxic Egg 2"},{"floor":9.0,"key":"Boot"},{"floor":12.0,"key":"Sundial"}],"event_choices":[{"damage_healed":0.0,"max_hp_gain":0.0,"max_hp_loss":0.0,"gold_gain":0.0,"event_name":"The Woman in Blue","player_choice":"Bought 1 Potion","floor":2.0,"gold_loss":0.0,"damage_taken":0.0}],"is_beta":false,"boss_relics":[],"items_purged_floors":[10],"is_endless":false,"potions_floor_spawned":[1,3,5,12],"killed_by":"Hexaghost","ascension_level":13}}