{"host":"6drv1qzpbnls60z2","time":1611330716,"event":{"mods":["ATMod(°¢èªMod)","Act Like it!","Arknights The Spire","BaseMod","Hallownest","Minty Spire (QoL Compilation)","Reimu£¨²©ÀöÁéÃÎ£©","Replay The Spire","Shop Mod","Spicy Shops","StSLib","The Dragon Tamer","Uncapped","¡¾ÒÅÎï¿¨ÅÆ¡¿REMEMod","óô»ðÖ¸ÄÏ"],"gold_per_floor":[111,131,206,81,231,231,261,273,273,293,311,326,326,352,352,429,429,441,77,52,65,85,85,105,105,105,25,42,72,72,103,103,182,182,198,211,211,211],"floor_reached":37,"language":"ZHS","playtime":3362,"items_purged":[],"score":1596,"play_id":"bc1066af-0af6-4414-a83c-bfc3370ca24b","local_time":"20210122235156","daily_mods":["SealedDeck"],"is_ascension_mode":true,"campfire_choices":[{"data":"InherentArray:ReiMu","floor":6,"key":"SMITH"},{"data":"ats:Phantom","floor":13,"key":"SMITH"},{"data":"ats:Serious Mode","floor":15,"key":"SMITH"},{"data":"AT_EssenceShift","floor":23,"key":"SMITH"},{"floor":25,"key":"REST"}],"circlet_count":0,"master_deck":["AscendersBane","AT_EssenceShift+1","ats:Serious Mode+1","CareerPray:ReiMu","ats:Beaten Up","ats:Spore Proliferation","ats:Steam Pump","ats:Revitalization","DoubleButterfly:ReiMu","Amulet:ReiMu","FantasyMoon:ReiMu+1","SubAcupoint:ReiMu","RainPray2:ReiMu","InherentArray:ReiMu+1","ats:Closed Bolt Burst Fire","ats:Revitalization","ats:Collapsing Strike","Doubt","ats:Phantom+1","ats:Song Of Battle","ats:Collapsing Strike","ats:Hammer On","ats:Thorns","ats:Automatic Cover","ats:Wolf Pack","ats:Assault Order","ats:Assault Order+1","ats:Very Hot Blade","Intuition:ReiMu+1","SpreadBorder2:ReiMu+1","ats:Blood Oath","Pot Of Greed+1","Pot Of Greed+1","Pot Of Greed+1","ats:Magnetic Hammer","NineCharacters:ReiMu","ats:Very Hot Blade","Free:ReiMu+1","ats:Childhood Dance+1","Pot Of Greed+1","ats:Closed Bolt Burst Fire"],"relics":["ats:Sanity","AT_ATBox","REME_ComplimentaryCards","ats:Originium","AT_DeathDance","PreservedInsect","Toy Ornithopter","Philosopher\u0027s Stone","Toxic Egg 2","Grinning Jar","ZunR:ReiMu","Gambling Chip","RuthlessExorcism:ReiMu","REME_ChargedStone"],"acts_visited":["Exordium","TheCity","TheBeyond"],"potions_floor_usage":[16,18,18,24,24,28,35,37,37],"damage_taken":[{"damage":8,"enemies":"Jaw Worm","floor":1,"turns":4},{"damage":12,"enemies":"2 Louse","floor":2,"turns":7},{"damage":33,"enemies":"3 Sentries","floor":7,"turns":6},{"damage":14,"enemies":"Small Slimes","floor":8,"turns":5},{"damage":14,"enemies":"2 Fungi Beasts","floor":10,"turns":4},{"damage":8,"enemies":"Blue Slaver","floor":11,"turns":4},{"damage":14,"enemies":"3 Louse","floor":12,"turns":3},{"damage":3,"enemies":"Gremlin Nob","floor":14,"turns":3},{"damage":33,"enemies":"The Guardian","floor":16,"turns":11},{"damage":33,"enemies":"Spheric Guardian","floor":18,"turns":6},{"damage":21,"enemies":"2 Thieves","floor":20,"turns":4},{"damage":42,"enemies":"Centurion and Healer","floor":21,"turns":8},{"damage":33,"enemies":"Snecko","floor":22,"turns":7},{"damage":34,"enemies":"Sentry and Sphere","floor":24,"turns":6},{"damage":19,"enemies":"Chosen and Byrds","floor":28,"turns":9},{"damage":22,"enemies":"Book of Stabbing","floor":29,"turns":4},{"damage":41,"enemies":"Slavers","floor":31,"turns":4},{"damage":16,"enemies":"Pondfish","floor":33,"turns":7},{"damage":50,"enemies":"3 Darklings","floor":35,"turns":5},{"damage":46,"enemies":"3 Shapes","floor":36,"turns":5},{"damage":18,"enemies":"Sphere and 2 Shapes","floor":37,"turns":3}],"seed_played":"2581601251507075496","potions_obtained":[{"floor":2,"key":"ats:Top Emergency Sanity Potion"},{"floor":8,"key":"Swift Potion"},{"floor":16,"key":"Fire Potion"},{"floor":18,"key":"REME_GoldPotion"},{"floor":22,"key":"SkillPotion"},{"floor":24,"key":"Explosive Potion"},{"floor":33,"key":"ats:Emergency Sanity Potion"},{"floor":35,"key":"Cursed Concoction"},{"floor":36,"key":"ats:Emergency Sanity Potion"}],"is_trial":true,"path_per_floor":["M","M","?","$","?","R","E","M","T","M","M","M","R","E","R","B",null,"M","$","M","M","M","R","M","R","T","?","M","E","?","E","R","B",null,"M","M","M"],"character_chosen":"DOCTOR_CLASS","items_purchased":["ats:Revitalization","ats:Collapsing Strike","Toxic Egg 2","ats:Assault Order+1"],"campfire_rested":1,"item_purchase_floors":[4,4,19,19],"current_hp_per_floor":[63,69,58,58,58,58,57,52,52,47,47,38,38,38,38,72,72,56,56,47,41,26,26,19,40,40,33,61,48,48,10,31,30,62,29,1,0,0],"gold":211,"neow_bonus":"","is_daily":false,"chose_seed":false,"campfire_upgraded":4,"win_rate":0.0,"timestamp":1611330716,"path_taken":["M","M","?","$","?","R","E","M","T","M","M","M","R","E","R","BOSS","M","$","M","M","M","R","M","R","T","?","M","E","?","E","R","BOSS","M","M","M"],"items_purchased_type":["Card","Card","Relic","Card"],"build_version":"2020-12-22","purchased_purges":0,"victory":false,"max_hp_per_floor":[72,72,72,72,72,72,72,72,72,72,72,72,72,72,72,72,72,72,72,72,72,72,72,72,72,72,72,72,72,72,72,72,72,72,72,72,72,72],"card_choices":[{"not_picked":["ats:Leaping Hammer","ats:Cat Scratch"],"picked":"InherentArray:ReiMu","floor":1},{"not_picked":["ats:Assault Order","WonderfulDomain:ReiMu"],"picked":"ats:Closed Bolt Burst Fire","floor":2},{"not_picked":["MountainWay:ReiMu","LearningPray:ReiMu"],"picked":"ats:Phantom","floor":7},{"not_picked":["ats:Leaping Hammer","FantasyBorder:ReiMu"],"picked":"ats:Song Of Battle","floor":8},{"not_picked":["ats:Poison Spread","EmergencyTakeOff:ReiMu"],"picked":"ats:Collapsing Strike","floor":10},{"not_picked":["PrepareRite:ReiMu","KamiSacrifice:ReiMu"],"picked":"ats:Hammer On","floor":11},{"not_picked":["ats:Directed Diagnosis","TightArray:ReiMu"],"picked":"ats:Thorns","floor":12},{"not_picked":["ats:Durian","SubcavityInstant:ReiMu"],"picked":"ats:Automatic Cover","floor":14},{"not_picked":["CleanRite:ReiMu","ats:Durian"],"picked":"ats:Wolf Pack","floor":16},{"not_picked":["YinYangSign:ReiMu+1","LearningPray:ReiMu"],"picked":"ats:Assault Order","floor":18},{"not_picked":["ats:Guardian Obelisk+1","FantasyBorder:ReiMu+1"],"picked":"ats:Very Hot Blade","floor":20},{"not_picked":["DoubleButterfly:ReiMu","WonderfulDomain:ReiMu+1"],"picked":"Intuition:ReiMu+1","floor":21},{"not_picked":["FantasyBorder:ReiMu+1","TakeOff:ReiMu+1"],"picked":"SpreadBorder2:ReiMu+1","floor":22},{"not_picked":["SafetyPray:ReiMu+1","ats:Thorns"],"picked":"ats:Blood Oath","floor":24},{"not_picked":["ats:Support Order+1","Conquer:ReiMu"],"picked":"ats:Magnetic Hammer","floor":28},{"not_picked":["ats:Soul Rend","ats:Consecutive Shot Auto"],"picked":"NineCharacters:ReiMu","floor":29},{"not_picked":["ats:Powerful Strike","ats:Ignite"],"picked":"ats:Very Hot Blade","floor":31},{"not_picked":["OctopathSalyBorderN:ReiMu","Dreaming:ReiMu"],"picked":"Free:ReiMu+1","floor":33},{"not_picked":["Crusade:ReiMu","AlertArray:ReiMu+1"],"picked":"ats:Childhood Dance+1","floor":35},{"not_picked":["SafetyPray:ReiMu+1","SealNeedle:ReiMu"],"picked":"ats:Closed Bolt Burst Fire","floor":36}],"player_experience":113170,"relics_obtained":[{"floor":7,"key":"ats:Originium"},{"floor":7,"key":"AT_DeathDance"},{"floor":9,"key":"PreservedInsect"},{"floor":14,"key":"ats:Originium"},{"floor":14,"key":"Toy Ornithopter"},{"floor":26,"key":"Grinning Jar"},{"floor":29,"key":"ats:Originium"},{"floor":29,"key":"Gambling Chip"},{"floor":31,"key":"ats:Originium"},{"floor":31,"key":"RuthlessExorcism:ReiMu"}],"event_choices":[{"damage_healed":0,"gold_gain":75,"player_choice":"Gather Gold","damage_taken":11,"max_hp_gain":0,"max_hp_loss":0,"event_name":"World of Goop","floor":3,"gold_loss":0},{"damage_healed":0,"gold_gain":150,"player_choice":"AGREE","damage_taken":0,"max_hp_gain":0,"max_hp_loss":0,"event_name":"Liars Game","floor":5,"gold_loss":0,"cards_obtained":["Doubt"]},{"damage_healed":0,"gold_gain":0,"player_choice":"¹ºÂòÉñ¾Æ","damage_taken":7,"relics_obtained":["ZunR:ReiMu"],"max_hp_gain":0,"max_hp_loss":0,"event_name":"ZunEvent","floor":27,"gold_loss":0},{"damage_healed":0,"gold_gain":0,"player_choice":"Simplicity","damage_taken":0,"max_hp_gain":0,"max_hp_loss":0,"event_name":"Back to Basics","floor":30,"gold_loss":0,"cards_upgraded":[]}],"is_beta":false,"boss_relics":[{"not_picked":["Replay:Wanted Poster","Replay:Ancient Bell"],"picked":"Philosopher\u0027s Stone"},{"not_picked":["ats:Omniscience","Runic Dome"],"picked":"REME_ChargedStone"}],"items_purged_floors":[],"is_endless":true,"potions_floor_spawned":[2,8,10,16,18,22,24,33,35,36],"killed_by":"Sphere and 2 Shapes","ascension_level":20}}