{"host":"jpol0bbzretdyr3c","time":1611276282,"event":{"mods":["100% Spire Juice","Act Like it!","BaseMod","Colored Map","Gensokyo","Infinite Spire","Koishi","Marisa????????","Minty Spire (QoL Compilation)","Replay The Spire","StSLib","The Servant 0.9.4"],"gold_per_floor":[116,133,13,13,13,44,57,57,57,57,92,107,123,155,155,250,10,26,39,57,57,57,57,83,96,156,173,173,189,207,222,222,323,323,338,338,338,338,143,143,153,165,190,190,210,210,210,240,240,240,240],"floor_reached":50,"language":"ENG","playtime":2482,"items_purged":[],"score":768,"play_id":"874eb49d-0af8-4b94-bca1-be37b1728e73","local_time":"20210121164442","is_ascension_mode":true,"campfire_choices":[{"data":"Moonworks:BackdoorTrade","floor":8,"key":"SMITH"},{"data":"Moonworks:Ambush","floor":10,"key":"SMITH"},{"floor":15,"key":"REST"},{"data":"Moonworks:UnpaidWork","floor":23,"key":"SMITH"},{"floor":28,"key":"REST"},{"floor":32,"key":"REST"},{"floor":40,"key":"REST"},{"floor":44,"key":"REST"}],"circlet_count":0,"master_deck":["Moonworks:Strike","Moonworks:Strike","Moonworks:Strike","Moonworks:Strike","Moonworks:Defend","Moonworks:Defend","Moonworks:Defend","Moonworks:Defend","Moonworks:Ambush+1","Moonworks:LongDistanceShot+1","Moonworks:Flamethrower","Moonworks:DevilHand","Pain","Moonworks:NicePresent","Moonworks:BackdoorTrade+1","Moonworks:FullSpeedAlicianrone","Moonworks:LulusLuckyEgg","Moonworks:UnpaidWork+1","Moonworks:Accelerator","Moonworks:MetallicMonocoque","Moonworks:JonathanRush+1","Moonworks:Poppoformation","Moonworks:Flamethrower+1","Gensokyo:FourOfAKind","Gensokyo:FourOfAKind","Gensokyo:FourOfAKind","Gensokyo:FourOfAKind","Moonworks:ImOnFire","Moonworks:SakisCookie","Moonworks:SakisCookie+1","Moonworks:EvilSpyWorkPreparation","Moonworks:CloudOfSeagulls","Moonworks:Blazing","Moonworks:AnotherUltimateWeapon","Moonworks:Bloodlust+1","Gensokyo:MenInBlack","Moonworks:CloudOfSeagulls","Moonworks:SakisCookie","Moonworks:CloudOfSeagulls+1","Moonworks:CloudOfSeagulls+1"],"relics":["Moonworks:BrokenBomb","Moonworks:Homemark","NeowsBlessing","Gensokyo:LunaticRedEyes","The Courier","infinitespire:BottledMercury","Ancient Tea Set","infinitespire:CheckeredPen","Painkiller Herb","Gensokyo:DirgeOfMelancholy","Counterbalance","Old Coin","Philosopher\u0027s Stone","PreservedInsect","Letter Opener","infinitespire:PuzzleCube","Dream Catcher"],"acts_visited":["Gensokyo:Gensokyo","Gensokyo:Gensokyoer","Gensokyo:Gensokyoest"],"potions_floor_usage":[16,24,29,33,42],"damage_taken":[{"damage":0,"enemies":"Gensokyo:2_Kodama","floor":1,"turns":1},{"damage":0,"enemies":"Gensokyo:3_Fairies","floor":2,"turns":1},{"damage":0,"enemies":"Gensokyo:Aya","floor":6,"turns":1},{"damage":2,"enemies":"Gensokyo:Gryphon","floor":7,"turns":3},{"damage":0,"enemies":"Gensokyo:Mamizou","floor":11,"turns":5},{"damage":3,"enemies":"Gensokyo:2_Rabbits","floor":12,"turns":2},{"damage":1,"enemies":"Gensokyo:3_Kodama","floor":13,"turns":3},{"damage":19,"enemies":"Gensokyo:Cirno","floor":14,"turns":5},{"damage":17,"enemies":"Gensokyo:Reimu","floor":16,"turns":9},{"damage":7,"enemies":"Gensokyo:3_Dogs","floor":18,"turns":3},{"damage":7,"enemies":"Gensokyo:2_Gloops","floor":19,"turns":4},{"damage":3,"enemies":"Gensokyo:Slime_Group","floor":20,"turns":4},{"damage":8,"enemies":"Nightmare","floor":24,"turns":7},{"damage":20,"enemies":"Gensokyo:Wraith","floor":25,"turns":4},{"damage":8,"enemies":"Gensokyo:3_Gloops","floor":27,"turns":3},{"damage":3,"enemies":"Gensokyo:Swordslinger","floor":29,"turns":3},{"damage":0,"enemies":"Gensokyo:Slime_Group","floor":30,"turns":3},{"damage":0,"enemies":"Gensokyo:Wraith","floor":31,"turns":3},{"damage":0,"enemies":"Gensokyo:Eiki","floor":33,"turns":1},{"damage":30,"enemies":"Gensokyo:3_Boulders","floor":35,"turns":4},{"damage":10,"enemies":"Gensokyo:AncientGuardian","floor":41,"turns":4},{"damage":4,"enemies":"Gensokyo:AtlasGolem","floor":42,"turns":5},{"damage":5,"enemies":"Gensokyo:3_Boulders","floor":45,"turns":5},{"damage":6,"enemies":"Gensokyo:Kasen","floor":48,"turns":5},{"damage":36,"enemies":"Gensokyo:Shinki","floor":50,"turns":4}],"seed_played":"2607712007438886810","potions_obtained":[{"floor":1,"key":"SpeedPotion"},{"floor":6,"key":"FearPotion"},{"floor":7,"key":"Doom Potion"},{"floor":11,"key":"Fire Potion"},{"floor":18,"key":"SteroidPotion"},{"floor":27,"key":"Adrenaline Potion"},{"floor":29,"key":"AttackPotion"},{"floor":33,"key":"ColorlessPotion"},{"floor":35,"key":"PowerPotion"},{"floor":45,"key":"SkillPotion"}],"is_trial":false,"path_per_floor":["M","M","?","COS","$","E","M","R","T","R","E","M","M","E","R","B",null,"?","?","?","?","?","T","NM","?","T","?","T","?","?","?","T","B",null,"?","?","?","?","COS","T","?","?","T","T","?","?","T","E","T","B"],"character_chosen":"THE_STARBREAKER","items_purchased":[],"campfire_rested":5,"item_purchase_floors":[],"current_hp_per_floor":[60,60,60,60,60,60,58,58,58,58,58,55,54,35,53,36,60,53,46,43,43,42,42,34,14,14,6,18,17,22,25,37,37,42,12,12,12,12,12,24,17,20,20,32,34,34,34,31,31,0,0],"gold":240,"neow_bonus":"THREE_ENEMY_KILL","is_daily":false,"chose_seed":false,"campfire_upgraded":3,"win_rate":0.0,"timestamp":1611276282,"path_taken":["M","M","?","COS","?","E","M","R","T","R","E","?","M","E","R","BOSS","?","?","?","?","?","T","NM","?","T","?","T","?","?","?","T","BOSS","?","?","?","?","COS","T","?","?","T","T","?","?","?","E","T","BOSS"],"items_purchased_type":[],"build_version":"2020-12-22","purchased_purges":0,"victory":false,"max_hp_per_floor":[60,60,60,60,60,60,60,60,60,60,60,60,60,60,60,60,60,60,60,60,60,42,42,42,42,42,42,42,42,42,42,42,42,42,42,42,42,42,42,42,42,42,42,42,42,42,42,42,42,42,42],"card_choices":[{"not_picked":["Moonworks:MiracleWalker","Moonworks:ImOnFire"],"picked":"Moonworks:Flamethrower","floor":1},{"not_picked":["Moonworks:LulusLuckyEgg","Moonworks:ForcedRevival"],"picked":"Moonworks:DevilHand","floor":2},{"not_picked":["Moonworks:x16BigRocket","Moonworks:CloudOfSeagulls"],"picked":"Moonworks:NicePresent","floor":6},{"not_picked":["Moonworks:FinalSurgery","Moonworks:CloudOfSeagulls"],"picked":"Moonworks:BackdoorTrade","floor":7},{"not_picked":["Moonworks:SakisCookie","Moonworks:FinalSurgery"],"picked":"Moonworks:FullSpeedAlicianrone","floor":11},{"not_picked":["Moonworks:FullSpeedAlicianrone","Moonworks:ImOnFire"],"picked":"Moonworks:LulusLuckyEgg","floor":12},{"not_picked":["Moonworks:BackdoorTrade","Moonworks:ImOnFire"],"picked":"Moonworks:UnpaidWork","floor":13},{"not_picked":["Moonworks:BigMagnum","Moonworks:ImOnFire"],"picked":"Moonworks:Accelerator","floor":14},{"not_picked":["Moonworks:WeAreWaruda","Moonworks:OutOfAmmo"],"picked":"Moonworks:MetallicMonocoque","floor":16},{"not_picked":["Moonworks:DeployBits","Moonworks:UnpaidWork"],"picked":"Moonworks:JonathanRush+1","floor":18},{"not_picked":["Moonworks:JonathanRush","Moonworks:WindyEnchantment"],"picked":"Moonworks:Poppoformation","floor":19},{"not_picked":["Moonworks:NicePresent","Moonworks:IndiscriminateFireSupport+1"],"picked":"Moonworks:Flamethrower+1","floor":20},{"not_picked":["Moonworks:Dash","Moonworks:Flamethrower"],"picked":"Moonworks:ImOnFire","floor":24},{"not_picked":["Moonworks:Heat300Percent","Moonworks:DeployBits"],"picked":"Moonworks:SakisCookie","floor":25},{"not_picked":["Moonworks:Assault","Moonworks:ImOnFire+1"],"picked":"Moonworks:SakisCookie+1","floor":27},{"not_picked":["Moonworks:CloudOfSeagulls+1","Moonworks:BigMagnum"],"picked":"Moonworks:EvilSpyWorkPreparation","floor":29},{"not_picked":["Moonworks:BigMagnum+1","Moonworks:ImmovableObject+1"],"picked":"Moonworks:CloudOfSeagulls","floor":30},{"not_picked":["Moonworks:ImOnFire+1","Moonworks:CloudOfSeagulls"],"picked":"Moonworks:Blazing","floor":31},{"not_picked":["Moonworks:RocketCannon","Moonworks:HolyNight"],"picked":"Moonworks:AnotherUltimateWeapon","floor":33},{"not_picked":["Moonworks:LulusLuckyEgg","Moonworks:BigMagnum"],"picked":"Moonworks:Bloodlust+1","floor":35},{"not_picked":["Moonworks:BigMagnum","Moonworks:DeployBits+1"],"picked":"Moonworks:CloudOfSeagulls","floor":41},{"not_picked":["Moonworks:AngelHand","Moonworks:ImOnFire"],"picked":"Moonworks:SakisCookie","floor":42},{"not_picked":["Moonworks:CompletionReward","Moonworks:MetallicMonocoque"],"picked":"Moonworks:CloudOfSeagulls+1","floor":45},{"not_picked":["Moonworks:Blazing","Moonworks:Heat300Percent"],"picked":"Moonworks:CloudOfSeagulls+1","floor":48}],"player_experience":443569,"relics_obtained":[{"floor":6,"key":"The Courier"},{"floor":9,"key":"infinitespire:BottledMercury"},{"floor":11,"key":"Ancient Tea Set"},{"floor":14,"key":"infinitespire:CheckeredPen"},{"floor":24,"key":"Counterbalance"},{"floor":26,"key":"Old Coin"},{"floor":43,"key":"PreservedInsect"},{"floor":47,"key":"Letter Opener"},{"floor":48,"key":"infinitespire:PuzzleCube"}],"event_choices":[],"is_beta":false,"boss_relics":[{"not_picked":["Replay:Wanted Poster","Calling Bell"],"picked":"Painkiller Herb"},{"not_picked":["Pandora\u0027s Box","Empty Cage"],"picked":"Philosopher\u0027s Stone"}],"items_purged_floors":[],"is_endless":true,"potions_floor_spawned":[1,6,7,11,18,27,29,30,33,35,41,45],"killed_by":"Gensokyo:Shinki","ascension_level":1}}