{"host":"ftwnpa9ceeptmrn1","time":1611308763,"event":{"mods":["Aspiration","BaseMod","Colored Map","Colored Powertips","Conspire","Downfall","Hubris","Infinite Spire","Minty Spire (QoL Compilation)","Relic Stats","StSLib","vexMod"],"gold_per_floor":[112,124,138,155,168,203,218,218,243,243,243,41,71,87,87,187,187,177,177,194,205,205,205,205],"floor_reached":23,"language":"ENG","playtime":2295,"items_purged":["Strike_R"],"score":226,"play_id":"f835de3c-1028-47f9-81bc-d921a7bb7928","local_time":"20210122034603","is_ascension_mode":true,"campfire_choices":[{"floor":8.0,"key":"REST"},{"floor":15,"key":"REST"}],"circlet_count":0,"master_deck":["Strike_R","Strike_R","Strike_R","Strike_R","Defend_R","Defend_R","Defend_R","Defend_R","Bash","hubris:ReadiedAction","Headbutt","Uppercut+1","Berserk","Disarm","Flame Barrier","Clothesline+1","Spot Weakness","Iron Wave","Warcry","Dual Wield","Berserk","Sword Boomerang+1","Headbutt+1","Body Slam+1"],"relics":["Burning Blood","aspiration:TomeofQuesting","hubris:Icosahedron","Molten Egg 2","SlaversCollar","hubris:SlimyHat"],"acts_visited":["Exordium","TheCity"],"potions_floor_usage":[13,16,17],"damage_taken":[{"damage":0.0,"enemies":"Small Slimes","floor":1.0,"turns":4.0},{"damage":7.0,"enemies":"Jaw Worm","floor":2.0,"turns":3.0},{"damage":1.0,"enemies":"Cultist","floor":3.0,"turns":3.0},{"damage":9.0,"enemies":"3 Louse","floor":4.0,"turns":4.0},{"damage":25.0,"enemies":"Exordium Thugs","floor":5.0,"turns":5.0},{"damage":48.0,"enemies":"3 Sentries","floor":6.0,"turns":9.0},{"damage":5.0,"enemies":"Red Slaver","floor":7.0,"turns":4.0},{"damage":13,"enemies":"Lagavulin","floor":13,"turns":7},{"damage":8,"enemies":"Looter","floor":14,"turns":3},{"damage":46,"enemies":"Slime Boss","floor":16,"turns":9},{"damage":44,"enemies":"2 Thieves","floor":18,"turns":4},{"damage":27,"enemies":"Shell Parasite","floor":20,"turns":7},{"damage":30,"enemies":"Snake Plant","floor":21,"turns":5},{"damage":10,"enemies":"Book of Stabbing","floor":23,"turns":4}],"seed_played":"-4388300431288706400","potions_obtained":[{"floor":1.0,"key":"Block Potion"},{"floor":3.0,"key":"Energy Potion"},{"floor":7.0,"key":"LiquidMemories"},{"floor":16,"key":"Fruit Juice"},{"floor":21,"key":"sneckomod:MuddlingPotion"}],"is_trial":false,"path_per_floor":["M","M","M","M","M","E","M","R","T","?","?","$","E","M","R","B",null,"M","?","M","M","?","E"],"character_chosen":"IRONCLAD","items_purchased":["Spot Weakness","Iron Wave"],"campfire_rested":2,"item_purchase_floors":[12,12],"current_hp_per_floor":[88,87,88,85,66,24,25,51,51,51,51,51,44,42,68,28,93,55,55,34,10,10,0,0],"gold":205,"neow_bonus":"TEN_PERCENT_HP_BONUS","is_daily":false,"chose_seed":false,"campfire_upgraded":0,"win_rate":0.0,"timestamp":1611308763,"path_taken":["M","M","M","M","M","E","M","R","T","?","?","$","E","M","R","BOSS","M","?","M","M","?","E"],"items_purchased_type":["Card","Card"],"build_version":"2020-12-22","purchased_purges":1,"victory":false,"max_hp_per_floor":[88,88,88,88,88,88,88,88,88,88,88,88,88,88,88,88,93,93,93,93,93,93,93,93],"relic_stats":{"counters":[14,71],"obtain_stats":[{"SlaversCollar":17,"hubris:Icosahedron":11,"aspiration:TomeofQuesting":6,"Molten Egg 2":13,"hubris:SlimyHat":22,"Burning Blood":0},{"SlaversCollar":10,"hubris:Icosahedron":7,"aspiration:TomeofQuesting":6,"Molten Egg 2":8,"hubris:SlimyHat":13,"Burning Blood":0},{"SlaversCollar":51,"hubris:Icosahedron":32,"aspiration:TomeofQuesting":28,"Molten Egg 2":39,"hubris:SlimyHat":67,"Burning Blood":0}],"Burning Blood":68},"card_choices":[{"not_picked":["hubris:SharpeningStone","infinitespire:OneForAll"],"picked":"hubris:ReadiedAction","floor":1.0},{"not_picked":["Wild Strike","Havoc"],"picked":"Headbutt","floor":2.0},{"not_picked":["Warcry","Clash"],"picked":"Uppercut","floor":3.0},{"not_picked":["Thunderclap","Twin Strike"],"picked":"Berserk","floor":4.0},{"not_picked":["Cleave","hubris:CleavingFinish"],"picked":"Disarm","floor":5.0},{"not_picked":["Clothesline","Reckless Charge"],"picked":"Flame Barrier","floor":6.0},{"not_picked":["Flex","Sword Boomerang"],"picked":"Clothesline","floor":7.0},{"not_picked":["Power Through","Heavy Blade+1"],"picked":"Warcry","floor":13},{"not_picked":["Wild Strike+1","Dark Embrace"],"picked":"Dual Wield","floor":14},{"not_picked":["Brutality","Bludgeon+1"],"picked":"Berserk","floor":16},{"not_picked":["Cleave+1","Wild Strike+1"],"picked":"Sword Boomerang+1","floor":18},{"not_picked":["Clothesline+1","Heavy Blade+1"],"picked":"Headbutt+1","floor":20},{"not_picked":["Clothesline+1","hubris:CleavingFinish+1"],"picked":"Body Slam+1","floor":21}],"player_experience":307453,"relics_obtained":[{"floor":6.0,"key":"aspiration:TomeofQuesting"},{"floor":13,"key":"Molten Egg 2"}],"event_choices":[{"damage_healed":0.0,"max_hp_gain":0.0,"max_hp_loss":0.0,"gold_gain":0.0,"event_name":"Living Wall","player_choice":"Grow","floor":10.0,"gold_loss":0.0,"damage_taken":0.0,"cards_upgraded":["Clothesline"]},{"damage_healed":0,"gold_gain":0,"player_choice":"Gave Potion","damage_taken":0,"relics_obtained":["hubris:SlimyHat"],"max_hp_gain":0,"max_hp_loss":0,"event_name":"WeMeetAgain","floor":22,"gold_loss":0}],"is_beta":false,"boss_relics":[{"not_picked":["aspiration:PoetsPen_weak","aspiration:SecretTechniqueScroll"],"picked":"SlaversCollar"}],"items_purged_floors":[12],"is_endless":false,"potions_floor_spawned":[1,3,7,16,21],"killed_by":"Book of Stabbing","ascension_level":2}}