{"host":"rylkjufw9dlhr07b","time":1611330057,"event":{"mods":["AchievementEnabler","BaseMod","Better Note","BetterRewards","Hubris","Minty Spire (QoL Compilation)","Quick Restart","StSLib"],"gold_per_floor":[118,130,95,95,106,106,153,186,257,0,150,161,161,178,178,255,255,270,270,281,49,49,49,49,49,49,49,98,110,129,129,129,129,129],"floor_reached":33,"language":"FRA","playtime":1044,"items_purged":["Doubt"],"score":652,"play_id":"ec8eb55e-2e31-4dec-aa0a-4830a9cad009","local_time":"20210122164057","is_ascension_mode":true,"campfire_choices":[{"data":"Metallicize","floor":6,"key":"SMITH"},{"data":"Dark Embrace","floor":13,"key":"SMITH"},{"data":"Carnage","floor":15,"key":"SMITH"},{"floor":23,"key":"REST"},{"data":"Flex","floor":25,"key":"SMITH"},{"data":"1","floor":27,"key":"LIFT"},{"floor":32,"key":"REST"}],"circlet_count":0,"master_deck":["AscendersBane","Strike_R","Strike_R","Strike_R","Strike_R","Strike_R","Defend_R","Defend_R","Defend_R","Defend_R","Bash","Metallicize+1","Carnage+1","Dark Embrace+1","Thunderclap","Pommel Strike","Fire Breathing+1","Carnage+1","Clash","Barricade+1","CurseOfTheBell","Flex+1","Iron Wave+1","Fire Breathing+1","Fire Breathing+1","Power Through","Clothesline+1"],"relics":["Burning Blood","Meat on the Bone","Ancient Tea Set","Boot","Frozen Egg 2","Juzu Bracelet","Calling Bell","Vajra","Paper Frog","WingedGreaves","Art of War","Girya","Lantern","Nilry\u0027s Codex"],"acts_visited":["Exordium","TheCity"],"potions_floor_usage":[2,15,33],"damage_taken":[{"damage":30,"enemies":"Jaw Worm","floor":1,"turns":6},{"damage":2,"enemies":"2 Louse","floor":2,"turns":4},{"damage":0,"enemies":"Cultist","floor":5,"turns":4},{"damage":34,"enemies":"Lagavulin","floor":8,"turns":6},{"damage":13,"enemies":"2 Fungi Beasts","floor":12,"turns":3},{"damage":14,"enemies":"Large Slime","floor":14,"turns":2},{"damage":27,"enemies":"Slime Boss","floor":16,"turns":8},{"damage":17,"enemies":"Chosen","floor":18,"turns":4},{"damage":20,"enemies":"3 Byrds","floor":20,"turns":3},{"damage":0,"enemies":"Snecko","floor":29,"turns":2},{"damage":30,"enemies":"Snake Plant","floor":30,"turns":4},{"damage":76,"enemies":"Automaton","floor":33,"turns":6}],"seed_played":"-2005860775551672179","potions_obtained":[{"floor":1,"key":"DuplicationPotion"},{"floor":14,"key":"Fruit Juice"},{"floor":16,"key":"BlessingOfTheForge"},{"floor":18,"key":"SteroidPotion"}],"is_trial":false,"path_per_floor":["M","M","?","?","M","R","T","E","T","$","?","M","R","M","R","B",null,"M","?","M","$","?","R","?","R","T","R","T","M","M","?","R","B"],"character_chosen":"IRONCLAD","items_purchased":["Meat on the Bone","Metallicize","Juzu Bracelet","Fire Breathing+1","Art of War"],"campfire_rested":2,"item_purchase_floors":[0,0,10,10,21],"current_hp_per_floor":[44,48,66,66,72,72,72,44,44,44,44,49,49,53,58,49,72,61,61,47,47,47,71,59,59,59,59,59,65,53,32,56,0,0],"gold":129,"neow_bonus":"","is_daily":false,"chose_seed":false,"campfire_upgraded":4,"win_rate":0.0,"timestamp":1611330057,"path_taken":["M","M","?","?","M","R","?","E","T","$","?","M","R","M","R","BOSS","M","?","M","$","?","R","?","R","T","R","?","M","M","?","R","BOSS"],"items_purchased_type":["Relic","Card","Relic","Card","Relic"],"build_version":"2020-12-22","purchased_purges":1,"victory":false,"max_hp_per_floor":[75,75,75,75,75,75,75,75,75,75,75,75,75,75,80,80,80,80,80,80,80,80,80,80,80,80,80,80,80,80,80,80,80,80],"card_choices":[{"not_picked":["Clothesline","Sword Boomerang"],"picked":"Carnage","floor":1},{"not_picked":["Sword Boomerang","Burning Pact"],"picked":"Dark Embrace","floor":2},{"not_picked":["Anger","Seeing Red"],"picked":"Thunderclap","floor":5},{"not_picked":["Dropkick","Reaper"],"picked":"Pommel Strike","floor":8},{"not_picked":["Havoc","Dropkick"],"picked":"Carnage","floor":12},{"not_picked":["Sever Soul","Whirlwind"],"picked":"Clash","floor":14},{"not_picked":["Exhume","Demon Form+1"],"picked":"Barricade+1","floor":16},{"not_picked":["Twin Strike","Havoc"],"picked":"Flex","floor":18},{"not_picked":["Metallicize+1","Perfected Strike"],"picked":"Fire Breathing+1","floor":20},{"not_picked":["Body Slam","Second Wind"],"picked":"Power Through","floor":29},{"not_picked":["Whirlwind","Warcry"],"picked":"Clothesline+1","floor":30}],"player_experience":549228,"relics_obtained":[{"floor":7,"key":"Ancient Tea Set"},{"floor":8,"key":"Boot"},{"floor":9,"key":"Frozen Egg 2"},{"floor":17,"key":"Vajra"},{"floor":17,"key":"Paper Frog"},{"floor":17,"key":"WingedGreaves"},{"floor":26,"key":"Girya"},{"floor":28,"key":"Lantern"},{"floor":31,"key":"Nilry\u0027s Codex"}],"event_choices":[{"damage_healed":18,"gold_gain":0,"player_choice":"Healed","damage_taken":0,"max_hp_gain":0,"max_hp_loss":0,"event_name":"The Cleric","floor":3,"gold_loss":35},{"damage_healed":0,"gold_gain":0,"player_choice":"Grow","damage_taken":0,"max_hp_gain":0,"max_hp_loss":0,"event_name":"Living Wall","floor":4,"gold_loss":0,"cards_upgraded":["Carnage"]},{"damage_healed":0,"gold_gain":150,"player_choice":"AGREE","damage_taken":0,"max_hp_gain":0,"max_hp_loss":0,"event_name":"Liars Game","floor":11,"gold_loss":0,"cards_obtained":["Doubt"]},{"cards_removed":["Fire Breathing"],"damage_healed":0,"gold_gain":0,"player_choice":"Take \u0026 Give","damage_taken":0,"max_hp_gain":0,"max_hp_loss":0,"event_name":"betterNote:BetterNote","floor":19,"gold_loss":0,"cards_obtained":["Iron Wave"]},{"damage_healed":0,"gold_gain":0,"player_choice":"Read","damage_taken":0,"max_hp_gain":0,"max_hp_loss":0,"event_name":"The Library","floor":22,"gold_loss":0,"cards_obtained":["Fire Breathing"]},{"damage_healed":0,"gold_gain":0,"player_choice":"Damaged","damage_taken":12,"max_hp_gain":0,"max_hp_loss":0,"event_name":"Wheel of Change","floor":24,"gold_loss":0},{"damage_healed":0,"gold_gain":0,"player_choice":"Obtained Book","damage_taken":21,"max_hp_gain":0,"max_hp_loss":0,"event_name":"Cursed Tome","floor":31,"gold_loss":0}],"is_beta":false,"boss_relics":[{"not_picked":["Black Blood","Velvet Choker"],"picked":"Calling Bell"}],"items_purged_floors":[21],"is_endless":false,"potions_floor_spawned":[1,14,16,18],"killed_by":"Automaton","ascension_level":18}}