{"host":"sdlwqwiyrrfsdjmi","time":1611304048,"event":{"mods":["AchievementEnabler","BaseMod","Marisa????????","Minty Spire (QoL Compilation)","Prisma Mod","StSLib","The Exalted"],"gold_per_floor":[117,135,135,158,433,471,471,484,484,484,484,502,502,520,520,520,520],"floor_reached":16,"language":"ENG","playtime":1220,"items_purged":[],"score":102,"play_id":"6f833e5d-f60a-45b5-8736-94e4dee595cb","local_time":"20210122002728","is_ascension_mode":false,"campfire_choices":[{"data":"Rampage","floor":7,"key":"SMITH"},{"data":"Armaments","floor":11,"key":"SMITH"},{"floor":15,"key":"REST"}],"circlet_count":0,"master_deck":["Strike_R","Strike_R","Strike_R","Strike_R","Strike_R","Defend_R","Defend_R","Defend_R","Defend_R","Bash","Swift Strike","Rampage+1","Shockwave","Injury","Armaments+1","Regret","Feed","Anger","Intimidate","Dual Wield"],"relics":["Burning Blood","Golden Idol","Orichalcum","PreservedInsect"],"acts_visited":["Exordium"],"potions_floor_usage":[6,16],"damage_taken":[{"damage":9,"enemies":"Small Slimes","floor":1,"turns":3},{"damage":6,"enemies":"Cultist","floor":2,"turns":3},{"damage":0,"enemies":"2 Louse","floor":4,"turns":3},{"damage":20,"enemies":"3 Sentries","floor":6,"turns":10},{"damage":18,"enemies":"Lots of Slimes","floor":8,"turns":4},{"damage":13,"enemies":"Looter","floor":12,"turns":5},{"damage":9,"enemies":"3 Louse","floor":14,"turns":5},{"damage":91,"enemies":"Slime Boss","floor":16,"turns":13}],"seed_played":"-2649797196426470449","potions_obtained":[{"floor":4,"key":"HeartOfIron"},{"floor":6,"key":"EssenceOfSteel"},{"floor":13,"key":"SpeedPotion"},{"floor":13,"key":"SneckoOil"}],"is_trial":false,"path_per_floor":["M","M","?","M","?","E","R","M","T","?","R","M","?","M","R","B"],"character_chosen":"IRONCLAD","items_purchased":[],"campfire_rested":1,"item_purchase_floors":[],"current_hp_per_floor":[77,77,77,80,80,66,66,57,57,62,62,55,55,55,82,0,0],"gold":520,"neow_bonus":"RANDOM_COLORLESS","is_daily":false,"chose_seed":false,"campfire_upgraded":2,"win_rate":0.0,"timestamp":1611304048,"path_taken":["M","M","?","M","?","E","R","?","T","?","R","M","?","M","R","BOSS"],"items_purchased_type":[],"build_version":"2020-12-22","purchased_purges":0,"victory":false,"max_hp_per_floor":[80,80,80,80,80,80,80,83,83,88,88,88,88,91,91,91,91],"card_choices":[{"not_picked":["Madness","Finesse"],"picked":"Swift Strike","floor":0},{"not_picked":["Flex","Armaments"],"picked":"Rampage","floor":1},{"not_picked":["Twin Strike","Sword Boomerang"],"picked":"Shockwave","floor":2},{"not_picked":["Infernal Blade","Clothesline"],"picked":"Armaments","floor":4},{"not_picked":["Wild Strike","Feel No Pain"],"picked":"Feed","floor":6},{"not_picked":["Headbutt","Shockwave"],"picked":"Anger","floor":8},{"not_picked":["Heavy Blade","Perfected Strike"],"picked":"Intimidate","floor":12},{"not_picked":["Thunderclap","Heavy Blade"],"picked":"Dual Wield","floor":14}],"player_experience":136188,"relics_obtained":[{"floor":6,"key":"Orichalcum"},{"floor":9,"key":"PreservedInsect"}],"event_choices":[{"damage_healed":0,"gold_gain":0,"player_choice":"Take Wound","damage_taken":0,"relics_obtained":["Golden Idol"],"max_hp_gain":0,"max_hp_loss":0,"event_name":"Golden Idol","floor":3,"gold_loss":0,"cards_obtained":["Injury"]},{"damage_healed":0,"gold_gain":275,"player_choice":"Desecrate","damage_taken":0,"max_hp_gain":0,"max_hp_loss":0,"event_name":"Golden Shrine","floor":5,"gold_loss":0,"cards_obtained":["Regret"]},{"damage_healed":0,"gold_gain":0,"player_choice":"Donut","damage_taken":0,"max_hp_gain":5,"max_hp_loss":0,"event_name":"Big Fish","floor":10,"gold_loss":0},{"damage_healed":0,"gold_gain":0,"player_choice":"Got Potions","damage_taken":0,"max_hp_gain":0,"max_hp_loss":0,"event_name":"Lab","floor":13,"gold_loss":0}],"is_beta":false,"boss_relics":[],"items_purged_floors":[],"is_endless":false,"potions_floor_spawned":[4,6],"killed_by":"Slime Boss","ascension_level":0}}