{"host":"4myl0piycjadqnwl","time":1611277270,"event":{"mods":["BaseMod","Colored Map","Downfall","Minty Spire (QoL Compilation)","StSLib"],"gold_per_floor":[0,11,161,161,22,38,62,78,78,13,25,57,68,94,105,200,200,200,211,15,115,50,50,77,77,105,105,5,39,39,52,63,160,160,160,180,455,470,76,26,98,129,29,29,40,53,87,104,115,115],"floor_reached":51,"language":"ENG","playtime":5218,"items_purged":["downfall:Icky","bronze:Defend","Normality","Regret"],"score":911,"play_id":"229c0493-f4e7-49d2-af18-32d928abb14d","local_time":"20210122020110","is_ascension_mode":true,"campfire_choices":[{"data":"bronze:Goto","floor":1.0,"key":"SMITH"},{"floor":18.0,"key":"RECALL"},{"floor":25,"key":"REST"},{"floor":28,"key":"REST"},{"floor":30,"key":"REST"},{"floor":35,"key":"REST"},{"floor":43,"key":"REST"}],"circlet_count":0,"master_deck":["bronze:Replicate","bronze:Goto+1","bronze:Terminator+1","bronze:Deprecate","bronze:BuggyMess+1","bronze:SpaghettiCode","bronze:Constructor+1","bronze:Repair","bronze:Constructor","bronze:ClassDefault","bronze:Return","bronze:Iterate","bronze:Verify","bronze:Refactor","bronze:Verify","bronze:Refactor+1","bronze:Shell","bronze:Turbo","bronze:Refactor","bronze:ChildClass","bronze:TinkerersToolbox","J.A.X.","bronze:BronzeOrb+1","bronze:BurnOut","bronze:Terminator","bronze:Verify","bronze:RecursiveStrike","bronze:Iterate","bronze:Invalidate","bronze:BronzeOrb+1","bronze:Shield+1","bronze:BronzeOrb+1","bronze:Frontload+1","bronze:MaxOutput"],"relics":["bronze:BronzeCore","Smiling Mask","MealTicket","Anchor","Fusion Hammer","Guardian:BottledAnomaly","MutagenicStrength","Nunchaku","StrikeDummy","downfall:HeartBlessingRed","White Beast Statue","Sozu","Ice Cream","FossilizedHelix","The Courier","downfall:HeartBlessingGreen","bronze:BottledCode","Bottled Lightning"],"acts_visited":["Exordium","TheCity","TheBeyond"],"potions_floor_usage":[],"damage_taken":[{"damage":0.0,"enemies":"Jaw Worm","floor":2.0,"turns":4.0},{"damage":0.0,"enemies":"downfall:FleeingMerchant","floor":5.0,"turns":4.0},{"damage":6.0,"enemies":"Cultist","floor":6.0,"turns":3.0},{"damage":0.0,"enemies":"Small Slimes","floor":8.0,"turns":1.0},{"damage":5.0,"enemies":"downfall:FleeingMerchant","floor":10.0,"turns":4.0},{"damage":11.0,"enemies":"Exordium Thugs","floor":11.0,"turns":4.0},{"damage":8.0,"enemies":"Lagavulin","floor":12.0,"turns":9.0},{"damage":0.0,"enemies":"Blue Slaver","floor":13.0,"turns":4.0},{"damage":22.0,"enemies":"Gremlin Nob","floor":14.0,"turns":5.0},{"damage":9.0,"enemies":"Gremlin Gang","floor":15.0,"turns":7.0},{"damage":36.0,"enemies":"SI_SHIV_ARCHETYPE","floor":16.0,"turns":10.0},{"damage":5.0,"enemies":"Spheric Guardian","floor":19.0,"turns":4.0},{"damage":1,"enemies":"downfall:FleeingMerchant","floor":20,"turns":4},{"damage":23,"enemies":"downfall:Augmenter","floor":21,"turns":5},{"damage":6,"enemies":"downfall:FleeingMerchant","floor":22,"turns":4},{"damage":23,"enemies":"Book of Stabbing","floor":26,"turns":6},{"damage":16,"enemies":"Gremlin Leader","floor":29,"turns":5},{"damage":3,"enemies":"Chosen","floor":31,"turns":3},{"damage":6,"enemies":"Snake Plant","floor":32,"turns":5},{"damage":17,"enemies":"DF_ARCHETYPE_CLAW","floor":33,"turns":6},{"damage":15,"enemies":"Orb Walker","floor":36,"turns":4},{"damage":23,"enemies":"3 Darklings","floor":38,"turns":4},{"damage":3,"enemies":"downfall:FleeingMerchant","floor":39,"turns":2},{"damage":0,"enemies":"Giant Head","floor":42,"turns":4},{"damage":0,"enemies":"Jaw Worm Horde","floor":45,"turns":6},{"damage":0,"enemies":"Spire Growth","floor":46,"turns":4},{"damage":0,"enemies":"Nemesis","floor":47,"turns":3},{"damage":0,"enemies":"Writhing Mass","floor":48,"turns":5},{"damage":0,"enemies":"Jaw Worm Horde","floor":49,"turns":3},{"damage":3,"enemies":"WA_ARCHETYPE_DIVINITY","floor":50,"turns":11}],"seed_played":"-1002762146571425382","potions_obtained":[{"floor":4.0,"key":"downfall:CursedFountainPotion"},{"floor":6.0,"key":"ColorlessPotion"},{"floor":8.0,"key":"LiquidBronze"},{"floor":13.0,"key":"EntropicBrew"},{"floor":29,"key":"Swift Potion"}],"is_trial":false,"path_per_floor":["R","M","?","?","$","M","T","M","?","$","M","E","M","E","M","B",null,"R","M","$","?","$","?","T","R","E","?","R","E","R","M","M","B",null,"R","M","?","M","$","$","T","E","R","?","M","M","E","M","M","B",null],"character_chosen":"THE_AUTOMATON","items_purchased":["bronze:BuggyMess","bronze:SpaghettiCode","Guardian:BottledAnomaly","bronze:Turbo","Ice Cream","FossilizedHelix","bronze:Iterate","bronze:Invalidate"],"campfire_rested":5,"item_purchase_floors":[5,5,20,20,39,39,39,39],"current_hp_per_floor":[70,70,70,70,70,64,64,64,64,66,59,58,65,50,48,19,70,70,65,70,47,63,63,63,70,50,50,70,61,70,70,67,50,70,70,55,55,39,58,70,70,70,70,60,60,60,60,60,60,57],"gold":115,"neow_bonus":"REMOVE_TWO","is_daily":false,"chose_seed":false,"campfire_upgraded":1,"win_rate":0.0,"timestamp":1611277270,"path_taken":["R","M","?","?","$","?","T","M","?","?","M","E","M","E","M","BOSS","R","M","$","?","$","?","T","R","E","?","R","E","R","?","M","BOSS","R","M","?","M","?","$","T","E","R","?","M","M","E","M","M","BOSS"],"items_purchased_type":["Card","Card","Relic","Card","Relic","Relic","Card","Card"],"build_version":"2020-12-22","purchased_purges":4,"victory":true,"max_hp_per_floor":[70,70,70,70,70,70,70,70,70,70,70,70,70,70,70,70,70,70,70,70,70,70,70,70,70,70,70,70,70,70,70,70,70,70,70,70,70,70,70,70,70,70,70,60,60,60,60,60,60,60],"card_choices":[{"not_picked":["bronze:DelayedGuard","bronze:Repulsor"],"picked":"bronze:Terminator","floor":2.0},{"not_picked":["bronze:Separator","bronze:ItsAFeature"],"picked":"bronze:Deprecate","floor":5.0},{"not_picked":["bronze:Iterate","bronze:Frontload"],"picked":"bronze:Constructor","floor":6.0},{"not_picked":["bronze:CutThrough","bronze:Branch"],"picked":"bronze:Repair","floor":8.0},{"not_picked":["bronze:OilSpill","bronze:Shell"],"picked":"bronze:Constructor","floor":10.0},{"not_picked":["bronze:BitShift","bronze:WildBeam"],"picked":"bronze:ClassDefault","floor":11.0},{"not_picked":["bronze:Optimize","bronze:Shield"],"picked":"bronze:Return","floor":12.0},{"not_picked":["bronze:ChosenStrike","bronze:DelayedSlice"],"picked":"bronze:Iterate","floor":13.0},{"not_picked":["bronze:Shield","bronze:Separator"],"picked":"bronze:Verify","floor":14.0},{"not_picked":["bronze:Constructor","bronze:ForceShield"],"picked":"bronze:Refactor","floor":15.0},{"not_picked":["bronze:AlphaBuild","bronze:HyperBeam"],"picked":"bronze:Verify","floor":16.0},{"not_picked":["bronze:BitShift","bronze:WildBeam"],"picked":"bronze:Refactor+1","floor":19.0},{"not_picked":["bronze:WildBeam","bronze:CleanCode"],"picked":"bronze:Shell","floor":20},{"not_picked":["bronze:ChildClass","bronze:Separator"],"picked":"bronze:TinkerersToolbox","floor":21},{"not_picked":[],"picked":"J.A.X.","floor":21},{"not_picked":["bronze:ItsAFeature+1","bronze:OilSpill+1","bronze:BugBarrage"],"picked":"SKIP","floor":22},{"not_picked":["bronze:CutThrough+1","bronze:Terminator"],"picked":"bronze:BronzeOrb+1","floor":26},{"not_picked":["bronze:Constructor+1","bronze:WhirlingStrike"],"picked":"bronze:BurnOut","floor":29},{"not_picked":["bronze:Separator+1","bronze:Shield+1","bronze:CutThrough"],"picked":"SKIP","floor":31},{"not_picked":["bronze:Turbo","bronze:Frontload"],"picked":"bronze:Terminator","floor":32},{"not_picked":["bronze:TinkerersToolbox","bronze:HardenedForm"],"picked":"bronze:Verify","floor":33},{"not_picked":["bronze:DarkDash","bronze:WhirlingStrike+1","bronze:Shield"],"picked":"SKIP","floor":36},{"not_picked":["bronze:Turbo","bronze:FineTuning+1","bronze:Overheat"],"picked":"SKIP","floor":38},{"not_picked":["bronze:GetLatest+1","bronze:NullPointer+1"],"picked":"bronze:RecursiveStrike","floor":39},{"not_picked":["bronze:Fortify","bronze:FineTuning+1"],"picked":"bronze:BronzeOrb+1","floor":42},{"not_picked":["bronze:Invalidate+1","bronze:Separator","bronze:WildBeam"],"picked":"SKIP","floor":45},{"not_picked":["bronze:Constructor+1","bronze:Deprecate"],"picked":"bronze:Shield+1","floor":46},{"not_picked":["bronze:ClassDefault","bronze:Philosophize+1"],"picked":"bronze:BronzeOrb+1","floor":47},{"not_picked":["bronze:Shell+1","bronze:FineTuning+1"],"picked":"bronze:Frontload+1","floor":48},{"not_picked":["bronze:Shell","bronze:FollowUp"],"picked":"bronze:MaxOutput","floor":49}],"player_experience":1454154,"relics_obtained":[{"floor":7.0,"key":"Smiling Mask"},{"floor":12.0,"key":"MealTicket"},{"floor":14.0,"key":"Anchor"},{"floor":21,"key":"MutagenicStrength"},{"floor":24,"key":"Nunchaku"},{"floor":26,"key":"StrikeDummy"},{"floor":29,"key":"White Beast Statue"},{"floor":42,"key":"The Courier"},{"floor":47,"key":"Bottled Lightning"}],"event_choices":[],"is_beta":false,"boss_relics":[{"not_picked":["Busted Crown","Astrolabe"],"picked":"Fusion Hammer"},{"not_picked":["Tiny House","Snecko Eye"],"picked":"Sozu"}],"items_purged_floors":[10,22,39,40],"is_endless":false,"potions_floor_spawned":[6,8,11,13,15,19,29,31,32,33,36,38,39,42,45,46,47,48,49],"ascension_level":2}}