{"host":"vyjryxuuuxkt43k4","time":1611330456,"event":{"mods":["AchievementEnabler","BaseMod","Colored Map","DeckTracker","Keyboard Shortcuts","Minty Spire (QoL Compilation)","Permanent Neow","Quick Restart","StSLib","SuperFastMode","everything is the same but u backflip on backflip"],"gold_per_floor":[213,223,173,7,19,53,53,81,81,81,103,117,127,159,159,257,257,267,267,66,83,83,98,98,113,160,160,192,203,221,253,253,356,356,369,369,388,29,46,73,73,88,113,142,152,152,152,184,184,184,184,184,12,39,39],"floor_reached":56,"language":"KOR","playtime":4604,"items_purged":["Strike_G","Defend_G"],"score":1883,"play_id":"47dac142-4e32-47d8-bae4-7b3c1a07fe7b","local_time":"20210123004736","is_ascension_mode":true,"campfire_choices":[{"data":"Masterful Stab","floor":7.0,"key":"SMITH"},{"data":"Cloak And Dagger","floor":10.0,"key":"SMITH"},{"data":"After Image","floor":15.0,"key":"SMITH"},{"data":"Phantasmal Killer","floor":24.0,"key":"SMITH"},{"data":"Well Laid Plans","floor":27.0,"key":"SMITH"},{"data":"Acrobatics","floor":32.0,"key":"SMITH"},{"data":"Mayhem","floor":41.0,"key":"SMITH"},{"floor":49.0,"key":"RECALL"},{"data":"Neutralize","floor":52.0,"key":"SMITH"}],"circlet_count":0,"master_deck":["AscendersBane","Defend_G","Defend_G","Defend_G","Defend_G","Survivor","Neutralize+1","Crippling Poison","Well Laid Plans+1","Blade Dance","Cloak And Dagger+1","PiercingWail","After Image+1","Slice+1","Heel Hook+1","Acrobatics+1","Phantasmal Killer+1","Blade Dance+1","Envenom+1","Venomology+1","Prepared+1","After Image+1","Cloak And Dagger+1","Backflip+1","Underhanded Strike+1","Backflip+1","Dagger Spray+1","Accuracy","Venomology","Footwork+1","Mayhem+1","PiercingWail","Deflect+1","Choke+1","Terror+1","Accuracy+1"],"relics":["Ring of the Snake","Molten Egg 2","The Courier","Meat on the Bone","Odd Mushroom","Bronze Scales","Astrolabe","DollysMirror","Mercury Hourglass","Gambling Chip","Coffee Dripper","Pear","Toy Ornithopter","Vajra","Paper Crane","HornCleat","Orichalcum","Happy Flower","Centennial Puzzle"],"acts_visited":["Exordium","TheCity","TheBeyond","TheEnding"],"potions_floor_usage":[55,55,55,55],"damage_taken":[{"damage":0.0,"enemies":"Small Slimes","floor":1.0,"turns":7.0},{"damage":0.0,"enemies":"2 Louse","floor":2.0,"turns":5.0},{"damage":0.0,"enemies":"Cultist","floor":5.0,"turns":3.0},{"damage":17.0,"enemies":"Gremlin Nob","floor":6.0,"turns":4.0},{"damage":12.0,"enemies":"3 Sentries","floor":8.0,"turns":10.0},{"damage":2.0,"enemies":"The Mushroom Lair","floor":11.0,"turns":4.0},{"damage":0.0,"enemies":"Blue Slaver","floor":12.0,"turns":3.0},{"damage":0.0,"enemies":"Exordium Thugs","floor":13.0,"turns":4.0},{"damage":23.0,"enemies":"Gremlin Nob","floor":14.0,"turns":4.0},{"damage":6.0,"enemies":"Hexaghost","floor":16.0,"turns":10.0},{"damage":0.0,"enemies":"3 Byrds","floor":18.0,"turns":4.0},{"damage":6.0,"enemies":"Spheric Guardian","floor":21.0,"turns":4.0},{"damage":0.0,"enemies":"Centurion and Healer","floor":23.0,"turns":5.0},{"damage":0.0,"enemies":"Cultist and Chosen","floor":25.0,"turns":6.0},{"damage":5.0,"enemies":"Book of Stabbing","floor":28.0,"turns":5.0},{"damage":0.0,"enemies":"Chosen and Byrds","floor":29.0,"turns":3.0},{"damage":8.0,"enemies":"Centurion and Healer","floor":30.0,"turns":5.0},{"damage":0.0,"enemies":"Gremlin Leader","floor":31.0,"turns":5.0},{"damage":7.0,"enemies":"Automaton","floor":33.0,"turns":7.0},{"damage":0.0,"enemies":"3 Shapes","floor":35.0,"turns":4.0},{"damage":6.0,"enemies":"Orb Walker","floor":37.0,"turns":3.0},{"damage":0.0,"enemies":"Maw","floor":39.0,"turns":6.0},{"damage":0.0,"enemies":"Giant Head","floor":40.0,"turns":7.0},{"damage":15.0,"enemies":"4 Shapes","floor":42.0,"turns":6.0},{"damage":0.0,"enemies":"Nemesis","floor":44.0,"turns":5.0},{"damage":5.0,"enemies":"Writhing Mass","floor":45.0,"turns":6.0},{"damage":20.0,"enemies":"Giant Head","floor":48.0,"turns":6.0},{"damage":52.0,"enemies":"Awakened One","floor":50.0,"turns":12.0},{"damage":0.0,"enemies":"Shield and Spear","floor":54.0,"turns":7.0},{"damage":56,"enemies":"The Heart","floor":55,"turns":8}],"seed_played":"8650354025461689708","potions_obtained":[{"floor":1.0,"key":"SkillPotion"},{"floor":5.0,"key":"Swift Potion"},{"floor":12.0,"key":"Swift Potion"},{"floor":16.0,"key":"Dexterity Potion"},{"floor":18.0,"key":"Strength Potion"},{"floor":23.0,"key":"SkillPotion"},{"floor":28.0,"key":"GamblersBrew"},{"floor":30.0,"key":"ColorlessPotion"},{"floor":31.0,"key":"GamblersBrew"},{"floor":37.0,"key":"Dexterity Potion"},{"floor":39.0,"key":"DuplicationPotion"},{"floor":44.0,"key":"Energy Potion"},{"floor":45.0,"key":"ColorlessPotion"}],"is_trial":false,"path_per_floor":["M","M","?","$","M","E","R","E","T","R","?","M","M","E","R","B",null,"M","?","$","M","$","M","R","M","T","R","E","M","M","E","R","B",null,"M","$","M","$","M","E","R","M","T","E","M","?","T","E","R","B",null,"R","$","E","B",null],"character_chosen":"THE_SILENT","items_purchased":["Well Laid Plans","Blade Dance","DollysMirror","Mayhem","Pear","PiercingWail","Happy Flower","Ancient Potion"],"campfire_rested":0,"item_purchase_floors":[4,4,20,38,38,38,53,53],"current_hp_per_floor":[63,63,63,63,63,46,46,34,34,34,44,44,44,33,33,39,62,62,62,62,56,56,56,56,56,56,56,51,56,48,48,48,41,63,63,63,57,67,67,67,67,57,57,76,75,75,75,60,60,46,72,72,72,77,41],"gold":39,"neow_bonus":"HUNDRED_GOLD","is_daily":false,"chose_seed":false,"campfire_upgraded":8,"win_rate":0.0,"timestamp":1611330456,"path_taken":["M","M","?","$","M","E","R","E","T","R","?","M","M","E","R","BOSS","M","?","$","M","?","M","R","M","T","R","E","M","M","E","R","BOSS","M","$","M","$","M","E","R","M","T","E","M","?","?","E","R","BOSS","R","$","E","BOSS"],"items_purchased_type":["Card","Card","Relic","Card","Relic","Card","Relic","Potion"],"build_version":"2020-12-22","purchased_purges":2,"victory":true,"max_hp_per_floor":[70,70,70,70,70,70,70,70,70,70,70,70,70,70,70,70,70,70,70,70,70,70,70,70,70,70,70,70,70,70,70,70,70,70,70,70,70,80,80,80,80,80,80,80,80,80,80,80,80,80,80,80,80,80,80],"card_choices":[{"not_picked":["Blade Dance","Endless Agony"],"picked":"Crippling Poison","floor":1.0},{"not_picked":["Dodge and Roll","Slice"],"picked":"Masterful Stab","floor":2.0},{"not_picked":["Sucker Punch","Deadly Poison"],"picked":"Cloak And Dagger","floor":5.0},{"not_picked":["Dodge and Roll","Flying Knee+1"],"picked":"PiercingWail","floor":6.0},{"not_picked":["Die Die Die+1","Dodge and Roll"],"picked":"After Image","floor":8.0},{"not_picked":["Outmaneuver","Sucker Punch+1"],"picked":"Slice+1","floor":11.0},{"not_picked":["Acrobatics","Cloak And Dagger"],"picked":"Heel Hook+1","floor":12.0},{"not_picked":["Bane+1","Prepared"],"picked":"Acrobatics","floor":13.0},{"not_picked":["Quick Slash+1","Eviscerate+1","Deadly Poison"],"picked":"SKIP","floor":14.0},{"not_picked":["Bullet Time","After Image"],"picked":"Phantasmal Killer","floor":16.0},{"not_picked":["Blade Dance","Poisoned Stab+1"],"picked":"Prepared+1","floor":18.0},{"not_picked":["Deadly Poison","Sucker Punch+1"],"picked":"Cloak And Dagger+1","floor":21.0},{"not_picked":["Infinite Blades","Setup"],"picked":"Backflip+1","floor":23.0},{"not_picked":["Backflip","Skewer+1"],"picked":"Underhanded Strike+1","floor":25.0},{"not_picked":["Deflect","Doppelganger","Quick Slash+1"],"picked":"SKIP","floor":28.0},{"not_picked":["Dash+1","Sucker Punch+1"],"picked":"Backflip+1","floor":29.0},{"not_picked":["Leg Sweep","Sucker Punch+1"],"picked":"Dagger Spray+1","floor":30.0},{"not_picked":["Skewer+1","Blade Dance"],"picked":"Accuracy","floor":31.0},{"not_picked":["Envenom","Tools of the Trade"],"picked":"Venomology","floor":33.0},{"not_picked":["Slice+1","Poisoned Stab+1"],"picked":"Footwork+1","floor":35.0},{"not_picked":["Prepared","Deadly Poison","Flying Knee+1"],"picked":"SKIP","floor":37.0},{"not_picked":["Backflip+1","Blade Dance+1"],"picked":"Deflect+1","floor":39.0},{"not_picked":["Acrobatics+1","Poisoned Stab+1"],"picked":"Choke+1","floor":40.0},{"not_picked":["Underhanded Strike+1","Outmaneuver","Bane+1"],"picked":"SKIP","floor":42.0},{"not_picked":["Infinite Blades+1","Deflect","Bouncing Flask"],"picked":"SKIP","floor":44.0},{"not_picked":["Masterful Stab+1","Glass Knife+1"],"picked":"Terror+1","floor":45.0},{"not_picked":["Blade Dance+1","Prepared"],"picked":"Accuracy+1","floor":48.0},{"not_picked":["Poisoned Stab+1","Underhanded Strike+1","Eviscerate+1"],"picked":"SKIP","floor":54.0}],"player_experience":231263,"relics_obtained":[{"floor":6.0,"key":"Molten Egg 2"},{"floor":8.0,"key":"The Courier"},{"floor":9.0,"key":"Meat on the Bone"},{"floor":11.0,"key":"Odd Mushroom"},{"floor":14.0,"key":"Bronze Scales"},{"floor":28.0,"key":"Mercury Hourglass"},{"floor":31.0,"key":"Gambling Chip"},{"floor":40.0,"key":"Toy Ornithopter"},{"floor":43.0,"key":"Vajra"},{"floor":44.0,"key":"Paper Crane"},{"floor":47.0,"key":"HornCleat"},{"floor":48.0,"key":"Orichalcum"},{"floor":54.0,"key":"Centennial Puzzle"}],"event_choices":[{"cards_removed":["Strike_G"],"damage_healed":0.0,"max_hp_gain":0.0,"max_hp_loss":0.0,"gold_gain":0.0,"event_name":"The Cleric","player_choice":"Card Removal","floor":3.0,"gold_loss":50.0,"damage_taken":0.0},{"damage_healed":0.0,"max_hp_gain":0.0,"max_hp_loss":0.0,"gold_gain":0.0,"event_name":"Mushrooms","player_choice":"Fought Mushrooms","floor":11.0,"gold_loss":0.0,"damage_taken":0.0},{"damage_healed":0.0,"max_hp_gain":0.0,"max_hp_loss":0.0,"gold_gain":0.0,"event_name":"N\u0027loth","player_choice":"Ignored","floor":19.0,"gold_loss":0.0,"damage_taken":0.0},{"cards_removed":["Masterful Stab"],"damage_healed":0.0,"max_hp_gain":0.0,"max_hp_loss":0.0,"gold_gain":0.0,"event_name":"Falling","player_choice":"Removed Attack","floor":46.0,"gold_loss":0.0,"damage_taken":0.0}],"is_beta":false,"boss_relics":[{"not_picked":["Calling Bell","Fusion Hammer"],"picked":"Astrolabe"},{"not_picked":["Sozu","HoveringKite"],"picked":"Coffee Dripper"}],"items_purged_floors":[4,20],"is_endless":false,"potions_floor_spawned":[1,5,12,16,18,23,28,30,31,37,39,44,45],"ascension_level":10}}