{"host":"f0gpob8hq9vgebej","time":1611300699,"event":{"mods":["AchievementEnabler","BaseMod","Minty Spire (QoL Compilation)","Quick Restart","SuperFastMode"],"gold_per_floor":[18,18,30,30,30,30,48,64,139,159,184,184,184,197,197,295,295,315,325,360,360,360,360,360],"floor_reached":23,"language":"KOR","playtime":585,"items_purged":[],"score":277,"play_id":"0c6d1b11-8b3b-4ca5-9386-fe359e2b977f","local_time":"20210122163139","is_ascension_mode":true,"campfire_choices":[{"data":"Crippling Poison","floor":6,"key":"SMITH"},{"data":"Bouncing Flask","floor":12,"key":"SMITH"},{"data":"Tactician","floor":15,"key":"SMITH"}],"circlet_count":0,"master_deck":["Strike_G","Strike_G","Strike_G","Strike_G","Defend_G","Defend_G","Defend_G","Defend_G","Defend_G","Survivor","Neutralize","Secret Technique","Dagger Spray","Crippling Poison+1","Well Laid Plans","Bouncing Flask+1","Tactician+1","Acrobatics","Adrenaline","Footwork"],"relics":["Ring of the Snake","PreservedInsect","Gremlin Horn","Du-Vu Doll","Ornamental Fan","Red Mask"],"acts_visited":["Exordium","TheCity"],"potions_floor_usage":[16,16,20,23],"damage_taken":[{"damage":0,"enemies":"Cultist","floor":1,"turns":5},{"damage":1,"enemies":"2 Louse","floor":3,"turns":3},{"damage":0,"enemies":"Small Slimes","floor":7,"turns":3},{"damage":3,"enemies":"Looter","floor":8,"turns":4},{"damage":9,"enemies":"3 Louse","floor":10,"turns":2},{"damage":7,"enemies":"Lagavulin","floor":11,"turns":5},{"damage":4,"enemies":"Blue Slaver","floor":14,"turns":3},{"damage":6,"enemies":"Hexaghost","floor":16,"turns":9},{"damage":0,"enemies":"3 Byrds","floor":18,"turns":3},{"damage":24,"enemies":"2 Thieves","floor":19,"turns":4},{"damage":29,"enemies":"Masked Bandits","floor":20,"turns":4},{"damage":14,"enemies":"Slavers","floor":23,"turns":1}],"seed_played":"-5442132035977355140","potions_obtained":[{"floor":8,"key":"Dexterity Potion"},{"floor":10,"key":"Block Potion"},{"floor":16,"key":"Ancient Potion"},{"floor":20,"key":"Energy Potion"}],"is_trial":false,"path_per_floor":["M","$","M","?","?","R","M","M","T","M","E","R","T","M","R","B",null,"M","M","?","?","?","E"],"character_chosen":"THE_SILENT","items_purchased":[],"campfire_rested":0,"item_purchase_floors":[],"current_hp_per_floor":[63,63,62,67,49,49,49,46,46,37,30,30,30,26,26,20,61,61,37,8,8,8,0,0],"gold":360,"neow_bonus":"RANDOM_COLORLESS_2","is_daily":false,"chose_seed":false,"campfire_upgraded":3,"win_rate":0.0,"timestamp":1611300699,"path_taken":["M","?","M","?","?","R","M","M","T","M","E","R","?","M","R","BOSS","M","M","?","?","?","E"],"items_purchased_type":[],"build_version":"2020-12-22","purchased_purges":0,"victory":false,"max_hp_per_floor":[70,70,70,75,75,75,75,75,75,75,75,75,75,75,75,75,75,75,75,75,75,75,75,75],"card_choices":[{"not_picked":["Magnetism","Thinking Ahead"],"picked":"Secret Technique","floor":0},{"not_picked":["Calculated Gamble","Concentrate"],"picked":"Dagger Spray","floor":1},{"not_picked":["Bane","Reflex"],"picked":"Crippling Poison","floor":3},{"not_picked":["Choke","Quick Slash"],"picked":"Well Laid Plans","floor":7},{"not_picked":["Dagger Throw","Well Laid Plans"],"picked":"Bouncing Flask","floor":8},{"not_picked":["Prepared","Dagger Spray"],"picked":"Tactician","floor":10},{"not_picked":["Poisoned Stab","Dagger Throw","Sucker Punch"],"picked":"SKIP","floor":11},{"not_picked":["Caltrops","Flying Knee"],"picked":"Acrobatics","floor":14},{"not_picked":["Malaise","Grand Finale"],"picked":"Adrenaline","floor":16},{"not_picked":["Crippling Poison","Quick Slash","Cloak And Dagger"],"picked":"SKIP","floor":18},{"not_picked":["Sucker Punch","Skewer","Cloak And Dagger"],"picked":"SKIP","floor":19},{"not_picked":["Bane","Deadly Poison"],"picked":"Footwork","floor":20}],"player_experience":208081,"relics_obtained":[{"floor":9,"key":"Gremlin Horn"},{"floor":11,"key":"Du-Vu Doll"},{"floor":13,"key":"Ornamental Fan"},{"floor":20,"key":"Red Mask"}],"event_choices":[{"damage_healed":0,"gold_gain":0,"player_choice":"Donut","damage_taken":0,"max_hp_gain":5,"max_hp_loss":0,"event_name":"Big Fish","floor":4,"gold_loss":0},{"damage_healed":0,"gold_gain":0,"player_choice":"Success","damage_taken":18,"relics_obtained":["PreservedInsect"],"max_hp_gain":0,"max_hp_loss":0,"event_name":"Scrap Ooze","floor":5,"gold_loss":0},{"damage_healed":0,"gold_gain":0,"player_choice":"Fought Bandits","damage_taken":0,"max_hp_gain":0,"max_hp_loss":0,"event_name":"Masked Bandits","floor":20,"gold_loss":0},{"damage_healed":0,"gold_gain":0,"player_choice":"Ignored","damage_taken":0,"max_hp_gain":0,"max_hp_loss":0,"event_name":"Vampires","floor":21,"gold_loss":0},{"cards_removed":["Strike_G"],"damage_healed":0,"gold_gain":0,"player_choice":"Elegance","damage_taken":0,"max_hp_gain":0,"max_hp_loss":0,"event_name":"Back to Basics","floor":22,"gold_loss":0}],"is_beta":false,"boss_relics":[{"not_picked":["Coffee Dripper","Velvet Choker","Snecko Eye"]}],"items_purged_floors":[],"is_endless":false,"potions_floor_spawned":[8,10,16,20],"killed_by":"Slavers","ascension_level":9}}