{"host":"2lo6hma6kymb0g9i","time":1611338424,"event":{"mods":["BaseMod","Colored Map","DeckTracker","Minty Spire (QoL Compilation)"],"gold_per_floor":[109,109,123,140,158,189,200,200,200,200,235,235,62,62,62,139,139,156,173,193,204,204,204],"floor_reached":22,"language":"JPN","playtime":1561,"items_purged":[],"score":396,"play_id":"e3e40280-e9f1-44a3-980e-218a0f945f9b","local_time":"20210123030024","is_ascension_mode":true,"campfire_choices":[{"floor":8,"key":"REST"},{"data":"Pommel Strike","floor":10,"key":"SMITH"},{"floor":12,"key":"REST"},{"data":"Pommel Strike","floor":15,"key":"SMITH"}],"circlet_count":0,"master_deck":["AscendersBane","Defend_R","Defend_R","Defend_R","Defend_R","Bash","Pommel Strike+1","Rampage","Pommel Strike+1","Immolate","Rage","True Grit+1","Fiend Fire","Berserk+1","Headbutt+1","Flex+1","Intimidate+1"],"relics":["Burning Blood","Eternal Feather","Dream Catcher","Toxic Egg 2","Frozen Egg 2","Medical Kit","MealTicket","Astrolabe"],"acts_visited":["Exordium","TheCity"],"potions_floor_usage":[6,18,19],"damage_taken":[{"damage":2,"enemies":"Cultist","floor":1,"turns":4},{"damage":9,"enemies":"Jaw Worm","floor":3,"turns":4},{"damage":3,"enemies":"2 Louse","floor":4,"turns":4},{"damage":32,"enemies":"Exordium Thugs","floor":5,"turns":6},{"damage":41,"enemies":"Lagavulin","floor":6,"turns":9},{"damage":7,"enemies":"Looter","floor":7,"turns":4},{"damage":30,"enemies":"Gremlin Nob","floor":11,"turns":4},{"damage":39,"enemies":"The Guardian","floor":16,"turns":12},{"damage":0,"enemies":"Spheric Guardian","floor":18,"turns":3},{"damage":12,"enemies":"Chosen","floor":19,"turns":3},{"damage":10,"enemies":"3 Cultists","floor":20,"turns":3},{"damage":43,"enemies":"Sentry and Sphere","floor":21,"turns":6},{"damage":30,"enemies":"Masked Bandits","floor":22,"turns":3}],"seed_played":"2359502088428924849","potions_obtained":[{"floor":5,"key":"Regen Potion"},{"floor":7,"key":"Swift Potion"},{"floor":11,"key":"AttackPotion"}],"is_trial":false,"path_per_floor":["M","T","M","M","M","E","M","R","T","R","E","R","$","?","R","B",null,"M","M","M","M","?"],"character_chosen":"IRONCLAD","items_purchased":["Medical Kit"],"campfire_rested":2,"item_purchase_floors":[13],"current_hp_per_floor":[54,54,51,54,28,8,7,35,35,44,20,51,51,51,60,27,63,69,63,59,22,0,0],"gold":204,"neow_bonus":"REMOVE_TWO","is_daily":false,"chose_seed":false,"campfire_upgraded":2,"win_rate":0.0,"timestamp":1611338424,"path_taken":["M","?","?","M","M","E","?","R","T","R","E","R","$","?","R","BOSS","M","?","M","M","?"],"items_purchased_type":["Relic"],"build_version":"2020-12-22","purchased_purges":0,"victory":false,"max_hp_per_floor":[75,75,75,75,75,75,75,75,75,75,75,75,75,75,75,75,75,75,75,75,75,75,75],"card_choices":[{"not_picked":["Anger","True Grit"],"picked":"Pommel Strike","floor":1},{"not_picked":["Armaments","Entrench"],"picked":"Flame Barrier","floor":3},{"not_picked":["Blood for Blood","Iron Wave"],"picked":"Rampage","floor":4},{"not_picked":["Wild Strike","Sword Boomerang"],"picked":"Pommel Strike","floor":5},{"not_picked":["Flame Barrier","Thunderclap","Uppercut"],"picked":"SKIP","floor":6},{"not_picked":["Clothesline","Pommel Strike"],"picked":"Immolate","floor":7},{"not_picked":["Searing Blow","Dark Embrace"],"picked":"Rage","floor":8},{"not_picked":["Body Slam","Shrug It Off+1"],"picked":"True Grit+1","floor":11},{"not_picked":["Barricade+1","Exhume+1"],"picked":"Fiend Fire","floor":16},{"not_picked":["Spot Weakness+1","Armaments+1"],"picked":"Intimidate+1","floor":18},{"not_picked":["Havoc+1","Cleave","Twin Strike+1"],"picked":"SKIP","floor":19},{"not_picked":["Fire Breathing+1","Havoc+1","Body Slam"],"picked":"SKIP","floor":20},{"not_picked":["Flame Barrier+1","Rupture+1","Clothesline"],"picked":"SKIP","floor":21}],"player_experience":1112567,"relics_obtained":[{"floor":2,"key":"Eternal Feather"},{"floor":6,"key":"Dream Catcher"},{"floor":9,"key":"Toxic Egg 2"},{"floor":11,"key":"Frozen Egg 2"}],"event_choices":[{"cards_removed":["Flame Barrier"],"damage_healed":0,"gold_gain":0,"player_choice":"Gave Card","damage_taken":0,"relics_obtained":["MealTicket"],"max_hp_gain":0,"max_hp_loss":0,"event_name":"WeMeetAgain","floor":14,"gold_loss":0},{"damage_healed":0,"gold_gain":0,"player_choice":"Fought Bandits","damage_taken":0,"max_hp_gain":0,"max_hp_loss":0,"event_name":"Masked Bandits","floor":22,"gold_loss":0}],"is_beta":false,"boss_relics":[{"not_picked":["Sozu","Runic Dome"],"picked":"Astrolabe"}],"items_purged_floors":[],"is_endless":false,"potions_floor_spawned":[5,7,11,16],"killed_by":"Masked Bandits","ascension_level":20}}