{"host":"yciysiy0jlorh0h5","time":1611285512,"event":{"mods":["2.2 Compatiblity","Act Like it!","BaseMod","Bestiary","Better Match","BetterRewards","Curses Come First","Downfall","Elementarium","Friendly Minions","Hallownest","Hermit","Hubris","Infinite Spire","Minty Spire (QoL Compilation)","Rare Cards Sparkle","Shade Mod","StSLib","The Alterego","The Construct","The Cursed","The Hierophant","The Judge","The Mystic","The Runesmith","The Servant 0.9.4","Wandering Minibosses","vexMod"],"gold_per_floor":[99,113,3,3,0,16,43,493,468,484,511,11,11,28,41,41,41,41],"floor_reached":16,"language":"ENG","playtime":4037,"items_purged":[],"score":100,"play_id":"848e8249-1621-4939-86ef-c1fdc5c609df","local_time":"20210121211832","is_ascension_mode":false,"campfire_choices":[{"data":"sneckomod:TailWhip","floor":1,"key":"SMITH"},{"floor":13,"key":"REST"}],"circlet_count":0,"master_deck":["sneckomod:Strike","sneckomod:Strike","sneckomod:Strike","sneckomod:Defend","sneckomod:Defend","sneckomod:Defend","sneckomod:TailWhip+1","sneckomod:SnekBite+1","sneckomod:Unknown","sneckomod:Unknown","sneckomod:Unknown1Cost","sneckomod:Unknown1Cost","sneckomod:UnknownUncommonAttack","sneckomod:QuickMove","sneckomod:UnknownUncommonPower","sneckomod:UnknownVulnerable","downfall:Icky","downfall:Icky","downfall:Icky","sneckomod:UnknownCommonAttack","sneckomod:UnknownUncommonSkill","sneckomod:Unknown0Cost","sneckomod:UnknownRareAttack","sneckomod:UnknownVulnerable","sneckomod:UnknownRareAttack","sneckomod:MasterEye","sneckomod:Unknown1Cost"],"relics":["sneckomod:SneckoSoul","infinitespire:CheckeredPen","Blood Vial","sneckomod:LoadedDie","DollysMirror","Happy Flower"],"acts_visited":["Exordium"],"potions_floor_usage":[11,15,16,16],"damage_taken":[{"damage":11,"enemies":"Jaw Worm","floor":2,"turns":3},{"damage":3,"enemies":"downfall:FleeingMerchant","floor":3,"turns":4},{"damage":15,"enemies":"downfall:FleeingMerchant","floor":5,"turns":4},{"damage":0,"enemies":"Small Slimes","floor":6,"turns":3},{"damage":5,"enemies":"2 Louse","floor":10,"turns":3},{"damage":40,"enemies":"3 Sentries","floor":11,"turns":7},{"damage":15,"enemies":"downfall:FleeingMerchant","floor":12,"turns":4},{"damage":14,"enemies":"Large Slime","floor":14,"turns":5},{"damage":0,"enemies":"3 Louse","floor":15,"turns":2},{"damage":40,"enemies":"WA_ARCHETYPE_RETAIN","floor":16,"turns":7}],"seed_played":"6668287693987835623","potions_obtained":[{"floor":6,"key":"champ:CounterPotion"},{"floor":10,"key":"Explosive Potion"},{"floor":14,"key":"Swift Potion"},{"floor":15,"key":"Dexterity Potion"}],"is_trial":false,"path_per_floor":["R","M","$","?","$","M","T","?","?","M","E","$","R","M","M","B"],"character_chosen":"THE_SNECKO","items_purchased":["sneckomod:UnknownUncommonAttack","sneckomod:QuickMove","sneckomod:UnknownRareAttack","sneckomod:UnknownVulnerable","DollysMirror","Happy Flower"],"campfire_rested":1,"item_purchase_floors":[3,3,12,12,12,12],"current_hp_per_floor":[90,79,76,76,61,61,61,61,61,58,27,14,41,29,34,0,0,0],"gold":41,"neow_bonus":"UPGRADE_CARD","is_daily":false,"chose_seed":false,"campfire_upgraded":1,"win_rate":0.0,"timestamp":1611285512,"path_taken":["R","M","$","?","$","M","T","?","?","M","E","?","R","M","M","BOSS"],"items_purchased_type":["Card","Card","Card","Card","Relic","Relic"],"build_version":"2020-12-22","purchased_purges":0,"victory":false,"max_hp_per_floor":[90,90,90,90,90,90,90,90,90,90,90,90,90,90,93,93,93,93],"card_choices":[{"not_picked":["sneckomod:SerpentIdol","sneckomod:UnendingSupply"],"picked":"sneckomod:Unknown1Cost","floor":2},{"not_picked":["sneckomod:DiceBlock","sneckomod:UnknownUncommonSkill"],"picked":"sneckomod:Unknown1Cost","floor":3},{"not_picked":["sneckomod:MasterEye","sneckomod:WideSting"],"picked":"sneckomod:UnknownUncommonPower","floor":5},{"not_picked":["sneckomod:QuickMove","sneckomod:DiceBlock"],"picked":"sneckomod:UnknownVulnerable","floor":6},{"not_picked":["sneckomod:SoulRoll","sneckomod:QuickBite"],"picked":"sneckomod:UnknownCommonAttack","floor":10},{"not_picked":["sneckomod:SoulCleanse","sneckomod:WideSting"],"picked":"sneckomod:UnknownUncommonSkill","floor":11},{"not_picked":["sneckomod:DiceCrush","sneckomod:SnakeSap"],"picked":"sneckomod:Unknown0Cost","floor":12},{"not_picked":["sneckomod:UnknownStrike","sneckomod:UnknownCommonSkill"],"picked":"sneckomod:MasterEye","floor":14},{"not_picked":["sneckomod:Nope","sneckomod:DefensiveFlair"],"picked":"sneckomod:Unknown1Cost","floor":15}],"player_experience":334245,"relics_obtained":[{"floor":4,"key":"infinitespire:CheckeredPen"},{"floor":7,"key":"Blood Vial"},{"floor":11,"key":"sneckomod:LoadedDie"}],"event_choices":[],"is_beta":false,"boss_relics":[],"items_purged_floors":[],"is_endless":false,"potions_floor_spawned":[6,10,14,15],"killed_by":"WA_ARCHETYPE_RETAIN","ascension_level":0}}