{"host":"foq4mrde4mssg7vt","time":1611315320,"event":{"mods":["AchievementEnabler","BaseMod","Colored Map","Colored Powertips","Highlight Path","Minty Spire (QoL Compilation)","Relic Stats","everything is the same but u backflip on backflip"],"gold_per_floor":[368,386,406,426,54,54,74,100,100,100,127,127,127,155,155,226,226,241,241,241,241,252,252,252,252,252,269,319,346,24,44,44,118,118,137,147,79,59,74,74,102,119,119,148,148,148,148,164,164,164,164,164,164,32,67,67],"floor_reached":57,"language":"ENG","playtime":3331,"items_purged":["Decay"],"score":2946,"play_id":"0586990b-9d29-467b-a44a-a58aa994255d","local_time":"20210122193520","is_ascension_mode":true,"campfire_choices":[{"data":"Bash","floor":6.0,"key":"SMITH"},{"data":"True Grit","floor":10.0,"key":"SMITH"},{"floor":13.0,"key":"REST"},{"data":"Evolve","floor":15.0,"key":"SMITH"},{"data":"Corruption","floor":23.0,"key":"SMITH"},{"data":"Spot Weakness","floor":25.0,"key":"SMITH"},{"data":"Offering","floor":32.0,"key":"SMITH"},{"data":"Offering","floor":40,"key":"SMITH"},{"floor":45,"key":"RECALL"},{"data":"Shockwave","floor":47,"key":"SMITH"},{"data":"Second Wind","floor":49,"key":"SMITH"},{"data":"Battle Trance","floor":53,"key":"SMITH"}],"circlet_count":0,"master_deck":["AscendersBane","Defend_R","Defend_R","Defend_R","Defend_R","Bash+1","Anger","Spot Weakness+1","Pommel Strike","Battle Trance+1","Fire Breathing","True Grit+1","Headbutt","Evolve+1","Corruption+1","Dark Embrace","Bite","Bite","Bite","Bite","Bite","Offering+1","Havoc","Offering+1","Armaments","Shockwave+1","Feel No Pain+1","Entrench","Second Wind+1","Fiend Fire"],"relics":["Black Blood","Vajra","InkBottle","Orichalcum","Bag of Marbles","StrikeDummy","Coffee Dripper","The Courier","Frozen Egg 2","Oddly Smooth Stone","Dead Branch","Lantern","Lizard Tail","Medical Kit","Bottled Tornado"],"acts_visited":["Exordium","TheCity","TheBeyond","TheEnding"],"potions_floor_usage":[33,33,50,56,56],"damage_taken":[{"damage":11.0,"enemies":"2 Louse","floor":1.0,"turns":4.0},{"damage":9.0,"enemies":"Jaw Worm","floor":2.0,"turns":4.0},{"damage":7.0,"enemies":"Cultist","floor":3.0,"turns":4.0},{"damage":16.0,"enemies":"3 Louse","floor":4.0,"turns":3.0},{"damage":6.0,"enemies":"Blue Slaver","floor":7.0,"turns":3.0},{"damage":32.0,"enemies":"Gremlin Nob","floor":8.0,"turns":4.0},{"damage":19.0,"enemies":"Lagavulin","floor":11.0,"turns":5.0},{"damage":5.0,"enemies":"Gremlin Nob","floor":14.0,"turns":3.0},{"damage":0.0,"enemies":"Slime Boss","floor":16.0,"turns":6.0},{"damage":13.0,"enemies":"Chosen","floor":18.0,"turns":4.0},{"damage":15.0,"enemies":"3 Byrds","floor":22.0,"turns":6.0},{"damage":11.0,"enemies":"Centurion and Healer","floor":27.0,"turns":4.0},{"damage":44.0,"enemies":"Book of Stabbing","floor":29.0,"turns":4.0},{"damage":12.0,"enemies":"Snecko","floor":31.0,"turns":3.0},{"damage":52,"enemies":"Automaton","floor":33,"turns":7},{"damage":16,"enemies":"3 Darklings","floor":35,"turns":3},{"damage":6,"enemies":"Orb Walker","floor":36,"turns":3},{"damage":18,"enemies":"Writhing Mass","floor":39,"turns":3},{"damage":12,"enemies":"Giant Head","floor":41,"turns":4},{"damage":27,"enemies":"4 Shapes","floor":42,"turns":5},{"damage":6,"enemies":"Reptomancer","floor":44,"turns":4},{"damage":41,"enemies":"Jaw Worm Horde","floor":48,"turns":5},{"damage":67,"enemies":"Donu and Deca","floor":50,"turns":9},{"damage":20,"enemies":"Time Eater","floor":51,"turns":11},{"damage":21,"enemies":"Shield and Spear","floor":55,"turns":6},{"damage":32,"enemies":"The Heart","floor":56,"turns":8}],"seed_played":"3334009596062666973","potions_obtained":[{"floor":2.0,"key":"AttackPotion"},{"floor":3.0,"key":"AttackPotion"},{"floor":7.0,"key":"Dexterity Potion"},{"floor":14.0,"key":"Weak Potion"},{"floor":22.0,"key":"Block Potion"},{"floor":31.0,"key":"SkillPotion"},{"floor":35,"key":"ColorlessPotion"},{"floor":38,"key":"Energy Potion"},{"floor":55,"key":"GamblersBrew"}],"is_trial":false,"path_per_floor":["M","M","M","M","$","R","M","E","T","R","E","?","R","E","R","B",null,"M","?","?","?","M","R","?","R","T","M","?","E","$","M","R","B",null,"M","M","$","?","M","R","E","M","T","E","R","?","R","M","R","B","B",null,"R","$","E","B",null],"character_chosen":"IRONCLAD","items_purchased":["Battle Trance","Fire Breathing","Vajra","BloodPotion","Dead Branch","GamblersBrew","Medical Kit"],"campfire_rested":1,"item_purchase_floors":[5,5,5,5,30,37,54],"current_hp_per_floor":[45,42,41,31,31,31,46,20,20,20,7,7,29,30,30,36,65,58,58,52,52,52,52,52,52,52,52,52,24,24,30,30,12,42,46,52,52,52,50,50,52,45,45,52,52,52,52,35,35,38,52,52,52,52,52,48],"gold":67,"neow_bonus":"TWO_FIFTY_GOLD","is_daily":false,"chose_seed":false,"campfire_upgraded":10,"win_rate":0.0,"timestamp":1611315320,"path_taken":["M","M","M","M","$","R","M","E","T","R","E","?","R","E","R","BOSS","M","?","?","?","?","R","?","R","T","M","?","E","$","M","R","BOSS","M","M","$","?","M","R","E","?","T","E","R","?","R","M","R","BOSS","BOSS","R","$","E","BOSS"],"items_purchased_type":["Card","Card","Relic","Potion","Relic","Potion","Relic"],"build_version":"2020-12-22","purchased_purges":1,"victory":true,"max_hp_per_floor":[75,75,75,75,75,75,75,75,75,75,75,75,75,75,75,75,75,75,75,52,52,52,52,52,52,52,52,52,52,52,52,52,52,52,52,52,52,52,52,52,52,52,52,52,52,52,52,52,52,52,52,52,52,52,52,52],"relic_stats":{"Lizard Tail":26,"counters":[26,125],"Dead Branch":[379],"Black Blood":204,"Orichalcum":[144],"Medical Kit":[10],"obtain_stats":[{"Lantern":41,"Dead Branch":30,"Vajra":5,"Oddly Smooth Stone":29,"Black Blood":34,"The Courier":21,"Orichalcum":9,"Frozen Egg 2":26,"Bottled Tornado":55,"Medical Kit":54,"Burning Blood":0,"Lizard Tail":44,"Bag of Marbles":11,"Coffee Dripper":17,"StrikeDummy":14,"InkBottle":8},{"Lantern":19,"Dead Branch":13,"Vajra":4,"Oddly Smooth Stone":13,"Black Blood":15,"The Courier":10,"Orichalcum":6,"Frozen Egg 2":11,"Bottled Tornado":25,"Medical Kit":24,"Burning Blood":0,"Lizard Tail":21,"Bag of Marbles":7,"Coffee Dripper":9,"StrikeDummy":8,"InkBottle":6},{"Lantern":77,"Dead Branch":54,"Vajra":15,"Oddly Smooth Stone":54,"Black Blood":64,"The Courier":40,"Orichalcum":22,"Frozen Egg 2":46,"Bottled Tornado":117,"Medical Kit":111,"Burning Blood":0,"Lizard Tail":86,"Bag of Marbles":27,"Coffee Dripper":36,"StrikeDummy":30,"InkBottle":22}],"InkBottle":[58]},"card_choices":[{"not_picked":["Armaments","Clothesline"],"picked":"Anger","floor":1.0},{"not_picked":["Perfected Strike","Disarm"],"picked":"Spot Weakness","floor":2.0},{"not_picked":["Inflame","Warcry","Anger"],"picked":"SKIP","floor":3.0},{"not_picked":["Body Slam","Spot Weakness"],"picked":"Pommel Strike","floor":4.0},{"not_picked":["Demon Form","Hemokinesis"],"picked":"True Grit","floor":7.0},{"not_picked":["True Grit","Rage"],"picked":"Headbutt","floor":8.0},{"not_picked":["Iron Wave","Brutality"],"picked":"Evolve","floor":11.0},{"not_picked":["Battle Trance","Hemokinesis","Spot Weakness"],"picked":"SKIP","floor":14.0},{"not_picked":["Demon Form","Berserk"],"picked":"Corruption","floor":16.0},{"not_picked":["Wild Strike+1","Clothesline","Bloodletting"],"picked":"SKIP","floor":18.0},{"not_picked":["Clash","Infernal Blade","Anger"],"picked":"SKIP","floor":22.0},{"not_picked":["Sword Boomerang","Havoc"],"picked":"Offering","floor":27.0},{"not_picked":["Whirlwind","Rage"],"picked":"Cleave","floor":29.0},{"not_picked":["Body Slam","Perfected Strike"],"picked":"Havoc","floor":31.0},{"not_picked":["Brutality+1","Limit Break"],"picked":"Offering","floor":33},{"not_picked":["Body Slam","Intimidate+1"],"picked":"Armaments","floor":35},{"not_picked":["Body Slam","Power Through"],"picked":"Shockwave","floor":36},{"not_picked":["Cleave+1","Body Slam","Sword Boomerang"],"picked":"SKIP","floor":39},{"not_picked":["Bludgeon","Iron Wave"],"picked":"Feel No Pain+1","floor":41},{"not_picked":["Warcry+1","Sword Boomerang"],"picked":"Entrench","floor":42},{"not_picked":["Power Through","Evolve+1","Sword Boomerang"],"picked":"SKIP","floor":44},{"not_picked":["Clothesline+1","Armaments"],"picked":"Second Wind","floor":48},{"not_picked":["Ghostly Armor","Rage"],"picked":"Fiend Fire","floor":55}],"player_experience":541575,"relics_obtained":[{"floor":8.0,"key":"InkBottle"},{"floor":9.0,"key":"Orichalcum"},{"floor":11.0,"key":"Bag of Marbles"},{"floor":14.0,"key":"StrikeDummy"},{"floor":26.0,"key":"Frozen Egg 2"},{"floor":29.0,"key":"Oddly Smooth Stone"},{"floor":41,"key":"Lantern"},{"floor":44,"key":"Lizard Tail"},{"floor":55,"key":"Bottled Tornado"}],"event_choices":[{"damage_healed":0.0,"max_hp_gain":0.0,"max_hp_loss":0.0,"gold_gain":0.0,"event_name":"Shining Light","player_choice":"Ignored","floor":12.0,"gold_loss":0.0,"damage_taken":0.0},{"damage_healed":0.0,"max_hp_gain":0.0,"max_hp_loss":0.0,"gold_gain":0.0,"event_name":"The Library","player_choice":"Read","floor":19.0,"gold_loss":0.0,"damage_taken":0.0,"cards_obtained":["Dark Embrace"]},{"damage_healed":0.0,"max_hp_gain":0.0,"max_hp_loss":23.0,"gold_gain":0.0,"event_name":"Vampires","player_choice":"Became a vampire","floor":20.0,"gold_loss":0.0,"damage_taken":0.0,"cards_obtained":["Bite","Bite","Bite","Bite","Bite"]},{"damage_healed":0.0,"max_hp_gain":0.0,"max_hp_loss":0.0,"gold_gain":0.0,"event_name":"WeMeetAgain","player_choice":"Gave Potion","floor":21.0,"gold_loss":0.0,"damage_taken":0.0,"relics_obtained":["The Courier"]},{"damage_healed":0.0,"max_hp_gain":0.0,"max_hp_loss":0.0,"gold_gain":0.0,"event_name":"Forgotten Altar","player_choice":"Smashed Altar","floor":24.0,"gold_loss":0.0,"damage_taken":0.0,"cards_obtained":["Decay"]},{"damage_healed":0.0,"max_hp_gain":0.0,"max_hp_loss":0.0,"gold_gain":50.0,"event_name":"Nest","player_choice":"Stole From Cult","floor":28.0,"gold_loss":0.0,"damage_taken":0.0},{"damage_healed":0,"gold_gain":0,"player_choice":"Bought 1 Potion","damage_taken":0,"max_hp_gain":0,"max_hp_loss":0,"event_name":"The Woman in Blue","floor":38,"gold_loss":0},{"cards_removed":["Cleave"],"damage_healed":0,"gold_gain":0,"player_choice":"Removed Attack","damage_taken":0,"max_hp_gain":0,"max_hp_loss":0,"event_name":"Falling","floor":46,"gold_loss":0}],"is_beta":false,"boss_relics":[{"not_picked":["Runic Dome","Velvet Choker"],"picked":"Coffee Dripper"},{"not_picked":["SacredBark","Busted Crown"],"picked":"Black Blood"}],"items_purged_floors":[30],"is_endless":false,"potions_floor_spawned":[2,3,7,14,22,31,35,42,44,55],"ascension_level":20}}