{"host":"tcbcu0e72zetwacg","time":1611344712,"event":{"mods":["AchievementEnabler","BaseMod","Colored Map","Downfall","Minty Spire (QoL Compilation)","StSLib"],"gold_per_floor":[99,115,132,152,169,200,200,200,216,216,316,368,368,278,289,289,289,289],"floor_reached":16,"language":"ENG","playtime":1036,"items_purged":["champ:Strike"],"score":102,"play_id":"39730935-3c2a-4fef-b397-e87c5ce7f0cd","local_time":"20210122214512","is_ascension_mode":false,"campfire_choices":[{"data":"champ:Taunt","floor":1,"key":"SMITH"},{"data":"champ:FanOfKnives","floor":8,"key":"SMITH"},{"data":"champ:ShieldSlam","floor":10,"key":"SMITH"},{"floor":13,"key":"REST"}],"circlet_count":0,"master_deck":["champ:Strike","champ:Strike","champ:Strike","champ:Defend","champ:Defend","champ:Defend","champ:Defend","champ:Execute","champ:Taunt+1","champ:GutPunch","champ:ShieldSlam+1","champ:IronFortress","champ:FanOfKnives+1","champ:EnragedBash","champ:FocusedBerserking","champ:BerserkersShout"],"relics":["champ:ChampionCrown","Art of War","champ:FightingForDummies","CloakClasp","Bag of Preparation"],"acts_visited":["Exordium"],"potions_floor_usage":[11],"damage_taken":[{"damage":11,"enemies":"Jaw Worm","floor":2,"turns":5},{"damage":15,"enemies":"2 Louse","floor":3,"turns":2},{"damage":10,"enemies":"Cultist","floor":4,"turns":4},{"damage":12,"enemies":"Blue Slaver","floor":5,"turns":4},{"damage":70,"enemies":"Lagavulin","floor":6,"turns":8},{"damage":16,"enemies":"Exordium Thugs","floor":9,"turns":5},{"damage":65,"enemies":"Exordium Thugs","floor":11,"turns":8},{"damage":15,"enemies":"downfall:FleeingMerchant","floor":14,"turns":4},{"damage":20,"enemies":"Exordium Wildlife","floor":15,"turns":3},{"damage":99,"enemies":"SI_SHIV_ARCHETYPE","floor":16,"turns":7}],"seed_played":"5444953898081520121","potions_obtained":[{"floor":2,"key":"bronze:BurnAndBuffPotion"},{"floor":4,"key":"Swift Potion"},{"floor":6,"key":"Fire Potion"}],"is_trial":false,"path_per_floor":["R","M","M","M","M","E","T","R","M","R","?","T","R","$","M","B"],"character_chosen":"THE_CHAMP","items_purchased":[],"campfire_rested":1,"item_purchase_floors":[],"current_hp_per_floor":[99,98,93,93,91,51,51,51,45,45,25,25,54,54,54,0,0,0],"gold":289,"neow_bonus":"TEN_PERCENT_HP_BONUS","is_daily":false,"chose_seed":false,"campfire_upgraded":3,"win_rate":0.0,"timestamp":1611344712,"path_taken":["R","M","M","M","M","E","T","R","M","R","?","?","R","$","M","BOSS"],"items_purchased_type":[],"build_version":"2020-12-22","purchased_purges":1,"victory":false,"max_hp_per_floor":[99,99,99,99,99,99,99,99,99,99,99,99,99,99,99,99,99,99],"card_choices":[{"not_picked":["champ:Shatter","champ:Circumvent"],"picked":"champ:GutPunch","floor":2},{"not_picked":["champ:DefensiveShout","champ:Haymaker"],"picked":"champ:ShieldSlam","floor":3},{"not_picked":["champ:FancyFootwork","champ:DefensiveShout"],"picked":"champ:IronFortress","floor":4},{"not_picked":["champ:PreemptiveStrike","champ:SteelEdge"],"picked":"champ:FanOfKnives","floor":5},{"not_picked":["champ:FancyFootwork","champ:CrownThrow"],"picked":"champ:EnragedBash","floor":6},{"not_picked":["champ:BringItOn","champ:Shatter"],"picked":"champ:FocusedBerserking","floor":9},{"not_picked":["champ:TornadoPunch","champ:Circumvent"],"picked":"champ:BerserkersShout","floor":14},{"not_picked":["champ:FancyFootwork","champ:GutPunch","champ:FaceSlap"],"picked":"SKIP","floor":15}],"player_experience":266092,"relics_obtained":[{"floor":6,"key":"Art of War"},{"floor":7,"key":"champ:FightingForDummies"},{"floor":11,"key":"CloakClasp"},{"floor":12,"key":"Bag of Preparation"}],"event_choices":[],"is_beta":false,"boss_relics":[],"items_purged_floors":[14],"is_endless":false,"potions_floor_spawned":[2,4,6],"killed_by":"SI_SHIV_ARCHETYPE","ascension_level":0}}