{"host":"k7udt7atmcuzf6l0","time":1611299841,"event":{"mods":["AchievementEnabler","BaseMod","Colored Map","Colored Powertips","Highlight Path","Minty Spire (QoL Compilation)","Quick Restart","Rare Cards Sparkle","StSLib","UnlockEverythingMod"],"gold_per_floor":[113,113,42,42,55,55,90,90,90,116,116,133,133,152,152,254,254,269,286,75,75,90,117,117,117],"floor_reached":24,"language":"ZHT","playtime":667,"items_purged":[],"score":251,"play_id":"80688a7e-bc1c-42cb-b32d-64316f6e8f37","local_time":"20210122151721","is_ascension_mode":false,"campfire_choices":[{"data":"Armaments","floor":6,"key":"SMITH"},{"data":"Shockwave","floor":8,"key":"SMITH"},{"data":"Flex","floor":13,"key":"SMITH"},{"data":"Inflame","floor":15,"key":"SMITH"}],"circlet_count":0,"master_deck":["Strike_R","Strike_R","Strike_R","Strike_R","Strike_R","Defend_R","Defend_R","Defend_R","Bash","Shockwave+1","Dropkick","Armaments+1","Flex+1","Inflame+1","Reaper","Flex","Warcry","Double Tap","Rage","Battle Trance","Combust+1"],"relics":["Burning Blood","NeowsBlessing","Gambling Chip","Gremlin Horn","Boot","Sozu","Shovel"],"acts_visited":["Exordium","TheCity"],"potions_floor_usage":[10,10,18,21,23],"damage_taken":[{"damage":0,"enemies":"2 Louse","floor":1,"turns":1},{"damage":0,"enemies":"Cultist","floor":5,"turns":1},{"damage":0,"enemies":"3 Sentries","floor":7,"turns":2},{"damage":18,"enemies":"Lagavulin","floor":10,"turns":5},{"damage":6,"enemies":"Jaw Worm","floor":12,"turns":3},{"damage":15,"enemies":"Exordium Thugs","floor":14,"turns":4},{"damage":35,"enemies":"Slime Boss","floor":16,"turns":11},{"damage":6,"enemies":"2 Thieves","floor":18,"turns":4},{"damage":6,"enemies":"Chosen","floor":19,"turns":3},{"damage":0,"enemies":"3 Cultists","floor":21,"turns":1},{"damage":42,"enemies":"Snake Plant","floor":22,"turns":4},{"damage":63,"enemies":"Gremlin Leader","floor":23,"turns":6},{"damage":7,"enemies":"Shelled Parasite and Fungi","floor":24,"turns":1}],"seed_played":"6262567433633323988","potions_obtained":[{"floor":1,"key":"Weak Potion"},{"floor":7,"key":"Strength Potion"},{"floor":11,"key":"BlessingOfTheForge"},{"floor":11,"key":"ElixirPotion"},{"floor":11,"key":"SpeedPotion"},{"floor":12,"key":"SmokeBomb"},{"floor":14,"key":"DuplicationPotion"}],"is_trial":false,"path_per_floor":["M","?","$","$","M","R","E","R","T","E","?","M","R","M","R","B",null,"M","M","$","M","M","E","M"],"character_chosen":"IRONCLAD","items_purchased":["Dropkick","Double Tap","Rage"],"campfire_rested":0,"item_purchase_floors":[3,20,20],"current_hp_per_floor":[80,80,80,80,80,80,80,80,80,68,68,68,68,59,59,30,80,80,80,80,80,44,7,0,0],"gold":117,"neow_bonus":"THREE_ENEMY_KILL","is_daily":false,"chose_seed":false,"campfire_upgraded":4,"win_rate":0.0,"timestamp":1611299841,"path_taken":["M","?","?","$","M","R","E","R","T","E","?","M","R","M","R","BOSS","M","M","$","M","M","E","M"],"items_purchased_type":["Card","Card","Card"],"build_version":"2020-12-22","purchased_purges":0,"victory":false,"max_hp_per_floor":[80,80,80,80,80,80,80,80,80,80,80,80,80,80,80,80,80,80,80,80,80,80,80,80,80],"card_choices":[{"not_picked":["Headbutt","Sword Boomerang"],"picked":"Shockwave","floor":1},{"not_picked":["Entrench","Uppercut"],"picked":"Armaments","floor":5},{"not_picked":["Clothesline","Anger","Feel No Pain"],"picked":"SKIP","floor":7},{"not_picked":["Reaper","Warcry"],"picked":"Flex","floor":10},{"not_picked":["Flex","Armaments","Clothesline"],"picked":"SKIP","floor":12},{"not_picked":["Rage","Perfected Strike"],"picked":"Inflame","floor":14},{"not_picked":["Demon Form","Feed"],"picked":"Reaper","floor":16},{"not_picked":["Wild Strike","Rampage"],"picked":"Flex","floor":18},{"not_picked":["Clothesline+1","Immolate"],"picked":"Warcry","floor":19},{"not_picked":["Thunderclap","Anger"],"picked":"Battle Trance","floor":22},{"not_picked":["Uppercut","True Grit+1"],"picked":"Combust+1","floor":23}],"player_experience":94107,"relics_obtained":[{"floor":7,"key":"Gambling Chip"},{"floor":9,"key":"Gremlin Horn"},{"floor":10,"key":"Boot"},{"floor":23,"key":"Shovel"}],"event_choices":[{"cards_removed":["Defend_R"],"damage_healed":0,"gold_gain":0,"player_choice":"Purged","damage_taken":0,"max_hp_gain":0,"max_hp_loss":0,"event_name":"Purifier","floor":2,"gold_loss":0},{"damage_healed":0,"gold_gain":0,"player_choice":"Got Potions","damage_taken":0,"max_hp_gain":0,"max_hp_loss":0,"event_name":"Lab","floor":11,"gold_loss":0}],"is_beta":false,"boss_relics":[{"not_picked":["Busted Crown","Snecko Eye"],"picked":"Sozu"}],"items_purged_floors":[],"is_endless":false,"potions_floor_spawned":[1,7,12,14,21,23],"killed_by":"Shelled Parasite and Fungi","ascension_level":0}}