{"host":"nolo0osttpwefhwj","time":1611342253,"event":{"mods":["AchievementEnabler","BaseMod","Bestiary","Colored Powertips","Minty Spire (QoL Compilation)","Permanent Neow","Quick Restart","Relic Stats"],"gold_per_floor":[118,129,79,79,91,91,125,137,137,137,3,3,3,41,41,135,135,155,155,195,195,211,255,255,291,291,291,304,504,524,545,545,639,639,655,22,37,60,76,116,135,168,222,235,235,235,271,271,271,271,271,271,46,79,79,79],"floor_reached":55,"language":"ENG","playtime":4372,"items_purged":[],"score":1403,"play_id":"3dd6bac0-6db1-4779-b215-21247da60af1","local_time":"20210122200413","is_ascension_mode":true,"campfire_choices":[{"data":"Dagger Spray","floor":6.0,"key":"SMITH"},{"data":"Cloak And Dagger","floor":13.0,"key":"SMITH"},{"data":"Neutralize","floor":15.0,"key":"SMITH"},{"data":"Envenom","floor":24.0,"key":"SMITH"},{"data":"Wraith Form v2","floor":27.0,"key":"SMITH"},{"data":"Cloak And Dagger","floor":32.0,"key":"SMITH"},{"data":"Burst","floor":45.0,"key":"SMITH"},{"floor":49,"key":"RECALL"},{"data":"Adrenaline","floor":52,"key":"SMITH"}],"circlet_count":0,"master_deck":["AscendersBane","Survivor","Neutralize+1","Poisoned Stab","Dagger Spray+1","Infinite Blades","Cloak And Dagger+1","Flash of Steel","Tools of the Trade","Phantasmal Killer+1","Blade Dance","PiercingWail","All Out Attack","Envenom+1","Corpse Explosion","Glass Knife","A Thousand Cuts","Expertise","Dagger Throw","Ghostly","Ghostly","Ghostly","Ghostly","Ghostly+1","Underhanded Strike","Calculated Gamble+1","Wraith Form v2+1","Concentrate+1","Cloak And Dagger+1","Adrenaline+1","Backstab","Burst+1","Deflect","Endless Agony","Dagger Spray+1","Terror","Blade Dance","Venomology","Infinite Blades","Madness","Madness","Infinite Blades","Envenom","Burst"],"relics":["Ring of the Snake","Pen Nib","Pantograph","Potion Belt","Golden Idol","MealTicket","Pandora\u0027s Box","MutagenicStrength","Red Mask","Darkstone Periapt","Boot","Matryoshka","SacredBark","Shuriken","Mummified Hand","War Paint","Bag of Preparation","Omamori","Oddly Smooth Stone","Gremlin Horn","Nunchaku"],"acts_visited":["Exordium","TheCity","TheBeyond","TheEnding"],"potions_floor_usage":[50,50,55,55,55,55,55,55],"damage_taken":[{"damage":0.0,"enemies":"2 Louse","floor":1.0,"turns":4.0},{"damage":1.0,"enemies":"Jaw Worm","floor":2.0,"turns":5.0},{"damage":0.0,"enemies":"Cultist","floor":5.0,"turns":3.0},{"damage":12.0,"enemies":"3 Sentries","floor":7.0,"turns":7.0},{"damage":1.0,"enemies":"Large Slime","floor":8.0,"turns":5.0},{"damage":16.0,"enemies":"Lagavulin","floor":14.0,"turns":6.0},{"damage":39.0,"enemies":"Slime Boss","floor":16.0,"turns":10.0},{"damage":12.0,"enemies":"2 Thieves","floor":18.0,"turns":3.0},{"damage":0.0,"enemies":"Masked Bandits","floor":20.0,"turns":1.0},{"damage":6.0,"enemies":"Shell Parasite","floor":22.0,"turns":5.0},{"damage":4.0,"enemies":"Book of Stabbing","floor":23.0,"turns":5.0},{"damage":4.0,"enemies":"Slavers","floor":25.0,"turns":4.0},{"damage":3.0,"enemies":"Snake Plant","floor":28.0,"turns":4.0},{"damage":0.0,"enemies":"3 Cultists","floor":30.0,"turns":4.0},{"damage":2.0,"enemies":"Snecko","floor":31.0,"turns":5.0},{"damage":21.0,"enemies":"Champ","floor":33.0,"turns":8.0},{"damage":2.0,"enemies":"Orb Walker","floor":35.0,"turns":4.0},{"damage":0.0,"enemies":"3 Darklings","floor":37.0,"turns":3.0},{"damage":3.0,"enemies":"Transient","floor":38.0,"turns":5.0},{"damage":1.0,"enemies":"Maw","floor":39.0,"turns":7.0},{"damage":0.0,"enemies":"Nemesis","floor":40.0,"turns":5.0},{"damage":1.0,"enemies":"3 Darklings","floor":41.0,"turns":2.0},{"damage":3.0,"enemies":"Reptomancer","floor":42.0,"turns":4.0},{"damage":0.0,"enemies":"Jaw Worm Horde","floor":44.0,"turns":3.0},{"damage":3.0,"enemies":"Nemesis","floor":47.0,"turns":5.0},{"damage":7,"enemies":"Time Eater","floor":50,"turns":12},{"damage":11,"enemies":"Shield and Spear","floor":54,"turns":7},{"damage":32,"enemies":"The Heart","floor":55,"turns":8}],"seed_played":"-8991576305193056140","potions_obtained":[{"floor":1.0,"key":"SkillPotion"},{"floor":8.0,"key":"Block Potion"},{"floor":16.0,"key":"ColorlessPotion"},{"floor":18.0,"key":"Poison Potion"},{"floor":22.0,"key":"CunningPotion"},{"floor":25.0,"key":"SneckoOil"},{"floor":30.0,"key":"DuplicationPotion"},{"floor":33.0,"key":"GhostInAJar"},{"floor":39.0,"key":"Explosive Potion"},{"floor":40.0,"key":"GamblersBrew"},{"floor":41.0,"key":"PowerPotion"},{"floor":47.0,"key":"Regen Potion"}],"is_trial":false,"path_per_floor":["M","M","?","?","M","R","E","M","T","?","$","?","R","E","R","B",null,"M","?","?","?","M","E","R","E","T","R","M","?","M","M","R","B",null,"M","$","M","M","M","E","M","E","T","M","R","?","E","?","R","B",null,"R","$","E","B"],"character_chosen":"THE_SILENT","items_purchased":["Flash of Steel","FearPotion","Shuriken","Mummified Hand","Burst","LiquidMemories","DuplicationPotion","Burst"],"campfire_rested":0,"item_purchase_floors":[11,11,36,36,36,53,53,53],"current_hp_per_floor":[63,62,62,62,62,62,50,49,49,46,46,46,46,30,30,16,53,41,41,41,32,26,22,22,18,18,18,15,15,15,13,13,11,27,25,32,32,29,28,28,27,24,24,24,24,20,17,17,17,25,30,30,32,21,0,0],"gold":79,"neow_bonus":"RANDOM_COMMON_RELIC","is_daily":false,"chose_seed":false,"campfire_upgraded":8,"win_rate":0.0,"timestamp":1611342253,"path_taken":["M","M","?","?","?","R","E","M","T","?","$","?","R","E","R","BOSS","M","?","?","?","M","E","R","E","T","R","M","?","M","?","R","BOSS","M","$","M","?","M","E","M","E","T","M","R","?","E","?","R","BOSS","R","$","E","BOSS"],"items_purchased_type":["Card","Potion","Relic","Relic","Card","Potion","Potion","Card"],"build_version":"2020-12-22","purchased_purges":0,"victory":false,"max_hp_per_floor":[70,70,70,70,70,70,70,70,70,70,70,65,65,65,65,65,65,65,65,65,32,32,32,32,32,32,32,32,32,32,32,32,32,32,32,32,32,32,32,32,32,32,32,32,32,32,32,32,32,32,32,32,32,32,32,32],"relic_stats":{"Darkstone Periapt":0,"Gremlin Horn":[0,0],"counters":[28,144],"Golden Idol":156,"Pen Nib":[42],"Bag of Preparation":[10],"War Paint":["Ghostly","Phantasmal Killer"],"Boot":[115],"Nunchaku":[2],"Shuriken":[44],"Mummified Hand":[47],"Pantograph":70,"MealTicket":9,"Pandora\u0027s Box":["Blade Dance","PiercingWail","All Out Attack","Envenom","Corpse Explosion","Glass Knife","A Thousand Cuts","Expertise"],"obtain_stats":[{"Potion Belt":10,"Darkstone Periapt":23,"Gremlin Horn":47,"Golden Idol":12,"SacredBark":34,"Oddly Smooth Stone":43,"Pen Nib":0,"Bag of Preparation":42,"Omamori":43,"War Paint":40,"Boot":25,"Nunchaku":54,"Matryoshka":26,"Shuriken":36,"Mummified Hand":36,"Pantograph":7,"MutagenicStrength":19,"MealTicket":14,"Pandora\u0027s Box":17,"Red Mask":20,"Ring of the Snake":0},{"Potion Belt":5,"Darkstone Periapt":11,"Gremlin Horn":25,"Golden Idol":5,"SacredBark":16,"Oddly Smooth Stone":23,"Pen Nib":0,"Bag of Preparation":23,"Omamori":23,"War Paint":21,"Boot":12,"Nunchaku":27,"Matryoshka":12,"Shuriken":17,"Mummified Hand":17,"Pantograph":4,"MutagenicStrength":8,"MealTicket":6,"Pandora\u0027s Box":7,"Red Mask":9,"Ring of the Snake":0},{"Potion Belt":24,"Darkstone Periapt":54,"Gremlin Horn":117,"Golden Idol":24,"SacredBark":79,"Oddly Smooth Stone":109,"Pen Nib":0,"Bag of Preparation":109,"Omamori":109,"War Paint":103,"Boot":58,"Nunchaku":136,"Matryoshka":58,"Shuriken":83,"Mummified Hand":83,"Pantograph":19,"MutagenicStrength":43,"MealTicket":30,"Pandora\u0027s Box":40,"Red Mask":44,"Ring of the Snake":0}],"Ring of the Snake":[56]},"card_choices":[{"not_picked":["Calculated Gamble","Prepared"],"picked":"Poisoned Stab","floor":1.0},{"not_picked":["Well Laid Plans","Caltrops"],"picked":"Dagger Spray","floor":2.0},{"not_picked":["Tactician","Poisoned Stab"],"picked":"Infinite Blades","floor":5.0},{"not_picked":["Skewer","Deadly Poison","Quick Slash"],"picked":"SKIP","floor":7.0},{"not_picked":["Sucker Punch","Dagger Throw"],"picked":"Cloak And Dagger","floor":8.0},{"not_picked":["Masterful Stab","Escape Plan"],"picked":"Tools of the Trade","floor":14.0},{"not_picked":["Envenom","Wraith Form v2"],"picked":"Phantasmal Killer","floor":16.0},{"not_picked":["Poisoned Stab","Prepared"],"picked":"Dagger Throw","floor":18.0},{"not_picked":["Backflip","Deadly Poison"],"picked":"Underhanded Strike","floor":22.0},{"not_picked":["Underhanded Strike","Bouncing Flask"],"picked":"Calculated Gamble+1","floor":23.0},{"not_picked":["Blade Dance","Bane"],"picked":"Wraith Form v2","floor":25.0},{"not_picked":["Tactician","Calculated Gamble+1"],"picked":"Concentrate+1","floor":28.0},{"not_picked":["Deadly Poison","Sucker Punch","Dagger Throw"],"picked":"SKIP","floor":30.0},{"not_picked":["Sucker Punch","Acrobatics"],"picked":"Cloak And Dagger","floor":31.0},{"not_picked":["Grand Finale","Corpse Explosion"],"picked":"Adrenaline","floor":33.0},{"not_picked":["Quick Slash+1","Setup+1"],"picked":"Backstab","floor":35.0},{"not_picked":["Dodge and Roll","Bouncing Flask"],"picked":"Deflect","floor":37.0},{"not_picked":["Quick Slash","Outmaneuver"],"picked":"Endless Agony","floor":38.0},{"not_picked":["Dagger Throw","Blur"],"picked":"Dagger Spray+1","floor":39.0},{"not_picked":["All Out Attack","Reflex"],"picked":"Terror","floor":40.0},{"not_picked":["Endless Agony","Dagger Throw"],"picked":"Blade Dance","floor":41.0},{"not_picked":["Backflip","Dagger Throw"],"picked":"Venomology","floor":42.0},{"not_picked":["Caltrops","Flying Knee"],"picked":"Infinite Blades","floor":44.0},{"not_picked":["Skewer","Dodge and Roll"],"picked":"Infinite Blades","floor":47.0},{"not_picked":["Storm of Steel","Sucker Punch","Quick Slash+1"],"picked":"SKIP","floor":54}],"player_experience":258115,"relics_obtained":[{"floor":7.0,"key":"Pantograph"},{"floor":14.0,"key":"MealTicket"},{"floor":20.0,"key":"Red Mask"},{"floor":23.0,"key":"Darkstone Periapt"},{"floor":25.0,"key":"Boot"},{"floor":26.0,"key":"Matryoshka"},{"floor":40.0,"key":"War Paint"},{"floor":42.0,"key":"Bag of Preparation"},{"floor":43.0,"key":"Omamori"},{"floor":43.0,"key":"Oddly Smooth Stone"},{"floor":47.0,"key":"Gremlin Horn"},{"floor":54,"key":"Nunchaku"}],"event_choices":[{"cards_removed":["Strike_G"],"damage_healed":0.0,"max_hp_gain":0.0,"max_hp_loss":0.0,"gold_gain":0.0,"event_name":"The Cleric","player_choice":"Card Removal","floor":3.0,"gold_loss":50.0,"damage_taken":0.0},{"cards_removed":["Strike_G"],"damage_healed":0.0,"max_hp_gain":0.0,"max_hp_loss":0.0,"gold_gain":0.0,"event_name":"Purifier","player_choice":"Purged","floor":4.0,"gold_loss":0.0,"damage_taken":0.0},{"damage_healed":0.0,"max_hp_gain":0.0,"max_hp_loss":0.0,"gold_gain":0.0,"event_name":"Scrap Ooze","player_choice":"Success","floor":10.0,"gold_loss":0.0,"damage_taken":3.0,"relics_obtained":["Potion Belt"]},{"damage_healed":0.0,"max_hp_gain":0.0,"max_hp_loss":5.0,"gold_gain":0.0,"event_name":"Golden Idol","player_choice":"Lose Max HP","floor":12.0,"gold_loss":0.0,"damage_taken":0.0,"relics_obtained":["Golden Idol"]},{"damage_healed":0.0,"max_hp_gain":0.0,"max_hp_loss":0.0,"gold_gain":0.0,"event_name":"Drug Dealer","player_choice":"Inject Mutagens","floor":19.0,"gold_loss":0.0,"damage_taken":0.0,"relics_obtained":["MutagenicStrength"]},{"damage_healed":0.0,"max_hp_gain":0.0,"max_hp_loss":0.0,"gold_gain":0.0,"event_name":"Masked Bandits","player_choice":"Fought Bandits","floor":20.0,"gold_loss":0.0,"damage_taken":0.0},{"damage_healed":0.0,"max_hp_gain":0.0,"max_hp_loss":33.0,"gold_gain":0.0,"event_name":"Ghosts","player_choice":"Became a Ghost","floor":21.0,"gold_loss":0.0,"damage_taken":0.0,"cards_obtained":["Ghostly","Ghostly","Ghostly","Ghostly","Ghostly"]},{"damage_healed":0.0,"max_hp_gain":0.0,"max_hp_loss":0.0,"gold_gain":250.0,"event_name":"The Joust","player_choice":"Bet on Owner","floor":29.0,"gold_loss":50.0,"damage_taken":0.0},{"damage_healed":0.0,"max_hp_gain":0.0,"max_hp_loss":0.0,"gold_gain":0.0,"event_name":"Winding Halls","player_choice":"Embrace Madness","floor":46.0,"gold_loss":0.0,"damage_taken":4.0,"cards_obtained":["Madness","Madness"]},{"damage_healed":0,"gold_gain":0,"player_choice":"1 cards matched","damage_taken":0,"max_hp_gain":0,"max_hp_loss":0,"event_name":"Match and Keep!","floor":48,"gold_loss":0,"cards_obtained":["Envenom"]}],"is_beta":false,"boss_relics":[{"not_picked":["Snecko Eye","Philosopher\u0027s Stone"],"picked":"Pandora\u0027s Box"},{"not_picked":["Ring of the Serpent","Runic Dome"],"picked":"SacredBark"}],"items_purged_floors":[],"is_endless":false,"potions_floor_spawned":[1,8,16,18,22,25,30,33,39,40,41,47],"killed_by":"The Heart","ascension_level":13}}