{"host":"och2iitg9ibgz06n","time":1611282850,"event":{"mods":["Abigail Mod","AchievementEnabler","Aspiration","BaseMod","Colored Powertips","Dio Mod","Hubris","Hyrulean Relics","Infinite Spire","Minty Spire (QoL Compilation)","Replay The Spire","Small Relic Pack","StSLib","The Animator","The Bug Knight","The Hierophant","The Jungle","The Saiyan","TheHero","Wandering Minibosses","everything is the same but u backflip on backflip","slay the spire mod where everything is the same but ironclad has a cowboy hat","vexMod"],"gold_per_floor":[111,125,142,160,160,160,173,173,173,173,203,203,223,223,223,322,322,338,353,364,314,334,334,368,384,384,384,384,384],"floor_reached":28,"language":"ENG","playtime":991,"items_purged":[],"score":315,"play_id":"4abe59fa-9218-4eff-8aa5-63175ac1dd88","local_time":"20210121203410","is_ascension_mode":true,"campfire_choices":[{"data":"animeID:Deku","floor":6,"key":"SMITH"},{"floor":8,"key":"REST"},{"data":"animeID:Kirishima","floor":12,"key":"SMITH"},{"data":"animeID:MtLady","floor":15,"key":"SMITH"},{"floor":23,"key":"REST"},{"floor":27,"key":"REST"}],"circlet_count":0,"master_deck":["animeID:Deku+1","animeID:Bakugo","animeID:Smash","animeID:Smash","animeID:Smash","animeID:Smash","animeID:DefendMH","animeID:DefendMH","animeID:DefendMH","animeID:DefendMH","animeID:Tomura","animeID:Iida","animeID:DelawareSmash","animeID:DelawareSmash","animeID:Kirishima+1","animeID:DelawareSmash","animeID:MtLady+1","animeID:USA_Smash","animeID:Mina+1","animeID:Mezo+1","animeID:Mina","animeID:DelawareSmash","animeID:ToruHagakure","animeID:FullCowl"],"relics":["animeID:HeroCostume","ReplayFunnel","relicPack:OneForAll","Bronze Scales","SacredBark","CaptainsWheel","aspiration:HummingbirdHeart"],"acts_visited":["Exordium","TheCity"],"potions_floor_usage":[18,19,20,24,25,28],"damage_taken":[{"damage":1,"enemies":"Cultist","floor":1,"turns":3},{"damage":1,"enemies":"2 Louse","floor":2,"turns":2},{"damage":0,"enemies":"Small Slimes","floor":3,"turns":1},{"damage":8,"enemies":"Red Slaver","floor":4,"turns":3},{"damage":8,"enemies":"Blue Slaver","floor":7,"turns":2},{"damage":17,"enemies":"3 Sentries","floor":11,"turns":7},{"damage":0,"enemies":"2 Fungi Beasts","floor":13,"turns":2},{"damage":35,"enemies":"Fading Forest","floor":16,"turns":11},{"damage":9,"enemies":"2 Thieves","floor":18,"turns":4},{"damage":9,"enemies":"3 Byrds","floor":19,"turns":2},{"damage":30,"enemies":"Centurion and Healer","floor":20,"turns":8},{"damage":24,"enemies":"Shelled Parasite and Fungi","floor":22,"turns":3},{"damage":7,"enemies":"Slavers","floor":24,"turns":6},{"damage":9,"enemies":"3 Cultists","floor":25,"turns":4},{"damage":62,"enemies":"Gremlin Leader","floor":28,"turns":6}],"seed_played":"3524421806636192890","potions_obtained":[{"floor":4,"key":"Swift Potion"},{"floor":11,"key":"SkillPotion"},{"floor":13,"key":"Toxic Potion"},{"floor":18,"key":"PowerPotion"},{"floor":20,"key":"Flashbang"},{"floor":22,"key":"LiquidMemories"}],"is_trial":false,"path_per_floor":["M","M","M","M","?","R","M","R","T","?","E","R","M","?","R","B",null,"M","M","M","?","M","R","E","M","T","R","E"],"character_chosen":"THE_HERO","items_purchased":[],"campfire_rested":3,"item_purchase_floors":[],"current_hp_per_floor":[74,74,74,67,67,67,61,75,75,75,60,60,62,55,55,48,75,68,61,35,35,13,35,32,25,25,47,0,0],"gold":384,"neow_bonus":"RANDOM_COMMON_RELIC","is_daily":false,"chose_seed":false,"campfire_upgraded":3,"win_rate":0.0,"timestamp":1611282850,"path_taken":["M","M","M","?","?","R","M","R","T","?","E","R","M","?","R","BOSS","M","?","M","?","?","R","E","M","T","R","E"],"items_purchased_type":[],"build_version":"2020-12-22","purchased_purges":0,"victory":false,"max_hp_per_floor":[75,75,75,75,75,75,75,75,75,75,75,75,75,75,75,75,75,75,75,75,75,75,75,75,75,75,75,75,75],"card_choices":[{"not_picked":["animeID:ToruHagakure","animeID:Kirishima"],"picked":"animeID:Tomura","floor":1},{"not_picked":["animeID:Bakugo","animeID:Kendo"],"picked":"animeID:Iida","floor":2},{"not_picked":["animeID:TetsuTetsu","animeID:GranTorino"],"picked":"animeID:DelawareSmash","floor":3},{"not_picked":["animeID:Mineta","animeID:Tomura"],"picked":"animeID:DelawareSmash","floor":4},{"not_picked":["animeID:ProminenceBurn","animeID:Ojiro"],"picked":"animeID:Kirishima","floor":7},{"not_picked":["animeID:Iida","animeID:Bakugo"],"picked":"animeID:DelawareSmash","floor":11},{"not_picked":["animeID:Aoyama","animeID:AllForOne"],"picked":"animeID:MtLady","floor":13},{"not_picked":["animeID:Endeavor","animeID:ProminenceBurn"],"picked":"animeID:USA_Smash","floor":16},{"not_picked":["animeID:Tsuyu","animeID:TodorokiShoto"],"picked":"animeID:Mina+1","floor":18},{"not_picked":["animeID:Momo","animeID:Kirishima"],"picked":"animeID:Mezo+1","floor":19},{"not_picked":["animeID:Aoyama","animeID:Tsuyu"],"picked":"animeID:Mina","floor":20},{"not_picked":["animeID:Uraraka+1","animeID:Bakugo+1"],"picked":"animeID:DelawareSmash","floor":22},{"not_picked":["animeID:AllForOne","animeID:Tsuyu"],"picked":"animeID:ToruHagakure","floor":24},{"not_picked":["animeID:Aoyama","animeID:Crystallize+1"],"picked":"animeID:FullCowl","floor":25}],"player_experience":450135,"relics_obtained":[{"floor":11,"key":"Bronze Scales"},{"floor":24,"key":"CaptainsWheel"},{"floor":26,"key":"aspiration:HummingbirdHeart"}],"event_choices":[{"damage_healed":0,"gold_gain":0,"player_choice":"Damaged","damage_taken":7,"max_hp_gain":0,"max_hp_loss":0,"event_name":"Wheel of Change","floor":14,"gold_loss":0},{"damage_healed":0,"gold_gain":0,"player_choice":"Bet on Owner","damage_taken":0,"max_hp_gain":0,"max_hp_loss":0,"event_name":"The Joust","floor":21,"gold_loss":50}],"is_beta":false,"boss_relics":[{"not_picked":["vexMod:MegatonBomb","Coffee Dripper"],"picked":"SacredBark"}],"items_purged_floors":[],"is_endless":false,"potions_floor_spawned":[4,11,13,18,20,22],"killed_by":"Gremlin Leader","ascension_level":4}}