{"host":"njb27ds59h4j3ikk","time":1611345429,"event":{"mods":["AchievementEnabler","BaseMod","Better Altar","Better Match","Better Note","Better Sensory Stone","Better Skull","Better Third Choice","BetterRewards","Downfall","Hermit","Hubris","Minty Spire (QoL Compilation)","Permanent Neow","Quarter Circle Forward PUNCH!","Quick Restart","Rare Cards Sparkle","Shop Mod","StSLib","Trackpad","Transform Curses"],"gold_per_floor":[111,121,121,141,153,153,187,201,201,201,201,226,226,260,260,359,359,378,390,390,401,416,445,445,475,475,445,473,484,534,553,553,649,649,661,710,168,218,318,318,353,353,431,462,241,276,287,287,287,287,287,287,11,40,40],"floor_reached":56,"language":"ENG","playtime":2619,"items_purged":["hubris:Lust"],"score":2101,"play_id":"4e265c4a-90ac-4c06-ab44-529ada705744","local_time":"20210122145709","is_ascension_mode":true,"campfire_choices":[{"data":"hermit:Midnight","floor":6.0,"key":"SMITH"},{"data":"hermit:SprayPray","floor":11.0,"key":"SMITH"},{"data":"hermit:Ricochet","floor":13.0,"key":"SMITH"},{"data":"hermit:Snapshot","floor":15.0,"key":"SMITH"},{"floor":24.0,"key":"REST"},{"floor":32.0,"key":"REST"},{"data":"hermit:PistolWhip","floor":40.0,"key":"SMITH"},{"floor":42.0,"key":"REST"},{"floor":49,"key":"RECALL"},{"data":"hermit:HighNoon","floor":52,"key":"SMITH"}],"circlet_count":0,"master_deck":["hermit:Strike_Hermit","hermit:Strike_Hermit","hermit:Strike_Hermit","hermit:Strike_Hermit","hermit:Defend_Hermit","hermit:Defend_Hermit","hermit:Defend_Hermit","hermit:Defend_Hermit+1","hermit:Snapshot+1","hermit:Covet","hermit:SprayPray+1","hermit:Ricochet+1","hermit:Midnight+1","Metamorphosis","hermit:HoleUp","hermit:Feint","hermit:Quickdraw+1","hermit:Vantage","hermit:Glare","hermit:EyeOfTheStorm","hermit:RoundhouseKick","hermit:GoldenBullet+1","hermit:Showdown","bronze:Format+1","hermit:HighCaliber","hermit:HighCaliber+1","hermit:LuckOfTheDraw+1","hermit:PistolWhip+1","hermit:Quickdraw+1","hermit:Feint+1","hermit:FinalCanter+1","hermit:Purgatory","hermit:Vantage+1","hermit:WideOpen","hermit:FullyLoaded+1","downfall:Haunted","downfall:Haunted","hermit:HighNoon+1","Clumsy","downfall:Bewildered","hermit:FlashPowder+1","hermit:Determination","hermit:Showdown+1","hermit:Combo","Dark Shackles","hermit:Roughhouse"],"relics":["hermit:ClaspedLocket","StrikeDummy","hubris:PeanutButter","CaptainsWheel","qcfpunch:White_Boots","Incense Burner","trackpad:BottledShadow","hubris:TinFlute","Question Card","CultistMask","Boot","qcfpunch:Broken_Tusk","hexamod:Sixitude","Blue Candle","trackpad:ByrdCharm","expansioncontent:StudyCardRelic","Gambling Chip","champ:Barbells","trackpad:AdjectivePendant","trackpad:WondrousWand","trackpad:ZombieHeart","Du-Vu Doll","qcfpunch:Unceasing_Flame","Gremlin Horn","Vajra","Membership Card","Lantern","TungstenRod","Nunchaku","hexamod:CandleOfCauterizing"],"acts_visited":["Exordium","TheCity","TheBeyond","TheEnding"],"potions_floor_usage":[50,55,55],"damage_taken":[{"damage":0.0,"enemies":"2 Louse","floor":1.0,"turns":2.0},{"damage":0.0,"enemies":"Small Slimes","floor":2.0,"turns":2.0},{"damage":0.0,"enemies":"Cultist","floor":4.0,"turns":3.0},{"damage":0.0,"enemies":"2 Fungi Beasts","floor":5.0,"turns":3.0},{"damage":0.0,"enemies":"Gremlin Nob","floor":7.0,"turns":3.0},{"damage":0.0,"enemies":"Gremlin Gang","floor":8.0,"turns":3.0},{"damage":0.0,"enemies":"Lagavulin","floor":12.0,"turns":6.0},{"damage":25.0,"enemies":"3 Sentries","floor":14.0,"turns":7.0},{"damage":12.0,"enemies":"The Guardian","floor":16.0,"turns":8.0},{"damage":0.0,"enemies":"3 Byrds","floor":18.0,"turns":3.0},{"damage":0.0,"enemies":"2 Thieves","floor":19.0,"turns":4.0},{"damage":0.0,"enemies":"3 Cultists","floor":21.0,"turns":4.0},{"damage":8.0,"enemies":"Shelled Parasite and Fungi","floor":22.0,"turns":3.0},{"damage":32.0,"enemies":"Gremlin Leader","floor":23.0,"turns":5.0},{"damage":33.0,"enemies":"Slavers","floor":25.0,"turns":5.0},{"damage":9.0,"enemies":"Gremlin Leader","floor":28.0,"turns":5.0},{"damage":1.0,"enemies":"Chosen and Byrds","floor":29.0,"turns":5.0},{"damage":0.0,"enemies":"3 Cultists","floor":31.0,"turns":5.0},{"damage":23.0,"enemies":"Collector","floor":33.0,"turns":10.0},{"damage":0.0,"enemies":"3 Shapes","floor":35.0,"turns":3.0},{"damage":0.0,"enemies":"2 Orb Walkers","floor":36.0,"turns":3.0},{"damage":0.0,"enemies":"Mind Bloom Boss Battle","floor":38.0,"turns":4.0},{"damage":20.0,"enemies":"Giant Head","floor":41.0,"turns":6.0},{"damage":0.0,"enemies":"Nemesis","floor":44.0,"turns":4.0},{"damage":0.0,"enemies":"Reptomancer","floor":46.0,"turns":3.0},{"damage":0,"enemies":"Orb Walker","floor":47,"turns":2},{"damage":44,"enemies":"Donu and Deca","floor":50,"turns":7},{"damage":0,"enemies":"Shield and Spear","floor":54,"turns":5},{"damage":25,"enemies":"The Heart","floor":55,"turns":10}],"seed_played":"6482386576918921111","potions_obtained":[{"floor":2.0,"key":"SpeedPotion"},{"floor":7.0,"key":"champ:CounterPotion"},{"floor":25.0,"key":"Strength Potion"},{"floor":27.0,"key":"Guardian:BlockOnCardUsePotion"},{"floor":27.0,"key":"Slimebound:ThreeZeroPotion"},{"floor":29.0,"key":"SteroidPotion"},{"floor":36.0,"key":"Weak Potion"},{"floor":44.0,"key":"GamblersBrew"},{"floor":47,"key":"Dexterity Potion"}],"is_trial":false,"path_per_floor":["M","M","?","M","M","R","E","M","T","?","R","E","R","E","R","B",null,"M","M","?","M","M","E","R","E","T","?","E","M","?","M","R","B",null,"M","?","$","?","?","R","E","R","T","E","$","E","M","?","R","B",null,"R","$","E","B",null],"character_chosen":"HERMIT","items_purchased":["StrikeDummy","hubris:PeanutButter","hermit:SprayPray","qcfpunch:White_Boots","trackpad:BottledShadow","LiquidMemories","Swift Potion","champ:Barbells","trackpad:AdjectivePendant","trackpad:WondrousWand","Membership Card","hermit:Determination","TungstenRod","Nunchaku","Dark Shackles"],"campfire_rested":3,"item_purchase_floors":[0,0,0,0,0,0,0,37,37,37,45,45,53,53,53],"current_hp_per_floor":[75,75,75,75,75,75,75,75,75,75,75,75,75,50,50,38,66,66,66,66,66,58,26,48,15,15,15,6,5,5,5,27,4,57,57,57,57,57,62,62,43,67,67,68,68,69,70,70,70,28,72,72,72,74,50],"gold":40,"neow_bonus":"","is_daily":false,"chose_seed":false,"campfire_upgraded":6,"win_rate":0.0,"timestamp":1611345429,"path_taken":["M","M","?","?","M","R","E","M","T","?","R","E","R","E","R","BOSS","M","?","?","M","M","E","R","E","T","?","E","?","?","M","R","BOSS","M","?","$","?","?","R","E","R","T","E","?","E","M","?","R","BOSS","R","$","E","BOSS"],"items_purchased_type":["Relic","Relic","Card","Relic","Relic","Potion","Potion","Relic","Relic","Relic","Relic","Card","Relic","Relic","Card"],"build_version":"2020-12-22","purchased_purges":1,"victory":true,"max_hp_per_floor":[75,75,75,75,75,75,75,75,75,75,75,75,75,75,75,75,75,75,75,75,75,75,75,75,75,75,75,75,75,75,75,75,75,75,75,75,75,75,80,80,81,81,81,82,82,83,84,84,84,86,86,86,86,88,89],"card_choices":[{"not_picked":["hermit:Grudge","hermit:WideOpen"],"picked":"hermit:Ricochet","floor":1.0},{"not_picked":["hermit:Malice","hermit:ShadowCloak"],"picked":"hermit:Midnight","floor":2.0},{"not_picked":["Transmutation","Purity"],"picked":"Metamorphosis","floor":3.0},{"not_picked":["hermit:Roulette","hermit:Brawl"],"picked":"hermit:HoleUp","floor":4.0},{"not_picked":["hermit:CalledShot","hermit:Combo"],"picked":"hermit:Feint","floor":5.0},{"not_picked":["hermit:NoHoldsBarred","hermit:TakeCover"],"picked":"hermit:Quickdraw","floor":7.0},{"not_picked":["hermit:Feint","hermit:ItchyTrigger"],"picked":"hermit:Vantage","floor":8.0},{"not_picked":["hermit:ItchyTrigger","hermit:Determination","hermit:Quickdraw"],"picked":"hermit:Glare","floor":12.0},{"not_picked":["hermit:BodyArmor","hermit:Combo","hermit:Quickdraw"],"picked":"hermit:EyeOfTheStorm","floor":14.0},{"not_picked":["hermit:Roughhouse","hermit:FatalDesire","hermit:OverwhelmingPower"],"picked":"hermit:RoundhouseKick","floor":16.0},{"not_picked":["hermit:Roulette","hermit:PistolWhip","hermit:Glare"],"picked":"hermit:GoldenBullet+1","floor":18.0},{"not_picked":["hermit:Dive","hermit:Feint","hermit:Ricochet"],"picked":"hermit:Showdown","floor":19.0},{"not_picked":["hermit:Feint","hermit:Scavenge","hermit:Headshot"],"picked":"hermit:HighCaliber","floor":21.0},{"not_picked":["hermit:Roulette","hermit:LoneWolf","hermit:CursedWeapon"],"picked":"hermit:HighCaliber","floor":22.0},{"not_picked":["hermit:TakeAim","hermit:Vantage","hermit:HoleUp"],"picked":"hermit:LuckOfTheDraw+1","floor":23.0},{"not_picked":["hermit:Feint","hermit:Roughhouse","hermit:HoleUp"],"picked":"hermit:PistolWhip","floor":25.0},{"not_picked":["hermit:BigShot","hermit:ItchyTrigger","hermit:Feint"],"picked":"hermit:Quickdraw+1","floor":28.0},{"not_picked":["hermit:Coalescence","hermit:CalledShot","hermit:Dive"],"picked":"hermit:Feint+1","floor":29.0},{"not_picked":["hermit:Vantage","hermit:Spite","hermit:EyeOfTheStorm+1"],"picked":"hermit:FinalCanter","floor":31.0},{"not_picked":["hermit:Gambit","hermit:EternalForm","hermit:Reprieve"],"picked":"hermit:Purgatory","floor":33.0},{"not_picked":["hermit:CalledShot","hermit:Headshot","hermit:Quickdraw+1"],"picked":"hermit:Vantage+1","floor":35.0},{"not_picked":["hermit:Vantage","hermit:TrackingShot","hermit:CalledShot"],"picked":"hermit:WideOpen","floor":36.0},{"not_picked":["hermit:Coalescence+1","hermit:Glare","hermit:BigShot+1"],"picked":"hermit:FullyLoaded+1","floor":38.0},{"not_picked":["hermit:Headshot","hermit:HighNoon","hermit:Showdown","hermit:WideOpen"],"picked":"SKIP","floor":41.0},{"not_picked":["hermit:FromBeyond","hermit:Horror","hermit:ItchyTrigger+1"],"picked":"hermit:FlashPowder+1","floor":44.0},{"not_picked":["hermit:CursedWeapon","hermit:Coalescence+1","hermit:SprayPray"],"picked":"hermit:Showdown+1","floor":46.0},{"not_picked":["hermit:CursedWeapon+1","hermit:GoldenBullet+1","hermit:Roulette+1"],"picked":"hermit:Combo","floor":47},{"not_picked":["hermit:Glare","hermit:DeadMansHand","hermit:GhostlyPresence"],"picked":"hermit:Roughhouse","floor":54}],"player_experience":1292658,"relics_obtained":[{"floor":7.0,"key":"hubris:TinFlute"},{"floor":9.0,"key":"Question Card"},{"floor":12.0,"key":"Boot"},{"floor":14.0,"key":"qcfpunch:Broken_Tusk"},{"floor":23.0,"key":"hexamod:Sixitude"},{"floor":25.0,"key":"Blue Candle"},{"floor":28.0,"key":"trackpad:ByrdCharm"},{"floor":36.0,"key":"Gambling Chip"},{"floor":38.0,"key":"trackpad:ZombieHeart"},{"floor":41.0,"key":"qcfpunch:Unceasing_Flame"},{"floor":43.0,"key":"Gremlin Horn"},{"floor":44.0,"key":"Vajra"},{"floor":46.0,"key":"Lantern"},{"floor":54,"key":"hexamod:CandleOfCauterizing"}],"event_choices":[{"damage_healed":0.0,"max_hp_gain":0.0,"max_hp_loss":0.0,"gold_gain":1.0,"event_name":"betterStone:BetterStone","player_choice":"1","floor":3.0,"gold_loss":0.0,"damage_taken":0.0},{"damage_healed":0.0,"max_hp_gain":0.0,"max_hp_loss":0.0,"gold_gain":0.0,"event_name":"FaceTrader","player_choice":"Trade","floor":10.0,"gold_loss":0.0,"damage_taken":0.0,"relics_obtained":["CultistMask"]},{"cards_removed":["hermit:RoundhouseKick"],"damage_healed":0.0,"max_hp_gain":0.0,"max_hp_loss":0.0,"gold_gain":0.0,"event_name":"betterNote:BetterNote","player_choice":"Take \u0026 Give","floor":20.0,"gold_loss":0.0,"damage_taken":0.0,"cards_obtained":["bronze:Format"]},{"damage_healed":0.0,"max_hp_gain":0.0,"max_hp_loss":0.0,"gold_gain":0.0,"event_name":"The Woman in Blue","player_choice":"Bought 2 Potions","floor":27.0,"gold_loss":0.0,"damage_taken":0.0},{"damage_healed":0.0,"max_hp_gain":0.0,"max_hp_loss":0.0,"gold_gain":100.0,"event_name":"The Joust","player_choice":"Bet on Murderer","floor":30.0,"gold_loss":50.0,"damage_taken":0.0},{"damage_healed":0.0,"max_hp_gain":0.0,"max_hp_loss":0.0,"gold_gain":0.0,"event_name":"Mysterious Sphere","player_choice":"Fight","floor":36.0,"gold_loss":0.0,"damage_taken":0.0},{"damage_healed":0.0,"max_hp_gain":0.0,"max_hp_loss":0.0,"gold_gain":0.0,"event_name":"MindBloom","player_choice":"Fight","floor":38.0,"gold_loss":0.0,"damage_taken":0.0},{"damage_healed":0,"gold_gain":0,"player_choice":"Ignored","damage_taken":0,"max_hp_gain":0,"max_hp_loss":0,"event_name":"Tomb of Lord Red Mask","floor":48,"gold_loss":0}],"is_beta":false,"boss_relics":[{"not_picked":["SacredBark","Snecko Eye"],"picked":"hermit:ClaspedLocket"},{"not_picked":["trackpad:Trackpad","Coffee Dripper"],"picked":"expansioncontent:StudyCardRelic"}],"items_purged_floors":[45],"is_endless":false,"potions_floor_spawned":[2,4,7,16,19,21,22,25,29,36,44,46,47],"ascension_level":5}}