{"host":"6h0diz2ap0m56grs","time":1611300655,"event":{"mods":["2.2 Compatiblity","BaseMod","Colored Map","Marisa????????","Minty Spire (QoL Compilation)","Quick Restart","Replay The Spire","Shop Mod","StSLib","The Servant 0.9.4"],"gold_per_floor":[110,123,123,74,74,74,109,109,109,142,168,199,226,252,252,380,380,411,411,411,466,141,200,254,254,254,309,356,401,401,441,441,564,564,588,624,403,485,485,541,602,655,681,681,681],"floor_reached":44,"language":"ENG","playtime":1193,"items_purged":[],"score":1182,"play_id":"72197834-11e6-4b30-81bf-9efb02b2791f","local_time":"20210122013055","daily_mods":["SealedDeck","Heirloom","Time Dilation","Flight"],"is_ascension_mode":true,"campfire_choices":[{"data":"SilverBlades","floor":6,"key":"SMITH"},{"data":"SoulSculpture","floor":15,"key":"SMITH"},{"data":"Sunlight","floor":25,"key":"SMITH"},{"data":"TheWorld","floor":32,"key":"SMITH"}],"circlet_count":0,"master_deck":["Luminosity","Luminosity","Starlight+1","TimeTheft","Defy","Desolation+1","Defy+1","Ricochet+1","SilverBlades+1","InstantArmor","Ricochet","Barrier","Moonlight","SoulSculpture+1","Sunlight+1","Orbit+1","SurpressingFire","DancingSilver","SurpressingFire","MurderousAura","TheWorld+1","SoulSculpture","Dilation","GearUp+1"],"relics":["Uniform","replay:Trail_Library","Anchor","TungstenRod","White Beast Statue","ReplayTheSpireMod:Lightbulb","Replay:Bandana","Coffee Dripper","Blue Doll","MerchantsRug","HornCleat","Bag of Marbles","Pen Nib","Calipers","Shuriken","Tiny Chest","Gambling Chip","Runic Pyramid","Turnip","Girya","Darkstone Periapt","Bottled Lightning","Molten Egg 2","Art of War"],"acts_visited":["Exordium","TheCity","TheBeyond"],"potions_floor_usage":[],"damage_taken":[{"damage":0,"enemies":"Jaw Worm","floor":1,"turns":2},{"damage":0,"enemies":"Small Slimes","floor":2,"turns":1},{"damage":3,"enemies":"3 Sentries","floor":7,"turns":3},{"damage":0,"enemies":"Lagavulin","floor":10,"turns":4},{"damage":0,"enemies":"Replay:BlueRogue","floor":11,"turns":3},{"damage":0,"enemies":"Lagavulin","floor":12,"turns":4},{"damage":0,"enemies":"3 Sentries","floor":13,"turns":3},{"damage":0,"enemies":"Lagavulin","floor":14,"turns":3},{"damage":0,"enemies":"The Guardian","floor":16,"turns":8},{"damage":0,"enemies":"2 Thieves","floor":18,"turns":2},{"damage":0,"enemies":"3 Byrds","floor":21,"turns":2},{"damage":0,"enemies":"Gremlin Leader","floor":23,"turns":4},{"damage":0,"enemies":"Book of Stabbing","floor":24,"turns":5},{"damage":0,"enemies":"Replay:Snechameleon","floor":27,"turns":3},{"damage":0,"enemies":"Book of Stabbing","floor":28,"turns":3},{"damage":0,"enemies":"Slavers","floor":29,"turns":2},{"damage":0,"enemies":"Replay:Snechameleon","floor":31,"turns":1},{"damage":0,"enemies":"Automaton","floor":33,"turns":7},{"damage":0,"enemies":"3 Shapes","floor":35,"turns":2},{"damage":0,"enemies":"3 Darklings","floor":36,"turns":2},{"damage":0,"enemies":"Mind Bloom Boss Battle","floor":38,"turns":2},{"damage":0,"enemies":"Reptomancer","floor":40,"turns":2},{"damage":0,"enemies":"R_Hoarder","floor":41,"turns":6},{"damage":0,"enemies":"Reptomancer","floor":42,"turns":2},{"damage":0,"enemies":"R_Hoarder","floor":44,"turns":1}],"seed_played":"2368031970754396728","potions_obtained":[{"floor":2,"key":"Ancient Potion"},{"floor":12,"key":"Ancient Potion"},{"floor":13,"key":"PowerPotion"},{"floor":16,"key":"Energy Potion"},{"floor":21,"key":"Block Potion"},{"floor":28,"key":"EssenceOfSteel"}],"is_trial":true,"path_per_floor":["M","M","?","$","?","R","E","?","T","E","E","E","E","E","R","B",null,"M","?","?","M","$","E","E","R","T","E","E","E","?","E","R","B",null,"M","M","$","?","?","E","E","E","T","E"],"character_chosen":"THE_SERVANT","items_purchased":["Ricochet","MerchantsRug","SurpressingFire","HornCleat","Turnip"],"campfire_rested":0,"item_purchase_floors":[4,22,22,22,37],"current_hp_per_floor":[65,65,65,65,65,65,62,49,49,49,49,49,49,49,49,65,65,65,65,65,65,65,65,65,65,65,65,65,65,55,55,55,55,70,70,70,70,70,70,70,70,70,70,70,70],"gold":681,"neow_bonus":"","is_daily":false,"chose_seed":false,"campfire_upgraded":4,"win_rate":0.0,"timestamp":1611300655,"path_taken":["M","M","?","$","?","R","E","?","T","E","E","E","E","E","R","BOSS","M","?","?","?","$","E","E","R","T","E","E","E","?","E","R","BOSS","M","M","$","?","?","E","E","E","T","E"],"items_purchased_type":["Card","Relic","Card","Relic","Relic"],"build_version":"2020-12-22","purchased_purges":0,"victory":false,"max_hp_per_floor":[65,65,65,65,65,65,65,65,65,65,65,65,65,65,65,65,65,65,65,65,65,65,65,65,65,65,65,65,65,70,70,70,70,70,70,70,70,70,70,70,70,70,70,70,70],"card_choices":[{"not_picked":["Unruled","DoubleEdge","FastForward"],"picked":"SKIP","floor":1},{"not_picked":["Rearm","FastForward","Starlight"],"picked":"SKIP","floor":2},{"not_picked":["Advance","Rearm","Rewind"],"picked":"SKIP","floor":7},{"not_picked":["FastForward","Potential","KillingDoll"],"picked":"SKIP","floor":10},{"not_picked":["BottledTime","SpecialFormula","Replace"],"picked":"SKIP","floor":11},{"not_picked":["Alleviate","Gouge"],"picked":"Barrier","floor":12},{"not_picked":["MoonPhase","Ricochet"],"picked":"Moonlight","floor":13},{"not_picked":["DoubleEdge","Potential","BottledTime"],"picked":"SKIP","floor":14},{"not_picked":["ForgedInTime","SilverMatrix"],"picked":"Sunlight","floor":16},{"not_picked":["Unruled","Revamp","StarChef+1"],"picked":"SKIP","floor":18},{"not_picked":["Rearm+1","Spin"],"picked":"Orbit+1","floor":21},{"not_picked":["Replace","Foresight","Comet"],"picked":"SKIP","floor":23},{"not_picked":["Rewind","Starlight"],"picked":"DancingSilver","floor":24},{"not_picked":["Ricochet","FastForward"],"picked":"SurpressingFire","floor":27},{"not_picked":["Rewind","Potential"],"picked":"MurderousAura","floor":28},{"not_picked":["FastForward","SurpressingFire"],"picked":"TheWorld","floor":29},{"not_picked":["Revamp","SurpressingFire","SpecialFormula"],"picked":"SKIP","floor":31},{"not_picked":["Deny","MurderousAura"],"picked":"SoulSculpture","floor":33},{"not_picked":["Unruled","Manipulate","TimeWarp"],"picked":"SKIP","floor":35},{"not_picked":["Ricochet+1","Defy","Collapse"],"picked":"SKIP","floor":36},{"not_picked":["BottledTime","ShatteredReality+1"],"picked":"Dilation","floor":38},{"not_picked":["Potential","FloweringNight","Manipulate"],"picked":"SKIP","floor":40},{"not_picked":["Replace+1","Deny","DoubleEdge"],"picked":"SKIP","floor":41},{"not_picked":["ShatteredReality+1","Luminosity+1"],"picked":"GearUp+1","floor":42}],"player_experience":228779,"relics_obtained":[{"floor":7,"key":"Anchor"},{"floor":9,"key":"TungstenRod"},{"floor":10,"key":"Whetstone"},{"floor":11,"key":"White Beast Statue"},{"floor":12,"key":"ReplayTheSpireMod:Lightbulb"},{"floor":13,"key":"Pantograph"},{"floor":14,"key":"Replay:Bandana"},{"floor":23,"key":"Bag of Marbles"},{"floor":24,"key":"Pen Nib"},{"floor":26,"key":"Du-Vu Doll"},{"floor":27,"key":"Calipers"},{"floor":28,"key":"Shuriken"},{"floor":29,"key":"Tiny Chest"},{"floor":31,"key":"Gambling Chip"},{"floor":38,"key":"Girya"},{"floor":40,"key":"Darkstone Periapt"},{"floor":41,"key":"Bottled Lightning"},{"floor":42,"key":"Molten Egg 2"},{"floor":43,"key":"Art of War"}],"event_choices":[{"damage_healed":0,"gold_gain":0,"player_choice":"Ignored","damage_taken":0,"max_hp_gain":0,"max_hp_loss":0,"event_name":"Liars Game","floor":5,"gold_loss":0},{"damage_healed":0,"gold_gain":0,"player_choice":"Entered Light","damage_taken":13,"max_hp_gain":0,"max_hp_loss":0,"event_name":"Shining Light","floor":8,"gold_loss":0,"cards_upgraded":["Ricochet","Defy"]},{"damage_healed":0,"gold_gain":0,"player_choice":"Ignored","damage_taken":0,"max_hp_gain":0,"max_hp_loss":0,"event_name":"Beggar","floor":19,"gold_loss":0},{"damage_healed":0,"gold_gain":0,"player_choice":"Gave Potion","damage_taken":0,"relics_obtained":["Blue Doll"],"max_hp_gain":0,"max_hp_loss":0,"event_name":"WeMeetAgain","floor":20,"gold_loss":0},{"damage_healed":0,"gold_gain":0,"player_choice":"Shed Blood","damage_taken":16,"max_hp_gain":5,"max_hp_loss":0,"event_name":"Forgotten Altar","floor":30,"gold_loss":0},{"damage_healed":0,"gold_gain":0,"player_choice":"Fight","damage_taken":0,"max_hp_gain":0,"max_hp_loss":0,"event_name":"MindBloom","floor":38,"gold_loss":0},{"damage_healed":0,"gold_gain":0,"player_choice":"Bought 0 Potions","damage_taken":0,"max_hp_gain":0,"max_hp_loss":0,"event_name":"The Woman in Blue","floor":39,"gold_loss":0}],"is_beta":false,"boss_relics":[{"not_picked":["Philosopher\u0027s Stone","ChewingGum"],"picked":"Coffee Dripper"},{"not_picked":["Replay:Drink Me","Replay:Bronze Core"],"picked":"Runic Pyramid"}],"items_purged_floors":[],"is_endless":false,"potions_floor_spawned":[2,12,13,14,16,18,21,23,24,27,28,29,31,33,35,36,38,40,41,42],"killed_by":"R_Hoarder","ascension_level":1}}