{"host":"x21cvmfdo17nyhii","time":1611297654,"event":{"mods":["AchievementEnabler","BaseMod","Block Reminder","Colored Map","Colored Powertips","DeckTracker","Highlight Path","Keyboard Shortcuts","Minty Spire (QoL Compilation)","Quick Restart","Rare Cards Sparkle","SuperFastMode"],"gold_per_floor":[109,109,121,137,137,137,153,153,153,153,170,204,204,26,26,121,121,139,167,167,167],"floor_reached":20,"language":"ENG","playtime":2385,"items_purged":[],"score":256,"play_id":"0fa16c40-3855-4a39-834a-c25ce2a3602e","local_time":"20210121224054","is_ascension_mode":true,"campfire_choices":[{"data":"Calculated Gamble","floor":6,"key":"SMITH"},{"data":"Well Laid Plans","floor":8,"key":"SMITH"},{"data":"Corpse Explosion","floor":10,"key":"SMITH"},{"floor":13,"key":"REST"},{"floor":15,"key":"REST"}],"circlet_count":0,"master_deck":["Strike_G","Strike_G","Strike_G","Strike_G","Strike_G","Defend_G","Defend_G","Defend_G","Defend_G","Defend_G","Survivor","Neutralize","Corpse Explosion+1","Heel Hook","Calculated Gamble+1","Sucker Punch","Expertise","Well Laid Plans+1","Underhanded Strike","Deflect","Secret Weapon","After Image","Setup"],"relics":["Ring of the Snake","Pear","Bottled Lightning","Orichalcum","Runic Pyramid","Red Mask"],"acts_visited":["Exordium","TheCity"],"potions_floor_usage":[16,18],"damage_taken":[{"damage":2,"enemies":"2 Louse","floor":1,"turns":2},{"damage":0,"enemies":"Cultist","floor":3,"turns":4},{"damage":1,"enemies":"Jaw Worm","floor":4,"turns":3},{"damage":7,"enemies":"Blue Slaver","floor":7,"turns":4},{"damage":12,"enemies":"Red Slaver","floor":11,"turns":3},{"damage":42,"enemies":"Lagavulin","floor":12,"turns":7},{"damage":28,"enemies":"Slime Boss","floor":16,"turns":7},{"damage":13,"enemies":"2 Thieves","floor":18,"turns":2},{"damage":68,"enemies":"Masked Bandits","floor":19,"turns":4},{"damage":27,"enemies":"Spheric Guardian","floor":20,"turns":5}],"seed_played":"5322861944307335012","potions_obtained":[{"floor":3,"key":"SpeedPotion"},{"floor":11,"key":"FairyPotion"},{"floor":12,"key":"Explosive Potion"},{"floor":16,"key":"DuplicationPotion"}],"is_trial":false,"path_per_floor":["M","?","M","M","?","R","M","R","T","R","M","E","R","$","R","B",null,"M","?","M"],"character_chosen":"THE_SILENT","items_purchased":["Secret Weapon"],"campfire_rested":2,"item_purchase_floors":[14],"current_hp_per_floor":[61,61,61,60,67,67,60,60,60,60,48,6,30,30,54,26,67,54,24,0,0],"gold":167,"neow_bonus":"ONE_RANDOM_RARE_CARD","is_daily":false,"chose_seed":false,"campfire_upgraded":3,"win_rate":0.0,"timestamp":1611297654,"path_taken":["M","?","?","M","?","R","M","R","T","R","M","E","R","$","R","BOSS","M","?","M"],"items_purchased_type":["Card"],"build_version":"2020-12-22","purchased_purges":0,"victory":false,"max_hp_per_floor":[70,70,70,70,80,80,80,80,80,80,80,80,80,80,80,80,80,80,80,80,80],"card_choices":[{"not_picked":["Sucker Punch","Dodge and Roll"],"picked":"Heel Hook","floor":1},{"not_picked":["Acrobatics","Dodge and Roll"],"picked":"Sucker Punch","floor":3},{"not_picked":["Prepared","Dagger Throw"],"picked":"Expertise","floor":4},{"not_picked":["Choke","Poisoned Stab"],"picked":"Well Laid Plans","floor":7},{"not_picked":["Acrobatics","Deflect"],"picked":"Underhanded Strike","floor":11},{"not_picked":["Blade Dance","Night Terror"],"picked":"Deflect","floor":12},{"not_picked":["Venomology","Glass Knife"],"picked":"After Image","floor":16},{"not_picked":["Bouncing Flask+1","Cloak And Dagger","Dagger Spray"],"picked":"SKIP","floor":18},{"not_picked":["Well Laid Plans+1","Poisoned Stab+1"],"picked":"Setup","floor":19}],"player_experience":456397,"relics_obtained":[{"floor":9,"key":"Bottled Lightning"},{"floor":12,"key":"Orichalcum"},{"floor":19,"key":"Red Mask"}],"event_choices":[{"damage_healed":0,"gold_gain":0,"player_choice":"1 cards matched","damage_taken":0,"max_hp_gain":0,"max_hp_loss":0,"event_name":"Match and Keep!","floor":2,"gold_loss":0,"cards_obtained":["Calculated Gamble"]},{"damage_healed":0,"gold_gain":0,"player_choice":"Success","damage_taken":3,"relics_obtained":["Pear"],"max_hp_gain":0,"max_hp_loss":0,"event_name":"Scrap Ooze","floor":5,"gold_loss":0},{"damage_healed":0,"gold_gain":0,"player_choice":"Fought Bandits","damage_taken":0,"max_hp_gain":0,"max_hp_loss":0,"event_name":"Masked Bandits","floor":19,"gold_loss":0}],"is_beta":false,"boss_relics":[{"not_picked":["Busted Crown","Black Star"],"picked":"Runic Pyramid"}],"items_purged_floors":[],"is_endless":false,"potions_floor_spawned":[3,11,12,16],"killed_by":"Spheric Guardian","ascension_level":6}}