{"host":"eaiphzh066bwqdh7","time":1611345836,"event":{"mods":["BaseMod","Hubris","Minty Spire (QoL Compilation)","Replay The Spire","StSLib"],"gold_per_floor":[215,215,390,94,114,114,129,149,196,209,209,209,209,261,261,365,365,385,105,105,15,15],"floor_reached":21,"language":"ENG","playtime":716,"items_purged":["Defend_R","Doubt"],"score":182,"play_id":"23d3f9c0-d14c-46eb-a396-dccee5b2dae9","local_time":"20210122150356","is_ascension_mode":true,"campfire_choices":[{"data":"Combust","floor":6,"key":"SMITH"},{"floor":11,"key":"REST"},{"floor":13,"key":"REST"},{"data":"hubris:SharpeningStone","floor":15,"key":"SMITH"}],"circlet_count":0,"master_deck":["Rupture","Strike_R","Strike_R","Strike_R","Strike_R","Strike_R","Defend_R","Defend_R","Bash","Pummel","Combust+1","Shrug It Off","hubris:SharpeningStone+1","ReplayTheSpireMod:Stacked","Cleave","Berserk","Fire Breathing+1"],"relics":["Burning Blood","Membership Card","Potion Belt","Odd Mushroom","Blood Vial","hubris:Towel","Omamori","hubris:HollowSoul","Bronze Scales","Red Skull","Medical Kit"],"acts_visited":["Exordium","TheCity"],"potions_floor_usage":[16,21,21],"damage_taken":[{"damage":0,"enemies":"Small Slimes","floor":1,"turns":3},{"damage":15,"enemies":"2 Louse","floor":5,"turns":3},{"damage":10,"enemies":"Cultist","floor":7,"turns":4},{"damage":36,"enemies":"The Mushroom Lair","floor":8,"turns":4},{"damage":12,"enemies":"Looter","floor":10,"turns":4},{"damage":44,"enemies":"Fading Forest","floor":16,"turns":11},{"damage":43,"enemies":"Shell Parasite","floor":18,"turns":6},{"damage":22,"enemies":"2 Thieves","floor":21,"turns":1}],"seed_played":"-1049133481957848446","potions_obtained":[{"floor":1,"key":"Ancient Potion"},{"floor":5,"key":"BlessingOfTheForge"},{"floor":18,"key":"Milkshake"}],"is_trial":false,"path_per_floor":["M","?","?","$","M","R","M","?","T","M","R","?","R","T","R","B",null,"M","$","?","M"],"character_chosen":"IRONCLAD","items_purchased":["Membership Card","Combust","Potion Belt","Bronze Scales","Red Skull","Medical Kit"],"campfire_rested":2,"item_purchase_floors":[4,4,4,19,19,19],"current_hp_per_floor":[80,80,80,80,71,71,67,37,37,33,57,57,80,80,80,68,80,43,43,28,0,0],"gold":15,"neow_bonus":"HUNDRED_GOLD","is_daily":false,"chose_seed":false,"campfire_upgraded":2,"win_rate":0.0,"timestamp":1611345836,"path_taken":["M","?","?","$","M","R","M","?","T","M","R","?","R","?","R","BOSS","M","$","?","M"],"items_purchased_type":["Relic","Card","Relic","Relic","Relic","Relic"],"build_version":"2020-12-22","purchased_purges":2,"victory":false,"max_hp_per_floor":[80,80,80,80,80,80,80,80,80,80,80,80,80,80,80,80,80,80,80,85,85,85],"card_choices":[{"not_picked":["Perfected Strike","Ghostly Armor"],"picked":"Pummel","floor":1},{"not_picked":["Whirlwind","Perfected Strike"],"picked":"Shrug It Off","floor":5},{"not_picked":["Havoc","Cleave"],"picked":"hubris:SharpeningStone","floor":7},{"not_picked":["Defy Death","Replay:Undeath\u0027s Touch"],"picked":"ReplayTheSpireMod:Stacked","floor":8},{"not_picked":["True Grit","ReplayTheSpireMod:LeadingStrike"],"picked":"Cleave","floor":10},{"not_picked":["Immolate","Barricade"],"picked":"Berserk","floor":16},{"not_picked":["Replay:Undeath\u0027s Touch","Burning Pact"],"picked":"Fire Breathing+1","floor":18}],"player_experience":170636,"relics_obtained":[{"floor":8,"key":"Odd Mushroom"},{"floor":9,"key":"Blood Vial"},{"floor":14,"key":"Omamori"}],"event_choices":[{"damage_healed":0,"gold_gain":175,"player_choice":"AGREE","damage_taken":0,"max_hp_gain":0,"max_hp_loss":0,"event_name":"Liars Game","floor":3,"gold_loss":0,"cards_obtained":["Doubt"]},{"damage_healed":0,"gold_gain":0,"player_choice":"Fought Mushrooms","damage_taken":0,"max_hp_gain":0,"max_hp_loss":0,"event_name":"Mushrooms","floor":8,"gold_loss":0},{"damage_healed":0,"gold_gain":0,"player_choice":"Shed Blood","damage_taken":20,"max_hp_gain":5,"max_hp_loss":0,"event_name":"Forgotten Altar","floor":20,"gold_loss":0}],"is_beta":false,"boss_relics":[{"not_picked":["Tiny House","Painkiller Herb"],"picked":"hubris:HollowSoul"}],"items_purged_floors":[4,19],"is_endless":false,"potions_floor_spawned":[1,5,18],"killed_by":"2 Thieves","ascension_level":2}}