{"host":"ftwnpa9ceeptmrn1","time":1611274056,"event":{"mods":["Aspiration","BaseMod","Colored Map","Colored Powertips","Conspire","Downfall","Hubris","Infinite Spire","Minty Spire (QoL Compilation)","Relic Stats","StSLib","Waifu the Spire","vexMod"],"gold_per_floor":[112,112,126,141,161,161,179,197,220,237,15,45,59,86,86,191,191,204,204,204,304,229,229],"floor_reached":22,"language":"ENG","playtime":2571,"items_purged":["conspire:GhostlyStrike"],"score":248,"play_id":"40ae2d5a-4964-4a5b-b5fe-9119f9ef61b4","local_time":"20210121180736","is_ascension_mode":false,"campfire_choices":[{"data":"ClearTheMind","floor":6,"key":"SMITH"},{"data":"LikeWater","floor":15,"key":"SMITH"}],"circlet_count":0,"master_deck":["conspire:GhostlyStrike","conspire:GhostlyStrike","conspire:GhostlyStrike","conspire:GhostlyDefend","conspire:GhostlyDefend","conspire:GhostlyDefend","conspire:GhostlyDefend","Eruption","Vigilance","Wallop","FollowUp","Collect","ClearTheMind+1","Establishment","InnerPeace","Nirvana","LikeWater+1","Crescendo","CrushJoints","Tantrum","Meditate","FollowUp","PathToVictory","LessonLearned","ThirdEye+1"],"relics":["PureWater","Bird Faced Urn","Thread and Needle","Juzu Bracelet","SlaversCollar","aspiration:SneckoTail"],"acts_visited":["Exordium","TheCity"],"potions_floor_usage":[12,14,16,16],"damage_taken":[{"damage":0,"enemies":"Small Slimes","floor":1,"turns":3},{"damage":0,"enemies":"2 Louse","floor":3,"turns":2},{"damage":1,"enemies":"Cultist","floor":4,"turns":3},{"damage":6,"enemies":"Gremlin Gang","floor":5,"turns":3},{"damage":5,"enemies":"Blue Slaver","floor":7,"turns":4},{"damage":5,"enemies":"2 Fungi Beasts","floor":8,"turns":3},{"damage":0,"enemies":"Exordium Wildlife","floor":10,"turns":4},{"damage":0,"enemies":"Gremlin Nob","floor":12,"turns":2},{"damage":3,"enemies":"Exordium Thugs","floor":13,"turns":6},{"damage":4,"enemies":"Lagavulin","floor":14,"turns":6},{"damage":38,"enemies":"The Guardian","floor":16,"turns":8},{"damage":38,"enemies":"Spheric Guardian","floor":18,"turns":9},{"damage":40,"enemies":"2 Thieves","floor":22,"turns":3}],"seed_played":"4272368932650452123","potions_obtained":[{"floor":4,"key":"ColorlessPotion"},{"floor":5,"key":"BlessingOfTheForge"},{"floor":10,"key":"Slimebound:ThreeZeroPotion"},{"floor":14,"key":"LiquidMemories"},{"floor":18,"key":"champ:CounterPotion"}],"is_trial":false,"path_per_floor":["M","?","M","M","M","R","M","M","T","M","$","E","M","E","R","B",null,"M","?","AVR","?","M"],"character_chosen":"WATCHER","items_purchased":["LikeWater","Crescendo","CrushJoints","Tantrum"],"campfire_rested":0,"item_purchase_floors":[11,11,11,11],"current_hp_per_floor":[65,65,65,64,58,58,53,48,48,50,50,50,53,55,55,23,65,31,25,25,25,0,0],"gold":229,"neow_bonus":"ONE_RARE_RELIC","is_daily":false,"chose_seed":false,"campfire_upgraded":2,"win_rate":0.0,"timestamp":1611274056,"path_taken":["M","?","M","M","M","R","M","M","T","M","$","E","M","E","R","BOSS","M","?","AVR","?","M"],"items_purchased_type":["Card","Card","Card","Card"],"build_version":"2020-12-22","purchased_purges":1,"victory":false,"max_hp_per_floor":[65,65,65,65,65,65,65,65,65,65,65,65,65,65,65,65,65,65,65,65,65,65,65],"relic_stats":{"counters":[13,56],"Bird Faced Urn":[26],"Juzu Bracelet":1,"obtain_stats":[{"SlaversCollar":17,"aspiration:SneckoTail":20,"Bird Faced Urn":0,"Thread and Needle":12,"Juzu Bracelet":14,"PureWater":0},{"SlaversCollar":11,"aspiration:SneckoTail":12,"Bird Faced Urn":0,"Thread and Needle":8,"Juzu Bracelet":10,"PureWater":0},{"SlaversCollar":44,"aspiration:SneckoTail":53,"Bird Faced Urn":0,"Thread and Needle":24,"Juzu Bracelet":36,"PureWater":0}]},"card_choices":[{"not_picked":["ThirdEye","FearNoEvil"],"picked":"Wallop","floor":1},{"not_picked":["FlurryOfBlows","Evaluate"],"picked":"FollowUp","floor":3},{"not_picked":["Crescendo","Weave"],"picked":"Collect","floor":4},{"not_picked":["ReachHeaven","SashWhip"],"picked":"ClearTheMind","floor":5},{"not_picked":["FlurryOfBlows","CrushJoints"],"picked":"Establishment","floor":7},{"not_picked":["Halt","Wallop"],"picked":"InnerPeace","floor":8},{"not_picked":["ThirdEye","EmptyFist"],"picked":"Nirvana","floor":10},{"not_picked":["PathToVictory","Halt"],"picked":"Meditate","floor":12},{"not_picked":["Tantrum","DeceiveReality"],"picked":"FollowUp","floor":13},{"not_picked":["DeceiveReality","Brilliance"],"picked":"PathToVictory","floor":14},{"not_picked":["Judgement","DeusExMachina"],"picked":"LessonLearned","floor":16},{"not_picked":["FlyingSleeves","Vengeance"],"picked":"ThirdEye+1","floor":18}],"player_experience":281325,"relics_obtained":[{"floor":12,"key":"Thread and Needle"},{"floor":14,"key":"Juzu Bracelet"}],"event_choices":[{"damage_healed":0,"gold_gain":0,"player_choice":"Agree","damage_taken":0,"max_hp_gain":0,"max_hp_loss":0,"event_name":"conspire:LoneGhost","floor":2,"gold_loss":0},{"damage_healed":0,"gold_gain":0,"player_choice":"","damage_taken":6,"max_hp_gain":0,"max_hp_loss":0,"event_name":"Knowing Skull","floor":19,"potions_obtained":[],"gold_loss":0,"cards_obtained":[]},{"damage_healed":0,"gold_gain":100,"player_choice":"Pray","damage_taken":0,"max_hp_gain":0,"max_hp_loss":0,"event_name":"Golden Shrine","floor":21,"gold_loss":0}],"is_beta":false,"boss_relics":[{"not_picked":["SacredBark","Coffee Dripper"],"picked":"SlaversCollar"}],"items_purged_floors":[20],"is_endless":false,"potions_floor_spawned":[4,5,10,14,18],"killed_by":"2 Thieves","ascension_level":0}}