{"host":"w3q5ijqu8eoknil3","time":1611291451,"event":{"mods":["AchievementEnabler","BaseMod","Block Reminder","Colored Map","Colored Powertips","Curses Come First","Dark Map","Minty Spire (QoL Compilation)","Quick Restart","Relic Stats","StSLib","ojb\u0027s Better Paths Mod","ojb\u0027s Info Mod","slay the spire mod where everything is the same but ironclad has a cowboy hat"],"gold_per_floor":[110,110,120,34,45,45,63,63,63],"floor_reached":8,"language":"ENG","playtime":292,"items_purged":[],"score":91,"play_id":"163233c1-981b-49be-97e6-2ceb86cab7fc","local_time":"20210122045731","is_ascension_mode":true,"campfire_choices":[{"data":"Bouncing Flask","floor":6,"key":"SMITH"}],"circlet_count":0,"master_deck":["AscendersBane","Strike_G","Strike_G","Strike_G","Strike_G","Defend_G","Defend_G","Defend_G","Defend_G","Defend_G","Survivor","Neutralize","Bane","Bouncing Flask+1","Leg Sweep","Envenom","Dagger Spray"],"relics":["Ring of the Snake","Pen Nib"],"acts_visited":["Exordium"],"potions_floor_usage":[8,8],"damage_taken":[{"damage":3,"enemies":"Small Slimes","floor":1,"turns":4},{"damage":2,"enemies":"Jaw Worm","floor":3,"turns":4},{"damage":2,"enemies":"Cultist","floor":5,"turns":5},{"damage":0,"enemies":"Large Slime","floor":7,"turns":4},{"damage":52,"enemies":"3 Sentries","floor":8,"turns":8}],"seed_played":"8877590950816954875","potions_obtained":[{"floor":3,"key":"FearPotion"},{"floor":7,"key":"PowerPotion"}],"is_trial":false,"path_per_floor":["M","?","M","$","M","R","M","E"],"character_chosen":"THE_SILENT","items_purchased":["Leg Sweep"],"campfire_rested":0,"item_purchase_floors":[4],"current_hp_per_floor":[56,49,47,47,45,45,45,0,0],"gold":63,"neow_bonus":"RANDOM_COMMON_RELIC","is_daily":false,"chose_seed":false,"campfire_upgraded":1,"win_rate":0.0,"timestamp":1611291451,"path_taken":["M","?","M","$","M","R","M","E"],"items_purchased_type":["Card"],"build_version":"2020-12-22","purchased_purges":0,"victory":false,"max_hp_per_floor":[66,66,66,66,66,66,66,66,66],"relic_stats":{"counters":[5,25],"Pen Nib":[4],"obtain_stats":[{"Pen Nib":0,"Ring of the Snake":0},{"Pen Nib":0,"Ring of the Snake":0},{"Pen Nib":0,"Ring of the Snake":0}],"Ring of the Snake":[10]},"card_choices":[{"not_picked":["Distraction","Outmaneuver"],"picked":"Bane","floor":1},{"not_picked":["Dagger Throw","Poisoned Stab"],"picked":"Bouncing Flask","floor":3},{"not_picked":["Escape Plan","Deadly Poison"],"picked":"Envenom","floor":5},{"not_picked":["Quick Slash","Outmaneuver"],"picked":"Dagger Spray","floor":7}],"player_experience":1009334,"relics_obtained":[],"event_choices":[{"cards_removed":["Strike_G"],"damage_healed":0,"gold_gain":0,"player_choice":"Card Removal","damage_taken":7,"max_hp_gain":0,"max_hp_loss":0,"event_name":"Golden Wing","floor":2,"gold_loss":0}],"is_beta":false,"boss_relics":[],"items_purged_floors":[],"is_endless":false,"potions_floor_spawned":[3,7],"killed_by":"3 Sentries","ascension_level":18}}