{"host":"gfmw02tnhhvp9jba","time":1611307170,"event":{"mods":["AchievementEnabler","BaseMod","Downfall","Highlight Path","Minty Spire (QoL Compilation)","StSLib"],"gold_per_floor":[111,130,130,130,146,176,176,189,189,222,70,101,118,134,134,232,232,247,447,447,447,461,461,461],"floor_reached":23,"language":"ENG","playtime":871,"items_purged":["Strike_B"],"score":257,"play_id":"00fc8f14-26e5-48f6-8781-1203a02cece1","local_time":"20210122101930","is_ascension_mode":true,"campfire_choices":[{"floor":7,"key":"REST"},{"floor":15,"key":"REST"}],"circlet_count":0,"master_deck":["Defend_B","Defend_B","Defend_B","Zap","Dualcast+1","Leap","FTL","Lockon","Ball Lightning","Machine Learning+1","Redo","Bite","Bite","Bite","Bite","Bite","downfall:Bewildered"],"relics":["Busted Crown","Toy Ornithopter","Eternal Feather","Frozen Egg 2","Juzu Bracelet","bronze:MakeshiftBattery","sneckomod:BabySnecko"],"acts_visited":["Exordium","TheCity"],"potions_floor_usage":[12,16,23],"damage_taken":[{"damage":2,"enemies":"Small Slimes","floor":1,"turns":3},{"damage":8,"enemies":"2 Louse","floor":2,"turns":3},{"damage":0,"enemies":"Jaw Worm","floor":5,"turns":2},{"damage":25,"enemies":"3 Sentries","floor":6,"turns":10},{"damage":0,"enemies":"Exordium Thugs","floor":8,"turns":3},{"damage":23,"enemies":"Lagavulin","floor":10,"turns":8},{"damage":17,"enemies":"3 Sentries","floor":12,"turns":5},{"damage":4,"enemies":"3 Louse","floor":13,"turns":2},{"damage":0,"enemies":"Large Slime","floor":14,"turns":4},{"damage":24,"enemies":"Slime Boss","floor":16,"turns":8},{"damage":17,"enemies":"2 Thieves","floor":18,"turns":3},{"damage":32,"enemies":"3 Byrds","floor":22,"turns":5},{"damage":51,"enemies":"Book of Stabbing","floor":23,"turns":4}],"seed_played":"2654315589028260286","potions_obtained":[{"floor":2,"key":"SkillPotion"},{"floor":6,"key":"DuplicationPotion"},{"floor":8,"key":"LiquidMemories"},{"floor":13,"key":"hexamod:SoulburnPotion"},{"floor":16,"key":"sneckomod:MuddlingPotion"},{"floor":18,"key":"Regen Potion"},{"floor":22,"key":"PotionOfCapacity"}],"is_trial":false,"path_per_floor":["M","M","?","?","M","E","R","M","T","E","$","E","M","M","R","B",null,"M","?","?","?","M","E"],"character_chosen":"DEFECT","items_purchased":["Lockon"],"campfire_rested":2,"item_purchase_floors":[11],"current_hp_per_floor":[73,65,65,50,50,25,47,47,47,24,24,12,8,8,36,17,75,58,58,52,52,28,0,0],"gold":461,"neow_bonus":"BOSS_RELIC","is_daily":false,"chose_seed":false,"campfire_upgraded":0,"win_rate":0.0,"timestamp":1611307170,"path_taken":["M","M","?","?","M","E","R","M","T","E","$","E","M","M","R","BOSS","M","?","?","?","M","E"],"items_purchased_type":["Card"],"build_version":"2020-12-22","purchased_purges":1,"victory":false,"max_hp_per_floor":[75,75,75,75,75,75,75,75,75,75,75,75,75,75,75,75,75,75,75,52,52,52,52,52],"card_choices":[{"not_picked":["Go for the Eyes"],"picked":"SKIP","floor":1},{"not_picked":[],"picked":"Leap","floor":2},{"not_picked":["Hologram"],"picked":"SKIP","floor":5},{"not_picked":["Meteor Strike"],"picked":"SKIP","floor":6},{"not_picked":[],"picked":"FTL","floor":8},{"not_picked":["Streamline"],"picked":"SKIP","floor":10},{"not_picked":[],"picked":"Ball Lightning","floor":12},{"not_picked":["Turbo"],"picked":"SKIP","floor":13},{"not_picked":["Gash"],"picked":"SKIP","floor":14},{"not_picked":[],"picked":"Machine Learning+1","floor":16},{"not_picked":[],"picked":"Redo","floor":18},{"not_picked":["Gash"],"picked":"SKIP","floor":22}],"player_experience":41376,"relics_obtained":[{"floor":6,"key":"Toy Ornithopter"},{"floor":9,"key":"Eternal Feather"},{"floor":10,"key":"Frozen Egg 2"},{"floor":12,"key":"Juzu Bracelet"}],"event_choices":[{"cards_removed":["Defend_B"],"damage_healed":0,"gold_gain":0,"player_choice":"Forget","damage_taken":0,"max_hp_gain":0,"max_hp_loss":0,"event_name":"Living Wall","floor":3,"gold_loss":0},{"damage_healed":0,"gold_gain":0,"player_choice":"Entered Light","damage_taken":15,"max_hp_gain":0,"max_hp_loss":0,"event_name":"Shining Light","floor":4,"gold_loss":0,"cards_upgraded":["Dualcast","Strike_B"]},{"damage_healed":0,"gold_gain":200,"player_choice":"Gold","damage_taken":0,"max_hp_gain":0,"max_hp_loss":0,"event_name":"Wheel of Change","floor":19,"gold_loss":0},{"damage_healed":0,"gold_gain":0,"player_choice":"Became a vampire","damage_taken":0,"max_hp_gain":0,"max_hp_loss":23,"event_name":"Vampires","floor":20,"gold_loss":0,"cards_obtained":["Bite","Bite","Bite","Bite","Bite"]}],"is_beta":false,"boss_relics":[{"not_picked":["Sozu","Velvet Choker"],"picked":"bronze:MakeshiftBattery"}],"items_purged_floors":[11],"is_endless":false,"potions_floor_spawned":[2,6,8,13,16,18,22],"killed_by":"Book of Stabbing","ascension_level":2}}