{"host":"2hlhnd4tei6r1t0s","time":1611313379,"event":{"mods":["100% Spire Juice","ATMod(阿瑾Mod)","Act Like it!","Arknights The Spire","Aspiration","Astrologer","Bard","BaseMod","Conspire","Dota2Spire","Energized Spire","Evolution","Gensokyo","Gremlin Mod","Hallownest","HololiveMod","HumanHunterMod(怪物杀人mod)","Jedi Mod","Jorbs\u0027s Wanderer Trilogy","KinomotoSakuraMod(木之本樱)","Koishi","Lobotomy","LobotomyExtend","Luminous","Mari Mod (Legacy)","Mari\u0027s V1 Patch","Minty Spire (QoL Compilation)","MostiFishMod","Pale of the Ancients","Potionbrewer","Prisma Mod","Quick Restart","Reimu（博丽灵梦）","Replay The Spire","Robot Space Explorer","RumiaBox-露米娅的神秘盒子","Spicy Shops","StSLib","TestMod","The Administrix","The Alterego","The Animator","The Blackbeard","The Construct","The Cursed","The Forsaken","The Gatherer","The Hayseed","The Marked","The Mystic","The Runesmith","The Saiyan","The Senshi","The Showman","TheHeartMod","TheWitcher","Uncapped","WarShipGirlsR/战舰少女R mod","Yakumo Yukari mod","Yuyuko","[GremlinLeader]The Maniac","[IsaacMod]以撒尖塔","noobMod","vexMod","【功能Mod】混沌之环修复补丁","【功能Mod】聪明的最终Boss","【遗物卡牌】REMEMod","残留之物"],"gold_per_floor":[1000000,1000000,1000018,1000037,997931,997956,997966,997966,997966,997978,997978,996778,996853,996853,996881,996836,996836,996935,996935,996695,996695],"floor_reached":20,"language":"ZHS","playtime":4375,"items_purged":["construct:Defend_Gold","construct:DefenseMode"],"score":394,"play_id":"4aeca245-d46f-4821-9215-a85d72b53166","local_time":"20210122190258","is_ascension_mode":true,"campfire_choices":[{"data":"AT_KingSlayer","floor":17,"key":"SMITH"}],"circlet_count":0,"master_deck":["construct:Strike_Gold+1","construct:Strike_Gold+1","construct:Strike_Gold+1","construct:Strike_Gold+1","construct:Strike_Gold","construct:Defend_Gold+1","construct:Defend_Gold+1","construct:Defend_Gold+1","construct:Defend_Gold+1","construct:AttackMode","AT_KingSlayer+1","EpicFetus","construct:SiegeForm","construct:ScopeCore","Pride","AT_EmpoweredMortalDraw","construct:QuickAttack","construct:Missile+1","construct:Reserves","construct:OmegaCannon","construct:ShiftStrike+1","construct:Missile+1","construct:PowerUp","Regret","construct:Backfire","construct:ShiftStrike+1","construct:GoldenBullet","Regret","Parasite"],"relics":["construct:Cogwheel","EVO:Axolotl","ice","testmod-TestBox","DaveBox","REME_ComplimentaryCards","HushsDoor","AT_ATBox","Leech","PatriotShield","testmod-TimeTraveler","FeatherPendant","aspiration:MobileForge","SynthV:TestCard","LetterFromLob","BirthdayGift-Icosahedron","Boot","jedi:bottledfury","Chemical X","Bottled Lightning","REME_HandOfSuture","Strawberry","Dota2Spire:DrumOfEndurance","construct:RocketBooster","REME_OnlineShoppingPlatform","GodSword3","testmod-EqualTreatment","Membership Card","Orichalcum","Odd Mushroom","MariMod:MariFestivalBadge","LaetitiaHeart","ShedSkin_r"],"acts_visited":["Exordium","Hallownest:CityofTears"],"potions_floor_usage":[6],"damage_taken":[{"damage":0,"enemies":"2 Louse","floor":1,"turns":11},{"damage":0,"enemies":"Cultist","floor":3,"turns":5},{"damage":0,"enemies":"Jaw Worm","floor":4,"turns":6},{"damage":0,"enemies":"3 Sentries","floor":6,"turns":4},{"damage":0,"enemies":"2 Fungi Beasts","floor":7,"turns":7},{"damage":0,"enemies":"3 Louse","floor":10,"turns":5},{"damage":14,"enemies":"The Mushroom Lair","floor":15,"turns":8},{"damage":6,"enemies":"Looter","floor":16,"turns":5},{"damage":110,"enemies":"Slime Boss","floor":18,"turns":23},{"damage":0,"enemies":"Hallownest:3_Youths","floor":20,"turns":10},{"damage":14,"enemies":"Hallownest:3_Youths","floor":20,"turns":13},{"damage":0,"enemies":"Hallownest:3_Youths","floor":20,"turns":4}],"seed_played":"6969019978465211766","potions_obtained":[{"floor":3,"key":"LiquidBronze"},{"floor":18,"key":"EssenceOfSteel"}],"is_trial":false,"path_per_floor":["M","?","M","M","$","E","M","PTL","PTL","M","T","$","?","?","?","M","R","B",null,"M"],"character_chosen":"THE_CONSTRUCT_MOD","items_purchased":["BirthdayGift-Icosahedron","Boot","jedi:bottledfury","Chemical X","Bottled Lightning","AT_EmpoweredMortalDraw","construct:QuickAttack","construct:Missile","construct:Reserves","construct:MemoryTap","Dota2Spire:DrumOfEndurance","construct:RocketBooster","REME_OnlineShoppingPlatform","GodSword3","testmod-EqualTreatment","Membership Card","construct:Missile","construct:PowerUp"],"campfire_rested":0,"item_purchase_floors":[5,5,5,5,5,5,5,5,5,5,12,12,12,12,12,12,12,12],"current_hp_per_floor":[85,85,85,85,85,85,85,85,85,85,92,92,81,81,74,74,74,60,103,67,67],"gold":996695,"neow_bonus":"DOUBLE_BOSS_RELIC","is_daily":false,"chose_seed":false,"campfire_upgraded":1,"win_rate":0.0,"timestamp":1611313378,"path_taken":["M","?","M","M","$","E","M","PTL","PTL","?","T","$","?","?","?","M","R","BOSS","M"],"items_purchased_type":["Relic","Relic","Relic","Relic","Relic","Card","Card","Card","Card","Card","Relic","Relic","Relic","Relic","Relic","Relic","Card","Card"],"build_version":"2020-12-22","purchased_purges":2,"victory":false,"max_hp_per_floor":[85,85,85,85,85,85,85,85,85,85,92,92,92,92,92,92,92,103,103,127,127],"card_choices":[{"not_picked":[],"picked":"EpicFetus","floor":0},{"not_picked":["construct:PowerUp","construct:Accumulate"],"picked":"construct:SiegeForm","floor":1},{"not_picked":["construct:ShiftGuard","construct:Isolate","construct:ScrapCannon","construct:Dampening"],"picked":"construct:ScopeCore","floor":3},{"not_picked":["construct:Stasis","construct:SaveState","construct:HeavyBolt","construct:Forcefield","construct:SyphonStrike"],"picked":"SKIP","floor":4},{"not_picked":["construct:SuppressiveFire","construct:Autoturret","construct:Construct_Overclock","construct:BatteryCore"],"picked":"construct:OmegaCannon","floor":6},{"not_picked":["construct:Failsafe","construct:Forcefield","construct:Reinforce","construct:SweepLaser"],"picked":"construct:ShiftStrike","floor":7},{"not_picked":["Bomb","construct:Disrupt","construct:OneWayMirror","construct:Reinforce","potionbrewer:Prototype"],"picked":"construct:Backfire","floor":10},{"not_picked":["construct:Hazardproof","construct:CriticalHit","construct:SyphonStrike","construct:FierceBash"],"picked":"construct:Backfire","floor":15},{"not_picked":["construct:SuppressiveFire","construct:SyphonStrike","construct:VentSteam","construct:Autoturret"],"picked":"construct:ShiftStrike","floor":16},{"not_picked":["construct:SpinDrive","construct:ClockworkEgg","construct:HastyRepair","construct:GatlingGun"],"picked":"construct:GoldenBullet","floor":18}],"player_experience":124265,"relics_obtained":[{"floor":1,"key":"SynthV:TestCard"},{"floor":1,"key":"LetterFromLob"},{"floor":6,"key":"REME_HandOfSuture"},{"floor":11,"key":"Strawberry"},{"floor":15,"key":"Odd Mushroom"}],"event_choices":[{"damage_healed":0,"gold_gain":0,"player_choice":"Bought 0 Potions","damage_taken":0,"max_hp_gain":0,"max_hp_loss":0,"event_name":"The Woman in Blue","floor":2,"gold_loss":0},{"damage_healed":0,"gold_gain":75,"player_choice":"Gather Gold","damage_taken":11,"max_hp_gain":0,"max_hp_loss":0,"event_name":"World of Goop","floor":13,"gold_loss":0},{"damage_healed":0,"gold_gain":0,"player_choice":"Box","damage_taken":0,"relics_obtained":["Orichalcum"],"max_hp_gain":0,"max_hp_loss":0,"event_name":"Big Fish","floor":14,"gold_loss":0,"cards_obtained":["Regret"]},{"damage_healed":0,"gold_gain":0,"player_choice":"Fought Mushrooms","damage_taken":0,"max_hp_gain":0,"max_hp_loss":0,"event_name":"Mushrooms","floor":15,"gold_loss":0}],"is_beta":false,"boss_relics":[{"not_picked":["REME_ChargedStone","RhineCircuit"],"picked":"MariMod:MariFestivalBadge"},{"not_picked":[]}],"items_purged_floors":[5,12],"is_endless":false,"potions_floor_spawned":[3,15,18],"killed_by":"Hallownest:3_Youths","ascension_level":4}}