{"host":"x7xd4wkamhrqrrvw","time":1611290653,"event":{"mods":["AchievementEnabler","BaseMod","Minty Spire (QoL Compilation)","StSLib"],"gold_per_floor":[15,34,48,61,74,74,107,107,130,130,161,171,191,226,226,302,302,312,324,95,112,112,112,142,154,154,154,154,154],"floor_reached":28,"language":"ENG","playtime":1410,"items_purged":["Strike_R"],"score":459,"play_id":"a1bc87ce-babd-4063-b500-72cc84aa294c","local_time":"20210122024413","is_ascension_mode":true,"campfire_choices":[{"data":"Wild Strike","floor":6,"key":"SMITH"},{"data":"Wild Strike","floor":8,"key":"SMITH"},{"data":"Flame Barrier","floor":10,"key":"SMITH"},{"data":"Whirlwind","floor":15,"key":"SMITH"},{"data":"Demon Form","floor":23,"key":"SMITH"}],"circlet_count":0,"master_deck":["AscendersBane","Strike_R","Strike_R","Defend_R","Defend_R","Defend_R","Defend_R","Bash","Evolve","Flame Barrier+1","Metallicize","Seeing Red","Wild Strike+1","Wild Strike+1","Metallicize","Whirlwind+1","Juggernaut","Metallicize","Impervious","Demon Form+1"],"relics":["Burning Blood","Paper Frog","Bronze Scales","Bag of Preparation","Anchor","Cursed Key","Juzu Bracelet","Enchiridion"],"acts_visited":["Exordium","TheCity"],"potions_floor_usage":[4,7,11,11,14,21,28],"damage_taken":[{"damage":3,"enemies":"Jaw Worm","floor":1,"turns":6},{"damage":1,"enemies":"Small Slimes","floor":2,"turns":6},{"damage":1,"enemies":"2 Louse","floor":3,"turns":5},{"damage":5,"enemies":"Lots of Slimes","floor":4,"turns":6},{"damage":6,"enemies":"Blue Slaver","floor":5,"turns":6},{"damage":20,"enemies":"Gremlin Nob","floor":7,"turns":5},{"damage":3,"enemies":"3 Sentries","floor":11,"turns":8},{"damage":9,"enemies":"Exordium Thugs","floor":12,"turns":4},{"damage":7,"enemies":"Large Slime","floor":13,"turns":4},{"damage":10,"enemies":"Lagavulin","floor":14,"turns":6},{"damage":5,"enemies":"Hexaghost","floor":16,"turns":9},{"damage":2,"enemies":"Chosen","floor":18,"turns":4},{"damage":0,"enemies":"3 Byrds","floor":19,"turns":3},{"damage":12,"enemies":"Snecko","floor":21,"turns":5},{"damage":22,"enemies":"Gremlin Leader","floor":24,"turns":5},{"damage":22,"enemies":"Shelled Parasite and Fungi","floor":25,"turns":5},{"damage":23,"enemies":"Book of Stabbing","floor":28,"turns":3}],"seed_played":"-2018272539187279623","potions_obtained":[{"floor":1,"key":"ColorlessPotion"},{"floor":3,"key":"AttackPotion"},{"floor":5,"key":"Weak Potion"},{"floor":7,"key":"EssenceOfSteel"},{"floor":13,"key":"BlessingOfTheForge"},{"floor":16,"key":"Dexterity Potion"},{"floor":18,"key":"AttackPotion"}],"is_trial":false,"path_per_floor":["M","M","M","M","M","R","E","R","T","R","E","M","M","E","R","B",null,"M","M","$","M","?","R","E","M","T","?","E"],"character_chosen":"IRONCLAD","items_purchased":["Impervious"],"campfire_rested":0,"item_purchase_floors":[20],"current_hp_per_floor":[71,75,75,75,75,75,61,61,61,61,64,61,60,56,56,57,71,75,75,75,69,69,69,53,37,37,16,0,0],"gold":154,"neow_bonus":"TRANSFORM_TWO_CARDS","is_daily":false,"chose_seed":false,"campfire_upgraded":5,"win_rate":0.0,"timestamp":1611290653,"path_taken":["M","M","M","M","M","R","E","R","T","R","E","M","M","E","R","BOSS","M","M","$","M","?","R","E","M","T","?","E"],"items_purchased_type":["Card"],"build_version":"2020-12-22","purchased_purges":1,"victory":false,"max_hp_per_floor":[75,75,75,75,75,75,75,75,75,75,75,75,75,75,75,75,75,75,75,75,75,75,75,75,75,75,75,75,75],"card_choices":[{"not_picked":["Anger","Disarm"],"picked":"Metallicize","floor":1},{"not_picked":["Evolve","Rage"],"picked":"Seeing Red","floor":2},{"not_picked":["Heavy Blade","True Grit","Iron Wave"],"picked":"SKIP","floor":3},{"not_picked":["Anger","Hemokinesis"],"picked":"Wild Strike","floor":4},{"not_picked":["Shockwave","Clothesline"],"picked":"Wild Strike","floor":5},{"not_picked":["Evolve","Pommel Strike"],"picked":"Metallicize","floor":7},{"not_picked":["Power Through","Sword Boomerang"],"picked":"Whirlwind","floor":11},{"not_picked":["Entrench","Blood for Blood","Carnage"],"picked":"SKIP","floor":12},{"not_picked":["Body Slam","Dropkick","Flex"],"picked":"SKIP","floor":13},{"not_picked":["Pummel","Body Slam","Iron Wave"],"picked":"SKIP","floor":14},{"not_picked":["Reaper","Fiend Fire"],"picked":"Juggernaut","floor":16},{"not_picked":["Cleave","Evolve"],"picked":"Metallicize","floor":18},{"not_picked":["Dark Embrace","Sword Boomerang","Armaments+1"],"picked":"SKIP","floor":19},{"not_picked":["Infernal Blade","Shrug It Off","Thunderclap"],"picked":"SKIP","floor":21},{"not_picked":["Body Slam","Rage","Exhume"],"picked":"SKIP","floor":24},{"not_picked":["Flex+1","Twin Strike","Sword Boomerang"],"picked":"SKIP","floor":25}],"player_experience":381930,"relics_obtained":[{"floor":7,"key":"Paper Frog"},{"floor":9,"key":"Bronze Scales"},{"floor":11,"key":"Bag of Preparation"},{"floor":14,"key":"Anchor"},{"floor":24,"key":"Juzu Bracelet"},{"floor":27,"key":"Enchiridion"}],"event_choices":[{"damage_healed":0,"gold_gain":0,"player_choice":"Read","damage_taken":0,"max_hp_gain":0,"max_hp_loss":0,"event_name":"The Library","floor":22,"gold_loss":0,"cards_obtained":["Demon Form"]},{"damage_healed":0,"gold_gain":0,"player_choice":"Obtained Book","damage_taken":21,"max_hp_gain":0,"max_hp_loss":0,"event_name":"Cursed Tome","floor":27,"gold_loss":0}],"is_beta":false,"boss_relics":[{"not_picked":["Tiny House","Calling Bell"],"picked":"Cursed Key"}],"items_purged_floors":[20],"is_endless":false,"potions_floor_spawned":[1,3,5,7,13,16,18],"killed_by":"Book of Stabbing","ascension_level":15}}