{"host":"sum4dy402bbv9y4o","time":1611358446,"event":{"mods":["Aspiration","BaseMod","Conspire","Highlight Path","Minty Spire (QoL Compilation)","StSLib"],"gold_per_floor":[113,130,140,51,66,96,96,96,177,208,42,67,67,99,99,174,174,188,200,200,210,55,105,105,122,168,186,186,4,15,42,42,116,116,133,48,59,59,74,105,105,105,105],"floor_reached":42,"language":"ENG","playtime":1840,"items_purged":["Injury","Defend_P","Defend_P"],"score":1202,"play_id":"40438101-6fa7-420a-b7d1-e0409b061c40","local_time":"20210123023406","is_ascension_mode":true,"campfire_choices":[{"data":"TalkToTheHand","floor":7,"key":"SMITH"},{"data":"MentalFortress","floor":13,"key":"SMITH"},{"data":"EmptyBody","floor":15,"key":"SMITH"},{"data":"ClearTheMind","floor":24,"key":"SMITH"},{"data":"Crescendo","floor":28,"key":"SMITH"},{"floor":32,"key":"REST"},{"data":"ConjureBlade","floor":41,"key":"SMITH"}],"circlet_count":0,"master_deck":["AscendersBane","Defend_P","Defend_P","Eruption+1","Vigilance","Consecrate","EmptyBody+1","Conclude","MentalFortress+1","FlurryOfBlows","TalkToTheHand+1","FlurryOfBlows","ClearTheMind+1","Wallop+1","FlurryOfBlows+1","FlurryOfBlows+1","ConjureBlade+1","LikeWater+1","Adaptation+1","Bite+1","Bite+1","Bite+1","Bite+1","Bite+1","FollowUp+1","Crescendo+1","Devotion+1","MasterReality+1","Halt"],"relics":["PureWater","Mummified Hand","Molten Egg 2","Frozen Egg 2","Meat on the Bone","Gremlin Horn","Pantograph","Runic Pyramid","Toy Ornithopter","StrikeDummy","aspiration:SecretTechniqueScroll","Smiling Mask"],"acts_visited":["Exordium","TheCity","TheBeyond"],"potions_floor_usage":[6,6,10,12,25,31,33,37,37],"damage_taken":[{"damage":0,"enemies":"Cultist","floor":1,"turns":3},{"damage":0,"enemies":"Small Slimes","floor":2,"turns":3},{"damage":2,"enemies":"2 Louse","floor":3,"turns":3},{"damage":0,"enemies":"2 Fungi Beasts","floor":5,"turns":3},{"damage":19,"enemies":"Lagavulin","floor":6,"turns":4},{"damage":18,"enemies":"Gremlin Nob","floor":10,"turns":4},{"damage":0,"enemies":"Lagavulin","floor":12,"turns":4},{"damage":7,"enemies":"Gremlin Nob","floor":14,"turns":3},{"damage":0,"enemies":"Slime Boss","floor":16,"turns":7},{"damage":9,"enemies":"Chosen","floor":18,"turns":5},{"damage":25,"enemies":"Shell Parasite","floor":19,"turns":6},{"damage":29,"enemies":"Snake Plant","floor":21,"turns":8},{"damage":19,"enemies":"Shelled Parasite and Fungi","floor":25,"turns":5},{"damage":10,"enemies":"Snecko","floor":27,"turns":9},{"damage":2,"enemies":"3 Cultists","floor":30,"turns":4},{"damage":44,"enemies":"Slavers","floor":31,"turns":5},{"damage":27,"enemies":"conspire:MysteriousRune","floor":33,"turns":6},{"damage":12,"enemies":"3 Shapes","floor":35,"turns":4},{"damage":20,"enemies":"3 Darklings","floor":37,"turns":5},{"damage":17,"enemies":"4 Shapes","floor":39,"turns":6},{"damage":0,"enemies":"Nemesis","floor":40,"turns":7},{"damage":62,"enemies":"Giant Head","floor":42,"turns":6}],"seed_played":"-4942594042012081080","potions_obtained":[{"floor":2,"key":"Weak Potion"},{"floor":5,"key":"DistilledChaos"},{"floor":6,"key":"SteroidPotion"},{"floor":19,"key":"EssenceOfSteel"},{"floor":31,"key":"StancePotion"},{"floor":39,"key":"Explosive Potion"}],"is_trial":false,"path_per_floor":["M","M","M","$","M","E","R","?","T","E","$","E","R","E","R","B",null,"M","M","?","M","$","?","R","M","T","M","R","$","M","E","R","B",null,"M","$","M","?","M","E","R","E"],"character_chosen":"WATCHER","items_purchased":["MentalFortress","FlurryOfBlows","Wallop+1","SteroidPotion","PowerPotion","Strength Potion","LiquidMemories"],"campfire_rested":1,"item_purchase_floors":[4,4,11,11,22,29,36],"current_hp_per_floor":[61,61,59,59,59,40,40,40,40,22,22,34,34,39,39,64,67,58,45,45,27,27,23,23,28,28,42,42,42,47,27,41,26,42,45,45,47,44,36,47,47,0,0],"gold":105,"neow_bonus":"UPGRADE_CARD","is_daily":false,"chose_seed":false,"campfire_upgraded":6,"win_rate":0.0,"timestamp":1611358446,"path_taken":["M","M","M","$","?","E","R","?","T","E","$","E","R","E","R","BOSS","M","M","?","M","$","?","R","M","T","?","R","$","M","E","R","BOSS","M","$","M","?","M","E","R","E"],"items_purchased_type":["Card","Card","Card","Potion","Potion","Potion","Potion"],"build_version":"2020-12-22","purchased_purges":3,"victory":false,"max_hp_per_floor":[68,68,68,68,68,68,68,68,68,68,68,68,68,68,68,68,68,68,68,47,47,47,47,47,47,47,47,47,47,47,47,47,47,47,47,47,47,47,47,47,47,47,47],"card_choices":[{"not_picked":["Study","ThirdEye"],"picked":"Consecrate","floor":1},{"not_picked":["ThirdEye","CutThroughFate"],"picked":"EmptyBody","floor":2},{"not_picked":["Fasting2","Vengeance"],"picked":"Conclude","floor":3},{"not_picked":["EmptyBody","Conclude"],"picked":"TalkToTheHand","floor":5},{"not_picked":["Judgement","Weave"],"picked":"FlurryOfBlows","floor":6},{"not_picked":["Pray","Crescendo"],"picked":"ClearTheMind","floor":10},{"not_picked":["Meditate","Protect"],"picked":"FlurryOfBlows+1","floor":12},{"not_picked":["Nirvana+1","Protect"],"picked":"FlurryOfBlows+1","floor":14},{"not_picked":["SpiritShield","DeusExMachina"],"picked":"ConjureBlade","floor":16},{"not_picked":["FlurryOfBlows+1","EmptyFist+1"],"picked":"LikeWater+1","floor":18},{"not_picked":["Crescendo","Judgement"],"picked":"Adaptation+1","floor":19},{"not_picked":["ThirdEye","Prostrate"],"picked":"FollowUp+1","floor":21},{"not_picked":["CrushJoints+1","BowlingBash+1","FlurryOfBlows+1"],"picked":"SKIP","floor":25},{"not_picked":["Fasting2+1","CutThroughFate+1"],"picked":"Crescendo","floor":27},{"not_picked":["JustLucky+1","CutThroughFate+1","Study+1"],"picked":"SKIP","floor":30},{"not_picked":["ClearTheMind","FlurryOfBlows+1"],"picked":"Devotion+1","floor":31},{"not_picked":["Scrawl","Vault"],"picked":"MasterReality+1","floor":33},{"not_picked":["CrushJoints+1","Conclude+1","WheelKick+1"],"picked":"SKIP","floor":35},{"not_picked":["CutThroughFate+1","ThirdEye","SignatureMove+1"],"picked":"SKIP","floor":37},{"not_picked":["EmptyBody","SignatureMove+1"],"picked":"Halt","floor":39},{"not_picked":["PathToVictory+1","Protect","CutThroughFate+1"],"picked":"SKIP","floor":40}],"player_experience":2965550,"relics_obtained":[{"floor":6,"key":"Mummified Hand"},{"floor":9,"key":"Frozen Egg 2"},{"floor":10,"key":"Meat on the Bone"},{"floor":12,"key":"Gremlin Horn"},{"floor":14,"key":"Pantograph"},{"floor":26,"key":"Toy Ornithopter"},{"floor":31,"key":"StrikeDummy"},{"floor":40,"key":"Smiling Mask"}],"event_choices":[{"damage_healed":0,"gold_gain":0,"player_choice":"Became a vampire","damage_taken":0,"max_hp_gain":0,"max_hp_loss":21,"event_name":"Vampires","floor":20,"gold_loss":0,"cards_obtained":["Bite","Bite","Bite","Bite","Bite"]},{"damage_healed":0,"gold_gain":50,"player_choice":"Touch","damage_taken":4,"max_hp_gain":0,"max_hp_loss":0,"event_name":"FaceTrader","floor":23,"gold_loss":0},{"damage_healed":0,"gold_gain":0,"player_choice":"Leave","damage_taken":0,"max_hp_gain":0,"max_hp_loss":0,"event_name":"conspire:Investor","floor":38,"gold_loss":0}],"is_beta":false,"boss_relics":[{"not_picked":["Pandora\u0027s Box","Coffee Dripper"],"picked":"Runic Pyramid"},{"not_picked":["Calling Bell","SacredBark"],"picked":"aspiration:SecretTechniqueScroll"}],"items_purged_floors":[11,22,29],"is_endless":false,"potions_floor_spawned":[2,5,6,19,30,31,39],"killed_by":"Giant Head","ascension_level":20}}