{"host":"49c2zf0lajbcs427","time":1611274828,"event":{"mods":["AchievementEnabler","BaseMod","Colored Map","Colored Powertips","Highlight Path","Key Reminder","Minty Spire (QoL Compilation)","Relic Stats","StSLib"],"gold_per_floor":[119,49,66,80,80,93,129,129,129,129,129],"floor_reached":10,"language":"ENG","playtime":490,"items_purged":[],"score":85,"play_id":"d292366a-4285-4fb3-ad5f-81750177b3b3","local_time":"20210122132028","is_ascension_mode":true,"campfire_choices":[{"data":"Zap","floor":8,"key":"SMITH"}],"circlet_count":0,"master_deck":["Strike_B","Strike_B","Strike_B","Strike_B","Defend_B","Defend_B","Defend_B","Defend_B","Zap+1","Dualcast","Rebound","Cold Snap","Coolheaded","Cold Snap","Sweeping Beam","Amplify"],"relics":["Black Star","Golden Idol","Calipers","Pantograph","Du-Vu Doll"],"acts_visited":["Exordium"],"potions_floor_usage":[7,7],"damage_taken":[{"damage":1,"enemies":"Small Slimes","floor":1,"turns":4},{"damage":2,"enemies":"Jaw Worm","floor":3,"turns":3},{"damage":1,"enemies":"Cultist","floor":4,"turns":4},{"damage":2,"enemies":"Looter","floor":6,"turns":4},{"damage":8,"enemies":"3 Sentries","floor":7,"turns":5},{"damage":43,"enemies":"Gremlin Nob","floor":10,"turns":4}],"seed_played":"-2826721836034812983","potions_obtained":[{"floor":3,"key":"GamblersBrew"},{"floor":6,"key":"Fire Potion"},{"floor":7,"key":"Ancient Potion"}],"is_trial":false,"path_per_floor":["M","$","M","M","?","M","E","R","T","E"],"character_chosen":"DEFECT","items_purchased":["Cold Snap","Coolheaded"],"campfire_rested":0,"item_purchase_floors":[2,2],"current_hp_per_floor":[74,74,72,71,53,51,43,43,43,0,0],"gold":129,"neow_bonus":"BOSS_RELIC","is_daily":false,"chose_seed":false,"campfire_upgraded":1,"win_rate":0.0,"timestamp":1611274828,"path_taken":["M","$","M","M","?","M","E","R","T","E"],"items_purchased_type":["Card","Card"],"build_version":"2020-12-22","purchased_purges":0,"victory":false,"max_hp_per_floor":[75,75,75,75,75,75,75,75,75,75,75],"relic_stats":{"counters":[6,24],"Golden Idol":10,"Pantograph":0,"Black Star":1,"obtain_stats":[{"Du-Vu Doll":9,"Calipers":7,"Golden Idol":5,"Pantograph":7,"Black Star":0,"Cracked Core":0},{"Du-Vu Doll":5,"Calipers":5,"Golden Idol":3,"Pantograph":5,"Black Star":0,"Cracked Core":0},{"Du-Vu Doll":20,"Calipers":20,"Golden Idol":11,"Pantograph":20,"Black Star":0,"Cracked Core":0}]},"card_choices":[{"not_picked":["Go for the Eyes","Steam Power"],"picked":"Rebound","floor":1},{"not_picked":["Turbo","Coolheaded","Redo"],"picked":"SKIP","floor":3},{"not_picked":["Barrage","Force Field"],"picked":"Cold Snap","floor":4},{"not_picked":["Recycle","Turbo"],"picked":"Sweeping Beam","floor":6},{"not_picked":["Recycle","Force Field"],"picked":"Amplify","floor":7}],"player_experience":2344125,"relics_obtained":[{"floor":7,"key":"Calipers"},{"floor":7,"key":"Pantograph"},{"floor":9,"key":"Du-Vu Doll"}],"event_choices":[{"damage_healed":0,"gold_gain":0,"player_choice":"Take Damage","damage_taken":18,"relics_obtained":["Golden Idol"],"max_hp_gain":0,"max_hp_loss":0,"event_name":"Golden Idol","floor":5,"gold_loss":0}],"is_beta":false,"boss_relics":[],"items_purged_floors":[],"is_endless":false,"potions_floor_spawned":[3,6,7],"killed_by":"Gremlin Nob","ascension_level":5}}