{"host":"zxkjcgzis4pm3za5","time":1611286994,"event":{"mods":["AchievementEnabler","Act Like it!","BaseMod","Colored Map","Colored Powertips","Friendly Minions","GifTheSpireLib","Minty Spire (QoL Compilation)","Quick Restart","RNG Fix","Random Character Button","Relic Sorter","Relic Stats","StSLib"],"gold_per_floor":[119,165,181,181,197,197,231,231,256,256,256,271,271,306,306,395,395,415,415,255,255,20,61,61,74,98,123,123,123],"floor_reached":28,"language":"ENG","playtime":1081,"items_purged":["Bite"],"score":464,"play_id":"35698815-d5f4-4687-ae60-0e9cf2c84629","local_time":"20210122091314","is_ascension_mode":true,"campfire_choices":[{"data":"Beam Cell","floor":6.0,"key":"SMITH"},{"floor":11.0,"key":"REST"},{"data":"Consume","floor":15.0,"key":"SMITH"},{"data":"Echo Form","floor":24,"key":"SMITH"}],"circlet_count":0,"master_deck":["AscendersBane","Defend_B+1","Defend_B+1","Defend_B","Zap","Dualcast","Coolheaded","Beam Cell+1","Leap+1","Static Discharge","Consume+1","Machine Learning","Ball Lightning","Bite","Bite","Bite","Bite","Echo Form+1","Sweeping Beam"],"relics":["Cracked Core","NeowsBlessing","Anchor","Pen Nib","Strawberry","Golden Idol","InkBottle","Sozu","OrangePellets","DataDisk","War Paint"],"acts_visited":["Exordium","TheCity"],"potions_floor_usage":[],"damage_taken":[{"damage":0.0,"enemies":"Small Slimes","floor":1.0,"turns":1.0},{"damage":0.0,"enemies":"Jaw Worm","floor":3.0,"turns":1.0},{"damage":0.0,"enemies":"2 Louse","floor":5.0,"turns":1.0},{"damage":13.0,"enemies":"3 Sentries","floor":7.0,"turns":9.0},{"damage":5.0,"enemies":"Lots of Slimes","floor":12.0,"turns":3.0},{"damage":30.0,"enemies":"Gremlin Nob","floor":14.0,"turns":4.0},{"damage":11,"enemies":"The Guardian","floor":16,"turns":12},{"damage":43,"enemies":"3 Byrds","floor":18,"turns":6},{"damage":42,"enemies":"Slavers","floor":23,"turns":7},{"damage":11,"enemies":"Shell Parasite","floor":25,"turns":4},{"damage":13,"enemies":"Chosen and Byrds","floor":27,"turns":5},{"damage":35,"enemies":"Book of Stabbing","floor":28,"turns":5}],"seed_played":"1923468124727520439","potions_obtained":[{"floor":1.0,"key":"Weak Potion"},{"floor":16,"key":"FearPotion"}],"is_trial":false,"path_per_floor":["M","T","M","?","M","R","E","?","T","?","R","M","?","E","R","B",null,"M","?","$","?","$","E","R","M","T","M","E"],"character_chosen":"DEFECT","items_purchased":["OrangePellets","DataDisk"],"campfire_rested":1,"item_purchase_floors":[20,22],"current_hp_per_floor":[64,64,64,69,69,69,56,49,56,31,55,50,50,20,20,9,59,16,85,85,59,59,29,29,30,30,27,0,0],"gold":123,"neow_bonus":"THREE_ENEMY_KILL","is_daily":false,"chose_seed":false,"campfire_upgraded":3,"win_rate":0.0,"timestamp":1611286994,"path_taken":["M","?","M","?","?","R","E","?","T","?","R","M","?","E","R","BOSS","M","?","$","?","$","E","R","M","T","M","E"],"items_purchased_type":["Relic","Relic"],"build_version":"2020-12-22","purchased_purges":1,"victory":false,"max_hp_per_floor":[71,71,71,76,76,76,76,76,83,83,83,83,75,75,75,75,75,75,85,85,59,59,59,59,59,59,59,59,59],"relic_stats":{"Sozu":2,"OrangePellets":[2],"counters":[12,58],"Golden Idol":45,"Pen Nib":[6],"War Paint":["Defend_B","Leap"],"obtain_stats":[{"Sozu":17,"OrangePellets":20,"Anchor":2,"DataDisk":22,"NeowsBlessing":0,"Golden Idol":13,"Strawberry":9,"Pen Nib":7,"War Paint":23,"Cracked Core":0,"InkBottle":14},{"Sozu":7,"OrangePellets":8,"Anchor":1,"DataDisk":8,"NeowsBlessing":0,"Golden Idol":5,"Strawberry":4,"Pen Nib":4,"War Paint":9,"Cracked Core":0,"InkBottle":6},{"Sozu":31,"OrangePellets":37,"Anchor":1,"DataDisk":37,"NeowsBlessing":0,"Golden Idol":15,"Strawberry":12,"Pen Nib":12,"War Paint":44,"Cracked Core":0,"InkBottle":19}],"InkBottle":[13]},"card_choices":[{"not_picked":["Hologram","Go for the Eyes"],"picked":"Coolheaded","floor":1.0},{"not_picked":["Force Field","Double Energy"],"picked":"Beam Cell","floor":3.0},{"not_picked":["Rebound","Stack"],"picked":"Leap","floor":5.0},{"not_picked":["Beam Cell","Genetic Algorithm"],"picked":"Static Discharge","floor":7.0},{"not_picked":["Turbo","Skim"],"picked":"Consume","floor":12.0},{"not_picked":["Thunder Strike","Force Field"],"picked":"Machine Learning","floor":14.0},{"not_picked":["All For One","Hyperbeam"],"picked":"Machine Learning","floor":16},{"not_picked":["Darkness","Rebound"],"picked":"Ball Lightning","floor":18},{"not_picked":["Chaos","Heatsinks"],"picked":"Echo Form","floor":23},{"not_picked":["Leap","Stack"],"picked":"Sweeping Beam","floor":25},{"not_picked":["Sweeping Beam","Steam+1","Ball Lightning"],"picked":"SKIP","floor":27}],"player_experience":252053,"relics_obtained":[{"floor":2.0,"key":"Anchor"},{"floor":7.0,"key":"Pen Nib"},{"floor":9.0,"key":"Strawberry"},{"floor":14.0,"key":"InkBottle"},{"floor":23,"key":"War Paint"}],"event_choices":[{"damage_healed":0.0,"max_hp_gain":5.0,"max_hp_loss":0.0,"gold_gain":0.0,"event_name":"Big Fish","player_choice":"Donut","floor":4.0,"gold_loss":0.0,"damage_taken":0.0},{"cards_removed":["Defend_B"],"damage_healed":0.0,"max_hp_gain":0.0,"max_hp_loss":0.0,"gold_gain":0.0,"event_name":"Golden Wing","player_choice":"Card Removal","floor":8.0,"gold_loss":0.0,"damage_taken":7.0},{"damage_healed":0.0,"max_hp_gain":0.0,"max_hp_loss":0.0,"gold_gain":0.0,"event_name":"Shining Light","player_choice":"Entered Light","floor":10.0,"gold_loss":0.0,"damage_taken":25.0,"cards_upgraded":["Defend_B","Strike_B"]},{"damage_healed":0.0,"max_hp_gain":0.0,"max_hp_loss":8.0,"gold_gain":0.0,"event_name":"Golden Idol","player_choice":"Lose Max HP","floor":13.0,"gold_loss":0.0,"damage_taken":0.0,"relics_obtained":["Golden Idol"]},{"cards_removed":["Machine Learning"],"damage_healed":59,"gold_gain":0,"player_choice":"Offered Rare","damage_taken":0,"max_hp_gain":10,"max_hp_loss":0,"event_name":"Bonfire Elementals","floor":19,"gold_loss":0},{"damage_healed":0,"gold_gain":0,"player_choice":"Became a vampire","damage_taken":0,"max_hp_gain":0,"max_hp_loss":26,"event_name":"Vampires","floor":21,"gold_loss":0,"cards_obtained":["Bite","Bite","Bite","Bite","Bite"]}],"is_beta":false,"boss_relics":[{"not_picked":["SacredBark","Snecko Eye"],"picked":"Sozu"}],"items_purged_floors":[22],"is_endless":false,"potions_floor_spawned":[1,16,23,25],"killed_by":"Book of Stabbing","ascension_level":16}}