{"host":"2q4w55ev63ot6isg","time":1611349560,"event":{"mods":["Aspiration","BaseMod","Downfall","Hubris","Marisa????????","Minty Spire (QoL Compilation)","Replay The Spire","StSLib","The Cursed","The Jungle","The Servant 0.9.4"],"gold_per_floor":[110,130,142,317,317,334,334,16,16,34,53,67,67,67,67,87,87,182,182,192,192,210,22,35,70,70,70,70,95,113,125,125,35,35,133,133,144,155,1,1,13,13,27,27,27,53,53,53,66,0,0,0],"floor_reached":53,"language":"ENG","playtime":1966,"items_purged":["Doubt"],"score":821,"play_id":"a717642e-536d-41df-9293-d07bea929fc2","local_time":"20210122130600","is_ascension_mode":false,"campfire_choices":[{"data":"Defragment","floor":7,"key":"SMITH"},{"data":"Zap","floor":13,"key":"SMITH"},{"floor":17,"key":"REST"},{"data":"ReplayTheSpireMod:Fabricate Wheel","floor":26,"key":"SMITH"},{"data":"Dualcast","floor":32,"key":"SMITH"},{"data":"Fission","floor":34,"key":"SMITH"},{"data":"ReplayTheSpireMod:Calculation Training","floor":42,"key":"SMITH"},{"data":"Guardian:DecasProtection","floor":44,"key":"SMITH"},{"data":"Thunder Strike","floor":47,"key":"SMITH"},{"data":"Conserve Battery","floor":51,"key":"SMITH"}],"circlet_count":0,"master_deck":["Strike_B+1","Defend_B+1","Defend_B+1","Defend_B","Defend_B","Zap+1","Dualcast+1","Defragment+1","Cold Snap","Reinforced Body","Chill","FTL","Reboot","Static Discharge+1","Electrodynamics+1","hubris:DoWhile+1","Tempest+1","Redo+1","Steam+1","Fission+1","Self Repair","Capacitor+1","Conserve Battery+1","Conserve Battery+1","Chaos+1","Thunder Strike+1","ReplayTheSpireMod:Calculation Training+1","Static Discharge+1","Good Instincts","Stack+1","Guardian:DecasProtection+1","bronze:Return","TheCursedMod:CircleOfBlood+1"],"relics":["Cracked Core","aspiration:Nostalgia","m_SnakeCloak","Replay:Ringing Soul","Pen Nib","Astrolabe","Chameleon Ring","Question Card","Prayer Wheel","hubris:Reverence","hubris:Backtick","Mummified Hand","PrismaticShard","Bag of Marbles","Bottled Flame","Red Mask"],"acts_visited":["Exordium","TheCity","TheBeyond"],"potions_floor_usage":[18,22,22,29,29,41,43,52],"damage_taken":[{"damage":1,"enemies":"Cultist","floor":1,"turns":3},{"damage":0,"enemies":"Small Slimes","floor":2,"turns":3},{"damage":4,"enemies":"Jaw Worm","floor":3,"turns":4},{"damage":7,"enemies":"Blue Slaver","floor":6,"turns":3},{"damage":2,"enemies":"Exordium Thugs","floor":10,"turns":4},{"damage":4,"enemies":"2 Fungi Beasts","floor":11,"turns":3},{"damage":4,"enemies":"Gremlin Gang","floor":12,"turns":4},{"damage":0,"enemies":"3 Louse","floor":16,"turns":3},{"damage":0,"enemies":"The Guardian","floor":18,"turns":10},{"damage":2,"enemies":"Spheric Guardian","floor":20,"turns":3},{"damage":9,"enemies":"2 Thieves","floor":22,"turns":2},{"damage":16,"enemies":"Snake Plant","floor":24,"turns":2},{"damage":27,"enemies":"Slavers","floor":25,"turns":2},{"damage":8,"enemies":"Book of Stabbing","floor":29,"turns":5},{"damage":0,"enemies":"Cultist and Chosen","floor":30,"turns":3},{"damage":16,"enemies":"Shelled Parasite and Fungi","floor":31,"turns":4},{"damage":53,"enemies":"hubris:MusketHawk","floor":35,"turns":8},{"damage":6,"enemies":"Orb Walker","floor":37,"turns":3},{"damage":0,"enemies":"3 Darklings","floor":38,"turns":4},{"damage":0,"enemies":"Jaw Worm Horde","floor":41,"turns":5},{"damage":24,"enemies":"Transient","floor":43,"turns":5},{"damage":7,"enemies":"R_Hoarder","floor":46,"turns":5},{"damage":0,"enemies":"Sphere and 2 Shapes","floor":49,"turns":3},{"damage":90,"enemies":"Time Eater","floor":52,"turns":10}],"seed_played":"8016523971860420306","potions_obtained":[{"floor":3,"key":"Swift Potion"},{"floor":10,"key":"GamblersBrew"},{"floor":11,"key":"ColorlessPotion"},{"floor":12,"key":"PotionOfCapacity"},{"floor":20,"key":"ColorlessPotion"},{"floor":27,"key":"FairyPotion"},{"floor":27,"key":"Regen Potion"},{"floor":27,"key":"BlessingOfTheForge"},{"floor":31,"key":"Explosive Potion"},{"floor":37,"key":"Flashbang"},{"floor":46,"key":"SpeedPotion"}],"is_trial":false,"path_per_floor":["M","M","M","?","?","M","R","$","T","M","M","M","R","PTL","PTL","M","R","B",null,"M","?","M","$","M","E","R","?","T","E","M","M","R","?","R","B",null,"M","M","$","?","M","R","M","R","T","E","R","?","M","?","R","B",null],"character_chosen":"DEFECT","items_purchased":["Replay:Ringing Soul","ReplayTheSpireMod:Fabricate Wheel","hubris:PowerSurge","PrismaticShard"],"campfire_rested":1,"item_purchase_floors":[8,23,23,39],"current_hp_per_floor":[74,74,70,70,55,48,48,48,48,49,45,44,44,44,44,47,72,75,90,91,93,87,90,77,53,53,53,53,73,76,70,70,70,70,27,117,120,123,123,126,129,129,115,115,115,118,118,118,118,118,118,35],"gold":0,"neow_bonus":"NOSTALGIA","is_daily":false,"chose_seed":false,"campfire_upgraded":9,"win_rate":0.0,"timestamp":1611349560,"path_taken":["M","?","M","?","?","M","R","$","T","?","M","M","R","PTL","PTL","M","R","BOSS","M","?","?","$","M","E","R","?","T","E","M","?","R","?","R","BOSS","M","?","$","?","M","R","M","R","T","E","R","?","?","?","R","BOSS"],"items_purchased_type":["Relic","Card","Card","Relic"],"build_version":"2020-12-22","purchased_purges":1,"victory":true,"max_hp_per_floor":[75,75,75,75,75,75,75,75,75,78,78,81,81,81,81,84,84,87,90,93,93,96,99,102,105,105,105,105,108,111,114,114,114,114,117,117,120,123,123,126,129,129,132,132,132,135,135,135,135,135,135,135],"card_choices":[{"not_picked":["Cold Snap","Calculated Gamble"],"picked":"Defragment","floor":1},{"not_picked":["Reflex","Panic Button","Go for the Eyes"],"picked":"SKIP","floor":2},{"not_picked":["Stack","BasicCrystalCard","Steam"],"picked":"SKIP","floor":3},{"not_picked":["hubris:DoWhile","Compile Driver"],"picked":"Cold Snap","floor":6},{"not_picked":["Panic Button","Reflex"],"picked":"Reinforced Body","floor":10},{"not_picked":["ReplayTheSpireMod:GoodbyeWorld","Aggregate","Sweeping Beam"],"picked":"SKIP","floor":11},{"not_picked":["Gash","Hologram"],"picked":"Chill","floor":12},{"not_picked":["Redo","Dagger Throw"],"picked":"FTL","floor":16},{"not_picked":["Seek","Buffer"],"picked":"Reboot","floor":18},{"not_picked":["Chill","Gash"],"picked":"Hello World+1","floor":20},{"not_picked":["Darkness","Hologram"],"picked":"Tempest+1","floor":22},{"not_picked":["Beam Cell","Go for the Eyes"],"picked":"Redo+1","floor":24},{"not_picked":["Coolheaded","Go for the Eyes+1"],"picked":"Steam+1","floor":25},{"not_picked":["Amplify","Cold Snap+1","Force Field+1"],"picked":"Self Repair","floor":29},{"not_picked":["BootSequence","Barrage+1","ReplayGash"],"picked":"Capacitor","floor":30},{"not_picked":["Tempest","Panic Button","Hologram"],"picked":"Conserve Battery","floor":30},{"not_picked":["Fission","Heatsinks+1","Barrage+1"],"picked":"Conserve Battery+1","floor":31},{"not_picked":["Go for the Eyes","Redo","Gash"],"picked":"Chaos+1","floor":31},{"not_picked":["hubris:SpecializedCircuitry","All For One","hubris:DoWhile"],"picked":"Thunder Strike","floor":35},{"not_picked":["FIFO Queue+1","aspiration:Polymerization+1","Compile Driver"],"picked":"ReplayTheSpireMod:Calculation Training","floor":37},{"not_picked":["Leap","ReplaySolidLightProjector","Beam Cell+1","Lockon"],"picked":"SKIP","floor":37},{"not_picked":["Auto Shields","Hologram","Go for the Eyes"],"picked":"Static Discharge+1","floor":38},{"not_picked":["Leap+1","Rip and Tear","BasicCrystalCard+1","Fusion"],"picked":"SKIP","floor":38},{"not_picked":["The Bomb","Madness","Enlightenment"],"picked":"Good Instincts","floor":40},{"not_picked":["Outmaneuver","Ragnarok","champ:Haymaker"],"picked":"Stack+1","floor":41},{"not_picked":["Draining Mist","Slimebound:GrowthPunch+1","bronze:BugBarrage","bronze:WildBeam"],"picked":"SKIP","floor":41},{"not_picked":["ReachHeaven+1","Slimebound:ViciousTackle+1","Clothesline"],"picked":"Guardian:DecasProtection","floor":43},{"not_picked":["Hologram","Genetic Algorithm","sneckomod:UnknownClassMARISA_DERIVATIONS"],"picked":"bronze:Return","floor":43},{"not_picked":["sneckomod:UnknownClassTHE_BRONZE_AUTOMATON","PowerUp","hexamod:HexaLevel"],"picked":"TheCursedMod:CircleOfBlood+1","floor":46},{"not_picked":["bronze:Branch","Guardian:Recover","Evaluate+1","hexamod:AdvancingGuard+1"],"picked":"SKIP","floor":49},{"not_picked":["Slimebound:GoopTackle+1","Guardian:BodySlam","Collect","Wild Strike+1"],"picked":"SKIP","floor":49}],"player_experience":148101,"relics_obtained":[{"floor":9,"key":"Pen Nib"},{"floor":25,"key":"Chameleon Ring"},{"floor":28,"key":"Question Card"},{"floor":29,"key":"hubris:Reverence"},{"floor":45,"key":"Bag of Marbles"},{"floor":46,"key":"Bottled Flame"}],"event_choices":[{"damage_healed":0,"gold_gain":175,"player_choice":"AGREE","damage_taken":0,"max_hp_gain":0,"max_hp_loss":0,"event_name":"Liars Game","floor":4,"gold_loss":0,"cards_obtained":["Doubt"]},{"damage_healed":0,"gold_gain":0,"player_choice":"Entered Light","damage_taken":15,"max_hp_gain":0,"max_hp_loss":0,"event_name":"Shining Light","floor":5,"gold_loss":0,"cards_upgraded":["Defend_B","Strike_B"]},{"cards_removed":["Hello World"],"damage_healed":2,"gold_gain":0,"player_choice":"Offered Uncommon","damage_taken":0,"max_hp_gain":0,"max_hp_loss":0,"event_name":"Bonfire Elementals","floor":21,"gold_loss":0},{"damage_healed":0,"gold_gain":0,"player_choice":"Got Potions","damage_taken":0,"max_hp_gain":0,"max_hp_loss":0,"event_name":"Lab","floor":27,"gold_loss":0},{"cards_removed":["hubris:PowerSurge"],"damage_healed":0,"gold_gain":0,"player_choice":"Upgrade and Remove","damage_taken":0,"max_hp_gain":0,"max_hp_loss":0,"event_name":"Designer","floor":33,"gold_loss":90,"cards_upgraded":["Defend_B"]},{"damage_healed":0,"gold_gain":0,"player_choice":"Memory 1","damage_taken":0,"max_hp_gain":0,"max_hp_loss":0,"event_name":"SensoryStone","floor":40,"gold_loss":0},{"damage_healed":0,"gold_gain":0,"player_choice":"Upgraded","damage_taken":0,"max_hp_gain":0,"max_hp_loss":0,"event_name":"Upgrade Shrine","floor":48,"gold_loss":0,"cards_upgraded":["Capacitor"]},{"damage_healed":0,"gold_gain":0,"player_choice":"Paid","damage_taken":0,"relics_obtained":["Red Mask"],"max_hp_gain":0,"max_hp_loss":0,"event_name":"Tomb of Lord Red Mask","floor":50,"gold_loss":66}],"is_beta":false,"boss_relics":[{"not_picked":["hubris:HollowSoul","Velvet Choker"],"picked":"Astrolabe"},{"not_picked":["bronze:MakeshiftBattery","FrozenCore"],"picked":"hubris:Backtick"}],"items_purged_floors":[8],"is_endless":false,"potions_floor_spawned":[3,10,11,12,20,31,37,46],"ascension_level":0}}