{"host":"gk9qdtkqd8dwfeg2","time":1611300597,"event":{"mods":["BaseMod","Colored Powertips","Minty Spire (QoL Compilation)","Quick Restart","Replay The Spire","Shop Mod","StSLib","TestMod","The Gatherer","The Servant 0.9.4","Waifu the Spire","vexMod","¡¾ÒÅÎï¿¨ÅÆ¡¿REMEMod"],"gold_per_floor":[117,117,117,42,317,427,438,470,470,569,588,622,717,217,217,291,291,311,334,52,70,85,117,117,162,238,262,262,289,214,254,266,361,373,399,27,27,37,46,46,82,100,147,166,184,184,194,223,223,223,223,223,223,48,87,87],"floor_reached":57,"language":"ZHS","playtime":2757,"items_purged":["Regret","Strike_R","Strike_R","Strike_R","Looming Evil"],"score":2884,"play_id":"d234f8c0-e919-4184-9b58-37e6cf699cd0","local_time":"20210122152957","is_ascension_mode":true,"campfire_choices":[{"data":"ReplayReversal","floor":15,"key":"SMITH"},{"data":"Body Slam","floor":24,"key":"SMITH"},{"floor":32,"key":"RECALL"},{"data":"REME_ACTH","floor":40,"key":"SMITH"},{"data":"REME_FirmDetermination","floor":46,"key":"SMITH"},{"data":"ReplayUltimateDefense","floor":49,"key":"SMITH"},{"data":"Burning Pact","floor":53,"key":"SMITH"}],"circlet_count":0,"master_deck":["AscendersBane","Strike_R","Defend_R","Defend_R","Defend_R","Bash","REME_CRH+1","REME_WheelOfFate","ReplayReversal+1","Armaments+1","Regret","Berserk","Body Slam+1","Blood for Blood","Feel No Pain","Bloodletting+1","Dark Embrace","Burning Pact+1","REME_ACTH+1","Rupture","REME_AllRoundStrike","REME_FirmDetermination+1","Impervious","Feed","ReplayUltimateDefense+1","Abandon+1"],"relics":["Burning Blood","testmod-TestBox","REME_ComplimentaryCards","testmod-ConstraintPeriapt","Akabeko","vexMod:ScavengeHelm","Replay:Baseball","HornCleat","Potion Belt","vexMod:BarristanHead","MerchantsRug","testmod-LifeArmor","REME_LowDesire","CeramicFish","ReplayTheSpireMod:TigerMarble","vexMod:PaidLearning","Gremlin Food","TungstenRod","ReplayTheSpireMod:Shallot","ReplayTheSpireMod:Lightbulb","Anchor","testmod-EnergyCheck","Quantum Egg","Paper Frog","Pear","Another Sword"],"acts_visited":["Exordium","TheCity","TheBeyond","TheEnding"],"potions_floor_usage":[18,23,25,33,33,41,47,51,56,56,56],"damage_taken":[{"damage":12.0,"enemies":"Jaw Worm","floor":1.0,"turns":2.0},{"damage":43.0,"enemies":"Lagavulin","floor":6.0,"turns":5.0},{"damage":0.0,"enemies":"2 Louse","floor":7.0,"turns":3.0},{"damage":6.0,"enemies":"3 Sentries","floor":8.0,"turns":3.0},{"damage":0,"enemies":"Cultist","floor":10,"turns":2},{"damage":0,"enemies":"3 Louse","floor":11,"turns":1},{"damage":5,"enemies":"Lagavulin","floor":12,"turns":3},{"damage":19,"enemies":"Exordium Wildlife","floor":13,"turns":2},{"damage":37,"enemies":"The Guardian","floor":16,"turns":8},{"damage":3,"enemies":"3 Byrds","floor":18,"turns":1},{"damage":3,"enemies":"Spheric Guardian","floor":19,"turns":2},{"damage":9,"enemies":"Snecko","floor":21,"turns":2},{"damage":12,"enemies":"Centurion and Healer","floor":22,"turns":4},{"damage":17,"enemies":"Slavers","floor":23,"turns":4},{"damage":17,"enemies":"Cultist and Chosen","floor":27,"turns":5},{"damage":50,"enemies":"REME_1_Revenger","floor":29,"turns":4},{"damage":11,"enemies":"Replay:Snechameleon","floor":31,"turns":5},{"damage":9,"enemies":"Automaton","floor":33,"turns":1},{"damage":7,"enemies":"Orb Walker","floor":35,"turns":2},{"damage":2,"enemies":"3 Shapes","floor":38,"turns":3},{"damage":15,"enemies":"Nemesis","floor":41,"turns":2},{"damage":6,"enemies":"3 Darklings","floor":42,"turns":2},{"damage":2,"enemies":"Spire Growth","floor":44,"turns":3},{"damage":3,"enemies":"Jaw Worm Horde","floor":45,"turns":2},{"damage":12,"enemies":"Sphere and 2 Shapes","floor":47,"turns":4},{"damage":5,"enemies":"Reptomancer","floor":48,"turns":3},{"damage":20,"enemies":"Time Eater","floor":50,"turns":6},{"damage":21,"enemies":"Replay:Hell Engine","floor":51,"turns":5},{"damage":2,"enemies":"Shield and Spear","floor":55,"turns":3},{"damage":17,"enemies":"The Heart","floor":56,"turns":4}],"seed_played":"6487299822782164368","potions_obtained":[{"floor":1.0,"key":"Fire Potion"},{"floor":7.0,"key":"BloodPotion"},{"floor":12,"key":"Explosive Potion"},{"floor":13,"key":"Energy Potion"},{"floor":16,"key":"SpeedPotion"},{"floor":19,"key":"AttackPotion"},{"floor":25,"key":"Fruit Juice"},{"floor":25,"key":"Energy Potion"},{"floor":25,"key":"Milkshake"},{"floor":33,"key":"Death Potion"},{"floor":38,"key":"Death Potion"},{"floor":45,"key":"Block Potion"},{"floor":48,"key":"Swift Potion"}],"is_trial":false,"path_per_floor":["M","?","?","$","?","E","M","E","T","M","M","E","M","$","R","B",null,"M","M","$","M","M","E","R","?","T","M","?","E","?","E","R","B",null,"M","$","?","M","?","R","E","M","T","M","M","R","M","E","R","B","B",null,"R","$","E","B",null],"character_chosen":"IRONCLAD","items_purchased":["MerchantsRug","Burning Pact","testmod-LifeArmor","vexMod:PaidLearning","Quantum Egg"],"campfire_rested":0,"item_purchase_floors":[14,14,14,20,36],"current_hp_per_floor":[64,64,64,64,64,34,63,66,66,74,75,75,64,64,64,38,66,72,79,79,79,76,69,69,74,74,77,77,37,37,64,64,61,80,80,80,80,82,82,82,79,89,89,89,92,92,90,109,109,95,107,112,112,112,117,112],"gold":87,"neow_bonus":"RANDOM_COLORLESS_2","is_daily":false,"chose_seed":false,"campfire_upgraded":6,"win_rate":0.0,"timestamp":1611300597,"path_taken":["M","?","?","$","?","E","M","E","T","?","M","E","M","$","R","BOSS","M","M","$","M","M","E","R","?","T","M","?","E","?","E","R","BOSS","M","$","?","M","?","R","E","M","T","M","?","R","?","E","R","BOSS","BOSS","R","$","E","BOSS"],"items_purchased_type":["Relic","Card","Relic","Relic","Relic"],"build_version":"2020-12-22","purchased_purges":5,"victory":true,"max_hp_per_floor":[75,75,75,75,75,75,75,75,75,75,75,75,75,75,75,75,75,75,79,79,79,79,81,81,86,86,86,86,86,86,86,86,86,86,86,86,82,82,82,82,86,89,89,89,92,92,96,109,109,109,113,113,113,113,117,117],"card_choices":[{"not_picked":["HandOfGreed","REME_HeartOfCthun"],"picked":"REME_WheelOfFate","floor":0.0},{"not_picked":["Run Through","Shrug It Off"],"picked":"ReplayReversal","floor":1.0},{"not_picked":["REME_SingleHolding","REME_Cut"],"picked":"Berserk","floor":6.0},{"not_picked":["Armaments","ReplayTheSpireMod:Strike From Hell"],"picked":"Body Slam","floor":7.0},{"not_picked":["Double Tap","Thunderclap"],"picked":"Blood for Blood","floor":8},{"not_picked":["Clash","Shockwave"],"picked":"Feel No Pain","floor":10},{"not_picked":["Thunderclap","Heavy Blade","Headbutt"],"picked":"SKIP","floor":11},{"not_picked":["Perfected Strike","Havoc"],"picked":"Bloodletting","floor":12},{"not_picked":["Body Slam","ReplayTheSpireMod:Limb From Limb"],"picked":"Dark Embrace","floor":13},{"not_picked":["Limit Break","Hemogenesis"],"picked":"REME_ACTH","floor":16},{"not_picked":["Rage","Pommel Strike","Clothesline","testmod-TaurusBlackCat"],"picked":"SKIP","floor":18},{"not_picked":["Twin Strike+1","Evolve","REME_HeartOfCthun"],"picked":"Rupture","floor":19},{"not_picked":["Inflame","Clothesline","Replay:Undeath\u0027s Touch","Replay:Sssssssssstrike"],"picked":"SKIP","floor":21},{"not_picked":["Inflame","Combust","Uppercut","ReplayTheSpireMod:Private Reserves"],"picked":"SKIP","floor":22},{"not_picked":["Hemogenesis","Massacre","Blood for Blood","Violence"],"picked":"SKIP","floor":23},{"not_picked":["Run Through","Iron Wave","ReplayTheSpireMod:Corrosion Curse"],"picked":"REME_AllRoundStrike","floor":27},{"not_picked":["Body Slam","Blood for Blood","Bloodletting","Secret Weapon"],"picked":"SKIP","floor":29},{"not_picked":["Thunderclap","Rage","Entrench"],"picked":"REME_FirmDetermination","floor":31},{"not_picked":["Brutality","Juggernaut","testmod-Superconductor"],"picked":"Impervious","floor":33},{"not_picked":["Replay:Undeath\u0027s Touch","Heavy Blade","Havoc","testmod-BloodShelter"],"picked":"SKIP","floor":35},{"not_picked":["Replay:Undeath\u0027s Touch","Flex","Spot Weakness","Forethought"],"picked":"SKIP","floor":38},{"not_picked":["Metallicize","Battle Trance","Spot Weakness"],"picked":"ReplayUltimateDefense","floor":41},{"not_picked":["ReplayTheSpireMod:Stacked","REME_Fury","Pommel Strike","REME_ShortnessOfBreath+1"],"picked":"SKIP","floor":42},{"not_picked":["ReplayTheSpireMod:Limb From Limb","REME_FearOfPain","Clothesline","testmod-ChaoticCore"],"picked":"SKIP","floor":44},{"not_picked":["Headbutt+1","Sentinel","Iron Wave","testmod-BloodBlade"],"picked":"SKIP","floor":45},{"not_picked":["Ghostly Armor","Rampage","Armaments","Panache"],"picked":"SKIP","floor":47},{"not_picked":["Feed","Twin Strike","Eclipse","testmod-BloodShelter"],"picked":"SKIP","floor":48},{"not_picked":["Iron Wave","Run Through","ReplayTheSpireMod:Trickstab"],"picked":"Abandon+1","floor":55}],"player_experience":671158,"relics_obtained":[{"floor":6.0,"key":"vexMod:ScavengeHelm"},{"floor":8,"key":"Replay:Baseball"},{"floor":9,"key":"HornCleat"},{"floor":12,"key":"vexMod:BarristanHead"},{"floor":17,"key":"CeramicFish"},{"floor":17,"key":"ReplayTheSpireMod:TigerMarble"},{"floor":23,"key":"TungstenRod"},{"floor":26,"key":"ReplayTheSpireMod:Shallot"},{"floor":29,"key":"Anchor"},{"floor":31,"key":"MawBank"},{"floor":41,"key":"Paper Frog"},{"floor":48,"key":"Pear"},{"floor":55,"key":"Another Sword"}],"event_choices":[{"damage_healed":0.0,"max_hp_gain":0.0,"max_hp_loss":0.0,"gold_gain":0.0,"event_name":"Big Fish","player_choice":"Box","floor":3.0,"gold_loss":0.0,"damage_taken":0.0,"relics_obtained":["Akabeko"],"cards_obtained":["Regret"]},{"damage_healed":0.0,"max_hp_gain":0.0,"max_hp_loss":0.0,"gold_gain":275.0,"event_name":"Golden Shrine","player_choice":"Desecrate","floor":5.0,"gold_loss":0.0,"damage_taken":0.0,"cards_obtained":["Regret"]},{"cards_removed":["Strike_R"],"damage_healed":0,"gold_gain":0,"player_choice":"Gave Gold","damage_taken":0,"max_hp_gain":0,"max_hp_loss":0,"event_name":"Beggar","floor":30,"gold_loss":75},{"damage_healed":0,"gold_gain":0,"player_choice":"Max HP","damage_taken":0,"max_hp_gain":0,"max_hp_loss":4,"event_name":"Winding Halls","floor":37,"gold_loss":0},{"damage_healed":0,"gold_gain":0,"player_choice":"1 cards matched","damage_taken":0,"max_hp_gain":0,"max_hp_loss":0,"event_name":"Match and Keep!","floor":39,"gold_loss":0,"cards_obtained":["Feed"]}],"is_beta":false,"boss_relics":[{"not_picked":["Ring of Chaos","Replay:Drink Me"],"picked":"REME_LowDesire"},{"not_picked":["testmod-Prudence","SacredBark"],"picked":"testmod-EnergyCheck"}],"items_purged_floors":[4,14,20,36,54],"is_endless":false,"potions_floor_spawned":[1,7,12,13,16,19,27,33,38,45,48],"ascension_level":20}}