{"host":"c3lc60y5x60jlt1y","time":1611347577,"event":{"mods":["AchievementEnabler","BaseMod","Bestiary","Colored Map","Minty Spire (QoL Compilation)","Quick Restart","StSLib","ojb\u0027s Info Mod"],"gold_per_floor":[111,128,128,128,142,175,175,192,192,192,207,225,225,251,251,324,324,336,336,90,107,107,107,141,155,155,155,355,372,397,407,407,485,485,499,499,499,123,138,168,168,178,204,3,13,13,25,25,25,25],"floor_reached":51,"language":"ENG","playtime":15013,"items_purged":["Injury","Strike_B","Parasite"],"score":1309,"play_id":"d3f7dd5b-cbdf-4bbd-9741-529667c0f2c1","local_time":"20210122223257","is_ascension_mode":true,"campfire_choices":[{"data":"Streamline","floor":7.0,"key":"SMITH"},{"data":"Coolheaded","floor":10.0,"key":"SMITH"},{"data":"Beam Cell","floor":15.0,"key":"SMITH"},{"data":"Echo Form","floor":23.0,"key":"SMITH"},{"floor":27.0,"key":"REST"},{"floor":32.0,"key":"REST"},{"data":"Enlightenment","floor":41.0,"key":"SMITH"},{"data":"Electrodynamics","floor":46.0,"key":"SMITH"},{"data":"Go for the Eyes","floor":49.0,"key":"SMITH"}],"circlet_count":0,"master_deck":["AscendersBane","Strike_B","Strike_B","Strike_B","Defend_B+1","Defend_B","Defend_B","Defend_B","Zap","Dualcast+1","Compile Driver","Streamline+1","Conserve Battery","Coolheaded+1","Coolheaded+1","Hologram+1","Beam Cell+1","Echo Form+1","CurseOfTheBell","Turbo+1","RitualDagger","Go for the Eyes+1","Turbo+1","Fusion","Aggregate","Steam+1","Defragment","Defragment","Electrodynamics+1","Enlightenment+1","Thunder Strike","Skim","Glacier+1","Heatsinks"],"relics":["Cracked Core","Unceasing Top","StrikeDummy","Anchor","Kunai","Tiny Chest","Calling Bell","Orichalcum","Meat on the Bone","Bird Faced Urn","Lee\u0027s Waffle","Dream Catcher","Regal Pillow","War Paint","Sozu","Eternal Feather","Pen Nib","Gambling Chip","Vajra","Letter Opener"],"acts_visited":["Exordium","TheCity","TheBeyond"],"potions_floor_usage":[],"damage_taken":[{"damage":0.0,"enemies":"Small Slimes","floor":1.0,"turns":3.0},{"damage":0.0,"enemies":"Cultist","floor":2.0,"turns":4.0},{"damage":5.0,"enemies":"2 Louse","floor":5.0,"turns":2.0},{"damage":22.0,"enemies":"3 Sentries","floor":6.0,"turns":5.0},{"damage":0.0,"enemies":"Exordium Wildlife","floor":8.0,"turns":3.0},{"damage":0.0,"enemies":"2 Fungi Beasts","floor":11.0,"turns":3.0},{"damage":2.0,"enemies":"Gremlin Gang","floor":12.0,"turns":4.0},{"damage":24.0,"enemies":"Lagavulin","floor":14.0,"turns":5.0},{"damage":0.0,"enemies":"Slime Boss","floor":16.0,"turns":5.0},{"damage":15.0,"enemies":"Spheric Guardian","floor":18.0,"turns":4.0},{"damage":2.0,"enemies":"Shell Parasite","floor":21.0,"turns":4.0},{"damage":31.0,"enemies":"Book of Stabbing","floor":24.0,"turns":5.0},{"damage":16.0,"enemies":"Chosen and Byrds","floor":25.0,"turns":8.0},{"damage":9.0,"enemies":"Centurion and Healer","floor":29.0,"turns":10.0},{"damage":56.0,"enemies":"Gremlin Leader","floor":30.0,"turns":7.0},{"damage":21.0,"enemies":"Sentry and Sphere","floor":31.0,"turns":6.0},{"damage":26.0,"enemies":"Collector","floor":33.0,"turns":14.0},{"damage":0.0,"enemies":"3 Shapes","floor":35.0,"turns":6.0},{"damage":37.0,"enemies":"3 Darklings","floor":39.0,"turns":5.0},{"damage":75.0,"enemies":"Nemesis","floor":40.0,"turns":8.0},{"damage":18.0,"enemies":"Writhing Mass","floor":42.0,"turns":6.0},{"damage":0.0,"enemies":"4 Shapes","floor":45.0,"turns":4.0},{"damage":5.0,"enemies":"Sphere and 2 Shapes","floor":47.0,"turns":3.0},{"damage":42,"enemies":"Donu and Deca","floor":50,"turns":9}],"seed_played":"2167208008638848879","potions_obtained":[{"floor":5.0,"key":"Strength Potion"},{"floor":6.0,"key":"SkillPotion"},{"floor":12.0,"key":"Fire Potion"},{"floor":14.0,"key":"GamblersBrew"},{"floor":18.0,"key":"FocusPotion"},{"floor":25.0,"key":"Regen Potion"},{"floor":29.0,"key":"FairyPotion"}],"is_trial":false,"path_per_floor":["M","M","?","?","M","E","R","M","T","R","M","M","?","E","R","B",null,"M","?","$","M","?","R","E","M","T","R","?","M","E","M","R","B",null,"M","T","?","$","M","E","R","M","T","$","M","R","M","T","R","B",null],"character_chosen":"DEFECT","items_purchased":["Lee\u0027s Waffle","Enlightenment","Pen Nib","Skim"],"campfire_rested":2,"item_purchase_floors":[20,38,38,44],"current_hp_per_floor":[64,64,43,43,38,16,16,16,16,16,16,14,37,13,13,13,57,44,38,78,76,54,54,37,35,35,74,74,67,25,32,71,51,75,83,83,83,83,52,36,54,44,44,44,48,66,69,69,80,46],"gold":25,"neow_bonus":"ONE_RARE_RELIC","is_daily":false,"chose_seed":false,"campfire_upgraded":7,"win_rate":0.0,"timestamp":1611347577,"path_taken":["M","M","?","?","M","E","R","M","T","R","?","M","?","E","R","BOSS","M","?","$","M","?","R","E","M","T","R","?","M","E","M","R","BOSS","M","?","?","$","M","E","R","M","T","?","M","R","?","?","R","BOSS"],"items_purchased_type":["Relic","Card","Relic","Card"],"build_version":"2020-12-22","purchased_purges":3,"victory":true,"max_hp_per_floor":[71,71,71,71,71,71,71,71,71,71,71,71,71,71,71,71,71,71,71,78,78,83,83,83,83,83,83,83,83,83,83,83,83,83,83,83,83,83,83,83,83,83,83,80,80,80,80,80,80,80],"card_choices":[{"not_picked":["Steam","Cold Snap"],"picked":"Gash","floor":1.0},{"not_picked":["Redo","Doom and Gloom"],"picked":"Compile Driver","floor":2.0},{"not_picked":["Darkness","Redo"],"picked":"Streamline","floor":5.0},{"not_picked":["Redo","Stack"],"picked":"Conserve Battery","floor":6.0},{"not_picked":["Steam Power","Aggregate"],"picked":"Coolheaded","floor":8.0},{"not_picked":["Thunder Strike","Reprogram"],"picked":"Coolheaded","floor":11.0},{"not_picked":["Rebound","Stack"],"picked":"Hologram","floor":12.0},{"not_picked":["Conserve Battery","Go for the Eyes"],"picked":"Beam Cell","floor":14.0},{"not_picked":["Reboot","Creative AI"],"picked":"Echo Form","floor":16.0},{"not_picked":["Tempest","Gash"],"picked":"Turbo+1","floor":18.0},{"not_picked":["Hologram","Aggregate"],"picked":"Go for the Eyes","floor":21.0},{"not_picked":["Static Discharge","Compile Driver"],"picked":"Turbo+1","floor":24.0},{"not_picked":["Double Energy","Multi-Cast","Cold Snap"],"picked":"SKIP","floor":25.0},{"not_picked":["Conserve Battery","Sweeping Beam"],"picked":"Fusion","floor":27.0},{"not_picked":["Double Energy","Rip and Tear"],"picked":"Aggregate","floor":29.0},{"not_picked":["Steam Power","Stack"],"picked":"Steam+1","floor":30.0},{"not_picked":["Sweeping Beam","Machine Learning"],"picked":"Defragment","floor":31.0},{"not_picked":["Stack+1","Steam"],"picked":"Defragment","floor":32.0},{"not_picked":["Multi-Cast","Hyperbeam"],"picked":"Electrodynamics","floor":33.0},{"not_picked":["Hologram","Coolheaded","Conserve Battery+1"],"picked":"SKIP","floor":35.0},{"not_picked":["Redo","Go for the Eyes","Gash"],"picked":"SKIP","floor":39.0},{"not_picked":["Stack","Beam Cell"],"picked":"Thunder Strike","floor":40.0},{"not_picked":["Sweeping Beam","Rebound+1","Rip and Tear"],"picked":"SKIP","floor":42.0},{"not_picked":["Conserve Battery","Chill"],"picked":"Glacier+1","floor":45.0},{"not_picked":["Go for the Eyes+1","Reprogram+1"],"picked":"Heatsinks","floor":47.0}],"player_experience":8359006,"relics_obtained":[{"floor":6.0,"key":"Anchor"},{"floor":9.0,"key":"Kunai"},{"floor":14.0,"key":"Tiny Chest"},{"floor":17.0,"key":"Orichalcum"},{"floor":17.0,"key":"Meat on the Bone"},{"floor":17.0,"key":"Bird Faced Urn"},{"floor":24.0,"key":"Dream Catcher"},{"floor":26.0,"key":"Regal Pillow"},{"floor":30.0,"key":"War Paint"},{"floor":36.0,"key":"Eternal Feather"},{"floor":40.0,"key":"Gambling Chip"},{"floor":43.0,"key":"Vajra"},{"floor":48.0,"key":"Letter Opener"}],"event_choices":[{"damage_healed":0.0,"max_hp_gain":0.0,"max_hp_loss":0.0,"gold_gain":0.0,"event_name":"Shining Light","player_choice":"Entered Light","floor":3.0,"gold_loss":0.0,"damage_taken":21.0,"cards_upgraded":["Dualcast","Defend_B"]},{"cards_removed":["Gash"],"damage_healed":0.0,"max_hp_gain":0.0,"max_hp_loss":0.0,"gold_gain":0.0,"event_name":"WeMeetAgain","player_choice":"Gave Card","floor":4.0,"gold_loss":0.0,"damage_taken":0.0,"relics_obtained":["StrikeDummy"]},{"damage_healed":23.0,"max_hp_gain":0.0,"max_hp_loss":0.0,"gold_gain":0.0,"event_name":"Big Fish","player_choice":"Banana","floor":13.0,"gold_loss":0.0,"damage_taken":0.0},{"damage_healed":0.0,"max_hp_gain":0.0,"max_hp_loss":0.0,"gold_gain":0.0,"event_name":"Nest","player_choice":"Joined the Cult","floor":19.0,"gold_loss":0.0,"damage_taken":6.0,"cards_obtained":["RitualDagger"]},{"damage_healed":0.0,"max_hp_gain":5.0,"max_hp_loss":0.0,"gold_gain":0.0,"event_name":"Forgotten Altar","player_choice":"Shed Blood","floor":22.0,"gold_loss":0.0,"damage_taken":27.0},{"damage_healed":0.0,"max_hp_gain":0.0,"max_hp_loss":0.0,"gold_gain":200.0,"event_name":"Wheel of Change","player_choice":"Gold","floor":28.0,"gold_loss":0.0,"damage_taken":0.0},{"damage_healed":0.0,"max_hp_gain":0.0,"max_hp_loss":0.0,"gold_gain":0.0,"event_name":"Tomb of Lord Red Mask","player_choice":"Ignored","floor":37.0,"gold_loss":0.0,"damage_taken":0.0}],"is_beta":false,"boss_relics":[{"not_picked":["Empty Cage","Coffee Dripper"],"picked":"Calling Bell"},{"not_picked":["Snecko Eye","FrozenCore"],"picked":"Sozu"}],"items_purged_floors":[20,38,44],"is_endless":false,"potions_floor_spawned":[5,6,12,14,18,25,29,30,35],"ascension_level":16}}