{"host":"lnnm69al9x392px5","time":1611285339,"event":{"mods":["BaseMod","Downfall","Minty Spire (QoL Compilation)","StSLib"],"gold_per_floor":[99,117,133,198,298,310,334,33,60,88,98,133,133,150,164,164,164,164],"floor_reached":16,"language":"ENG","playtime":1199,"items_purged":[],"score":118,"play_id":"8f05aec4-2746-4b54-b5e3-86d5e3fd75d9","local_time":"20210121191539","is_ascension_mode":true,"campfire_choices":[{"data":"Guardian:TwinSlam","floor":1,"key":"SMITH"}],"circlet_count":0,"master_deck":["Guardian:Strike_Guardian","Guardian:Strike_Guardian","Guardian:Strike_Guardian","Guardian:Defend_Guardian","Guardian:Defend_Guardian","Guardian:Defend_Guardian","Guardian:Defend_Guardian","Guardian:CurlUp","Guardian:TwinSlam+1","Guardian:Recover","Guardian:CrystalBeam","Guardian:Incinerate","Guardian:Gem_Cyan","Guardian:Gem_White","expansioncontent:DashGenerateEvil","Guardian:ShieldCharger","Guardian:TemporalStrike","Guardian:Gem_Orange","Guardian:FloatingOrbs","Guardian:ChargeUp","Guardian:ShieldCharger","Guardian:PrimingBeam"],"relics":["Guardian:ModeShifter","Dream Catcher","Lantern","Strawberry","Bronze Scales","Orichalcum"],"acts_visited":["Exordium"],"potions_floor_usage":[4,15,16,16],"damage_taken":[{"damage":4,"enemies":"Small Slimes","floor":2,"turns":4},{"damage":1,"enemies":"Jaw Worm","floor":3,"turns":4},{"damage":22,"enemies":"Lagavulin Event","floor":4,"turns":8},{"damage":1,"enemies":"Cultist","floor":6,"turns":3},{"damage":0,"enemies":"downfall:FleeingMerchant","floor":8,"turns":4},{"damage":12,"enemies":"3 Sentries","floor":10,"turns":11},{"damage":16,"enemies":"2 Fungi Beasts","floor":11,"turns":3},{"damage":12,"enemies":"Lagavulin","floor":12,"turns":6},{"damage":8,"enemies":"Exordium Wildlife","floor":14,"turns":4},{"damage":10,"enemies":"Red Slaver","floor":15,"turns":4},{"damage":6,"enemies":"DF_ARCHETYPE_STREAMLINE","floor":16,"turns":3}],"seed_played":"5352669288076869996","potions_obtained":[{"floor":3,"key":"CultistPotion"},{"floor":4,"key":"ColorlessPotion"},{"floor":10,"key":"Dexterity Potion"},{"floor":14,"key":"hexamod:SoulburnPotion"},{"floor":15,"key":"BlessingOfTheForge"}],"is_trial":false,"path_per_floor":["R","M","M","?","?","M","T","$","T","E","M","E","?","M","M","B"],"character_chosen":"GUARDIAN","items_purchased":["expansioncontent:DashGenerateEvil","Guardian:ShieldCharger","Guardian:TemporalStrike"],"campfire_rested":0,"item_purchase_floors":[8,8,8],"current_hp_per_floor":[80,76,75,53,53,52,52,52,59,47,31,19,19,11,1,0,0,0],"gold":164,"neow_bonus":"REMOVE_CARD","is_daily":false,"chose_seed":false,"campfire_upgraded":1,"win_rate":0.0,"timestamp":1611285339,"path_taken":["R","M","M","?","?","M","T","$","?","E","?","E","?","M","M","BOSS"],"items_purchased_type":["Card","Card","Card"],"build_version":"2020-12-22","purchased_purges":0,"victory":false,"max_hp_per_floor":[80,80,80,80,80,80,80,80,87,87,87,87,87,87,87,87,87,87],"card_choices":[{"not_picked":["Guardian:ShieldCharger","Guardian:TimeCapacitor"],"picked":"Guardian:Recover","floor":2},{"not_picked":["Guardian:Recover","Guardian:Emergency"],"picked":"Guardian:CrystalBeam","floor":3},{"not_picked":["Guardian:VentSteam","Guardian:RefractedBeam"],"picked":"Guardian:Incinerate","floor":4},{"not_picked":["Guardian:VentSteam","Guardian:Planning"],"picked":"Guardian:Gem_Cyan","floor":6},{"not_picked":["Guardian:PiercingHide","Guardian:MultiBeam"],"picked":"Guardian:Gem_White","floor":8},{"not_picked":["Guardian:VentSteam","Guardian:CrystalBeam"],"picked":"Guardian:Gem_Orange","floor":10},{"not_picked":["Guardian:ShieldCharger","Guardian:Gem_Crimson"],"picked":"Guardian:FloatingOrbs","floor":11},{"not_picked":["Guardian:Emergency","Guardian:TemporalStrike"],"picked":"Guardian:ChargeUp","floor":12},{"not_picked":["Guardian:ChargeCore","Guardian:Gem_White"],"picked":"Guardian:ShieldCharger","floor":14},{"not_picked":["Guardian:WalkerClaw","Guardian:Gem_Red"],"picked":"Guardian:PrimingBeam","floor":15}],"player_experience":230415,"relics_obtained":[{"floor":7,"key":"Lantern"},{"floor":9,"key":"Strawberry"},{"floor":10,"key":"Bronze Scales"},{"floor":12,"key":"Orichalcum"}],"event_choices":[],"is_beta":false,"boss_relics":[],"items_purged_floors":[],"is_endless":false,"potions_floor_spawned":[3,4,10,14,15],"killed_by":"DF_ARCHETYPE_STREAMLINE","ascension_level":1}}