{"host":"1x0iiauhsd6tfigj","time":1611289617,"event":{"mods":["AchievementEnabler","BaseMod","Block Reminder","Colored Map","Colored Powertips","DeckTracker","Googly Eyes","Highlight Path","Minty Spire (QoL Compilation)","Permanent Neow","Quick Restart","Relic Sorter","Relic Stats","Slay-I","StSLib"],"gold_per_floor":[109,128,128,1,1,35,35,54,79,107,130,156,156,192,192,301,360,381,381,398,418,133,133,160,169,169,169,20,29,29,53,53,165,165,184,49,76,76,76,76],"floor_reached":39,"language":"ENG","playtime":3113,"items_purged":[],"score":503,"play_id":"7a275c46-f91d-4627-8153-63b55eeb1fc1","local_time":"20210121212657","is_ascension_mode":true,"campfire_choices":[{"floor":13,"key":"REST"},{"data":"ForeignInfluence","floor":15,"key":"SMITH"},{"data":"Judgement","floor":23,"key":"SMITH"},{"floor":27,"key":"REST"},{"data":"Conclude","floor":30,"key":"SMITH"},{"data":"FlurryOfBlows","floor":32,"key":"SMITH"}],"circlet_count":0,"master_deck":["Strike_P","Strike_P","Strike_P","Strike_P","Defend_P","Defend_P","Defend_P","Defend_P+1","Vigilance+1","Swivel","CrushJoints","CutThroughFate","Flash of Steel","Consecrate","ForeignInfluence+1","EmptyFist","CrushJoints","Protect","Judgement+1","Conclude+1","EmptyBody+1","BowlingBash+1","EmptyFist","Consecrate+1","CarveReality","FlurryOfBlows+1","DeusExMachina","WindmillStrike","CarveReality","DeceiveReality","EmptyBody"],"relics":["PureWater","PreservedInsect","TeardropLocket","CeramicFish","Bag of Preparation","Tiny House","Pen Nib","Blood Vial","Damaru","Membership Card","SacredBark","Strawberry"],"acts_visited":["Exordium","TheCity","TheBeyond"],"potions_floor_usage":[10,14,16,16,18,18,20,33,33,33],"damage_taken":[{"damage":4,"enemies":"Cultist","floor":1,"turns":5},{"damage":3,"enemies":"Small Slimes","floor":2,"turns":4},{"damage":16,"enemies":"3 Sentries","floor":6,"turns":10},{"damage":4,"enemies":"Jaw Worm","floor":8,"turns":4},{"damage":2,"enemies":"Gremlin Gang","floor":10,"turns":2},{"damage":8,"enemies":"3 Louse","floor":11,"turns":3},{"damage":0,"enemies":"Looter","floor":12,"turns":2},{"damage":0,"enemies":"Gremlin Nob","floor":14,"turns":2},{"damage":39,"enemies":"The Guardian","floor":16,"turns":19},{"damage":0,"enemies":"Shell Parasite","floor":18,"turns":3},{"damage":3,"enemies":"3 Byrds","floor":20,"turns":3},{"damage":11,"enemies":"Snake Plant","floor":21,"turns":4},{"damage":21,"enemies":"Centurion and Healer","floor":24,"turns":4},{"damage":2,"enemies":"3 Cultists","floor":31,"turns":4},{"damage":52,"enemies":"Automaton","floor":33,"turns":7},{"damage":30,"enemies":"3 Shapes","floor":35,"turns":6},{"damage":41,"enemies":"3 Darklings","floor":37,"turns":4},{"damage":29,"enemies":"Maw","floor":39,"turns":7}],"seed_played":"4955924076201914494","potions_obtained":[{"floor":6,"key":"Fire Potion"},{"floor":10,"key":"SteroidPotion"},{"floor":12,"key":"Weak Potion"},{"floor":14,"key":"Energy Potion"},{"floor":16,"key":"Block Potion"},{"floor":17,"key":"SteroidPotion"},{"floor":18,"key":"GamblersBrew"},{"floor":21,"key":"BlessingOfTheForge"}],"is_trial":false,"path_per_floor":["M","M","?","$","T","E","?","M","T","M","M","M","R","E","R","B",null,"M","?","M","M","$","R","M","?","T","R","$","?","R","M","R","B",null,"M","$","M","?","M"],"character_chosen":"WATCHER","items_purchased":["CutThroughFate","Flash of Steel","Pen Nib","EmptyFist","Strength Potion","Fire Potion","Membership Card","Strawberry","CarveReality","DeceiveReality"],"campfire_rested":2,"item_purchase_floors":[4,4,22,22,22,22,28,36,36,36],"current_hp_per_floor":[75,72,72,72,72,56,56,52,52,50,42,42,65,65,65,26,84,84,84,81,70,70,70,49,49,49,74,74,74,74,74,74,24,84,54,61,22,22,0,0],"gold":76,"neow_bonus":"TEN_PERCENT_HP_BONUS","is_daily":false,"chose_seed":false,"campfire_upgraded":4,"win_rate":0.0,"timestamp":1611289617,"path_taken":["M","M","?","$","?","E","?","?","T","M","M","M","R","E","R","BOSS","M","?","?","M","$","R","M","?","T","R","$","?","R","M","R","BOSS","M","$","M","?","?"],"items_purchased_type":["Card","Card","Relic","Card","Potion","Potion","Relic","Relic","Card","Card"],"build_version":"2020-12-22","purchased_purges":0,"victory":false,"max_hp_per_floor":[79,79,79,79,79,79,79,79,79,79,79,79,79,79,79,79,84,84,84,84,84,84,84,84,84,84,84,84,84,84,84,84,84,84,84,91,91,91,91,91],"relic_stats":{"Blood Vial":8,"counters":[18,93],"CeramicFish":162,"PreservedInsect":51,"Pen Nib":[9],"Bag of Preparation":[20],"obtain_stats":[{"Blood Vial":25,"Tiny House":17,"CeramicFish":9,"SacredBark":34,"Strawberry":36,"Damaru":26,"PreservedInsect":5,"Pen Nib":22,"Bag of Preparation":14,"TeardropLocket":6,"Membership Card":28,"PureWater":0},{"Blood Vial":13,"Tiny House":9,"CeramicFish":4,"SacredBark":15,"Strawberry":16,"Damaru":13,"PreservedInsect":2,"Pen Nib":12,"Bag of Preparation":8,"TeardropLocket":3,"Membership Card":13,"PureWater":0},{"Blood Vial":65,"Tiny House":51,"CeramicFish":23,"SacredBark":76,"Strawberry":82,"Damaru":65,"PreservedInsect":9,"Pen Nib":61,"Bag of Preparation":32,"TeardropLocket":19,"Membership Card":65,"PureWater":0}]},"card_choices":[{"not_picked":["Prostrate","ClearTheMind"],"picked":"Swivel","floor":1},{"not_picked":["PathToVictory","Crescendo"],"picked":"CrushJoints","floor":2},{"not_picked":["SignatureMove","Nirvana","InnerPeace"],"picked":"SKIP","floor":6},{"not_picked":["EmptyFist","MentalFortress"],"picked":"Consecrate","floor":8},{"not_picked":["ClearTheMind","EmptyFist"],"picked":"ForeignInfluence","floor":10},{"not_picked":["ReachHeaven","JustLucky"],"picked":"EmptyFist","floor":11},{"not_picked":["Fasting2","Wish"],"picked":"CrushJoints","floor":12},{"not_picked":["FollowUp","SignatureMove"],"picked":"Protect","floor":14},{"not_picked":["Establishment","Brilliance"],"picked":"Judgement","floor":16},{"not_picked":["ClearTheMind","EmptyBody"],"picked":"Conclude","floor":17},{"not_picked":["SashWhip+1","FollowUp+1"],"picked":"EmptyBody+1","floor":18},{"not_picked":["EmptyMind","Prostrate","ClearTheMind"],"picked":"SKIP","floor":20},{"not_picked":["Collect+1","Protect"],"picked":"BowlingBash+1","floor":21},{"not_picked":["Indignation+1","EmptyFist"],"picked":"Consecrate+1","floor":24},{"not_picked":["Wish","PathToVictory+1"],"picked":"FlurryOfBlows","floor":31},{"not_picked":["SpiritShield","Brilliance"],"picked":"DeusExMachina","floor":33},{"not_picked":["Protect+1","WreathOfFlame"],"picked":"WindmillStrike","floor":35},{"not_picked":["Crescendo","WheelKick"],"picked":"EmptyBody","floor":37}],"player_experience":1578164,"relics_obtained":[{"floor":5,"key":"PreservedInsect"},{"floor":6,"key":"TeardropLocket"},{"floor":9,"key":"CeramicFish"},{"floor":14,"key":"Bag of Preparation"},{"floor":26,"key":"Damaru"}],"event_choices":[{"cards_removed":["Eruption"],"damage_healed":0,"gold_gain":0,"player_choice":"Offered Basic","damage_taken":0,"max_hp_gain":0,"max_hp_loss":0,"event_name":"Bonfire Elementals","floor":3,"gold_loss":0},{"damage_healed":0,"gold_gain":0,"player_choice":"Upgraded","damage_taken":0,"max_hp_gain":0,"max_hp_loss":0,"event_name":"Upgrade Shrine","floor":7,"gold_loss":0,"cards_upgraded":["Defend_P"]},{"damage_healed":0,"gold_gain":0,"player_choice":"Ignored","damage_taken":0,"max_hp_gain":0,"max_hp_loss":0,"event_name":"N\u0027loth","floor":19,"gold_loss":0},{"damage_healed":0,"gold_gain":0,"player_choice":"Opened","damage_taken":0,"relics_obtained":["Blood Vial"],"max_hp_gain":0,"max_hp_loss":0,"event_name":"The Mausoleum","floor":25,"gold_loss":0,"cards_obtained":["Writhe"]},{"damage_healed":0,"gold_gain":0,"player_choice":"Read","damage_taken":0,"max_hp_gain":0,"max_hp_loss":0,"event_name":"The Library","floor":29,"gold_loss":0,"cards_obtained":["CarveReality"]},{"cards_removed":["Writhe"],"damage_healed":0,"gold_gain":0,"player_choice":"Card Removal","damage_taken":0,"max_hp_gain":0,"max_hp_loss":0,"event_name":"Wheel of Change","floor":38,"gold_loss":0}],"is_beta":false,"boss_relics":[{"not_picked":["Runic Dome","Pandora\u0027s Box"],"picked":"Tiny House"},{"not_picked":["Coffee Dripper","Velvet Choker"],"picked":"SacredBark"}],"items_purged_floors":[],"is_endless":false,"potions_floor_spawned":[6,10,12,14,16,18,21,24,31],"killed_by":"Maw","ascension_level":3}}