{"host":"y76clbnovzmw9ubx","time":1611282890,"event":{"mods":["AchievementEnabler","BaseMod","Minty Spire (QoL Compilation)","Permanent Neow","Relic Stats"],"gold_per_floor":[112,126,126,140,160,192,192,225,237,249,278,4,4,21,21,98,98,109,122,122,122],"floor_reached":20,"language":"ENG","playtime":1032,"items_purged":[],"score":422,"play_id":"8ec5eed3-1717-4627-9de6-22c22524a860","local_time":"20210121213450","is_ascension_mode":true,"campfire_choices":[{"floor":7,"key":"REST"},{"data":"Noxious Fumes","floor":10,"key":"SMITH"},{"data":"Noxious Fumes","floor":13,"key":"SMITH"},{"data":"Well Laid Plans","floor":15,"key":"SMITH"}],"circlet_count":0,"master_deck":["AscendersBane","Strike_G","Strike_G","Strike_G","Strike_G","Strike_G","Defend_G","Defend_G","Defend_G","Defend_G","Defend_G","Survivor","Neutralize","Flechettes+1","Backstab","Noxious Fumes+1","Dagger Throw","Malaise","Noxious Fumes+1","Dodge and Roll","Well Laid Plans+1","Deflect","Wraith Form v2","Dagger Spray"],"relics":["Ring of the Snake","PreservedInsect","Omamori","MawBank","Chemical X","SlaversCollar"],"acts_visited":["Exordium","TheCity"],"potions_floor_usage":[8,16,16,20,20,20,20],"damage_taken":[{"damage":15,"enemies":"Cultist","floor":1,"turns":5},{"damage":0,"enemies":"Jaw Worm","floor":2,"turns":4},{"damage":0,"enemies":"Small Slimes","floor":4,"turns":3},{"damage":0,"enemies":"2 Fungi Beasts","floor":5,"turns":4},{"damage":30,"enemies":"Lagavulin","floor":6,"turns":6},{"damage":0,"enemies":"Gremlin Nob","floor":8,"turns":3},{"damage":13,"enemies":"Gremlin Gang","floor":11,"turns":6},{"damage":25,"enemies":"Exordium Thugs","floor":14,"turns":6},{"damage":9,"enemies":"The Guardian","floor":16,"turns":9},{"damage":21,"enemies":"3 Byrds","floor":18,"turns":5},{"damage":23,"enemies":"Spheric Guardian","floor":19,"turns":9},{"damage":9,"enemies":"Snake Plant","floor":20,"turns":4}],"seed_played":"-1163767055115637508","potions_obtained":[{"floor":1,"key":"ColorlessPotion"},{"floor":4,"key":"Strength Potion"},{"floor":8,"key":"FairyPotion"},{"floor":14,"key":"Dexterity Potion"},{"floor":16,"key":"SteroidPotion"},{"floor":19,"key":"EntropicBrew"}],"is_trial":false,"path_per_floor":["M","M","?","M","M","E","R","E","T","R","M","$","R","M","R","B",null,"M","M","M"],"character_chosen":"THE_SILENT","items_purchased":["Chemical X","Well Laid Plans","Deflect"],"campfire_rested":1,"item_purchase_floors":[12,12,12],"current_hp_per_floor":[44,44,44,44,44,14,33,33,33,33,20,20,20,19,19,10,52,31,8,0,0],"gold":122,"neow_bonus":"RANDOM_COMMON_RELIC","is_daily":false,"chose_seed":false,"campfire_upgraded":3,"win_rate":0.0,"timestamp":1611282890,"path_taken":["M","M","?","M","M","E","R","E","T","R","M","?","R","M","R","BOSS","M","M","?"],"items_purchased_type":["Relic","Card","Card"],"build_version":"2020-12-22","purchased_purges":0,"victory":false,"max_hp_per_floor":[66,66,66,66,66,66,66,66,66,66,66,66,66,66,66,66,66,66,66,66,66],"relic_stats":{"counters":[12,64],"PreservedInsect":51,"Chemical X":[6],"MawBank":48,"obtain_stats":[{"SlaversCollar":17,"PreservedInsect":0,"Omamori":6,"Chemical X":12,"MawBank":8,"Ring of the Snake":0},{"SlaversCollar":9,"PreservedInsect":0,"Omamori":5,"Chemical X":7,"MawBank":6,"Ring of the Snake":0},{"SlaversCollar":46,"PreservedInsect":0,"Omamori":22,"Chemical X":31,"MawBank":25,"Ring of the Snake":0}],"Ring of the Snake":[24]},"card_choices":[{"not_picked":["Deadly Poison","Distraction"],"picked":"Flechettes","floor":1},{"not_picked":["Blade Dance","Sucker Punch"],"picked":"Backstab","floor":2},{"not_picked":["Dagger Throw","Quick Slash"],"picked":"Noxious Fumes","floor":4},{"not_picked":["Flying Knee","Slice"],"picked":"Dagger Throw","floor":5},{"not_picked":["Bouncing Flask","Dodge and Roll"],"picked":"Malaise","floor":6},{"not_picked":["Envenom","Slice"],"picked":"Noxious Fumes","floor":8},{"not_picked":["Dagger Throw","Infinite Blades"],"picked":"Dodge and Roll","floor":11},{"not_picked":["Cloak And Dagger","Expertise","Heel Hook"],"picked":"SKIP","floor":14},{"not_picked":["Storm of Steel","Tools of the Trade"],"picked":"Wraith Form v2","floor":16},{"not_picked":["Bane","Poisoned Stab","Underhanded Strike"],"picked":"SKIP","floor":18},{"not_picked":["Cloak And Dagger","Quick Slash"],"picked":"Dagger Spray","floor":19}],"player_experience":3096686,"relics_obtained":[{"floor":6,"key":"Omamori"},{"floor":8,"key":"MawBank"}],"event_choices":[{"damage_healed":0,"gold_gain":0,"player_choice":"Forge","damage_taken":0,"max_hp_gain":0,"max_hp_loss":0,"event_name":"Accursed Blacksmith","floor":3,"gold_loss":0,"cards_upgraded":["Flechettes"]}],"is_beta":false,"boss_relics":[{"not_picked":["Ring of the Serpent","WristBlade"],"picked":"SlaversCollar"}],"items_purged_floors":[],"is_endless":false,"potions_floor_spawned":[1,4,8,14,16,19],"killed_by":"Snake Plant","ascension_level":20}}