{"host":"agbyy69nq62afhwx","time":1611328830,"event":{"mods":["BaseMod","Colored Map","DeckTracker","Highlight Path","Keyboard Shortcuts","Minty Spire (QoL Compilation)","Quick Restart","StSLib","SuperFastMode","everything is the same but u backflip on backflip"],"gold_per_floor":[112,112,131,131,141,175,175,189,189,215,228,178,194,205,205,305,305,305,305,305,1,1,1,1,1,1,1,1,1,1,1,1,1,1],"floor_reached":33,"language":"KOR","playtime":826,"items_purged":["Defend_P","Strike_P"],"score":633,"play_id":"e579392f-a307-474c-b12a-863d28aec8bd","local_time":"20210123002030","is_ascension_mode":true,"campfire_choices":[{"data":"Eruption","floor":7.0,"key":"SMITH"},{"data":"Study","floor":15.0,"key":"SMITH"},{"floor":24.0,"key":"REST"},{"data":"MentalFortress","floor":27.0,"key":"SMITH"},{"data":"TalkToTheHand","floor":32.0,"key":"SMITH"}],"circlet_count":0,"master_deck":["AscendersBane","Strike_P","Strike_P","Strike_P","Defend_P","Defend_P","Defend_P","Eruption+1","Vigilance+1","Indignation+1","Study+1","BattleHymn","Wallop","FollowUp","TalkToTheHand+1","MentalFortress+1","DevaForm","ThirdEye+1","FearNoEvil+1","Decay"],"relics":["PureWater","Lantern","Smiling Mask","Bottled Lightning","Ectoplasm","Singing Bowl","Meat on the Bone","Gremlin Horn","Bronze Scales","Akabeko"],"acts_visited":["Exordium","TheCity"],"potions_floor_usage":[33],"damage_taken":[{"damage":9.0,"enemies":"Small Slimes","floor":1.0,"turns":5.0},{"damage":1.0,"enemies":"2 Louse","floor":3.0,"turns":4.0},{"damage":2.0,"enemies":"Jaw Worm","floor":5.0,"turns":3.0},{"damage":0.0,"enemies":"Lagavulin","floor":6.0,"turns":4.0},{"damage":1.0,"enemies":"Looter","floor":8.0,"turns":3.0},{"damage":0.0,"enemies":"Gremlin Nob","floor":10.0,"turns":2.0},{"damage":0.0,"enemies":"Red Slaver","floor":11.0,"turns":3.0},{"damage":4.0,"enemies":"Lots of Slimes","floor":13.0,"turns":4.0},{"damage":0.0,"enemies":"2 Fungi Beasts","floor":14.0,"turns":3.0},{"damage":0.0,"enemies":"Slime Boss","floor":16.0,"turns":5.0},{"damage":22.0,"enemies":"Spheric Guardian","floor":18.0,"turns":4.0},{"damage":0.0,"enemies":"Chosen","floor":19.0,"turns":3.0},{"damage":35.0,"enemies":"Shelled Parasite and Fungi","floor":20.0,"turns":4.0},{"damage":0.0,"enemies":"Gremlin Leader","floor":23.0,"turns":6.0},{"damage":5.0,"enemies":"Slavers","floor":30.0,"turns":3.0},{"damage":12.0,"enemies":"Snake Plant","floor":31.0,"turns":3.0},{"damage":21,"enemies":"Collector","floor":33,"turns":6}],"seed_played":"5569937571552449118","potions_obtained":[{"floor":1.0,"key":"LiquidMemories"},{"floor":3.0,"key":"AttackPotion"},{"floor":5.0,"key":"ColorlessPotion"},{"floor":10.0,"key":"EntropicBrew"},{"floor":23.0,"key":"Energy Potion"}],"is_trial":false,"path_per_floor":["M","?","M","?","M","E","R","M","T","E","M","$","M","M","R","B",null,"M","M","M","$","?","E","R","?","T","R","T","?","E","M","R","B"],"character_chosen":"WATCHER","items_purchased":["Singing Bowl"],"campfire_rested":1,"item_purchase_floors":[21],"current_hp_per_floor":[63,47,46,46,44,44,44,43,43,43,43,43,39,39,39,39,69,47,47,12,12,12,14,38,38,38,38,38,30,39,41,41,20,20],"gold":1,"neow_bonus":"TEN_PERCENT_HP_BONUS","is_daily":false,"chose_seed":false,"campfire_upgraded":4,"win_rate":0.0,"timestamp":1611328830,"path_taken":["M","?","M","?","M","E","R","M","T","E","M","$","M","M","R","BOSS","M","M","M","$","?","E","R","?","T","R","?","?","E","?","R","BOSS"],"items_purchased_type":["Relic"],"build_version":"2020-12-22","purchased_purges":2,"victory":false,"max_hp_per_floor":[79,79,79,79,79,79,79,79,79,79,79,79,79,79,79,79,79,79,79,79,79,79,81,81,81,81,81,81,81,83,85,85,85,85],"card_choices":[{"not_picked":["Consecrate","JustLucky"],"picked":"Indignation","floor":1.0},{"not_picked":["CarveReality","Fasting2"],"picked":"Study","floor":3.0},{"not_picked":["Wireheading","ClearTheMind"],"picked":"BattleHymn","floor":5.0},{"not_picked":["BattleHymn","EmptyBody"],"picked":"Wallop","floor":6.0},{"not_picked":["Devotion","WaveOfTheHand"],"picked":"FollowUp","floor":8.0},{"not_picked":["FlyingSleeves","BowlingBash"],"picked":"TalkToTheHand","floor":10.0},{"not_picked":["Weave","WaveOfTheHand"],"picked":"MentalFortress","floor":11.0},{"not_picked":["EmptyBody","JustLucky","SashWhip"],"picked":"SKIP","floor":13.0},{"not_picked":["Pray","SashWhip","CrushJoints"],"picked":"SKIP","floor":14.0},{"not_picked":["Wish","Judgement"],"picked":"DevaForm","floor":16.0},{"not_picked":["CutThroughFate","Evaluate"],"picked":"ThirdEye+1","floor":18.0},{"not_picked":["EmptyFist","Consecrate"],"picked":"FearNoEvil+1","floor":19.0},{"not_picked":["Wireheading","DeceiveReality","Evaluate"],"picked":"SKIP","floor":20.0},{"not_picked":["Devotion","MentalFortress","ThirdEye"],"picked":"Singing Bowl","floor":23.0},{"not_picked":["Consecrate","FlyingSleeves","JustLucky"],"picked":"Singing Bowl","floor":30.0},{"not_picked":["FlyingSleeves","Protect+1","FlurryOfBlows"],"picked":"Singing Bowl","floor":31.0}],"player_experience":433432,"relics_obtained":[{"floor":6.0,"key":"Lantern"},{"floor":9.0,"key":"Smiling Mask"},{"floor":10.0,"key":"Bottled Lightning"},{"floor":23.0,"key":"Meat on the Bone"},{"floor":26.0,"key":"Gremlin Horn"},{"floor":28.0,"key":"Bronze Scales"},{"floor":30.0,"key":"Akabeko"}],"event_choices":[{"damage_healed":0.0,"max_hp_gain":0.0,"max_hp_loss":0.0,"gold_gain":0.0,"event_name":"Shining Light","player_choice":"Entered Light","floor":2.0,"gold_loss":0.0,"damage_taken":16.0,"cards_upgraded":["Indignation","Vigilance"]},{"damage_healed":0.0,"max_hp_gain":0.0,"max_hp_loss":0.0,"gold_gain":0.0,"event_name":"Liars Game","player_choice":"Ignored","floor":4.0,"gold_loss":0.0,"damage_taken":0.0},{"damage_healed":0.0,"max_hp_gain":0.0,"max_hp_loss":0.0,"gold_gain":0.0,"event_name":"Forgotten Altar","player_choice":"Smashed Altar","floor":22.0,"gold_loss":0.0,"damage_taken":0.0,"cards_obtained":["Decay"]},{"damage_healed":0.0,"max_hp_gain":0.0,"max_hp_loss":0.0,"gold_gain":99.0,"event_name":"Nest","player_choice":"Stole From Cult","floor":25.0,"gold_loss":0.0,"damage_taken":0.0},{"damage_healed":0.0,"max_hp_gain":0.0,"max_hp_loss":0.0,"gold_gain":75.0,"event_name":"FaceTrader","player_choice":"Touch","floor":29.0,"gold_loss":0.0,"damage_taken":8.0}],"is_beta":false,"boss_relics":[{"not_picked":["Philosopher\u0027s Stone","SlaversCollar"],"picked":"Ectoplasm"}],"items_purged_floors":[12,21],"is_endless":false,"potions_floor_spawned":[1,3,5,10,16,18,23],"killed_by":"Collector","ascension_level":10}}