{"host":"sc0o2qwpf9j16a4i","time":1611323585,"event":{"mods":["AchievementEnabler","BaseMod","BetterRewards","Block Reminder","Colored Map","Colored Powertips","Custom Start","Highlight Path","Minty Spire (QoL Compilation)","Relic Stats"],"gold_per_floor":[109,109,176,195,208,208,222,222,222,147,164,182,182,193,193,193,193],"floor_reached":16,"language":"ENG","playtime":709,"items_purged":[],"score":288,"play_id":"9bf59f54-58f8-4dbd-b410-de4120ae04b3","local_time":"20210122155305","is_ascension_mode":true,"campfire_choices":[{"data":"Carnage","floor":6,"key":"SMITH"},{"data":"Bash","floor":8,"key":"SMITH"},{"data":"Flame Barrier","floor":13,"key":"SMITH"},{"data":"Battle Trance","floor":15,"key":"SMITH"}],"circlet_count":0,"master_deck":["AscendersBane","Strike_R","Strike_R","Strike_R","Strike_R","Defend_R","Defend_R","Defend_R","Defend_R","Bash+1","Blood for Blood","Battle Trance+1","Carnage+1","Flame Barrier+1","Shrug It Off","Burning Pact","Fire Breathing"],"relics":["Burning Blood","ClockworkSouvenir","Orichalcum","Kunai","Oddly Smooth Stone","Tiny Chest"],"acts_visited":["Exordium"],"potions_floor_usage":[16],"damage_taken":[{"damage":11,"enemies":"Jaw Worm","floor":1,"turns":7},{"damage":3,"enemies":"Small Slimes","floor":4,"turns":4},{"damage":2,"enemies":"2 Louse","floor":5,"turns":3},{"damage":7,"enemies":"Exordium Wildlife","floor":7,"turns":3},{"damage":6,"enemies":"2 Fungi Beasts","floor":11,"turns":3},{"damage":8,"enemies":"Red Slaver","floor":12,"turns":2},{"damage":8,"enemies":"Large Slime","floor":14,"turns":8},{"damage":33,"enemies":"Hexaghost","floor":16,"turns":11}],"seed_played":"2687430650401290997","potions_obtained":[{"floor":4,"key":"EssenceOfSteel"},{"floor":5,"key":"SteroidPotion"},{"floor":7,"key":"Dexterity Potion"}],"is_trial":false,"path_per_floor":["M","?","?","M","M","R","M","R","T","?","M","M","R","M","R","B"],"character_chosen":"IRONCLAD","items_purchased":["ClockworkSouvenir","Orichalcum","Kunai","Oddly Smooth Stone"],"campfire_rested":0,"item_purchase_floors":[0,0,0,0],"current_hp_per_floor":[29,29,29,32,36,36,35,35,35,35,35,33,33,31,31,0,0],"gold":193,"neow_bonus":"","is_daily":false,"chose_seed":false,"campfire_upgraded":4,"win_rate":0.0,"timestamp":1611323585,"path_taken":["M","?","?","M","M","R","M","R","T","?","M","?","R","M","R","BOSS"],"items_purchased_type":["Relic","Relic","Relic","Relic"],"build_version":"2020-12-22","purchased_purges":0,"victory":false,"max_hp_per_floor":[75,75,75,75,75,75,75,75,75,75,75,75,75,75,75,75,75],"relic_stats":{"counters":[25,127],"Tiny Chest":0,"Kunai":[4],"Orichalcum":[138],"obtain_stats":[{"Ice Cream":36,"Self Forming Clay":14,"Oddly Smooth Stone":0,"Eternal Feather":41,"Pen Nib":26,"Orichalcum":0,"Medical Kit":2,"Burning Blood":0,"WarpedTongs":3,"ClockworkSouvenir":0,"Dream Catcher":9,"Anchor":24,"Pantograph":7,"Philosopher\u0027s Stone":17,"Tiny Chest":9,"Kunai":0,"Runic Pyramid":34},{"Ice Cream":14,"Self Forming Clay":6,"Oddly Smooth Stone":17,"Eternal Feather":16,"Pen Nib":11,"Orichalcum":17,"Medical Kit":1,"Burning Blood":0,"WarpedTongs":1,"ClockworkSouvenir":17,"Dream Catcher":4,"Anchor":11,"Pantograph":4,"Philosopher\u0027s Stone":7,"Tiny Chest":21,"Kunai":17,"Runic Pyramid":12},{"Ice Cream":68,"Self Forming Clay":23,"Oddly Smooth Stone":86,"Eternal Feather":81,"Pen Nib":48,"Orichalcum":86,"Medical Kit":3,"Burning Blood":0,"WarpedTongs":3,"ClockworkSouvenir":86,"Dream Catcher":16,"Anchor":48,"Pantograph":16,"Philosopher\u0027s Stone":30,"Tiny Chest":103,"Kunai":86,"Runic Pyramid":58}],"Burning Blood":137},"card_choices":[{"not_picked":["Second Wind","Spot Weakness"],"picked":"Blood for Blood","floor":1},{"not_picked":["Entrench","Sever Soul"],"picked":"Battle Trance","floor":4},{"not_picked":["Evolve","Flame Barrier"],"picked":"Carnage","floor":5},{"not_picked":["Headbutt","Flex"],"picked":"Flame Barrier","floor":7},{"not_picked":["Flex","Havoc"],"picked":"Shrug It Off","floor":11},{"not_picked":["Flame Barrier","Clash"],"picked":"Burning Pact","floor":12},{"not_picked":["Body Slam","Limit Break"],"picked":"Fire Breathing","floor":14}],"player_experience":883457,"relics_obtained":[{"floor":9,"key":"Tiny Chest"}],"event_choices":[{"damage_healed":0,"gold_gain":0,"player_choice":"Ignored","damage_taken":0,"max_hp_gain":0,"max_hp_loss":0,"event_name":"Shining Light","floor":2,"gold_loss":0},{"damage_healed":0,"gold_gain":67,"player_choice":"Gained Gold","damage_taken":0,"max_hp_gain":0,"max_hp_loss":0,"event_name":"Golden Wing","floor":3,"gold_loss":0},{"cards_removed":["Strike_R"],"damage_healed":0,"gold_gain":0,"player_choice":"Card Removal","damage_taken":0,"max_hp_gain":0,"max_hp_loss":0,"event_name":"The Cleric","floor":10,"gold_loss":75}],"is_beta":false,"boss_relics":[],"items_purged_floors":[],"is_endless":false,"potions_floor_spawned":[4,5,7,12],"killed_by":"Hexaghost","ascension_level":20}}