{"host":"70zhvo5nwrhp1mbg","time":1611341284,"event":{"mods":["BaseMod","Colored Map","Colored Powertips","Highlight Path","Minty Spire (QoL Compilation)","Rare Cards Sparkle","StSLib"],"gold_per_floor":[113,123,134,209,219,219,245,245,269,269,339,355,383,10,10,109,109,124,22,22,42,42,42,76,76,127,154,154,184,195,208,208,208,208],"floor_reached":33,"language":"ENG","playtime":2950,"items_purged":[],"score":407,"play_id":"a8627bc8-5414-4332-b377-86a24b690b8f","local_time":"20210122134803","is_ascension_mode":true,"campfire_choices":[{"data":"Mind Blast","floor":6,"key":"SMITH"},{"floor":8,"key":"REST"},{"floor":10,"key":"REST"},{"floor":15,"key":"REST"},{"data":"Fire Breathing","floor":23,"key":"SMITH"},{"floor":25,"key":"REST"},{"floor":32,"key":"REST"}],"circlet_count":0,"master_deck":["Strike_R+1","Strike_R+1","Strike_R+1","Strike_R+1","Strike_R+1","Defend_R+1","Defend_R+1","Defend_R+1","Defend_R+1","Bash","Mind Blast+1","Reckless Charge+1","Cleave","Carnage+1","Disarm","Clothesline","Headbutt","Anger","Dark Shackles","Reaper","Heavy Blade+1","Fire Breathing+1","Shrug It Off","Wild Strike","Headbutt","Second Wind+1","Whirlwind"],"relics":["Burning Blood","Juzu Bracelet","Whetstone","Potion Belt","Turnip","Mark of Pain","Bag of Preparation","Bag of Marbles","Happy Flower","Toxic Egg 2","Red Skull","Charon\u0027s Ashes"],"acts_visited":["Exordium","TheCity"],"potions_floor_usage":[7,13,21,24,24,24,27,33],"damage_taken":[{"damage":9,"enemies":"Jaw Worm","floor":1,"turns":6},{"damage":7,"enemies":"Small Slimes","floor":2,"turns":3},{"damage":1,"enemies":"Cultist","floor":3,"turns":4},{"damage":8,"enemies":"Red Slaver","floor":5,"turns":4},{"damage":44,"enemies":"Gremlin Nob","floor":7,"turns":5},{"damage":6,"enemies":"Lots of Slimes","floor":12,"turns":5},{"damage":30,"enemies":"3 Sentries","floor":13,"turns":6},{"damage":27,"enemies":"Slime Boss","floor":16,"turns":8},{"damage":16,"enemies":"Shell Parasite","floor":18,"turns":5},{"damage":0,"enemies":"Spheric Guardian","floor":21,"turns":2},{"damage":28,"enemies":"Gremlin Leader","floor":24,"turns":7},{"damage":15,"enemies":"Book of Stabbing","floor":27,"turns":3},{"damage":36,"enemies":"Gremlin Leader","floor":29,"turns":6},{"damage":24,"enemies":"Shelled Parasite and Fungi","floor":30,"turns":4},{"damage":0,"enemies":"Snecko","floor":31,"turns":2},{"damage":54,"enemies":"Collector","floor":33,"turns":5}],"seed_played":"-1745323681702893180","potions_obtained":[{"floor":5,"key":"Weak Potion"},{"floor":7,"key":"SteroidPotion"},{"floor":13,"key":"Ancient Potion"},{"floor":16,"key":"Swift Potion"},{"floor":21,"key":"EssenceOfSteel"},{"floor":24,"key":"SneckoOil"},{"floor":31,"key":"FearPotion"}],"is_trial":false,"path_per_floor":["M","M","M","?","M","R","E","R","T","R","?","M","E","$","R","B",null,"M","$","?","M","T","R","E","R","T","E","?","E","M","M","R","B"],"character_chosen":"IRONCLAD","items_purchased":["Turnip","Dark Shackles","Fire Potion","PowerPotion"],"campfire_rested":5,"item_purchase_floors":[14,14,19,19],"current_hp_per_floor":[69,68,73,62,60,60,22,46,46,70,70,70,46,46,70,49,72,65,65,65,71,71,71,49,73,73,64,64,42,24,30,54,0,0],"gold":208,"neow_bonus":"RANDOM_COLORLESS","is_daily":false,"chose_seed":false,"campfire_upgraded":2,"win_rate":0.0,"timestamp":1611341283,"path_taken":["M","M","M","?","M","R","E","R","T","R","?","M","E","$","R","BOSS","M","$","?","M","?","R","E","R","T","E","?","E","M","M","R","BOSS"],"items_purchased_type":["Relic","Card","Potion","Potion"],"build_version":"2020-12-22","purchased_purges":0,"victory":false,"max_hp_per_floor":[80,80,80,80,80,80,80,80,80,80,80,80,80,80,80,80,80,80,80,80,80,80,80,80,80,80,80,80,80,80,80,80,80,80],"card_choices":[{"not_picked":["Madness","Swift Strike"],"picked":"Mind Blast","floor":0},{"not_picked":["Blood for Blood","Battle Trance"],"picked":"Reckless Charge","floor":1},{"not_picked":["Blood for Blood","Shockwave"],"picked":"Cleave","floor":2},{"not_picked":["Pommel Strike","Ghostly Armor"],"picked":"Carnage","floor":3},{"not_picked":["Cleave","Seeing Red"],"picked":"Disarm","floor":5},{"not_picked":["Intimidate","Juggernaut"],"picked":"Clothesline","floor":7},{"not_picked":["Sword Boomerang","Feel No Pain"],"picked":"Headbutt","floor":12},{"not_picked":["Bloodletting","Shrug It Off"],"picked":"Anger","floor":13},{"not_picked":["Bludgeon","Limit Break"],"picked":"Reaper","floor":16},{"not_picked":["Clash","Perfected Strike"],"picked":"Heavy Blade+1","floor":18},{"not_picked":["Rampage","Clothesline"],"picked":"Fire Breathing","floor":21},{"not_picked":["Shockwave","Clothesline+1"],"picked":"Shrug It Off","floor":24},{"not_picked":["Havoc+1","Brutality"],"picked":"Wild Strike","floor":27},{"not_picked":["Hemokinesis+1","Disarm+1"],"picked":"Headbutt","floor":29},{"not_picked":["Feel No Pain","Pommel Strike+1"],"picked":"Second Wind+1","floor":30},{"not_picked":["Rampage","Sentinel+1"],"picked":"Whirlwind","floor":31}],"player_experience":440982,"relics_obtained":[{"floor":7,"key":"Juzu Bracelet"},{"floor":9,"key":"Whetstone"},{"floor":13,"key":"Potion Belt"},{"floor":22,"key":"Bag of Preparation"},{"floor":24,"key":"Bag of Marbles"},{"floor":26,"key":"Happy Flower"},{"floor":27,"key":"Toxic Egg 2"},{"floor":29,"key":"Charon\u0027s Ashes"}],"event_choices":[{"damage_healed":0,"gold_gain":75,"player_choice":"Gather Gold","damage_taken":11,"max_hp_gain":0,"max_hp_loss":0,"event_name":"World of Goop","floor":4,"gold_loss":0},{"damage_healed":0,"gold_gain":70,"player_choice":"Gained Gold","damage_taken":0,"max_hp_gain":0,"max_hp_loss":0,"event_name":"Golden Wing","floor":11,"gold_loss":0},{"damage_healed":0,"gold_gain":0,"player_choice":"Simplicity","damage_taken":0,"max_hp_gain":0,"max_hp_loss":0,"event_name":"Back to Basics","floor":20,"gold_loss":0,"cards_upgraded":["Strike_R","Strike_R","Strike_R","Strike_R","Strike_R","Defend_R","Defend_R","Defend_R","Defend_R"]},{"damage_healed":0,"gold_gain":0,"player_choice":"Gave Potion","damage_taken":0,"relics_obtained":["Red Skull"],"max_hp_gain":0,"max_hp_loss":0,"event_name":"WeMeetAgain","floor":28,"gold_loss":0}],"is_beta":false,"boss_relics":[{"not_picked":["Fusion Hammer","Coffee Dripper"],"picked":"Mark of Pain"}],"items_purged_floors":[],"is_endless":false,"potions_floor_spawned":[5,7,13,16,21,24,31],"killed_by":"Collector","ascension_level":6}}