{"host":"Qube","time":1611342030,"event":{"mods":["AchievementEnabler","BaseMod","Colored Map","Colored Powertips","Highlight Path","Minty Spire (QoL Compilation)","Permanent Neow","Quick Restart","Random Character Button","StSLib"],"gold_per_floor":[118,129,54,54,66,66,91,34,106,140,164,190,202,245,257,340,352,384,396,71,71,71,71,71,71,126,126,138,150,169,169,169],"floor_reached":31,"language":"ENG","playtime":942,"items_purged":["Defend_G"],"score":506,"play_id":"70f56c12-2283-459b-a552-a0d83e80216f","local_time":"20210122110030","is_ascension_mode":true,"campfire_choices":[{"data":"A Thousand Cuts","floor":6.0,"key":"SMITH"},{"floor":13,"key":"REST"},{"data":"Noxious Fumes","floor":15,"key":"SMITH"},{"floor":23,"key":"REST"},{"data":"Catalyst","floor":25,"key":"SMITH"},{"data":"Deadly Poison","floor":27,"key":"SMITH"}],"circlet_count":0,"master_deck":["AscendersBane","Strike_G","Strike_G","Strike_G","Strike_G","Strike_G","Defend_G","Defend_G","Defend_G","Survivor","Neutralize","Dagger Spray","Deflect","A Thousand Cuts+1","Backflip","Poisoned Stab","Catalyst+1","Poisoned Stab","Leg Sweep","Noxious Fumes+1","Malaise","Deadly Poison+1","Shame","Acrobatics+1"],"relics":["Runic Pyramid","Regal Pillow","Bottled Flame","MawBank","Tiny Chest","SlaversCollar","Enchiridion","StrikeDummy","Bird Faced Urn","The Specimen","Centennial Puzzle"],"acts_visited":["Exordium","TheCity"],"potions_floor_usage":[7,14,14,29],"damage_taken":[{"damage":2.0,"enemies":"Jaw Worm","floor":1.0,"turns":4.0},{"damage":0.0,"enemies":"2 Louse","floor":2.0,"turns":2.0},{"damage":2.0,"enemies":"Small Slimes","floor":5.0,"turns":5.0},{"damage":27,"enemies":"Gremlin Nob","floor":7,"turns":4},{"damage":6,"enemies":"Lagavulin","floor":10,"turns":7},{"damage":0,"enemies":"Exordium Wildlife","floor":11,"turns":4},{"damage":2,"enemies":"2 Fungi Beasts","floor":12,"turns":4},{"damage":22,"enemies":"Gremlin Nob","floor":14,"turns":4},{"damage":16,"enemies":"The Guardian","floor":16,"turns":11},{"damage":13,"enemies":"Shell Parasite","floor":18,"turns":8},{"damage":3,"enemies":"3 Byrds","floor":28,"turns":4},{"damage":43,"enemies":"Snecko","floor":29,"turns":7},{"damage":11,"enemies":"Centurion and Healer","floor":30,"turns":6},{"damage":3,"enemies":"Masked Bandits","floor":31,"turns":2}],"seed_played":"2344927451337993278","potions_obtained":[{"floor":2.0,"key":"Poison Potion"},{"floor":7,"key":"ColorlessPotion"},{"floor":12,"key":"Ancient Potion"},{"floor":16,"key":"DistilledChaos"}],"is_trial":false,"path_per_floor":["M","M","?","?","M","R","E","$","T","E","M","M","R","E","R","B",null,"M","?","$","?","$","R","T","R","T","R","M","M","M","?"],"character_chosen":"THE_SILENT","items_purchased":["Poisoned Stab","StrikeDummy"],"campfire_rested":2,"item_purchase_floors":[8,20],"current_hp_per_floor":[57,57,57,62,60,60,33,33,33,27,27,25,61,39,39,23,59,46,25,25,25,25,61,61,61,61,61,60,21,14,13,13],"gold":169,"neow_bonus":"BOSS_RELIC","is_daily":false,"chose_seed":false,"campfire_upgraded":4,"win_rate":0.0,"timestamp":1611342030,"path_taken":["M","M","?","?","M","R","E","?","T","E","M","?","R","E","R","BOSS","M","?","$","?","?","R","?","R","T","R","M","M","M","?"],"items_purchased_type":["Card","Relic"],"build_version":"2020-12-18","purchased_purges":1,"victory":false,"max_hp_per_floor":[66,66,66,71,71,71,71,71,71,71,71,71,71,71,71,71,71,71,71,71,71,71,71,71,71,71,71,71,71,71,71,71],"card_choices":[{"not_picked":["PiercingWail","Sucker Punch"],"picked":"Dagger Spray","floor":1.0},{"not_picked":["Accuracy","Slice"],"picked":"Deflect","floor":2.0},{"not_picked":["All Out Attack","Acrobatics"],"picked":"A Thousand Cuts","floor":5.0},{"not_picked":["Dodge and Roll","Dagger Spray"],"picked":"Backflip","floor":7},{"not_picked":["Masterful Stab","Endless Agony"],"picked":"Catalyst","floor":10},{"not_picked":["Quick Slash","Flying Knee"],"picked":"Poisoned Stab","floor":11},{"not_picked":["Deflect","Outmaneuver"],"picked":"Leg Sweep","floor":12},{"not_picked":["Dodge and Roll","Backflip"],"picked":"Noxious Fumes","floor":14},{"not_picked":["After Image","Die Die Die"],"picked":"Malaise","floor":16},{"not_picked":["Sucker Punch","Deflect"],"picked":"Deadly Poison","floor":18},{"not_picked":["Cloak And Dagger","PiercingWail","Well Laid Plans"],"picked":"SKIP","floor":28},{"not_picked":["Skewer","Dodge and Roll"],"picked":"Acrobatics+1","floor":29},{"not_picked":["Backstab","Prepared","Dagger Throw"],"picked":"SKIP","floor":30}],"player_experience":953297,"relics_obtained":[{"floor":7,"key":"Regal Pillow"},{"floor":9,"key":"Bottled Flame"},{"floor":10,"key":"MawBank"},{"floor":14,"key":"Tiny Chest"},{"floor":19,"key":"Enchiridion"},{"floor":24,"key":"The Specimen"},{"floor":26,"key":"Centennial Puzzle"}],"event_choices":[{"cards_removed":["Defend_G"],"damage_healed":0.0,"max_hp_gain":0.0,"max_hp_loss":0.0,"gold_gain":0.0,"event_name":"The Cleric","player_choice":"Card Removal","floor":3.0,"gold_loss":75.0,"damage_taken":0.0},{"damage_healed":0.0,"max_hp_gain":5.0,"max_hp_loss":0.0,"gold_gain":0.0,"event_name":"Big Fish","player_choice":"Donut","floor":4.0,"gold_loss":0.0,"damage_taken":0.0},{"damage_healed":0,"gold_gain":0,"player_choice":"Obtained Book","damage_taken":21,"max_hp_gain":0,"max_hp_loss":0,"event_name":"Cursed Tome","floor":19,"gold_loss":0},{"damage_healed":0,"gold_gain":0,"player_choice":"Stole Relic","damage_taken":0,"relics_obtained":["Bird Faced Urn"],"max_hp_gain":0,"max_hp_loss":0,"event_name":"Addict","floor":21,"gold_loss":0,"cards_obtained":["Shame"]},{"damage_healed":0,"gold_gain":0,"player_choice":"Fought Bandits","damage_taken":0,"max_hp_gain":0,"max_hp_loss":0,"event_name":"Masked Bandits","floor":31,"gold_loss":0}],"is_beta":true,"boss_relics":[{"not_picked":["Sozu","Busted Crown"],"picked":"SlaversCollar"}],"items_purged_floors":[20],"is_endless":false,"potions_floor_spawned":[2,7,12,16],"killed_by":"Masked Bandits","ascension_level":20}}