{"host":"dth8fvkfiulu86fi","time":1611314332,"event":{"mods":["2.2 Compatiblity","AchievementEnabler","BaseMod","Better Third Choice","Colored Map","Colored Powertips","Minty Spire (QoL Compilation)","Rare Cards Sparkle","StSLib","SuperFastMode","Synergy Search"],"gold_per_floor":[114,129,144,75,90,90,120,120,120,135,150,165,165,180,180,280,280,295,220,235,62,62,62,62],"floor_reached":23,"language":"ENG","playtime":661,"items_purged":[],"score":195,"play_id":"b612666c-c1b6-46ee-991c-a6adbe39bc97","local_time":"20210122121852","daily_mods":["Heirloom","Uncertain Future","Night Terrors"],"is_ascension_mode":false,"campfire_choices":[{"data":"Noxious Fumes","floor":6,"key":"SMITH"},{"data":"Catalyst","floor":8,"key":"SMITH"},{"data":"Bane","floor":15,"key":"SMITH"}],"circlet_count":0,"master_deck":["Strike_G","Strike_G","Strike_G","Defend_G","Defend_G","Defend_G","Defend_G","Defend_G","Survivor","Neutralize","Deadly Poison","Noxious Fumes+1","Catalyst+1","Deadly Poison","Slice","Poisoned Stab","Backstab","Bane+1","Adrenaline","Bane","Bane"],"relics":["Ring of the Snake","Pocketwatch","StrikeDummy","Frozen Egg 2","Empty Cage","Membership Card","betterThird:NestCultRelic"],"acts_visited":["Exordium","TheCity"],"potions_floor_usage":[7,14,16,23],"damage_taken":[{"damage":6,"enemies":"Cultist","floor":1,"turns":4},{"damage":0,"enemies":"Small Slimes","floor":2,"turns":4},{"damage":4,"enemies":"Jaw Worm","floor":3,"turns":4},{"damage":8,"enemies":"3 Louse","floor":5,"turns":3},{"damage":16,"enemies":"3 Sentries","floor":7,"turns":7},{"damage":4,"enemies":"Blue Slaver","floor":10,"turns":2},{"damage":21,"enemies":"Exordium Thugs","floor":11,"turns":4},{"damage":0,"enemies":"3 Louse","floor":12,"turns":2},{"damage":0,"enemies":"Exordium Wildlife","floor":14,"turns":2},{"damage":33,"enemies":"The Guardian","floor":16,"turns":7},{"damage":27,"enemies":"2 Thieves","floor":18,"turns":3},{"damage":0,"enemies":"Chosen","floor":20,"turns":4},{"damage":48,"enemies":"Slavers","floor":23,"turns":3}],"seed_played":"8945501730091475425","potions_obtained":[{"floor":1,"key":"Regen Potion"},{"floor":11,"key":"Weak Potion"},{"floor":12,"key":"Regen Potion"},{"floor":14,"key":"Dexterity Potion"}],"is_trial":false,"path_per_floor":["M","M","M","$","M","R","E","R","T","M","M","M","?","M","R","B",null,"M","?","M","$","?","E"],"character_chosen":"THE_SILENT","items_purchased":["Deadly Poison","Slice","Membership Card","Bane"],"campfire_rested":0,"item_purchase_floors":[4,4,21,21],"current_hp_per_floor":[64,64,60,60,52,52,51,51,51,47,26,26,43,52,52,19,67,40,40,40,40,40,0,0],"gold":62,"neow_bonus":"","is_daily":true,"chose_seed":false,"campfire_upgraded":3,"win_rate":0.0,"timestamp":1611314332,"path_taken":["M","M","M","$","M","R","E","R","T","?","?","M","?","M","R","BOSS","M","?","M","$","?","E"],"items_purchased_type":["Card","Card","Relic","Card"],"build_version":"2020-12-22","purchased_purges":0,"victory":false,"max_hp_per_floor":[70,70,70,70,70,70,70,70,70,70,70,70,70,70,70,70,67,67,67,67,67,67,67,67],"card_choices":[{"not_picked":["Terror","Quick Slash"],"picked":"Deadly Poison","floor":1},{"not_picked":["Expertise","Deflect"],"picked":"Noxious Fumes","floor":2},{"not_picked":["Expertise","Predator"],"picked":"Catalyst","floor":3},{"not_picked":["Predator","Calculated Gamble"],"picked":"Poisoned Stab","floor":5},{"not_picked":["Flying Knee","Flechettes"],"picked":"Backstab","floor":7},{"not_picked":["Outmaneuver","Quick Slash","Flying Knee"],"picked":"SKIP","floor":10},{"not_picked":["PiercingWail","Cloak And Dagger"],"picked":"Bane","floor":11},{"not_picked":["Storm of Steel","Dagger Spray","Acrobatics"],"picked":"SKIP","floor":12},{"not_picked":["Dodge and Roll","Blur","Dagger Throw"],"picked":"SKIP","floor":14},{"not_picked":["Burst","Malaise"],"picked":"Adrenaline","floor":16},{"not_picked":["Deflect","Well Laid Plans+1"],"picked":"Bane","floor":18},{"not_picked":["PiercingWail","Acrobatics+1","Dagger Throw"],"picked":"SKIP","floor":20}],"player_experience":1156953,"relics_obtained":[{"floor":7,"key":"StrikeDummy"},{"floor":9,"key":"Frozen Egg 2"}],"event_choices":[{"damage_healed":17,"gold_gain":0,"player_choice":"Healed and dodged fight","damage_taken":0,"max_hp_gain":0,"max_hp_loss":0,"event_name":"Mushrooms","floor":13,"gold_loss":0,"cards_obtained":["Parasite"]},{"cards_removed":["Strike_G"],"damage_healed":0,"gold_gain":0,"player_choice":"Gave Gold","damage_taken":0,"max_hp_gain":0,"max_hp_loss":0,"event_name":"Beggar","floor":19,"gold_loss":75},{"damage_healed":0,"gold_gain":0,"player_choice":"Madness","damage_taken":0,"relics_obtained":["betterThird:NestCultRelic"],"max_hp_gain":0,"max_hp_loss":0,"event_name":"betterThird:BetterNest","floor":22,"gold_loss":0}],"is_beta":false,"boss_relics":[{"not_picked":["SlaversCollar","Astrolabe"],"picked":"Empty Cage"}],"items_purged_floors":[],"is_endless":false,"potions_floor_spawned":[1,11,12,14],"killed_by":"Slavers","ascension_level":0}}