{"host":"otf1z5955ddlv5pq","time":1611305527,"event":{"mods":["BaseMod","Better Altar","Better Match","Better Note","Better Sensory Stone","Better Skull","Better Third Choice","Colored Map","Colored Powertips","Downfall","Minty Spire (QoL Compilation)","Rare Cards Sparkle","StSLib","Synergy Search"],"gold_per_floor":[118,118,138,63,79,104,104,130,130,30,58,70,86,36,36,140,140,158,33,133,151,151,151,151,151,151,151,182,36,53,64,64,166,166,178,197,47,67,67,100,150,150,175,175,97,97,97,114,114,114],"floor_reached":51,"language":"ENG","playtime":18368,"items_purged":["Strike_B","Defend_B","Recycle+1"],"score":745,"play_id":"67c056dd-8c6b-4ac2-8b2b-a9267dc150f8","local_time":"20210122005207","is_ascension_mode":true,"campfire_choices":[{"data":"Sunder","floor":7,"key":"SMITH"},{"data":"Zap","floor":15,"key":"SMITH"},{"data":"Dualcast","floor":23,"key":"SMITH"},{"data":"Streamline","floor":25,"key":"SMITH"},{"data":"Auto Shields","floor":27,"key":"SMITH"},{"data":"Steam","floor":32,"key":"SMITH"},{"data":"Electrodynamics","floor":42,"key":"SMITH"},{"data":"Static Discharge","floor":46,"key":"SMITH"},{"floor":49,"key":"REST"}],"circlet_count":0,"master_deck":["Defend_B","Defend_B","Zap+1","Dualcast+1","Sunder+1","Auto Shields+1","Steam+1","Streamline+1","Thunder Strike","Scrape+1","Beam Cell+1","Scrape","Neutralize","Auto Shields","Sweeping Beam","Leap","Steam","Electrodynamics+1","Go for the Eyes+1","Conserve Battery","Gash+1","Static Discharge+1","Seek"],"relics":["Cracked Core","Centennial Puzzle","DataDisk","Mango","Bottled Flame","Lantern","Astrolabe","Darkstone Periapt","FossilizedHelix","Bag of Marbles","Nuclear Battery","Oddly Smooth Stone","Omamori","Emotion Chip","Nunchaku","downfall:ExtraCursedKey"],"acts_visited":["Exordium","TheCity","TheBeyond"],"potions_floor_usage":[8,30,33,33,40,40,50,50],"damage_taken":[{"damage":1,"enemies":"Jaw Worm","floor":1,"turns":3},{"damage":0,"enemies":"Cultist","floor":3,"turns":2},{"damage":2,"enemies":"Small Slimes","floor":5,"turns":3},{"damage":8,"enemies":"Lagavulin","floor":6,"turns":8},{"damage":6,"enemies":"Gremlin Nob","floor":8,"turns":3},{"damage":8,"enemies":"3 Sentries","floor":11,"turns":8},{"damage":0,"enemies":"3 Louse","floor":12,"turns":2},{"damage":0,"enemies":"Exordium Thugs","floor":13,"turns":3},{"damage":47,"enemies":"Slime Boss","floor":16,"turns":10},{"damage":10,"enemies":"2 Thieves","floor":18,"turns":2},{"damage":0,"enemies":"Chosen","floor":21,"turns":3},{"damage":0,"enemies":"Gremlin Leader","floor":28,"turns":6},{"damage":0,"enemies":"Snake Plant","floor":30,"turns":1},{"damage":0,"enemies":"3 Cultists","floor":31,"turns":4},{"damage":24,"enemies":"Automaton","floor":33,"turns":8},{"damage":0,"enemies":"3 Darklings","floor":35,"turns":2},{"damage":0,"enemies":"3 Shapes","floor":36,"turns":4},{"damage":0,"enemies":"Spire Growth","floor":38,"turns":5},{"damage":45,"enemies":"Reptomancer","floor":40,"turns":8},{"damage":0,"enemies":"Mind Bloom Boss Battle","floor":41,"turns":4},{"damage":0,"enemies":"4 Shapes","floor":48,"turns":2},{"damage":36,"enemies":"Donu and Deca","floor":50,"turns":8}],"seed_played":"3047397437479925093","potions_obtained":[{"floor":1,"key":"hexamod:SoulburnPotion"},{"floor":2,"key":"Fire Potion"},{"floor":2,"key":"Energy Potion"},{"floor":8,"key":"Weak Potion"},{"floor":30,"key":"Energy Potion"},{"floor":35,"key":"SkillPotion"},{"floor":38,"key":"FearPotion"},{"floor":48,"key":"SkillPotion"}],"is_trial":false,"path_per_floor":["M","?","M","$","M","E","R","E","T","$","E","M","M","?","R","B",null,"M","$","?","M","?","R","?","R","T","R","E","$","M","M","R","B",null,"M","M","$","M","$","E","?","R","T","?","$","R","?","M","R","B",null],"character_chosen":"DEFECT","items_purchased":["Bag of Marbles","Oddly Smooth Stone","Static Discharge"],"campfire_rested":1,"item_purchase_floors":[29,37,45],"current_hp_per_floor":[74,74,74,74,72,64,64,72,72,72,64,64,64,64,64,17,89,79,79,79,79,79,79,79,79,79,79,79,79,79,79,79,55,89,89,89,89,89,89,44,44,44,44,44,44,44,49,49,77,41],"gold":114,"neow_bonus":"RANDOM_COMMON_RELIC","is_daily":false,"chose_seed":false,"campfire_upgraded":8,"win_rate":0.0,"timestamp":1611305527,"path_taken":["M","?","M","$","M","E","R","E","T","?","E","M","M","?","R","BOSS","M","$","?","?","?","R","?","R","T","R","E","$","M","M","R","BOSS","M","M","$","M","$","E","?","R","T","?","?","R","?","M","R","BOSS"],"items_purchased_type":["Relic","Relic","Card"],"build_version":"2020-12-22","purchased_purges":3,"victory":true,"max_hp_per_floor":[75,75,75,75,75,75,75,89,89,89,89,89,89,89,89,89,89,89,89,89,89,89,89,89,89,89,89,89,89,89,89,89,89,89,89,89,89,89,89,89,89,89,89,89,89,89,94,94,94,94],"card_choices":[{"not_picked":["Double Energy","Compile Driver"],"picked":"Sunder","floor":1},{"not_picked":["Aggregate","Hologram","Barrage"],"picked":"SKIP","floor":3},{"not_picked":["Blizzard","Heatsinks"],"picked":"Auto Shields","floor":5},{"not_picked":["FTL","Hyperbeam"],"picked":"Steam","floor":6},{"not_picked":["Reprogram","Steam","Reinforced Body"],"picked":"SKIP","floor":8},{"not_picked":["Stack","Auto Shields","Sweeping Beam"],"picked":"SKIP","floor":11},{"not_picked":["Scrape","Turbo","Rip and Tear"],"picked":"SKIP","floor":12},{"not_picked":["Sweeping Beam","Cold Snap"],"picked":"Streamline","floor":13},{"not_picked":["Hyperbeam","Multi-Cast"],"picked":"Thunder Strike","floor":16},{"not_picked":["Blizzard","Streamline","Cold Snap"],"picked":"SKIP","floor":18},{"not_picked":["Heatsinks","Turbo"],"picked":"Scrape","floor":21},{"not_picked":["Compile Driver","Tempest"],"picked":"Sweeping Beam","floor":28},{"not_picked":["Loop","Cold Snap"],"picked":"Leap","floor":30},{"not_picked":["Rebound","Coolheaded+1"],"picked":"Steam","floor":31},{"not_picked":["Hyperbeam","Fission"],"picked":"Electrodynamics","floor":33},{"not_picked":["Turbo+1","Leap+1"],"picked":"Go for the Eyes+1","floor":35},{"not_picked":["Self Repair","Streamline+1","Chaos+1"],"picked":"SKIP","floor":36},{"not_picked":["Blizzard+1","Double Energy+1"],"picked":"Conserve Battery","floor":38},{"not_picked":["Coolheaded+1","Stack"],"picked":"Gash+1","floor":40},{"not_picked":["Force Field","Steam Power+1"],"picked":"Gash+1","floor":41},{"not_picked":["Barrage","Recycle+1","Aggregate"],"picked":"SKIP","floor":48}],"player_experience":1164427,"relics_obtained":[{"floor":6,"key":"DataDisk"},{"floor":8,"key":"Mango"},{"floor":9,"key":"Bottled Flame"},{"floor":11,"key":"Lantern"},{"floor":26,"key":"Darkstone Periapt"},{"floor":28,"key":"FossilizedHelix"},{"floor":40,"key":"Omamori"},{"floor":41,"key":"Emotion Chip"},{"floor":43,"key":"Nunchaku"}],"event_choices":[{"damage_healed":0,"gold_gain":0,"player_choice":"Got Potions","damage_taken":0,"max_hp_gain":0,"max_hp_loss":0,"event_name":"Lab","floor":2,"gold_loss":0},{"cards_removed":["Strike_B"],"damage_healed":0,"gold_gain":0,"player_choice":"Card Removal","damage_taken":0,"max_hp_gain":0,"max_hp_loss":0,"event_name":"The Cleric","floor":14,"gold_loss":50},{"damage_healed":0,"gold_gain":100,"player_choice":"Pray","damage_taken":0,"max_hp_gain":0,"max_hp_loss":0,"event_name":"Golden Shrine","floor":20,"gold_loss":0},{"cards_removed":["Auto Shields"],"damage_healed":0,"gold_gain":0,"player_choice":"Take \u0026 Give","damage_taken":0,"max_hp_gain":0,"max_hp_loss":0,"event_name":"betterNote:BetterNote","floor":22,"gold_loss":0,"cards_obtained":["Neutralize"]},{"damage_healed":0,"gold_gain":2,"player_choice":"4","damage_taken":0,"max_hp_gain":0,"max_hp_loss":0,"event_name":"betterStone:BetterStone","floor":24,"gold_loss":0,"cards_obtained":["Auto Shields"]},{"damage_healed":0,"gold_gain":0,"player_choice":"Fight","damage_taken":0,"max_hp_gain":0,"max_hp_loss":0,"event_name":"MindBloom","floor":41,"gold_loss":0},{"cards_removed":["Gash"],"damage_healed":0,"gold_gain":0,"player_choice":"Removed Attack","damage_taken":0,"max_hp_gain":0,"max_hp_loss":0,"event_name":"Falling","floor":44,"gold_loss":0}],"is_beta":false,"boss_relics":[{"not_picked":["SacredBark","Sozu"],"picked":"Astrolabe"},{"not_picked":["Empty Cage","Busted Crown"],"picked":"Nuclear Battery"}],"items_purged_floors":[4,10,19],"is_endless":false,"potions_floor_spawned":[1,6,8,12,16,21,30,35,38,48],"ascension_level":1}}