{"host":"9gwavclf33b2mpxe","time":1611319982,"event":{"mods":["BaseMod","Bestiary","Block Reminder","Colored Map","Colored Powertips","Downfall","Highlight Path","Minty Spire (QoL Compilation)","Permanent Neow","Quick Restart","Relic Stats","StSLib","SuperFastMode"],"gold_per_floor":[99,118,118,180,180,193,193,93,107,127,127,461,461,471,490,588,588,588,603,59,59,79,98,149,49,34,34,66,66,81,94,111,213,213,113,123,2,2,52,62,85,100,100,115,115,126,140,188,206,206,206,240,4,4,4,4],"floor_reached":57,"language":"ENG","playtime":8284,"items_purged":["Guardian:TimeCapacitor+1","downfall:Bewildered"],"score":1228,"play_id":"e75d27ef-370c-4a37-93fc-72681c97f41a","local_time":"20210122205301","is_ascension_mode":false,"campfire_choices":[{"floor":1,"key":"RECALL"},{"data":"Guardian:Suspension","floor":8,"key":"SMITH"},{"data":"Guardian:TwinSlam","floor":11,"key":"SMITH"},{"data":"Guardian:TemporalShield","floor":13,"key":"SMITH"},{"data":"Guardian:BodySlam","floor":18,"key":"SMITH"},{"data":"Guardian:BodySlam","floor":25,"key":"SMITH"},{"data":"Guardian:ShieldSpikes","floor":27,"key":"SMITH"},{"data":"Guardian:Recover","floor":29,"key":"SMITH"},{"data":"Guardian:FastForward","floor":35,"key":"SMITH"},{"data":"expansioncontent:QuickStudy","floor":43,"key":"SMITH"},{"data":"Guardian:DecasProtection","floor":45,"key":"SMITH"},{"data":"Guardian:TemporalShield","floor":54,"key":"SMITH"}],"circlet_count":0,"master_deck":["Guardian:Defend_Guardian","Guardian:Defend_Guardian","Guardian:Defend_Guardian","Guardian:CurlUp","Guardian:TwinSlam+1","Guardian:Suspension+1","Guardian:ShieldSpikes+1","Guardian:FastForward+1","Guardian:TemporalShield+1","Guardian:Clone","Guardian:BodySlam+1","Guardian:TimeSifter+1","Guardian:DonusPower+1","Guardian:VentSteam+1","Guardian:EvasiveProtocol+1","Guardian:BodySlam+1","Guardian:Planning","Guardian:Preprogram","Guardian:Recover+1","Guardian:TemporalShield+1","Guardian:TemporalShield+1","Guardian:TimeSifter+1","Guardian:DecasProtection+1","Guardian:BodySlam+1","expansioncontent:QuickStudy+1","Guardian:ChargeUp+1","Guardian:ShieldCharger","Guardian:TimeCapacitor+1","Guardian:Clone","Guardian:TimeCapacitor+1","expansioncontent:AwakenDeath+1"],"relics":["Coffee Dripper","Guardian:PickAxe","Mercury Hourglass","Frozen Egg 2","downfall:HeartBlessingRed","Old Coin","Astrolabe","Gambling Chip","downfall:HeartBlessingBlue","Nunchaku","expansioncontent:StudyCardRelic","downfall:HeartBlessingGreen","DollysMirror","Bird Faced Urn","Regal Pillow","Calipers","Bottled Tornado","bronze:BronzeIdol"],"acts_visited":["Exordium","TheCity","TheBeyond","TheEnding"],"potions_floor_usage":[16,16,33,50,56],"damage_taken":[{"damage":11,"enemies":"Jaw Worm","floor":2,"turns":3},{"damage":3,"enemies":"Jaw Worm","floor":3,"turns":6},{"damage":29,"enemies":"Gremlin Nob","floor":4,"turns":6},{"damage":10,"enemies":"Small Slimes","floor":6,"turns":2},{"damage":0,"enemies":"Cultist","floor":9,"turns":2},{"damage":0,"enemies":"Exordium Wildlife","floor":10,"turns":1},{"damage":0,"enemies":"Lagavulin","floor":12,"turns":8},{"damage":3,"enemies":"Lots of Slimes","floor":14,"turns":2},{"damage":0,"enemies":"3 Louse","floor":15,"turns":2},{"damage":16,"enemies":"DF_ARCHETYPE_STREAMLINE","floor":16,"turns":8},{"damage":14,"enemies":"Shell Parasite","floor":19,"turns":3},{"damage":0,"enemies":"downfall:FleeingMerchant","floor":20,"turns":4},{"damage":0,"enemies":"Sentry and Sphere","floor":22,"turns":5},{"damage":0,"enemies":"Cultist and Chosen","floor":23,"turns":3},{"damage":15,"enemies":"downfall:FleeingMerchant","floor":26,"turns":4},{"damage":12,"enemies":"Slavers","floor":28,"turns":3},{"damage":0,"enemies":"Snake Plant","floor":30,"turns":3},{"damage":0,"enemies":"Shelled Parasite and Fungi","floor":31,"turns":3},{"damage":0,"enemies":"3 Cultists","floor":32,"turns":4},{"damage":16,"enemies":"SI_MIRROR_ARCHETYPE","floor":33,"turns":5},{"damage":0,"enemies":"3 Darklings","floor":36,"turns":4},{"damage":0,"enemies":"downfall:FleeingMerchant","floor":37,"turns":2},{"damage":0,"enemies":"downfall:FleeingMerchant","floor":39,"turns":4},{"damage":0,"enemies":"Orb Walker","floor":40,"turns":2},{"damage":13,"enemies":"Jaw Worm Horde","floor":42,"turns":4},{"damage":0,"enemies":"Writhing Mass","floor":44,"turns":3},{"damage":0,"enemies":"Transient","floor":46,"turns":5},{"damage":0,"enemies":"Maw","floor":47,"turns":4},{"damage":15,"enemies":"2 Orb Walkers","floor":48,"turns":4},{"damage":0,"enemies":"Jaw Worm Horde","floor":49,"turns":4},{"damage":0,"enemies":"WA_ARCHETYPE_DIVINITY","floor":50,"turns":6},{"damage":8,"enemies":"downfall:CharBossMerchant","floor":52,"turns":6},{"damage":14,"enemies":"downfall:NeowBoss","floor":55,"turns":10},{"damage":101,"enemies":"downfall:NeowBossFinal","floor":56,"turns":9}],"seed_played":"-8844038650629369870","potions_obtained":[{"floor":4,"key":"SkillPotion"},{"floor":9,"key":"GamblersBrew"},{"floor":12,"key":"Swift Potion"},{"floor":19,"key":"Block Potion"},{"floor":23,"key":"FairyPotion"},{"floor":31,"key":"Energy Potion"},{"floor":39,"key":"Fire Potion"},{"floor":40,"key":"champ:CounterPotion"},{"floor":46,"key":"SteroidPotion"}],"is_trial":false,"path_per_floor":["R","M","?","?","?","M","T","R","M","M","R","E","R","M","M","B",null,"R","M","$","?","M","M","T","R","$","R","E","R","M","M","M","B",null,"R","M","$","?","?","M","T","M","R","M","R","M","M","?","M","B",null,"E","$","R","B","B",null],"character_chosen":"GUARDIAN","items_purchased":["Guardian:EvasiveProtocol+1","Guardian:BodySlam","Guardian:Planning","Gambling Chip","DollysMirror","expansioncontent:QuickStudy","bronze:BronzeIdol","expansioncontent:AwakenDeath"],"campfire_rested":0,"item_purchase_floors":[20,20,20,20,37,37,53,53],"current_hp_per_floor":[80,69,66,37,37,27,27,27,27,27,27,27,27,24,24,8,80,80,66,66,66,66,66,66,76,61,61,49,49,49,49,49,33,90,90,90,90,90,90,90,90,85,85,90,90,90,90,87,90,90,90,90,90,90,88,29],"gold":4,"neow_bonus":"BOSS_RELIC","is_daily":false,"chose_seed":false,"campfire_upgraded":11,"win_rate":0.0,"timestamp":1611319981,"path_taken":["R","M","?","?","?","M","T","R","?","M","R","E","R","M","M","BOSS","R","M","$","?","M","M","T","R","$","R","E","R","M","M","M","BOSS","R","M","?","?","?","M","T","M","R","M","R","M","M","?","M","BOSS","E","$","R","BOSS","BOSS"],"items_purchased_type":["Card","Card","Card","Relic","Relic","Card","Relic","Card"],"build_version":"2020-12-22","purchased_purges":2,"victory":true,"max_hp_per_floor":[80,80,80,80,80,80,80,80,80,80,80,80,80,80,80,80,80,80,80,80,80,80,80,80,90,90,90,90,90,90,90,90,90,90,90,90,90,90,90,90,90,90,90,90,90,90,90,90,90,90,90,90,90,90,90,90],"relic_stats":{"Nunchaku":[14],"Regal Pillow":0,"counters":[34,143],"Astrolabe":["Guardian:DonusPower","Guardian:VentSteam","Guardian:Gem_White"],"Gambling Chip":[37],"Bird Faced Urn":[58],"obtain_stats":[{"Regal Pillow":41,"Calipers":48,"downfall:HeartBlessingRed":8,"Astrolabe":17,"Guardian:ModeShifter":0,"downfall:HeartBlessingGreen":35,"expansioncontent:StudyCardRelic":34,"Frozen Egg 2":7,"Bottled Tornado":52,"Mercury Hourglass":4,"Old Coin":12,"bronze:BronzeIdol":53,"Guardian:PickAxe":3,"Nunchaku":28,"downfall:HeartBlessingBlue":25,"DollysMirror":37,"Gambling Chip":20,"Bird Faced Urn":39,"Coffee Dripper":0},{"Regal Pillow":24,"Calipers":29,"downfall:HeartBlessingRed":4,"Astrolabe":10,"Guardian:ModeShifter":0,"downfall:HeartBlessingGreen":20,"expansioncontent:StudyCardRelic":20,"Frozen Egg 2":4,"Bottled Tornado":32,"Mercury Hourglass":3,"Old Coin":7,"bronze:BronzeIdol":32,"Guardian:PickAxe":2,"Nunchaku":16,"downfall:HeartBlessingBlue":14,"DollysMirror":22,"Gambling Chip":12,"Bird Faced Urn":23,"Coffee Dripper":0},{"Regal Pillow":88,"Calipers":108,"downfall:HeartBlessingRed":17,"Astrolabe":39,"Guardian:ModeShifter":0,"downfall:HeartBlessingGreen":76,"expansioncontent:StudyCardRelic":76,"Frozen Egg 2":17,"Bottled Tornado":124,"Mercury Hourglass":15,"Old Coin":28,"bronze:BronzeIdol":124,"Guardian:PickAxe":9,"Nunchaku":61,"downfall:HeartBlessingBlue":54,"DollysMirror":82,"Gambling Chip":46,"Bird Faced Urn":86,"Coffee Dripper":0}],"Mercury Hourglass":[341]},"card_choices":[{"not_picked":["Guardian:PrimingBeam","Guardian:Incinerate"],"picked":"Guardian:Suspension","floor":2},{"not_picked":["Guardian:Gem_Lightblue","Guardian:TemporalStrike"],"picked":"Guardian:Gem_Crimson","floor":4},{"not_picked":["Guardian:TemporalShield","Guardian:TemporalStrike"],"picked":"Guardian:ShieldSpikes","floor":6},{"not_picked":["Guardian:Gem_Cyan","Guardian:Recover"],"picked":"Guardian:TimeCapacitor+1","floor":9},{"not_picked":["Guardian:ShieldSpikes","Guardian:Gem_Green"],"picked":"Guardian:FastForward","floor":10},{"not_picked":["Guardian:Incinerate","Guardian:Emergency"],"picked":"Guardian:TemporalShield","floor":12},{"not_picked":["Guardian:RollAttack","Guardian:ArmoredProtocol+1"],"picked":"Guardian:Clone","floor":14},{"not_picked":["Guardian:PolyBeam","Guardian:ChargeCore"],"picked":"Guardian:BodySlam","floor":15},{"not_picked":["Guardian:FastForward","Guardian:Gem_Synthetic"],"picked":"Guardian:TimeSifter+1","floor":16},{"not_picked":["Guardian:ChargeCore","Guardian:Gem_Blue"],"picked":"Guardian:CrystalBeam","floor":19},{"not_picked":["Guardian:CrystalBeam","Guardian:HyperBeam_Guardian","Guardian:TimeCapacitor+1"],"picked":"SKIP","floor":20},{"not_picked":["Guardian:PrismaticBeam","Guardian:WalkerClaw"],"picked":"Guardian:Preprogram","floor":22},{"not_picked":["Guardian:Gem_Fragmented","Guardian:ShieldSpikes"],"picked":"Guardian:Gem_Cyan","floor":23},{"not_picked":["Guardian:Planning","Guardian:HyperBeam_Guardian","Guardian:TemporalStrike+1"],"picked":"SKIP","floor":26},{"not_picked":["Guardian:TemporalStrike+1","Guardian:SpikerProtocol+1"],"picked":"Guardian:Recover","floor":28},{"not_picked":["Guardian:SentryBeam","Guardian:VentSteam"],"picked":"Guardian:TemporalShield","floor":30},{"not_picked":["Guardian:Reroute","Guardian:RefractedBeam"],"picked":"Guardian:TemporalShield+1","floor":31},{"not_picked":["Guardian:Planning","Guardian:Gem_Red"],"picked":"Guardian:TimeSifter+1","floor":32},{"not_picked":["Guardian:WalkerClaw+1","Guardian:RollAttack+1"],"picked":"Guardian:Gem_Cyan","floor":36},{"not_picked":["Guardian:Gem_Fragmented","Guardian:Gem_Cyan"],"picked":"Guardian:DecasProtection","floor":37},{"not_picked":["Guardian:SpikerProtocol+1","Guardian:DonusPower"],"picked":"Guardian:ChargeUp+1","floor":40},{"not_picked":["Guardian:Gem_Cyan","Guardian:Reroute","Guardian:Planning+1"],"picked":"SKIP","floor":42},{"not_picked":["Guardian:CrystalBeam+1","Guardian:RollAttack+1"],"picked":"Guardian:ShieldCharger","floor":44},{"not_picked":["Guardian:PiercingHide+1","Guardian:Planning"],"picked":"Guardian:TimeCapacitor+1","floor":46},{"not_picked":["Guardian:VentSteam+1","Guardian:TimeBomb+1","Guardian:TimeSifter+1"],"picked":"SKIP","floor":47},{"not_picked":["Guardian:Reroute","Guardian:Gem_Lightblue"],"picked":"Guardian:Clone","floor":48},{"not_picked":["Guardian:SpikerProtocol+1","Guardian:Gem_Blue"],"picked":"Guardian:TimeCapacitor+1","floor":49},{"not_picked":["Guardian:TemporalStrike+1","Guardian:RollAttack","Guardian:WalkerClaw+1"],"picked":"SKIP","floor":52}],"player_experience":98586,"relics_obtained":[{"floor":4,"key":"Mercury Hourglass"},{"floor":7,"key":"Frozen Egg 2"},{"floor":12,"key":"Old Coin"},{"floor":28,"key":"Nunchaku"},{"floor":39,"key":"Bird Faced Urn"},{"floor":41,"key":"Regal Pillow"},{"floor":48,"key":"Calipers"},{"floor":52,"key":"Bottled Tornado"}],"event_choices":[{"damage_healed":0,"gold_gain":0,"player_choice":"Fight","damage_taken":0,"max_hp_gain":0,"max_hp_loss":0,"event_name":"Mysterious Sphere","floor":48,"gold_loss":0}],"is_beta":false,"boss_relics":[{"not_picked":["Velvet Choker","Sozu"],"picked":"Astrolabe"},{"not_picked":["Runic Dome","Tiny House"],"picked":"expansioncontent:StudyCardRelic"}],"items_purged_floors":[20,37],"is_endless":false,"potions_floor_spawned":[3,4,9,12,15,19,23,31,32,39,40,46,48],"ascension_level":0}}