{"host":"1tl36azeqm6yhdgj","time":1611316248,"event":{"mods":["AchievementEnabler","BaseMod","Minty Spire (QoL Compilation)","StSLib","The IronCluck","everything is the same but u backflip on backflip"],"gold_per_floor":[109,129,129,2,2,2,2,2,2,42,5,41,66,31,31,120,120,150,162,89,114,149,161,173,173],"floor_reached":24,"language":"ENG","playtime":596,"items_purged":["Injury"],"score":454,"play_id":"fa193241-dd04-4915-83ed-9bce6f784808","local_time":"20210122065048","is_ascension_mode":true,"campfire_choices":[{"data":"Thunderclap","floor":6.0,"key":"SMITH"},{"data":"Cleave","floor":8.0,"key":"SMITH"},{"data":"Fire Breathing","floor":15.0,"key":"SMITH"},{"floor":23,"key":"REST"}],"circlet_count":0,"master_deck":["AscendersBane","Strike_R","Strike_R","Strike_R","Strike_R","Strike_R","Defend_R","Defend_R","Defend_R","Defend_R","Bash","Anger","Cleave+1","Thunderclap+1","Regret","Iron Wave","Shockwave","Feed","Fire Breathing+1","Bludgeon","CurseOfTheBell","Battle Trance+1"],"relics":["Burning Blood","NeowsBlessing","Golden Idol","Happy Flower","Magic Flower","Self Forming Clay","PreservedInsect","Calling Bell","MawBank","Gremlin Horn","Calipers","Boot"],"acts_visited":["Exordium","TheCity"],"potions_floor_usage":[24],"damage_taken":[{"damage":0.0,"enemies":"Cultist","floor":1.0,"turns":1.0},{"damage":0.0,"enemies":"Small Slimes","floor":2.0,"turns":1.0},{"damage":0.0,"enemies":"Lagavulin","floor":10.0,"turns":1.0},{"damage":21.0,"enemies":"3 Sentries","floor":12.0,"turns":5.0},{"damage":8.0,"enemies":"Jaw Worm","floor":13.0,"turns":4.0},{"damage":67.0,"enemies":"Hexaghost","floor":16.0,"turns":12.0},{"damage":34.0,"enemies":"2 Thieves","floor":18.0,"turns":4.0},{"damage":16.0,"enemies":"3 Byrds","floor":21.0,"turns":4.0},{"damage":33,"enemies":"Snecko","floor":22,"turns":6},{"damage":39,"enemies":"Slavers","floor":24,"turns":2}],"seed_played":"7342241403885085482","potions_obtained":[{"floor":2.0,"key":"SneckoOil"},{"floor":12.0,"key":"SpeedPotion"},{"floor":22,"key":"Weak Potion"}],"is_trial":false,"path_per_floor":["M","M","?","$","?","R","$","R","T","E","$","E","M","?","R","B",null,"M","?","?","M","M","R","E"],"character_chosen":"IRONCLAD","items_purchased":["Thunderclap","Shockwave"],"campfire_rested":1,"item_purchase_floors":[4,11],"current_hp_per_floor":[74,75,75,75,75,75,75,75,75,75,75,63,64,75,75,17,61,41,41,41,39,15,39,0,0],"gold":173,"neow_bonus":"THREE_ENEMY_KILL","is_daily":false,"chose_seed":false,"campfire_upgraded":3,"win_rate":0.0,"timestamp":1611316248,"path_taken":["M","M","?","$","?","R","$","R","T","E","?","E","?","?","R","BOSS","M","?","?","M","M","R","E"],"items_purchased_type":["Card","Card"],"build_version":"2020-12-22","purchased_purges":1,"victory":false,"max_hp_per_floor":[75,75,75,75,75,75,75,75,75,75,75,75,75,75,75,75,75,78,78,78,81,81,81,81,81],"card_choices":[{"not_picked":["Twin Strike","Heavy Blade"],"picked":"Anger","floor":1.0},{"not_picked":["Power Through","Body Slam"],"picked":"Cleave","floor":2.0},{"not_picked":["Evolve","Armaments"],"picked":"Iron Wave","floor":10.0},{"not_picked":["Berserk","Cleave"],"picked":"Feed","floor":12.0},{"not_picked":["Disarm","Rampage"],"picked":"Fire Breathing","floor":13.0},{"not_picked":["Offering","Fiend Fire"],"picked":"Bludgeon","floor":16.0},{"not_picked":["Iron Wave","Anger","Combust"],"picked":"SKIP","floor":18.0},{"not_picked":["Pommel Strike","Evolve"],"picked":"Battle Trance+1","floor":21.0},{"not_picked":["Twin Strike","Headbutt","Evolve"],"picked":"SKIP","floor":22}],"player_experience":2017863,"relics_obtained":[{"floor":9.0,"key":"Magic Flower"},{"floor":10.0,"key":"Self Forming Clay"},{"floor":12.0,"key":"PreservedInsect"},{"floor":17.0,"key":"MawBank"},{"floor":17.0,"key":"Gremlin Horn"},{"floor":17.0,"key":"Calipers"}],"event_choices":[{"damage_healed":0.0,"max_hp_gain":0.0,"max_hp_loss":0.0,"gold_gain":0.0,"event_name":"Golden Idol","player_choice":"Take Wound","floor":3.0,"gold_loss":0.0,"damage_taken":0.0,"relics_obtained":["Golden Idol"],"cards_obtained":["Injury"]},{"damage_healed":0.0,"max_hp_gain":0.0,"max_hp_loss":0.0,"gold_gain":0.0,"event_name":"Big Fish","player_choice":"Box","floor":5.0,"gold_loss":0.0,"damage_taken":0.0,"relics_obtained":["Happy Flower"],"cards_obtained":["Regret"]},{"damage_healed":18.0,"max_hp_gain":0.0,"max_hp_loss":0.0,"gold_gain":0.0,"event_name":"The Cleric","player_choice":"Healed","floor":14.0,"gold_loss":35.0,"damage_taken":0.0},{"damage_healed":0.0,"max_hp_gain":0.0,"max_hp_loss":0.0,"gold_gain":0.0,"event_name":"Vampires","player_choice":"Ignored","floor":19.0,"gold_loss":0.0,"damage_taken":0.0},{"damage_healed":0.0,"max_hp_gain":0.0,"max_hp_loss":0.0,"gold_gain":0.0,"event_name":"Addict","player_choice":"Obtained Relic","floor":20.0,"gold_loss":85.0,"damage_taken":0.0,"relics_obtained":["Boot"]}],"is_beta":false,"boss_relics":[{"not_picked":["Snecko Eye","Fusion Hammer"],"picked":"Calling Bell"}],"items_purged_floors":[4],"is_endless":false,"potions_floor_spawned":[2,12,22],"killed_by":"Slavers","ascension_level":20}}