{"host":"52jmisti11ysmja4","time":1611338049,"event":{"mods":["Aspiration","BaseMod","Better Third Choice","Minty Spire (QoL Compilation)","Remove Card Discount Mod","StSLib","The Bug Knight"],"gold_per_floor":[110,130,141,141,133,133,165,165,165,115,130,157,157,185,185,282,282,299,311,311,311,511,511,538,538,538,538,538],"floor_reached":27,"language":"ENG","playtime":1123,"items_purged":["HollowMod:NailStrikeStart","HollowMod:NailStrikeStart","HollowMod:QuickDashStart","HollowMod:QuickDashStart"],"score":356,"play_id":"781a8c7b-5235-4d3d-b6d8-db8ec13912a3","local_time":"20210122095409","is_ascension_mode":true,"campfire_choices":[{"data":"HollowMod:InfectedAttack","floor":6,"key":"SMITH"},{"data":"HollowMod:PogoStrike","floor":8,"key":"SMITH"},{"data":"HollowMod:HornetsHelp","floor":13,"key":"SMITH"},{"data":"HollowMod:SoulEater","floor":15,"key":"SMITH"},{"data":"HollowMod:PureVessel","floor":23,"key":"SMITH"},{"data":"HollowMod:CoiledNail","floor":25,"key":"SMITH"}],"circlet_count":0,"master_deck":["HollowMod:NailStrikeStart","HollowMod:NailStrikeStart","HollowMod:QuickDashStart","HollowMod:QuickDashStart","HollowMod:FocusHealStart","HollowMod:PogoStrike+1","HollowMod:BaldurShell","HollowMod:InfectedAttack+1","HollowMod:GreatSlash+1","HollowMod:SoulVessel","HollowMod:SoulSplash","HollowMod:SoulStrike","HollowMod:HornetsHelp+1","HollowMod:SoulEater+1","HollowMod:PureVessel+1","HollowMod:MonarchWings","HollowMod:FastStrike","HollowMod:MantisMark","HollowMod:CoiledNail+1"],"relics":["HollowMod:VesselMask","NeowsBlessing","Pantograph","HollowMod:LifeEnderRelic","HollowMod:QueensCombRelic","aspiration:SeaSaltIceCream","NeowsBlessing","Coffee Dripper","PrismaticShard","Turnip","Blood Vial"],"acts_visited":["Exordium","TheCity"],"potions_floor_usage":[20,24],"damage_taken":[{"damage":0,"enemies":"Cultist","floor":1,"turns":1},{"damage":0,"enemies":"Small Slimes","floor":2,"turns":1},{"damage":0,"enemies":"Jaw Worm","floor":3,"turns":1},{"damage":25,"enemies":"HollowMod:MossKnight","floor":7,"turns":5},{"damage":0,"enemies":"Exordium Wildlife","floor":11,"turns":1},{"damage":10,"enemies":"3 Sentries","floor":12,"turns":3},{"damage":34,"enemies":"Gremlin Nob","floor":14,"turns":4},{"damage":0,"enemies":"HollowMod:FalseKnight","floor":16,"turns":1},{"damage":0,"enemies":"Chosen","floor":18,"turns":1},{"damage":0,"enemies":"Shell Parasite","floor":19,"turns":1},{"damage":25,"enemies":"Book of Stabbing","floor":24,"turns":4},{"damage":41,"enemies":"Slavers","floor":27,"turns":2}],"seed_played":"-8017948816645960113","potions_obtained":[{"floor":11,"key":"SkillPotion"},{"floor":14,"key":"DistilledChaos"},{"floor":16,"key":"SteroidPotion"},{"floor":19,"key":"Fruit Juice"}],"is_trial":false,"path_per_floor":["M","M","M","?","$","R","E","R","T","$","M","E","R","E","R","B",null,"M","M","?","?","?","R","E","R","T","E"],"character_chosen":"THE_BUGKNIGHT","items_purchased":["HollowMod:SoulSplash"],"campfire_rested":0,"item_purchase_floors":[10],"current_hp_per_floor":[75,75,75,75,75,75,50,50,50,50,50,40,40,14,14,43,50,50,50,47,47,47,47,30,30,30,0,0],"gold":538,"neow_bonus":"THREE_ENEMY_KILL","is_daily":false,"chose_seed":false,"campfire_upgraded":6,"win_rate":0.0,"timestamp":1611338049,"path_taken":["M","M","?","?","$","R","E","R","T","?","M","E","R","E","R","BOSS","M","M","?","?","?","R","E","R","T","E"],"items_purchased_type":["Card"],"build_version":"2020-12-22","purchased_purges":4,"victory":false,"max_hp_per_floor":[75,75,75,75,75,75,75,75,75,75,75,50,50,50,50,50,50,50,50,55,55,55,55,55,55,55,55,55],"card_choices":[{"not_picked":["HollowMod:InfectedCysts","HollowMod:TaintedHusks"],"picked":"HollowMod:BaldurShell","floor":1},{"not_picked":["HollowMod:NewJinnsSoul","HollowMod:GoodIntentions"],"picked":"HollowMod:InfectedAttack","floor":2},{"not_picked":["HollowMod:GoodIntentions","HollowMod:DungDefenderAura"],"picked":"HollowMod:GreatSlash","floor":3},{"not_picked":["HollowMod:CloakDash","HollowMod:SharpenedNail"],"picked":"HollowMod:SoulVessel","floor":7},{"not_picked":["HollowMod:CloakDash","HollowMod:MothsMistake"],"picked":"HollowMod:SoulStrike","floor":11},{"not_picked":["HollowMod:DescendingDark","HollowMod:HeavyBlow"],"picked":"HollowMod:HornetsHelp","floor":12},{"not_picked":["HollowMod:VengefulVoid","HollowMod:RadiancesLament"],"picked":"HollowMod:SoulEater","floor":14},{"not_picked":["HollowMod:SoulMaster","HollowMod:theNailsmith"],"picked":"HollowMod:PureVessel","floor":16},{"not_picked":["HollowMod:MonomonsArchive","HollowMod:NewJinnsSoul"],"picked":"HollowMod:MonarchWings","floor":18},{"not_picked":["HollowMod:DescendingDark+1","HollowMod:QuirrelsAssistance"],"picked":"HollowMod:FastStrike","floor":19},{"not_picked":["HollowMod:SiblingsShadow","HollowMod:SoulEater"],"picked":"HollowMod:MantisMark","floor":20},{"not_picked":["Dagger Throw+1","HollowMod:HowlingWraiths"],"picked":"HollowMod:CoiledNail","floor":24}],"player_experience":542073,"relics_obtained":[{"floor":7,"key":"Pantograph"},{"floor":9,"key":"HollowMod:LifeEnderRelic"},{"floor":12,"key":"HollowMod:QueensCombRelic"},{"floor":14,"key":"aspiration:SeaSaltIceCream"},{"floor":20,"key":"PrismaticShard"},{"floor":24,"key":"Turnip"},{"floor":26,"key":"Blood Vial"}],"event_choices":[{"damage_healed":0,"gold_gain":0,"player_choice":"Grow","damage_taken":0,"max_hp_gain":0,"max_hp_loss":0,"event_name":"Living Wall","floor":4,"gold_loss":0,"cards_upgraded":["HollowMod:GreatSlash"]},{"damage_healed":0,"gold_gain":0,"player_choice":"Ignored","damage_taken":0,"max_hp_gain":0,"max_hp_loss":0,"event_name":"Ghosts","floor":21,"gold_loss":0},{"damage_healed":0,"gold_gain":200,"player_choice":"Gold","damage_taken":0,"max_hp_gain":0,"max_hp_loss":0,"event_name":"Wheel of Change","floor":22,"gold_loss":0}],"is_beta":false,"boss_relics":[{"not_picked":["aspiration:PoetsPen_weak","Runic Pyramid"],"picked":"Coffee Dripper"}],"items_purged_floors":[5,5,5,5],"is_endless":false,"potions_floor_spawned":[11,14,16,19],"killed_by":"Slavers","ascension_level":4}}