{"host":"6drv1qzpbnls60z2","time":1611327325,"event":{"mods":["ATMod(°¢èªMod)","Act Like it!","Arknights The Spire","BaseMod","Hallownest","Minty Spire (QoL Compilation)","Reimu£¨²©ÀöÁéÃÎ£©","Replay The Spire","Shop Mod","Spicy Shops","StSLib","The Dragon Tamer","Uncapped","¡¾ÒÅÎï¿¨ÅÆ¡¿REMEMod","óô»ðÖ¸ÄÏ"],"gold_per_floor":[111,130,130,130,11,37,37,51,51,65,81,109,109,109,109],"floor_reached":14,"language":"ZHS","playtime":923,"items_purged":[],"score":300,"play_id":"f87f0a9a-6ecf-439e-bc9f-43919e438299","local_time":"20210122225525","daily_mods":["SealedDeck"],"is_ascension_mode":true,"campfire_choices":[{"data":"SubcavityFantasy:ReiMu","floor":7,"key":"SMITH"}],"circlet_count":0,"master_deck":["AscendersBane","AT_FamilyPortrait","ats:Dogmatic Field","SpreadBorder2:ReiMu","ats:Closed Bolt Burst Fire","ats:Hammer On","ats:Ignite","ats:Burning Ground","LovePray:ReiMu","ats:Revitalization","ats:Very Hot Blade","SubAcupoint:ReiMu","ats:Serious Mode","ats:Apocalypse","ats:Very Hot Blade","ats:Echo Reverb","ats:Sashimi Platter","SpreadBorder2:ReiMu","SpreadBorder2:ReiMu","SubcavityFantasy:ReiMu+1","ats:Magnetic Hammer","ats:Song Of Battle","ats:Phantom","ats:Consecutive Shot Auto"],"relics":["ats:Sanity","AT_ATBox","REME_ComplimentaryCards","ReplayTheSpireMod:Ring of Exchange","ats:Originium","Kunai","Turnip","AT_DeathDance"],"acts_visited":["Exordium"],"potions_floor_usage":[12,12],"damage_taken":[{"damage":12,"enemies":"Jaw Worm","floor":1,"turns":2},{"damage":12,"enemies":"Cultist","floor":2,"turns":4},{"damage":37,"enemies":"Lagavulin","floor":6,"turns":7},{"damage":44,"enemies":"Small Slimes","floor":8,"turns":5},{"damage":0,"enemies":"Red Slaver","floor":10,"turns":1},{"damage":7,"enemies":"2 Fungi Beasts","floor":11,"turns":2},{"damage":23,"enemies":"Replay:BlueRogue","floor":12,"turns":5},{"damage":75,"enemies":"Gremlin Nob","floor":14,"turns":4}],"seed_played":"5271094747748644351","potions_obtained":[{"floor":6,"key":"CultistPotion"},{"floor":8,"key":"PowerPotion"}],"is_trial":true,"path_per_floor":["M","M","?","?","$","E","R","M","T","M","M","E","?","E"],"character_chosen":"DOCTOR_CLASS","items_purchased":["ats:Sashimi Platter","SpreadBorder2:ReiMu"],"campfire_rested":0,"item_purchase_floors":[5,5],"current_hp_per_floor":[53,55,55,55,55,54,54,29,29,29,22,58,58,0,0],"gold":109,"neow_bonus":"","is_daily":false,"chose_seed":false,"campfire_upgraded":1,"win_rate":0.0,"timestamp":1611327325,"path_taken":["M","M","?","?","$","E","R","M","T","M","?","E","?","E"],"items_purchased_type":["Card","Card"],"build_version":"2020-12-22","purchased_purges":0,"victory":false,"max_hp_per_floor":[72,72,72,72,72,72,72,72,72,72,72,72,72,72,72],"card_choices":[{"not_picked":["AirStrike:ReiMu","ats:Blood Oath"],"picked":"ats:Apocalypse","floor":1},{"not_picked":["ats:Explosion Area Strengthen","ats:Poison Spread"],"picked":"ats:Very Hot Blade","floor":2},{"not_picked":["ats:Neurotoxin","ats:Powerful Strike"],"picked":"SubcavityFantasy:ReiMu","floor":6},{"not_picked":["PrepareRite:ReiMu","ats:Childhood Dance"],"picked":"ats:Magnetic Hammer","floor":8},{"not_picked":["ats:Hammer On","Crusade:ReiMu"],"picked":"ats:Song Of Battle","floor":10},{"not_picked":["RainPray2:ReiMu","Mountainwind:ReiMu"],"picked":"ats:Phantom","floor":11},{"not_picked":["YinYangSign:ReiMu","Conquer:ReiMu"],"picked":"ats:Consecutive Shot Auto","floor":12}],"player_experience":112247,"relics_obtained":[{"floor":3,"key":"ReplayTheSpireMod:Ring of Exchange"},{"floor":6,"key":"ats:Originium"},{"floor":6,"key":"Kunai"},{"floor":9,"key":"Turnip"},{"floor":12,"key":"ats:Originium"},{"floor":12,"key":"AT_DeathDance"}],"event_choices":[{"damage_healed":0,"gold_gain":0,"player_choice":"1 cards matched","damage_taken":0,"max_hp_gain":0,"max_hp_loss":0,"event_name":"Match and Keep!","floor":4,"gold_loss":0,"cards_obtained":["ats:Echo Reverb"]},{"cards_removed":["Injury"],"damage_healed":0,"gold_gain":0,"player_choice":"Purged","damage_taken":0,"max_hp_gain":0,"max_hp_loss":0,"event_name":"Purifier","floor":13,"gold_loss":0}],"is_beta":false,"boss_relics":[],"items_purged_floors":[],"is_endless":true,"potions_floor_spawned":[6,8],"killed_by":"Gremlin Nob","ascension_level":20}}