{"host":"1a3cjta80tad0aqj","time":1611315219,"event":{"mods":["2.2 Compatiblity","AchievementEnabler","BaseMod","Colored Map","DeckTracker","KOR Keyword Fix","Keyboard Shortcuts","Minty Spire (QoL Compilation)","Permanent Neow","Quick Restart","Random Character Button","StSLib","SuperFastMode","everything is the same but u backflip on backflip"],"gold_per_floor":[117,117,132,34,54,89,89,115,142,171,171,182,201,229,229,229,229],"floor_reached":16,"language":"KOR","playtime":714,"items_purged":["Strike_R"],"score":174,"play_id":"f54f03a8-6a74-4fcb-9946-ba2dc23e1db3","local_time":"20210122203339","is_ascension_mode":true,"campfire_choices":[{"data":"Fiend Fire","floor":7,"key":"SMITH"},{"data":"Second Wind","floor":11,"key":"SMITH"},{"data":"Armaments","floor":15,"key":"SMITH"}],"circlet_count":0,"master_deck":["Strike_R","Strike_R","Strike_R","Strike_R","Defend_R","Defend_R","Defend_R+1","Defend_R+1","Bash","Fiend Fire+1","Blood for Blood","Cleave","Shrug It Off","Warcry","Battle Trance","Second Wind+1","Havoc","Armaments+1","Bloodletting"],"relics":["Burning Blood","War Paint","Omamori","Centennial Puzzle","Strawberry","Odd Mushroom","Bottled Lightning"],"acts_visited":["Exordium"],"potions_floor_usage":[8,14],"damage_taken":[{"damage":0.0,"enemies":"Small Slimes","floor":1.0,"turns":3.0},{"damage":1,"enemies":"2 Louse","floor":3,"turns":2},{"damage":4,"enemies":"Jaw Worm","floor":5,"turns":3},{"damage":21,"enemies":"3 Sentries","floor":6,"turns":9},{"damage":27,"enemies":"Lagavulin","floor":8,"turns":7},{"damage":11,"enemies":"The Mushroom Lair","floor":10,"turns":4},{"damage":0,"enemies":"2 Fungi Beasts","floor":12,"turns":3},{"damage":13,"enemies":"Large Slime","floor":13,"turns":6},{"damage":16,"enemies":"3 Sentries","floor":14,"turns":7},{"damage":31,"enemies":"The Guardian","floor":16,"turns":3}],"seed_played":"9034343293460152850","potions_obtained":[{"floor":1.0,"key":"Weak Potion"},{"floor":3,"key":"PowerPotion"},{"floor":10,"key":"ElixirPotion"},{"floor":12,"key":"Fire Potion"}],"is_trial":false,"path_per_floor":["M","?","M","$","M","E","R","E","T","?","R","M","M","E","R","B"],"character_chosen":"IRONCLAD","items_purchased":["Shrug It Off"],"campfire_rested":0,"item_purchase_floors":[4],"current_hp_per_floor":[78,71,76,76,78,63,63,42,49,44,44,50,43,33,33,2,2],"gold":229,"neow_bonus":"ONE_RANDOM_RARE_CARD","is_daily":false,"chose_seed":false,"campfire_upgraded":3,"win_rate":0.0,"timestamp":1611315219,"path_taken":["M","?","M","$","M","E","R","E","T","?","R","M","?","E","R","BOSS"],"items_purchased_type":["Card"],"build_version":"2020-12-22","purchased_purges":1,"victory":false,"max_hp_per_floor":[80,80,80,80,80,80,80,80,87,87,87,87,87,87,87,87,87],"card_choices":[{"not_picked":["Fire Breathing","Clash"],"picked":"Blood for Blood","floor":1.0},{"not_picked":["Clash","Armaments"],"picked":"Cleave","floor":3},{"not_picked":["Sword Boomerang","Iron Wave","Rage"],"picked":"SKIP","floor":5},{"not_picked":["Clothesline","Perfected Strike"],"picked":"Warcry","floor":6},{"not_picked":["Havoc","Reckless Charge"],"picked":"Battle Trance","floor":8},{"not_picked":["Body Slam","Fire Breathing"],"picked":"Second Wind","floor":10},{"not_picked":["Blood for Blood","Second Wind"],"picked":"Havoc","floor":12},{"not_picked":["Uppercut","Thunderclap"],"picked":"Armaments","floor":13},{"not_picked":["Fire Breathing","Pummel"],"picked":"Bloodletting","floor":14}],"player_experience":874078,"relics_obtained":[{"floor":6,"key":"Omamori"},{"floor":8,"key":"Centennial Puzzle"},{"floor":9,"key":"Strawberry"},{"floor":10,"key":"Odd Mushroom"},{"floor":14,"key":"Bottled Lightning"}],"event_choices":[{"damage_healed":0.0,"max_hp_gain":0.0,"max_hp_loss":0.0,"gold_gain":0.0,"event_name":"Scrap Ooze","player_choice":"Success","floor":2.0,"gold_loss":0.0,"damage_taken":7.0,"relics_obtained":["War Paint"]},{"damage_healed":0,"gold_gain":0,"player_choice":"Fought Mushrooms","damage_taken":0,"max_hp_gain":0,"max_hp_loss":0,"event_name":"Mushrooms","floor":10,"gold_loss":0}],"is_beta":false,"boss_relics":[],"items_purged_floors":[4],"is_endless":false,"potions_floor_spawned":[1,3,10,12],"killed_by":"The Guardian","ascension_level":9}}