{"host":"h4qgcirtxz6qax9j","time":1611294361,"event":{"mods":["AchievementEnabler","BaseMod","Colored Powertips","Hermit","Minty Spire (QoL Compilation)","StSLib","SuperFastMode","The Servant 0.9.4"],"gold_per_floor":[114,186,205,205,205,231,231,257,257,207,222,237,248,267,267,371,371,353,353,353,130,130,130,157,157,157,157,175,210,210,210],"floor_reached":30,"language":"KOR","playtime":2553,"items_purged":[],"score":360,"play_id":"07f35913-79fa-4656-bb8f-00e5aa91127e","local_time":"20210122144601","is_ascension_mode":true,"campfire_choices":[{"data":"Spin","floor":7.0,"key":"SMITH"},{"floor":15,"key":"REST"},{"floor":23,"key":"REST"},{"floor":27,"key":"REST"}],"circlet_count":0,"master_deck":["Strike_S","Strike_S","Strike_S","Strike_S","Defend_S","Defend_S+1","Defend_S","Defend_S+1","KidneyShot","Exchange","Spin+1","Ricochet","Contraction","Potential","Potential","ShatteredReality","PendulumOfEternity","ShatteredReality","InstantArmor","Ricochet","InstantArmor","InstantArmor","Potential"],"relics":["Uniform","NeowsBlessing","War Paint","Pear","Toy Ornithopter","Letter Opener","SlaversCollar","Dream Catcher","MutagenicStrength","StrikeDummy","Shovel","PreservedInsect"],"acts_visited":["Exordium","TheCity"],"potions_floor_usage":[16,29,29,30],"damage_taken":[{"damage":0.0,"enemies":"Jaw Worm","floor":1.0,"turns":1.0},{"damage":0.0,"enemies":"2 Louse","floor":3.0,"turns":1.0},{"damage":0.0,"enemies":"Gremlin Nob","floor":6.0,"turns":1.0},{"damage":0.0,"enemies":"Small Slimes","floor":11.0,"turns":2.0},{"damage":7.0,"enemies":"Looter","floor":12.0,"turns":3.0},{"damage":0,"enemies":"2 Fungi Beasts","floor":13,"turns":3},{"damage":3,"enemies":"Blue Slaver","floor":14,"turns":3},{"damage":32,"enemies":"Slime Boss","floor":16,"turns":10},{"damage":31,"enemies":"2 Thieves","floor":18,"turns":4},{"damage":33,"enemies":"Gremlin Leader","floor":24,"turns":6},{"damage":0,"enemies":"Chosen","floor":28,"turns":4},{"damage":53,"enemies":"Book of Stabbing","floor":29,"turns":6},{"damage":14,"enemies":"Sentry and Sphere","floor":30,"turns":3}],"seed_played":"6326251552792574239","potions_obtained":[{"floor":6.0,"key":"BlessingOfTheForge"},{"floor":12,"key":"Explosive Potion"},{"floor":16,"key":"Block Potion"},{"floor":24,"key":"PowerPotion"}],"is_trial":false,"path_per_floor":["M","?","M","?","?","E","R","T","T","$","M","M","M","M","R","B",null,"M","?","?","$","?","R","E","?","T","R","M","E","M"],"character_chosen":"THE_SERVANT","items_purchased":["Potential","InstantArmor","Dream Catcher"],"campfire_rested":3,"item_purchase_floors":[10,21,21],"current_hp_per_floor":[65,65,65,65,47,57,57,57,57,57,57,50,50,47,69,42,75,44,44,30,30,30,54,21,21,21,45,45,2,0,0],"gold":210,"neow_bonus":"THREE_ENEMY_KILL","is_daily":false,"chose_seed":false,"campfire_upgraded":1,"win_rate":0.0,"timestamp":1611294361,"path_taken":["M","?","M","?","?","E","R","?","T","$","M","?","M","M","R","BOSS","M","?","?","$","?","R","E","?","T","R","M","E","M"],"items_purchased_type":["Card","Card","Relic"],"build_version":"2020-12-22","purchased_purges":0,"victory":false,"max_hp_per_floor":[65,65,65,65,65,75,75,75,75,75,75,75,75,75,75,75,75,75,75,80,80,80,80,80,80,80,80,80,80,80,80],"card_choices":[{"not_picked":["StarChef","Foresight"],"picked":"Spin","floor":1.0},{"not_picked":["Starlight","Potential"],"picked":"Ricochet","floor":3.0},{"not_picked":["Defy","Replace"],"picked":"Contraction","floor":6.0},{"not_picked":["Barrier","Duplication"],"picked":"Potential","floor":11.0},{"not_picked":["DoubleEdge","Rearm","Deadline"],"picked":"SKIP","floor":12},{"not_picked":["Snipe","Unruled","Spin"],"picked":"SKIP","floor":13},{"not_picked":["Starlight","Read"],"picked":"ShatteredReality","floor":14},{"not_picked":["FlawlessForm","Initiator"],"picked":"PendulumOfEternity","floor":16},{"not_picked":["Rewind","BottledTime"],"picked":"ShatteredReality","floor":18},{"not_picked":["WasteNot","Rearm"],"picked":"Ricochet","floor":23},{"not_picked":["Rearm+1","Revamp+1"],"picked":"InstantArmor","floor":24},{"not_picked":["DoubleEdge","Unruled+1"],"picked":"InstantArmor","floor":27},{"not_picked":["TimeWarp","Misdirection"],"picked":"Potential","floor":28},{"not_picked":["TimeTheft","Defy+1","Rewind"],"picked":"SKIP","floor":29}],"player_experience":95169,"relics_obtained":[{"floor":6.0,"key":"Pear"},{"floor":8.0,"key":"Toy Ornithopter"},{"floor":9.0,"key":"Letter Opener"},{"floor":24,"key":"StrikeDummy"},{"floor":26,"key":"Shovel"},{"floor":29,"key":"PreservedInsect"}],"event_choices":[{"damage_healed":0.0,"max_hp_gain":0.0,"max_hp_loss":0.0,"gold_gain":72.0,"event_name":"Golden Wing","player_choice":"Gained Gold","floor":2.0,"gold_loss":0.0,"damage_taken":0.0},{"damage_healed":0.0,"max_hp_gain":0.0,"max_hp_loss":0.0,"gold_gain":0.0,"event_name":"The Cleric","player_choice":"Leave","floor":4.0,"gold_loss":0.0,"damage_taken":0.0},{"damage_healed":0.0,"max_hp_gain":0.0,"max_hp_loss":0.0,"gold_gain":0.0,"event_name":"Scrap Ooze","player_choice":"Success","floor":5.0,"gold_loss":0.0,"damage_taken":18.0,"relics_obtained":["War Paint"]},{"damage_healed":0,"gold_gain":0,"player_choice":"Ignored","damage_taken":0,"max_hp_gain":0,"max_hp_loss":0,"event_name":"Vampires","floor":19,"gold_loss":0},{"damage_healed":0,"gold_gain":0,"player_choice":"Shed Blood","damage_taken":19,"max_hp_gain":5,"max_hp_loss":0,"event_name":"Forgotten Altar","floor":20,"gold_loss":0},{"damage_healed":0,"gold_gain":0,"player_choice":"Inject Mutagens","damage_taken":0,"relics_obtained":["MutagenicStrength"],"max_hp_gain":0,"max_hp_loss":0,"event_name":"Drug Dealer","floor":22,"gold_loss":0},{"damage_healed":0,"gold_gain":0,"player_choice":"Ignored","damage_taken":0,"max_hp_gain":0,"max_hp_loss":0,"event_name":"Beggar","floor":25,"gold_loss":0}],"is_beta":false,"boss_relics":[{"not_picked":["Tiny House","Black Star"],"picked":"SlaversCollar"}],"items_purged_floors":[],"is_endless":false,"potions_floor_spawned":[6,12,16,24,28],"killed_by":"Sentry and Sphere","ascension_level":3}}