{"host":"jq8d8epkoknfq6em","time":1611279859,"event":{"mods":["AchievementEnabler","BaseMod","Colored Map","Colored Powertips","Highlight Path","Minty Spire (QoL Compilation)","Quick Restart","StSLib"],"gold_per_floor":[11,11,11,86,99,131,131,131,154,154,173,191,203,203,203,203,203],"floor_reached":16,"language":"ENG","playtime":855,"items_purged":[],"score":150,"play_id":"204d773c-38c8-44e9-888b-9138e6294831","local_time":"20210122024419","is_ascension_mode":true,"campfire_choices":[{"floor":7,"key":"REST"},{"data":"Disarm","floor":10,"key":"SMITH"},{"floor":15,"key":"REST"}],"circlet_count":0,"master_deck":["AscendersBane","Strike_R","Strike_R","Strike_R","Strike_R","Defend_R","Defend_R","Defend_R","Defend_R","Bash+1","Rupture","Ghostly Armor","Disarm+1","Shrug It Off","Clothesline"],"relics":["Burning Blood","Unceasing Top","Art of War","Juzu Bracelet"],"acts_visited":["Exordium"],"potions_floor_usage":[16],"damage_taken":[{"damage":8,"enemies":"Jaw Worm","floor":1,"turns":5},{"damage":3,"enemies":"2 Louse","floor":5,"turns":4},{"damage":60,"enemies":"3 Sentries","floor":6,"turns":16},{"damage":0,"enemies":"Small Slimes","floor":11,"turns":4},{"damage":33,"enemies":"Gremlin Gang","floor":12,"turns":8},{"damage":7,"enemies":"Exordium Thugs","floor":13,"turns":8},{"damage":45,"enemies":"Hexaghost","floor":16,"turns":14}],"seed_played":"-1575603279122340793","potions_obtained":[{"floor":6,"key":"Swift Potion"},{"floor":12,"key":"Fire Potion"},{"floor":13,"key":"LiquidMemories"}],"is_trial":false,"path_per_floor":["M","?","?","?","M","E","R","?","T","R","M","M","M","?","R","B"],"character_chosen":"IRONCLAD","items_purchased":[],"campfire_rested":2,"item_purchase_floors":[],"current_hp_per_floor":[70,70,75,67,70,16,41,41,41,41,47,20,19,19,44,0,0],"gold":203,"neow_bonus":"ONE_RARE_RELIC","is_daily":false,"chose_seed":false,"campfire_upgraded":1,"win_rate":0.0,"timestamp":1611279859,"path_taken":["M","?","?","?","?","E","R","?","T","R","M","M","M","?","R","BOSS"],"items_purchased_type":[],"build_version":"2020-12-22","purchased_purges":0,"victory":false,"max_hp_per_floor":[80,80,85,85,85,85,85,85,85,85,85,85,85,85,85,85,85],"card_choices":[{"not_picked":["Thunderclap","Perfected Strike"],"picked":"Rupture","floor":1},{"not_picked":["Carnage","Seeing Red","Headbutt"],"picked":"SKIP","floor":5},{"not_picked":["Headbutt","Heavy Blade"],"picked":"Disarm","floor":6},{"not_picked":["Clash","Pummel"],"picked":"Shrug It Off","floor":11},{"not_picked":["Reckless Charge","Feel No Pain"],"picked":"Clothesline","floor":12},{"not_picked":["Wild Strike","Iron Wave","Headbutt"],"picked":"SKIP","floor":13}],"player_experience":983246,"relics_obtained":[{"floor":6,"key":"Art of War"},{"floor":9,"key":"Juzu Bracelet"}],"event_choices":[{"damage_healed":0,"gold_gain":0,"cards_transformed":["Strike_R"],"player_choice":"Change","damage_taken":0,"max_hp_gain":0,"max_hp_loss":0,"event_name":"Living Wall","floor":2,"gold_loss":0,"cards_obtained":["Ghostly Armor"]},{"damage_healed":0,"gold_gain":0,"player_choice":"Donut","damage_taken":0,"max_hp_gain":5,"max_hp_loss":0,"event_name":"Big Fish","floor":3,"gold_loss":0},{"damage_healed":0,"gold_gain":75,"player_choice":"Touch","damage_taken":8,"max_hp_gain":0,"max_hp_loss":0,"event_name":"FaceTrader","floor":4,"gold_loss":0},{"damage_healed":0,"gold_gain":0,"player_choice":"Forge","damage_taken":0,"max_hp_gain":0,"max_hp_loss":0,"event_name":"Accursed Blacksmith","floor":8,"gold_loss":0,"cards_upgraded":["Bash"]},{"damage_healed":0,"gold_gain":0,"player_choice":"Ignored","damage_taken":0,"max_hp_gain":0,"max_hp_loss":0,"event_name":"NoteForYourself","floor":14,"gold_loss":0}],"is_beta":false,"boss_relics":[],"items_purged_floors":[],"is_endless":false,"potions_floor_spawned":[6,12,13],"killed_by":"Hexaghost","ascension_level":10}}