{"host":"ydg0vn0pu4pubmdt","time":1611344983,"event":{"mods":["AchievementEnabler","BaseMod","Colored Map","Gold Saver","Minty Spire (QoL Compilation)","Quick Restart","SuperFastMode"],"gold_per_floor":[117,135,135,148,148,148,182,182,182,195,208,60,80,91,91,186,186,205,130,55,55,55,55,46,46,46,46,72,72,88,88,88,191,191,203,219,219,219,65,100,100,100,146,160,160,210,284,295,295,295],"floor_reached":51,"language":"KOR","playtime":6960,"items_purged":["Strike_B","Strike_B"],"score":1050,"play_id":"53c63bdb-47d2-4310-9b6a-f65f20e99702","local_time":"20210123044943","is_ascension_mode":true,"campfire_choices":[{"data":"Dualcast","floor":6.0,"key":"SMITH"},{"data":"Leap","floor":15.0,"key":"SMITH"},{"data":"Multi-Cast","floor":25.0,"key":"SMITH"},{"data":"Genetic Algorithm","floor":27.0,"key":"SMITH"},{"floor":32.0,"key":"REST"},{"floor":41.0,"key":"REST"},{"floor":45.0,"key":"REST"},{"floor":49.0,"key":"REST"}],"circlet_count":0,"master_deck":["AscendersBane","Defend_B","Defend_B","Defend_B","Zap+1","Dualcast+1","Glacier","Self Repair","BootSequence","Streamline","FTL","Leap+1","Multi-Cast+1","Genetic Algorithm+1","Undo","Creative AI","Writhe","White Noise+1","Amplify+1","Turbo+1","Leap+1","Chaos+1","Leap+1","Core Surge","Defragment+1"],"relics":["Cracked Core","Emotion Chip","Akabeko","Mummified Hand","Bag of Preparation","Odd Mushroom","Inserter","Eternal Feather","Potion Belt","Toxic Egg 2","SlaversCollar","Oddly Smooth Stone","MealTicket","Girya","Question Card"],"acts_visited":["Exordium","TheCity","TheBeyond"],"potions_floor_usage":[50,50],"damage_taken":[{"damage":11.0,"enemies":"2 Louse","floor":1.0,"turns":3.0},{"damage":3.0,"enemies":"Small Slimes","floor":2.0,"turns":3.0},{"damage":5.0,"enemies":"Jaw Worm","floor":4.0,"turns":6.0},{"damage":5.0,"enemies":"Lagavulin","floor":7.0,"turns":10.0},{"damage":0.0,"enemies":"Large Slime","floor":10.0,"turns":4.0},{"damage":1.0,"enemies":"Looter","floor":11.0,"turns":2.0},{"damage":8.0,"enemies":"The Mushroom Lair","floor":13.0,"turns":4.0},{"damage":0.0,"enemies":"Exordium Wildlife","floor":14.0,"turns":4.0},{"damage":50.0,"enemies":"Hexaghost","floor":16.0,"turns":13.0},{"damage":9.0,"enemies":"Spheric Guardian","floor":18.0,"turns":6.0},{"damage":0.0,"enemies":"Slavers","floor":23.0,"turns":1.0},{"damage":12.0,"enemies":"2 Thieves","floor":24.0,"turns":4.0},{"damage":31.0,"enemies":"Book of Stabbing","floor":28.0,"turns":9.0},{"damage":12.0,"enemies":"Centurion and Healer","floor":30.0,"turns":9.0},{"damage":3.0,"enemies":"Champ","floor":33.0,"turns":16.0},{"damage":29.0,"enemies":"3 Darklings","floor":35.0,"turns":10.0},{"damage":0.0,"enemies":"3 Shapes","floor":36.0,"turns":8.0},{"damage":57.0,"enemies":"Nemesis","floor":40.0,"turns":11.0},{"damage":21.0,"enemies":"3 Darklings","floor":44.0,"turns":9.0},{"damage":6.0,"enemies":"Mind Bloom Boss Battle","floor":46.0,"turns":7.0},{"damage":38.0,"enemies":"4 Shapes","floor":48.0,"turns":7.0},{"damage":48,"enemies":"Awakened One","floor":50,"turns":14}],"seed_played":"5372076915161387544","potions_obtained":[{"floor":2.0,"key":"Ancient Potion"},{"floor":4.0,"key":"SmokeBomb"},{"floor":7.0,"key":"ColorlessPotion"},{"floor":24.0,"key":"DuplicationPotion"},{"floor":28.0,"key":"SteroidPotion"},{"floor":44.0,"key":"Explosive Potion"},{"floor":46.0,"key":"LiquidMemories"}],"is_trial":false,"path_per_floor":["M","M","?","M","?","R","E","?","T","M","M","$","?","M","R","B",null,"M","$","?","?","?","E","M","R","T","R","E","?","M","$","R","B",null,"M","M","?","?","$","E","R","$","T","M","R","?","T","M","R","B",null],"character_chosen":"DEFECT","items_purchased":["Bag of Preparation","Leap+1"],"campfire_rested":4,"item_purchase_floors":[12,39],"current_hp_per_floor":[57,54,59,61,61,61,63,60,60,67,66,66,65,72,72,29,67,65,65,65,65,65,65,60,60,60,69,45,45,40,40,76,80,80,58,65,65,65,65,15,49,49,49,35,69,76,76,45,76,35],"gold":295,"neow_bonus":"UPGRADE_CARD","is_daily":false,"chose_seed":false,"campfire_upgraded":4,"win_rate":0.0,"timestamp":1611344983,"path_taken":["M","M","?","M","?","R","E","?","T","M","M","?","?","M","R","BOSS","M","$","?","?","?","E","M","R","T","R","E","?","M","$","R","BOSS","M","M","?","?","$","E","R","?","T","?","R","?","?","M","R","BOSS"],"items_purchased_type":["Relic","Card"],"build_version":"2020-12-22","purchased_purges":2,"victory":true,"max_hp_per_floor":[75,75,80,80,80,80,80,80,80,80,80,80,80,80,80,80,80,80,80,80,80,80,80,80,80,80,80,80,80,80,80,80,80,80,80,80,76,76,76,76,76,76,76,76,76,76,76,76,76,76],"card_choices":[{"not_picked":["Compile Driver","Gash"],"picked":"Glacier","floor":1.0},{"not_picked":["Turbo","Rebound"],"picked":"Self Repair","floor":2.0},{"not_picked":["Leap","Reprogram"],"picked":"BootSequence","floor":4.0},{"not_picked":["Rebound","Go for the Eyes"],"picked":"Streamline","floor":7.0},{"not_picked":["Steam Power","Steam","Ball Lightning"],"picked":"SKIP","floor":10.0},{"not_picked":["Steam","Hologram"],"picked":"FTL","floor":11.0},{"not_picked":["Double Energy","White Noise"],"picked":"Leap","floor":14.0},{"not_picked":["Creative AI","Amplify"],"picked":"Multi-Cast","floor":16.0},{"not_picked":["Sweeping Beam","Conserve Battery"],"picked":"Genetic Algorithm","floor":18.0},{"not_picked":["Go for the Eyes","Compile Driver","Hologram"],"picked":"SKIP","floor":24.0},{"not_picked":["Melter","Scrape"],"picked":"Creative AI","floor":28.0},{"not_picked":["Go for the Eyes","Glacier+1"],"picked":"White Noise+1","floor":30.0},{"not_picked":["Rainbow+1","Multi-Cast+1"],"picked":"Amplify+1","floor":33.0},{"not_picked":["Hologram+1","Compile Driver"],"picked":"Turbo+1","floor":35.0},{"not_picked":["Sweeping Beam","Gash+1","Capacitor"],"picked":"SKIP","floor":36.0},{"not_picked":["Double Energy+1","Cold Snap+1"],"picked":"Chaos+1","floor":40.0},{"not_picked":["Stack+1","Blizzard+1"],"picked":"Leap+1","floor":44.0},{"not_picked":["Steam+1","Conserve Battery+1"],"picked":"Core Surge","floor":46.0},{"not_picked":["Compile Driver","Coolheaded+1","Cold Snap"],"picked":"Defragment+1","floor":48.0}],"player_experience":539218,"relics_obtained":[{"floor":7.0,"key":"Emotion Chip"},{"floor":9.0,"key":"Mummified Hand"},{"floor":13.0,"key":"Odd Mushroom"},{"floor":26.0,"key":"Eternal Feather"},{"floor":28.0,"key":"Potion Belt"},{"floor":40.0,"key":"Oddly Smooth Stone"},{"floor":43.0,"key":"MealTicket"},{"floor":46.0,"key":"Girya"},{"floor":47.0,"key":"Question Card"}],"event_choices":[{"damage_healed":0.0,"max_hp_gain":5.0,"max_hp_loss":0.0,"gold_gain":0.0,"event_name":"Big Fish","player_choice":"Donut","floor":3.0,"gold_loss":0.0,"damage_taken":0.0},{"damage_healed":0.0,"max_hp_gain":0.0,"max_hp_loss":0.0,"gold_gain":0.0,"event_name":"Liars Game","player_choice":"Ignored","floor":5.0,"gold_loss":0.0,"damage_taken":0.0},{"damage_healed":0.0,"max_hp_gain":0.0,"max_hp_loss":0.0,"gold_gain":0.0,"event_name":"Scrap Ooze","player_choice":"Success","floor":8.0,"gold_loss":0.0,"damage_taken":3.0,"relics_obtained":["Akabeko"]},{"damage_healed":0.0,"max_hp_gain":0.0,"max_hp_loss":0.0,"gold_gain":0.0,"event_name":"Mushrooms","player_choice":"Fought Mushrooms","floor":13.0,"gold_loss":0.0,"damage_taken":0.0},{"cards_removed":["Defend_B"],"damage_healed":0.0,"max_hp_gain":0.0,"max_hp_loss":0.0,"gold_gain":0.0,"event_name":"Beggar","player_choice":"Gave Gold","floor":20.0,"gold_loss":75.0,"damage_taken":0.0},{"cards_removed":["Strike_B"],"damage_healed":0.0,"max_hp_gain":0.0,"max_hp_loss":0.0,"gold_gain":0.0,"event_name":"Back to Basics","player_choice":"Elegance","floor":21.0,"gold_loss":0.0,"damage_taken":0.0},{"damage_healed":0.0,"max_hp_gain":0.0,"max_hp_loss":0.0,"gold_gain":0.0,"event_name":"The Library","player_choice":"Read","floor":22.0,"gold_loss":0.0,"damage_taken":0.0,"cards_obtained":["Undo"]},{"damage_healed":0.0,"max_hp_gain":0.0,"max_hp_loss":0.0,"gold_gain":0.0,"event_name":"The Mausoleum","player_choice":"Opened","floor":29.0,"gold_loss":0.0,"damage_taken":0.0,"relics_obtained":["Toxic Egg 2"],"cards_obtained":["Writhe"]},{"damage_healed":0.0,"max_hp_gain":0.0,"max_hp_loss":4.0,"gold_gain":0.0,"event_name":"Winding Halls","player_choice":"Max HP","floor":37.0,"gold_loss":0.0,"damage_taken":0.0},{"cards_removed":["Strike_B"],"damage_healed":0.0,"max_hp_gain":0.0,"max_hp_loss":0.0,"gold_gain":0.0,"event_name":"Falling","player_choice":"Removed Attack","floor":38.0,"gold_loss":0.0,"damage_taken":0.0},{"damage_healed":0.0,"max_hp_gain":0.0,"max_hp_loss":0.0,"gold_gain":0.0,"event_name":"MindBloom","player_choice":"Fight","floor":46.0,"gold_loss":0.0,"damage_taken":0.0}],"is_beta":false,"boss_relics":[{"not_picked":["Ectoplasm","Nuclear Battery"],"picked":"Inserter"},{"not_picked":["Philosopher\u0027s Stone","Snecko Eye"],"picked":"SlaversCollar"}],"items_purged_floors":[19,39],"is_endless":false,"potions_floor_spawned":[2,4,7,24,28,44,46],"ascension_level":11}}