{"host":"y89x8uui45kcjy42","time":1611358348,"event":{"mods":["2.2 Compatiblity","BaseMod","CapriCore","Colored Map","Colored Powertips","Custom Start","Friendly Minions","Keyboard Shortcuts","Minty Spire (QoL Compilation)","Relic Stats","Replay The Spire","Slay the Relics Exporter","StSLib","SuperFastMode","Uncapped"],"gold_per_floor":[116,116,41,61,61,61,93,93,93,113,143,155,169,179,179,258,258,278,278],"floor_reached":18,"language":"KOR","playtime":591,"items_purged":["Replay:Many Hands+1"],"score":548,"play_id":"bac4bce7-0439-4dd4-aa27-1d3b10382a97","local_time":"20210123083228","is_ascension_mode":true,"campfire_choices":[{"floor":6.0,"key":"REST"},{"floor":8.0,"key":"REST"},{"floor":15.0,"key":"REST"}],"circlet_count":0,"master_deck":["Life Link+1","Eclipse+1","Defy Death+1","Demonic Infusion+1","ReplayTheSpireMod:Corrosion Curse+1","ReplayTheSpireMod:Stacked+1","Abandon+1","ReplayTheSpireMod:Muscle Training+1","Hemogenesis+1","ReplayTheSpireMod:Limb From Limb+1","Massacre+1","ReplayTheSpireMod:LeadingStrike+1","ReplayTheSpireMod:Strike From Hell+1","Run Through+1","Replay:Undeath\u0027s Touch+1","Exhume+1","Exhume+1"],"relics":["Burning Blood","Vampiric Spirits","Replay:Arrowhead","Golden Egg","ReplayTheSpireMod:TigerMarble","Shuriken","Potion Belt","Torii","TungstenRod","Pondfish Scales","Counterbalance","StrikeDummy","King of Hearts","Chemical X","Charon\u0027s Ashes","Paper Frog","Ooze Armor","Black Blood","Another Sword","Magic Flower","ReplayTheSpireMod:Spearhead","Champion Belt","Mark of Pain","Question Card","Mirror","Self Forming Clay","Snecko Heart"],"acts_visited":["Exordium","TheCity"],"potions_floor_usage":[],"damage_taken":[{"damage":0.0,"enemies":"Jaw Worm","floor":1.0,"turns":1.0},{"damage":0.0,"enemies":"Small Slimes","floor":4.0,"turns":1.0},{"damage":0.0,"enemies":"3 Sentries","floor":7.0,"turns":2.0},{"damage":0.0,"enemies":"Cultist","floor":10.0,"turns":1.0},{"damage":0.0,"enemies":"Lagavulin","floor":11.0,"turns":2.0},{"damage":0.0,"enemies":"Exordium Thugs","floor":12.0,"turns":3.0},{"damage":0.0,"enemies":"Looter","floor":13.0,"turns":1.0},{"damage":0.0,"enemies":"Blue Slaver","floor":14.0,"turns":1.0},{"damage":6.0,"enemies":"Hexaghost","floor":16.0,"turns":5.0},{"damage":0.0,"enemies":"2 Thieves","floor":18.0,"turns":2.0}],"seed_played":"4087613485948284097","potions_obtained":[{"floor":10.0,"key":"LiquidBronze"},{"floor":11.0,"key":"SteroidPotion"},{"floor":13.0,"key":"LiquidBronze"},{"floor":16.0,"key":"BlessingOfTheForge"}],"is_trial":true,"path_per_floor":["M","?","$","M","?","R","E","R","T","M","E","M","M","M","R","B",null,"M"],"character_chosen":"IRONCLAD","items_purchased":[],"campfire_rested":3,"item_purchase_floors":[],"current_hp_per_floor":[75,75,75,78,78,78,78,78,78,78,78,78,78,78,78,78,78,78,78],"gold":278,"neow_bonus":"","is_daily":false,"chose_seed":false,"campfire_upgraded":0,"win_rate":0.0,"timestamp":1611358348,"path_taken":["M","?","$","M","?","R","E","R","T","M","E","?","M","M","R","BOSS","M"],"items_purchased_type":[],"build_version":"2020-12-22","purchased_purges":1,"victory":false,"max_hp_per_floor":[75,75,75,78,78,78,78,78,78,78,78,78,78,78,78,78,78,78,78],"relic_stats":{"Torii":17,"counters":[10,19],"Self Forming Clay":[3],"Black Blood":0,"Magic Flower":[1],"Charon\u0027s Ashes":[201],"Question Card":8,"Burning Blood":0,"Shuriken":[12],"Chemical X":[0],"Champion Belt":[0],"obtain_stats":[{"Golden Egg":0,"Snecko Heart":17,"Torii":0,"Vampiric Spirits":0,"Black Blood":0,"Magic Flower":0,"King of Hearts":0,"Burning Blood":0,"Chemical X":0,"Paper Frog":0,"Potion Belt":0,"Self Forming Clay":11,"Counterbalance":0,"Charon\u0027s Ashes":0,"Question Card":7,"Replay:Arrowhead":0,"Pondfish Scales":0,"ReplayTheSpireMod:Spearhead":0,"Shuriken":0,"Ooze Armor":0,"Another Sword":0,"Mark of Pain":0,"ReplayTheSpireMod:TigerMarble":0,"Champion Belt":0,"StrikeDummy":0,"Mirror":9,"TungstenRod":0},{"Golden Egg":0,"Snecko Heart":9,"Torii":0,"Vampiric Spirits":0,"Black Blood":0,"Magic Flower":0,"King of Hearts":0,"Burning Blood":0,"Chemical X":0,"Paper Frog":0,"Potion Belt":0,"Self Forming Clay":5,"Counterbalance":0,"Charon\u0027s Ashes":0,"Question Card":3,"Replay:Arrowhead":0,"Pondfish Scales":0,"ReplayTheSpireMod:Spearhead":0,"Shuriken":0,"Ooze Armor":0,"Another Sword":0,"Mark of Pain":0,"ReplayTheSpireMod:TigerMarble":0,"Champion Belt":0,"StrikeDummy":0,"Mirror":3,"TungstenRod":0},{"Golden Egg":0,"Snecko Heart":17,"Torii":0,"Vampiric Spirits":0,"Black Blood":0,"Magic Flower":0,"King of Hearts":0,"Burning Blood":0,"Chemical X":0,"Paper Frog":0,"Potion Belt":0,"Self Forming Clay":7,"Counterbalance":0,"Charon\u0027s Ashes":0,"Question Card":4,"Replay:Arrowhead":0,"Pondfish Scales":0,"ReplayTheSpireMod:Spearhead":0,"Shuriken":0,"Ooze Armor":0,"Another Sword":0,"Mark of Pain":0,"ReplayTheSpireMod:TigerMarble":0,"Champion Belt":0,"StrikeDummy":0,"Mirror":4,"TungstenRod":0}],"TungstenRod":8},"card_choices":[{"not_picked":["Headbutt","Infernal Blade","ReplayTheSpireMod:Strike From Hell"],"picked":"SKIP","floor":1.0},{"not_picked":["Pommel Strike","Sword Boomerang","Thunderclap"],"picked":"SKIP","floor":4.0},{"not_picked":["Sword Boomerang","Infernal Blade","Abandon"],"picked":"SKIP","floor":7.0},{"not_picked":["Fire Breathing","Shrug It Off","Twin Strike","Wild Strike"],"picked":"SKIP","floor":10.0},{"not_picked":["Shockwave","Rupture","Anger","Demon Form"],"picked":"SKIP","floor":11.0},{"not_picked":["Body Slam","Thunderclap","Sentinel","Flex"],"picked":"SKIP","floor":12.0},{"not_picked":["Spot Weakness","Iron Wave","Massacre","ReplayTheSpireMod:Limb From Limb"],"picked":"SKIP","floor":13.0},{"not_picked":["Armaments","Headbutt","Heavy Blade","Exhume"],"picked":"SKIP","floor":14.0},{"not_picked":["Armaments","Headbutt","Heavy Blade"],"picked":"Exhume","floor":14.0},{"not_picked":["Brutality","Berserk","Bludgeon"],"picked":"Exhume","floor":16.0}],"player_experience":639761,"relics_obtained":[{"floor":7.0,"key":"Question Card"},{"floor":9.0,"key":"Mirror"},{"floor":11.0,"key":"Self Forming Clay"}],"event_choices":[{"damage_healed":0.0,"max_hp_gain":0.0,"max_hp_loss":0.0,"gold_gain":0.0,"event_name":"Upgrade Shrine","player_choice":"Ignored","floor":5.0,"gold_loss":0.0,"damage_taken":0.0}],"is_beta":false,"boss_relics":[{"not_picked":["Replay:Drink Me","Runic Cube"],"picked":"Snecko Heart"}],"items_purged_floors":[3],"is_endless":false,"potions_floor_spawned":[10,11,13,16],"killed_by":"2 Thieves","ascension_level":20}}