{"host":"etaq29tqikxfqxk8","time":1611331244,"event":{"mods":["AchievementEnabler","BaseMod","Better Third Choice","BetterRewards","Colored Map","Colored Powertips","Minty Spire (QoL Compilation)","Rare Cards Sparkle","Shop Mod","StSLib","SuperFastMode","The Bug Knight","yUi"],"gold_per_floor":[110,126,126,145,0,0,17,30,112,90,90,111,111,135,135,261,261,281,305,58,58,58,58],"floor_reached":22,"language":"ENG","playtime":849,"items_purged":[],"score":203,"play_id":"6ead367d-4cf9-4e11-8bd4-0884a2ab92e0","local_time":"20210122170044","is_ascension_mode":false,"campfire_choices":[{"data":"Dualcast","floor":6,"key":"SMITH"},{"data":"Zap","floor":13,"key":"SMITH"},{"floor":15,"key":"REST"}],"circlet_count":0,"master_deck":["Strike_B","Strike_B","Strike_B","Strike_B","Defend_B","Defend_B","Defend_B","Defend_B","Zap+1","Dualcast+1","Doom and Gloom","Darkness","Pain","Gash","Redo","Gash","Leap","Injury","Static Discharge","Defragment","Thunder Strike","Ball Lightning","Gash","The Bomb","Capacitor","Gash","Dualcast+1"],"relics":["Cracked Core","Incense Burner","WarpedTongs","PreservedInsect","Eternal Feather","Golden Idol","SacredBark"],"acts_visited":["Exordium","TheCity"],"potions_floor_usage":[],"damage_taken":[{"damage":0,"enemies":"Small Slimes","floor":1,"turns":3},{"damage":1,"enemies":"Cultist","floor":2,"turns":3},{"damage":6,"enemies":"Jaw Worm","floor":4,"turns":3},{"damage":7,"enemies":"Lots of Slimes","floor":7,"turns":4},{"damage":11,"enemies":"Gremlin Gang","floor":8,"turns":3},{"damage":0,"enemies":"Blue Slaver","floor":12,"turns":3},{"damage":14,"enemies":"2 Fungi Beasts","floor":14,"turns":3},{"damage":24,"enemies":"The Guardian","floor":16,"turns":8},{"damage":15,"enemies":"Chosen","floor":18,"turns":4},{"damage":40,"enemies":"Shell Parasite","floor":19,"turns":4},{"damage":20,"enemies":"Shelled Parasite and Fungi","floor":22,"turns":2}],"seed_played":"-2783962031571826378","potions_obtained":[{"floor":1,"key":"PowerPotion"},{"floor":4,"key":"SmokeBomb"},{"floor":7,"key":"DuplicationPotion"}],"is_trial":false,"path_per_floor":["M","M","?","M","$","R","M","M","T","$","?","M","R","M","R","B",null,"M","M","$","?","M"],"character_chosen":"DEFECT","items_purchased":["PreservedInsect","Leap","The Bomb","Capacitor","Gash"],"campfire_rested":1,"item_purchase_floors":[5,10,20,20,20],"current_hp_per_floor":[68,67,67,61,61,61,54,43,43,43,43,43,52,38,68,44,68,53,13,13,13,0,0],"gold":58,"neow_bonus":"ONE_RARE_RELIC","is_daily":false,"chose_seed":false,"campfire_upgraded":2,"win_rate":0.0,"timestamp":1611331244,"path_taken":["M","M","?","M","$","R","M","M","T","?","?","M","R","M","R","BOSS","M","M","$","?","?"],"items_purchased_type":["Relic","Card","Card","Card","Card"],"build_version":"2020-12-22","purchased_purges":0,"victory":false,"max_hp_per_floor":[68,68,68,68,68,68,68,68,68,68,68,68,68,68,68,68,68,68,68,68,68,68,68],"card_choices":[{"not_picked":["Compile Driver","Heatsinks"],"picked":"Doom and Gloom","floor":1},{"not_picked":["Reprogram","Go for the Eyes"],"picked":"Darkness","floor":2},{"not_picked":["Compile Driver","Aggregate"],"picked":"Gash","floor":4},{"not_picked":["Double Energy","Undo"],"picked":"Redo","floor":7},{"not_picked":["Ball Lightning","Loop"],"picked":"Gash","floor":8},{"not_picked":["Conserve Battery","Barrage"],"picked":"Static Discharge","floor":12},{"not_picked":["Consume","Gash"],"picked":"Defragment","floor":14},{"not_picked":["Machine Learning","Buffer"],"picked":"Thunder Strike","floor":16},{"not_picked":["White Noise","Compile Driver+1"],"picked":"Ball Lightning","floor":18},{"not_picked":["Consume+1","Sweeping Beam"],"picked":"Gash","floor":19}],"player_experience":38139,"relics_obtained":[{"floor":9,"key":"Eternal Feather"}],"event_choices":[{"damage_healed":0,"gold_gain":0,"player_choice":"Rummage","damage_taken":0,"relics_obtained":["WarpedTongs"],"max_hp_gain":0,"max_hp_loss":0,"event_name":"Accursed Blacksmith","floor":3,"gold_loss":0,"cards_obtained":["Pain"]},{"damage_healed":0,"gold_gain":0,"player_choice":"Take Wound","damage_taken":0,"relics_obtained":["Golden Idol"],"max_hp_gain":0,"max_hp_loss":0,"event_name":"Golden Idol","floor":11,"gold_loss":0,"cards_obtained":["Injury"]},{"damage_healed":0,"gold_gain":0,"player_choice":"Copied","damage_taken":0,"max_hp_gain":0,"max_hp_loss":0,"event_name":"Duplicator","floor":21,"gold_loss":0,"cards_obtained":["Dualcast"]}],"is_beta":false,"boss_relics":[{"not_picked":["Runic Dome","Sozu"],"picked":"SacredBark"}],"items_purged_floors":[],"is_endless":false,"potions_floor_spawned":[1,4,7,14,19],"killed_by":"Shelled Parasite and Fungi","ascension_level":0}}