{"host":"y24pqu7jih1n8m3t","time":1611282086,"event":{"mods":["AchievementEnabler","BaseMod","Bestiary","Block Reminder","Colored Map","Colored Powertips","DeckTracker","Highlight Path","Minty Spire (QoL Compilation)","Permanent Neow","Quick Restart","Rare Cards Sparkle","Relic Stats"],"gold_per_floor":[110,69,86,99,115,115,141,158,206,220,220,235,247,145,145,249,249,260,81,98,98,98],"floor_reached":21,"language":"ENG","playtime":1679,"items_purged":["Defend_R","Strike_R"],"score":204,"play_id":"b644d21d-ea33-44ca-9674-0e637177f233","local_time":"20210121212126","is_ascension_mode":true,"campfire_choices":[{"data":"Armaments","floor":6,"key":"SMITH"},{"floor":11,"key":"RECALL"},{"floor":15,"key":"REST"}],"circlet_count":0,"master_deck":["Strike_R","Strike_R","Strike_R","Strike_R","Defend_R","Defend_R","Defend_R","Bash","Shrug It Off","Metallicize","Armaments+1","Shrug It Off","Rampage","Clothesline","Burning Pact","Disarm","Corruption","True Grit","Armaments","Armaments","Barricade","Metallicize","Searing Blow","Evolve+1"],"relics":["Mark of Pain","Dream Catcher","Regal Pillow","Fusion Hammer"],"acts_visited":["Exordium","TheCity"],"potions_floor_usage":[1,16,21],"damage_taken":[{"damage":5,"enemies":"Cultist","floor":1,"turns":4},{"damage":3,"enemies":"2 Louse","floor":3,"turns":3},{"damage":0,"enemies":"Small Slimes","floor":4,"turns":3},{"damage":0,"enemies":"3 Louse","floor":5,"turns":4},{"damage":21,"enemies":"Lagavulin","floor":7,"turns":8},{"damage":0,"enemies":"Exordium Wildlife","floor":8,"turns":3},{"damage":0,"enemies":"Red Slaver","floor":10,"turns":4},{"damage":1,"enemies":"Looter","floor":12,"turns":3},{"damage":9,"enemies":"Exordium Thugs","floor":13,"turns":7},{"damage":61,"enemies":"Hexaghost","floor":16,"turns":18},{"damage":28,"enemies":"Spheric Guardian","floor":18,"turns":6},{"damage":3,"enemies":"Chosen","floor":20,"turns":8},{"damage":67,"enemies":"3 Cultists","floor":21,"turns":7}],"seed_played":"-946454955929769736","potions_obtained":[{"floor":1,"key":"Fruit Juice"},{"floor":3,"key":"Explosive Potion"},{"floor":7,"key":"Regen Potion"},{"floor":8,"key":"Regen Potion"},{"floor":16,"key":"ElixirPotion"}],"is_trial":false,"path_per_floor":["M","$","M","M","M","R","E","M","T","M","R","M","M","$","R","B",null,"M","$","M","M"],"character_chosen":"IRONCLAD","items_purchased":["Metallicize","Armaments","Searing Blow"],"campfire_rested":1,"item_purchase_floors":[2,14,19],"current_hp_per_floor":[80,80,77,77,77,77,56,56,56,56,56,55,46,46,85,24,85,57,57,54,1,1],"gold":98,"neow_bonus":"BOSS_RELIC","is_daily":false,"chose_seed":false,"campfire_upgraded":1,"win_rate":0.0,"timestamp":1611282086,"path_taken":["M","$","M","M","M","R","E","M","T","M","R","M","M","$","R","BOSS","M","$","?","M"],"items_purchased_type":["Card","Card","Card"],"build_version":"2020-12-22","purchased_purges":2,"victory":false,"max_hp_per_floor":[85,85,85,85,85,85,85,85,85,85,85,85,85,85,85,85,85,85,85,85,85,85],"relic_stats":{"Dream Catcher":1,"Regal Pillow":14,"counters":[13,78],"obtain_stats":[{"Dream Catcher":7,"Regal Pillow":9,"Mark of Pain":0,"Fusion Hammer":17,"Burning Blood":0},{"Dream Catcher":5,"Regal Pillow":6,"Mark of Pain":0,"Fusion Hammer":10,"Burning Blood":0},{"Dream Catcher":22,"Regal Pillow":25,"Mark of Pain":0,"Fusion Hammer":57,"Burning Blood":0}]},"card_choices":[{"not_picked":["Rage","Reckless Charge"],"picked":"Shrug It Off","floor":1},{"not_picked":["Entrench","Disarm"],"picked":"Armaments","floor":3},{"not_picked":["Headbutt","Power Through"],"picked":"Shrug It Off","floor":4},{"not_picked":["Heavy Blade","Shrug It Off"],"picked":"Rampage","floor":5},{"not_picked":["Headbutt","Iron Wave"],"picked":"Clothesline","floor":7},{"not_picked":["Iron Wave","Shrug It Off"],"picked":"Burning Pact","floor":8},{"not_picked":["Wild Strike","Thunderclap"],"picked":"Disarm","floor":10},{"not_picked":["Cleave","Rupture"],"picked":"Corruption","floor":12},{"not_picked":["Perfected Strike","Havoc"],"picked":"True Grit","floor":13},{"not_picked":["Intimidate","Havoc"],"picked":"Armaments","floor":15},{"not_picked":["Juggernaut","Bludgeon"],"picked":"Barricade","floor":16},{"not_picked":["Warcry","Pummel"],"picked":"Metallicize","floor":18},{"not_picked":["Rampage","Armaments"],"picked":"Evolve+1","floor":20}],"player_experience":117877,"relics_obtained":[{"floor":7,"key":"Dream Catcher"},{"floor":9,"key":"Regal Pillow"}],"event_choices":[],"is_beta":false,"boss_relics":[{"not_picked":["Empty Cage","Velvet Choker"],"picked":"Fusion Hammer"}],"items_purged_floors":[14,19],"is_endless":false,"potions_floor_spawned":[1,3,7,8,16,18],"killed_by":"3 Cultists","ascension_level":2}}