{"host":"Bilverbakes","time":1611344875,"event":{"mods":["2.2 Compatiblity","AchievementEnabler","BaseMod","Bestiary","Colored Map","Minty Spire (QoL Compilation)","Relic Stats","StSLib","ojb\u0027s Info Mod"],"gold_per_floor":[110,35,46,65,215,215,8,36,36,63,63,79,91,118,118,192,192,209,219,48,60,60,60,60],"floor_reached":23,"language":"ENG","playtime":1110,"items_purged":["Doubt"],"score":552,"play_id":"45d5ff31-9220-4088-a221-b98adb4e9e79","local_time":"20210122134755","is_ascension_mode":true,"campfire_choices":[{"data":"Eruption","floor":6.0,"key":"SMITH"},{"data":"Fasting2","floor":15.0,"key":"SMITH"}],"circlet_count":0,"master_deck":["AscendersBane","Strike_P","Strike_P","Strike_P","Strike_P","Defend_P","Defend_P","Defend_P","Eruption+1","Vigilance","DeceiveReality","EmptyFist","FlyingSleeves","Fasting2+1","ClearTheMind","MentalFortress","Meditate","Tantrum","Halt","Ragnarok","CrushJoints+1","Sanctity","Necronomicurse"],"relics":["Runic Dome","Darkstone Periapt","Bronze Scales","Odd Mushroom","CultistMask","Nunchaku","Snecko Eye","OrangePellets","Necronomicon"],"acts_visited":["Exordium","TheCity"],"potions_floor_usage":[19,21,23],"damage_taken":[{"damage":4.0,"enemies":"Jaw Worm","floor":1.0,"turns":3.0},{"damage":0.0,"enemies":"2 Louse","floor":3.0,"turns":3.0},{"damage":0.0,"enemies":"Small Slimes","floor":4.0,"turns":2.0},{"damage":19.0,"enemies":"Gremlin Nob","floor":8.0,"turns":4.0},{"damage":13.0,"enemies":"The Mushroom Lair","floor":10.0,"turns":4.0},{"damage":0.0,"enemies":"Gremlin Gang","floor":12.0,"turns":4.0},{"damage":9.0,"enemies":"3 Louse","floor":13.0,"turns":2.0},{"damage":0.0,"enemies":"3 Sentries","floor":14.0,"turns":4.0},{"damage":0,"enemies":"The Guardian","floor":16,"turns":7},{"damage":8,"enemies":"3 Byrds","floor":18,"turns":2},{"damage":11,"enemies":"Shell Parasite","floor":19,"turns":3},{"damage":12,"enemies":"Chosen and Byrds","floor":21,"turns":3},{"damage":13,"enemies":"Slavers","floor":23,"turns":2}],"seed_played":"-2266836141003389389","potions_obtained":[{"floor":4.0,"key":"DuplicationPotion"},{"floor":10.0,"key":"Block Potion"},{"floor":12.0,"key":"Energy Potion"},{"floor":13.0,"key":"Swift Potion"},{"floor":14.0,"key":"FearPotion"},{"floor":21,"key":"Fire Potion"}],"is_trial":false,"path_per_floor":["M","?","M","M","?","R","$","E","T","?","?","M","M","E","R","B",null,"M","M","$","M","?","E"],"character_chosen":"WATCHER","items_purchased":["Fasting2","ClearTheMind","OrangePellets"],"campfire_rested":0,"item_purchase_floors":[7,7,20],"current_hp_per_floor":[57,57,57,57,57,57,57,38,38,25,25,25,16,16,16,16,55,47,36,36,24,9,0,0],"gold":60,"neow_bonus":"BOSS_RELIC","is_daily":false,"chose_seed":false,"campfire_upgraded":2,"win_rate":0.0,"timestamp":1611344875,"path_taken":["M","?","M","M","?","R","$","E","T","?","?","M","M","E","R","BOSS","M","?","$","M","?","E"],"items_purchased_type":["Card","Card","Relic"],"build_version":"2020-12-18","purchased_purges":1,"victory":false,"max_hp_per_floor":[68,68,68,68,68,68,68,68,68,68,68,68,68,68,68,68,68,68,68,68,68,74,74,74],"relic_stats":{"Darkstone Periapt":6,"OrangePellets":[3],"Nunchaku":[3],"counters":[13,43],"Bronze Scales":[147],"Snecko Eye":[17,20,16,13],"Necronomicon":[1],"obtain_stats":[{"Darkstone Periapt":8,"Runic Dome":0,"OrangePellets":20,"Nunchaku":14,"Bronze Scales":9,"Snecko Eye":17,"CultistMask":11,"Necronomicon":22,"PureWater":0,"Odd Mushroom":10},{"Darkstone Periapt":4,"Runic Dome":0,"OrangePellets":11,"Nunchaku":8,"Bronze Scales":4,"Snecko Eye":9,"CultistMask":5,"Necronomicon":12,"PureWater":0,"Odd Mushroom":5},{"Darkstone Periapt":12,"Runic Dome":0,"OrangePellets":38,"Nunchaku":26,"Bronze Scales":12,"Snecko Eye":33,"CultistMask":16,"Necronomicon":41,"PureWater":0,"Odd Mushroom":16}]},"card_choices":[{"not_picked":["Evaluate","Wireheading"],"picked":"DeceiveReality","floor":1.0},{"not_picked":["Evaluate","ThirdEye"],"picked":"EmptyFist","floor":3.0},{"not_picked":["EmptyFist","Consecrate"],"picked":"FlyingSleeves","floor":4.0},{"not_picked":["Evaluate","BattleHymn"],"picked":"MentalFortress","floor":8.0},{"not_picked":["BattleHymn","Nirvana"],"picked":"Meditate","floor":10.0},{"not_picked":["Vault","FollowUp"],"picked":"Tantrum","floor":12.0},{"not_picked":["Nirvana","Evaluate","ThirdEye"],"picked":"SKIP","floor":13.0},{"not_picked":["SashWhip","Pray"],"picked":"Halt","floor":14.0},{"not_picked":["ConjureBlade","Brilliance"],"picked":"Ragnarok","floor":16},{"not_picked":["BowlingBash","Protect"],"picked":"CrushJoints+1","floor":18},{"not_picked":["EmptyFist","FollowUp","Halt"],"picked":"SKIP","floor":19},{"not_picked":["Consecrate","CrushJoints+1"],"picked":"Sanctity","floor":21}],"player_experience":771257,"relics_obtained":[{"floor":8.0,"key":"Darkstone Periapt"},{"floor":9.0,"key":"Bronze Scales"},{"floor":10.0,"key":"Odd Mushroom"},{"floor":14.0,"key":"Nunchaku"},{"floor":22,"key":"Necronomicon"}],"event_choices":[{"cards_removed":["Defend_P"],"damage_healed":0.0,"max_hp_gain":0.0,"max_hp_loss":0.0,"gold_gain":0.0,"event_name":"The Cleric","player_choice":"Card Removal","floor":2.0,"gold_loss":75.0,"damage_taken":0.0},{"damage_healed":0.0,"max_hp_gain":0.0,"max_hp_loss":0.0,"gold_gain":150.0,"event_name":"Liars Game","player_choice":"AGREE","floor":5.0,"gold_loss":0.0,"damage_taken":0.0,"cards_obtained":["Doubt"]},{"damage_healed":0.0,"max_hp_gain":0.0,"max_hp_loss":0.0,"gold_gain":0.0,"event_name":"Mushrooms","player_choice":"Fought Mushrooms","floor":10.0,"gold_loss":0.0,"damage_taken":0.0},{"damage_healed":0.0,"max_hp_gain":0.0,"max_hp_loss":0.0,"gold_gain":0.0,"event_name":"FaceTrader","player_choice":"Trade","floor":11.0,"gold_loss":0.0,"damage_taken":0.0,"relics_obtained":["CultistMask"]},{"damage_healed":0,"gold_gain":0,"player_choice":"Obtained Book","damage_taken":21,"max_hp_gain":0,"max_hp_loss":0,"event_name":"Cursed Tome","floor":22,"gold_loss":0}],"is_beta":true,"boss_relics":[{"not_picked":["Tiny House","SacredBark"],"picked":"Snecko Eye"}],"items_purged_floors":[7],"is_endless":false,"potions_floor_spawned":[4,10,12,13,14,16,18,21],"killed_by":"Slavers","ascension_level":20}}