{"host":"7fyy23rucerupe6i","time":1611308324,"event":{"mods":["AchievementEnabler","Act Like it!","Aspiration","Bard","BaseMod","Better Note","Better Vampires","BetterRewards","Colored Map","Colored Powertips","Conspire","Curses Come First","Custom Start","Downfall","Googly Eyes","Hermit","Mad Scientist","Minty Spire (QoL Compilation)","Quick Restart","Relic Stats","Shop Mod","ShortenTheSpire","Spicy Shops","StSLib","SuperFastMode","The Gatherer"],"gold_per_floor":[109,119,132,151,151,151,166,181,181,181,216,234,268,279,279,279,279,279],"floor_reached":16,"language":"ZHS","playtime":846,"items_purged":["Clumsy"],"score":116,"play_id":"688e33d9-c1c5-4b9b-a35e-cab1dba6ae8c","local_time":"20210122173844","is_ascension_mode":false,"campfire_choices":[{"data":"hexamod:GhostOfSpirePast","floor":6,"key":"SMITH"},{"data":"hexamod:GhostflameInferno","floor":10,"key":"SMITH"}],"circlet_count":0,"master_deck":["hexamod:Strike","hexamod:Strike","hexamod:Strike","hexamod:Strike","hexamod:Defend","hexamod:Defend","hexamod:Defend","hexamod:Defend","hexamod:Sear","hexamod:Float","hexamod:GhostOfSpirePast+1","hexamod:BacktrackSmack+1","hexamod:HauntingEcho+1","hexamod:HeatCrush+1","hexamod:BacktrackSmack+1","hexamod:GhostflameInferno+1","hexamod:GhostflameInferno","hexamod:StepThrough+1"],"relics":["hexamod:SpiritBrand","Molten Egg 2","Ornamental Fan","Ice Cream","Pear","Eternal Feather","Art of War"],"acts_visited":["Exordium"],"potions_floor_usage":[],"damage_taken":[{"damage":1,"enemies":"Jaw Worm","floor":1,"turns":2},{"damage":0,"enemies":"Cultist","floor":2,"turns":3},{"damage":0,"enemies":"2 Louse","floor":3,"turns":2},{"damage":0,"enemies":"2 Fungi Beasts","floor":4,"turns":2},{"damage":0,"enemies":"Blue Slaver","floor":7,"turns":2},{"damage":0,"enemies":"Exordium Wildlife","floor":8,"turns":2},{"damage":6,"enemies":"Gremlin Nob","floor":11,"turns":3},{"damage":0,"enemies":"2 Fungi Beasts","floor":12,"turns":2},{"damage":5,"enemies":"Lagavulin","floor":13,"turns":4},{"damage":0,"enemies":"3 Louse","floor":14,"turns":2},{"damage":4,"enemies":"The Guardian","floor":16,"turns":3}],"seed_played":"7294002919395011543","potions_obtained":[{"floor":1,"key":"Guardian:BlockOnCardUsePotion"},{"floor":8,"key":"Weak Potion"},{"floor":12,"key":"conspire:TimeTravelPotion"}],"is_trial":false,"path_per_floor":["M","M","M","M","?","R","M","M","T","R","E","M","E","M","R","B"],"character_chosen":"THE_SPIRIT","items_purchased":["Molten Egg 2","Ornamental Fan","Ice Cream","hexamod:GhostOfSpirePast","hexamod:BacktrackSmack+1"],"campfire_rested":0,"item_purchase_floors":[0,0,0,0,0],"current_hp_per_floor":[37,37,37,37,37,37,37,37,47,47,41,41,36,36,45,41,41,41],"gold":279,"neow_bonus":"","is_daily":false,"chose_seed":false,"campfire_upgraded":2,"win_rate":0.0,"timestamp":1611308324,"path_taken":["M","M","M","M","?","R","M","M","T","R","E","?","E","M","R","BOSS"],"items_purchased_type":["Relic","Relic","Relic","Card","Card"],"build_version":"2020-12-22","purchased_purges":1,"victory":false,"max_hp_per_floor":[70,70,70,70,70,70,70,70,80,80,80,80,80,80,80,80,80,80],"relic_stats":{"counters":[11,27],"Ornamental Fan":[24],"Eternal Feather":9,"Art of War":[0],"obtain_stats":[{"Ice Cream":0,"Pear":9,"Ornamental Fan":0,"Molten Egg 2":0,"Eternal Feather":11,"Art of War":13,"hexamod:SpiritBrand":0},{"Ice Cream":0,"Pear":6,"Ornamental Fan":0,"Molten Egg 2":0,"Eternal Feather":7,"Art of War":9,"hexamod:SpiritBrand":0},{"Ice Cream":0,"Pear":13,"Ornamental Fan":0,"Molten Egg 2":0,"Eternal Feather":16,"Art of War":22,"hexamod:SpiritBrand":0}]},"card_choices":[{"not_picked":["hexamod:Firestarter+1","hexamod:RetreatToShadows"],"picked":"hexamod:HauntingEcho+1","floor":1},{"not_picked":["hexamod:GhostLash+1","hexamod:ShieldOfDarkness","hexamod:ChargedBarrage"],"picked":"SKIP","floor":2},{"not_picked":["hexamod:GhostLash+1","hexamod:Incineration+1"],"picked":"hexamod:HeatCrush+1","floor":3},{"not_picked":["hexamod:BurningTouch","hexamod:Firestarter+1"],"picked":"hexamod:BacktrackSmack+1","floor":4},{"not_picked":["hexamod:Firestarter+1","hexamod:HeatMetal+1"],"picked":"hexamod:GhostflameInferno","floor":7},{"not_picked":["hexamod:PowerFromBeyond","hexamod:FastForward","hexamod:GhostShield"],"picked":"SKIP","floor":8},{"not_picked":["hexamod:GhostLash+1","hexamod:GhostflameInferno","hexamod:RetreatToShadows"],"picked":"SKIP","floor":11},{"not_picked":["hexamod:GhostLash+1","hexamod:RetreatToShadows"],"picked":"hexamod:GhostflameInferno","floor":11},{"not_picked":["hexamod:AdvancingGuard","hexamod:FlamesFromBeyond","hexamod:NightmareStrike+1"],"picked":"SKIP","floor":12},{"not_picked":["hexamod:HeatMetal+1","hexamod:ThermalTransfer+1"],"picked":"hexamod:StepThrough+1","floor":13},{"not_picked":["hexamod:SpectersWail+1","hexamod:ExtraCrispy","hexamod:HeatMetal+1"],"picked":"SKIP","floor":14}],"player_experience":356272,"relics_obtained":[{"floor":9,"key":"Pear"},{"floor":11,"key":"Eternal Feather"},{"floor":13,"key":"Art of War"}],"event_choices":[],"is_beta":false,"boss_relics":[],"items_purged_floors":[0],"is_endless":false,"potions_floor_spawned":[1,8,12,13],"killed_by":"The Guardian","ascension_level":0}}