{"host":"c97twqu0op5dg8i4","time":1611345742,"event":{"mods":["AchievementEnabler","BaseMod","Colored Map","Minty Spire (QoL Compilation)","Permanent Neow"],"gold_per_floor":[109,125,425,440,540,559,559,559],"floor_reached":7,"language":"ENG","playtime":191,"items_purged":[],"score":56,"play_id":"4506c8cc-3c54-47d5-92bc-fa6a770f7570","local_time":"20210122150222","is_ascension_mode":true,"campfire_choices":[],"circlet_count":0,"master_deck":["Strike_R","Strike_R","Strike_R","Strike_R","Strike_R","Defend_R","Defend_R","Defend_R","Defend_R","Bash","Rupture","Whirlwind","Rupture","Armaments","Flex"],"relics":["Burning Blood","Old Coin"],"acts_visited":["Exordium"],"potions_floor_usage":[7],"damage_taken":[{"damage":6,"enemies":"Cultist","floor":1,"turns":4},{"damage":15,"enemies":"Small Slimes","floor":2,"turns":5},{"damage":0,"enemies":"2 Louse","floor":4,"turns":1},{"damage":15,"enemies":"Exordium Thugs","floor":6,"turns":5},{"damage":54,"enemies":"Gremlin Nob","floor":7,"turns":5}],"seed_played":"4171827938776934750","potions_obtained":[{"floor":1,"key":"LiquidBronze"},{"floor":2,"key":"Dexterity Potion"}],"is_trial":false,"path_per_floor":["M","M","?","M","?","M","E"],"character_chosen":"IRONCLAD","items_purchased":[],"campfire_rested":0,"item_purchase_floors":[],"current_hp_per_floor":[72,63,56,62,62,53,0,0],"gold":559,"neow_bonus":"THREE_CARDS","is_daily":false,"chose_seed":false,"campfire_upgraded":0,"win_rate":0.0,"timestamp":1611345742,"path_taken":["M","?","?","M","?","?","E"],"items_purchased_type":[],"build_version":"2020-12-22","purchased_purges":0,"victory":false,"max_hp_per_floor":[80,80,80,80,80,80,80,80],"card_choices":[{"not_picked":["Blood for Blood","Flex"],"picked":"Rupture","floor":0},{"not_picked":["Warcry","Carnage"],"picked":"Whirlwind","floor":1},{"not_picked":["Inflame","Headbutt"],"picked":"Rupture","floor":2},{"not_picked":["Pommel Strike","Intimidate"],"picked":"Armaments","floor":4},{"not_picked":["Clothesline","Clash"],"picked":"Flex","floor":6}],"player_experience":289987,"relics_obtained":[],"event_choices":[{"damage_healed":0,"gold_gain":0,"player_choice":"Success","damage_taken":7,"relics_obtained":["Old Coin"],"max_hp_gain":0,"max_hp_loss":0,"event_name":"Scrap Ooze","floor":3,"gold_loss":0},{"damage_healed":0,"gold_gain":100,"player_choice":"Gold","damage_taken":0,"max_hp_gain":0,"max_hp_loss":0,"event_name":"Wheel of Change","floor":5,"gold_loss":0}],"is_beta":false,"boss_relics":[],"items_purged_floors":[],"is_endless":false,"potions_floor_spawned":[1,2],"killed_by":"Gremlin Nob","ascension_level":6}}