{"host":"6aycdg1azw3gf4o9","time":1611325258,"event":{"mods":["Arknights The Spire","BaseMod","CapriCore","Marisa£®ÏF”Í°°ƒß¿Ì…≥£©","Minty Spire (QoL Compilation)","READ ME - Guardian Mod","Remilia£®¿Ÿ√◊¿Ú—«£©","StSLib"],"gold_per_floor":[99,17,17,17,17,17,17,17,17,17,17,17,17,17,17,17,17,17,17,17,17,17,17,17,17,17,17,17,17,17,17,17,17,17],"floor_reached":33,"language":"ZHS","playtime":1293,"items_purged":[],"score":297,"play_id":"6556b557-40b9-47ba-829e-3985332e30de","local_time":"20210122222058","is_ascension_mode":false,"campfire_choices":[{"floor":12.0,"key":"REST"},{"floor":15.0,"key":"REST"},{"floor":24,"key":"REST"},{"data":"ats:Part Time Job","floor":28,"key":"SMITH"},{"data":"ats:Overload","floor":30,"key":"SMITH"},{"floor":32,"key":"REST"}],"circlet_count":0,"master_deck":["ats:Strike C+1","ats:Strike G+1","ats:Strike S+1","ats:Strike V+1","ats:Armor Crushing Shot","ats:Defend+1","ats:Defend+1","ats:Defend+1","ats:Defend+1","ats:Emotion Absorption","ats:Chain Hook","ats:Magnetic Hammer","ats:Composite Medical Shells+1","Regret","ats:Closed Bolt Burst Fire","ats:Leaping Hammer","ats:Apocalypse","ats:Curse Doll","ats:Consecutive Shot Auto","ats:Flexible Camouflage","ats:Apocalypse","ats:Dogmatic Field","ats:Sashimi Platter+1","RitualDagger","ats:Fractured Body","ats:Part Time Job+1","ats:Overload+1","ats:Assault Order+1","ats:Shell Defense","ats:Sword Rain"],"relics":["Ectoplasm","Dream Catcher","ats:Originium","Nunchaku","Akabeko","Kunai","Philosopher\u0027s Stone","CaptainsWheel","Bottled Tornado","Singing Bowl"],"acts_visited":["Exordium","TheCity"],"potions_floor_usage":[16,16,23,23,31],"damage_taken":[{"damage":1.0,"enemies":"Jaw Worm","floor":1.0,"turns":3.0},{"damage":5.0,"enemies":"Small Slimes","floor":3.0,"turns":2.0},{"damage":42.0,"enemies":"3 Sentries","floor":6.0,"turns":8.0},{"damage":0.0,"enemies":"2 Louse","floor":7.0,"turns":2.0},{"damage":0.0,"enemies":"Blue Slaver","floor":10.0,"turns":2.0},{"damage":1.0,"enemies":"Large Slime","floor":11.0,"turns":4.0},{"damage":1.0,"enemies":"3 Louse","floor":13.0,"turns":2.0},{"damage":8.0,"enemies":"Lagavulin","floor":14.0,"turns":4.0},{"damage":25,"enemies":"Hexaghost","floor":16,"turns":8},{"damage":29,"enemies":"Spheric Guardian","floor":18,"turns":4},{"damage":9,"enemies":"Chosen","floor":19,"turns":4},{"damage":25,"enemies":"Sentry and Sphere","floor":22,"turns":4},{"damage":39,"enemies":"Book of Stabbing","floor":23,"turns":5},{"damage":9,"enemies":"Centurion and Healer","floor":25,"turns":3},{"damage":72,"enemies":"Slavers","floor":27,"turns":3},{"damage":13,"enemies":"Snake Plant","floor":31,"turns":4},{"damage":73,"enemies":"Automaton","floor":33,"turns":6}],"seed_played":"-231103221818553877","potions_obtained":[{"floor":6.0,"key":"Weak Potion"},{"floor":7.0,"key":"BlessingOfTheForge"},{"floor":11.0,"key":"SneckoOil"},{"floor":13.0,"key":"DistilledChaos"},{"floor":14.0,"key":"AttackPotion"},{"floor":19,"key":"FairyPotion"},{"floor":22,"key":"Dexterity Potion"},{"floor":23,"key":"Weak Potion"}],"is_trial":false,"path_per_floor":["M","$","M","?","?","E","M","?","T","M","M","R","M","E","R","B",null,"M","M","?","?","M","E","R","M","T","E","R","$","R","M","R","B"],"character_chosen":"DOCTOR_CLASS","items_purchased":["ats:Magnetic Hammer"],"campfire_rested":4,"item_purchase_floors":[2],"current_hp_per_floor":[71,71,66,52,52,10,10,3,3,3,7,28,27,24,45,44,72,43,44,38,38,27,11,32,57,57,30,30,30,30,22,45,0,0],"gold":17,"neow_bonus":"BOSS_RELIC","is_daily":false,"chose_seed":false,"campfire_upgraded":2,"win_rate":0.0,"timestamp":1611325258,"path_taken":["M","$","M","?","?","E","M","?","T","M","M","R","M","E","R","BOSS","M","M","?","?","M","E","R","M","T","E","R","$","R","M","R","BOSS"],"items_purchased_type":["Card"],"build_version":"2020-12-22","purchased_purges":0,"victory":false,"max_hp_per_floor":[72,72,72,72,72,72,72,72,72,72,72,72,72,72,72,72,72,72,72,72,72,72,72,72,72,72,72,72,72,72,72,74,74,74],"card_choices":[{"not_picked":["ats:Very Hot Blade","ats:Support Order"],"picked":"ats:Chain Hook","floor":1.0},{"not_picked":["ats:Poison Spread","ats:Powerful Strike"],"picked":"ats:Composite Medical Shells","floor":3.0},{"not_picked":["ats:Encircling Forest","ats:Soul Absorption"],"picked":"ats:Closed Bolt Burst Fire","floor":6.0},{"not_picked":["ats:Hammer On","ats:Powerful Strike"],"picked":"ats:Leaping Hammer","floor":7.0},{"not_picked":["ats:Magnetic Hammer","ats:Consecutive Shot Auto"],"picked":"ats:Apocalypse","floor":10.0},{"not_picked":["ats:Thermite Blade","ats:Healing Strengthening"],"picked":"ats:Curse Doll","floor":11.0},{"not_picked":["ats:Explosion Area Strengthen","ats:Durian"],"picked":"ats:Consecutive Shot Auto","floor":12.0},{"not_picked":["ats:Blood Oath","ats:Hook Shot"],"picked":"ats:Flexible Camouflage","floor":13.0},{"not_picked":["ats:Explosion Area Strengthen","ats:Childhood Dance","ats:Soul Absorption"],"picked":"SKIP","floor":14.0},{"not_picked":["ats:Assault Order","ats:Sunburst"],"picked":"ats:Apocalypse","floor":15.0},{"not_picked":["ats:Fractured Body","ats:Wolf Pack"],"picked":"ats:Dogmatic Field","floor":16},{"not_picked":["ats:Curse Doll","ats:Very Hot Blade","ats:Sunburst"],"picked":"SKIP","floor":18},{"not_picked":["ats:Cat Scratch+1","ats:Consecutive Shot Auto"],"picked":"ats:Sashimi Platter+1","floor":19},{"not_picked":["ats:Consecutive Shot Auto","ats:Blood Oath+1"],"picked":"ats:Fractured Body","floor":22},{"not_picked":["ats:Shadow Raid+1","ats:Flexible Camouflage+1"],"picked":"ats:Part Time Job","floor":23},{"not_picked":["ats:Closed Bolt Burst Fire","ats:Apocalypse"],"picked":"ats:Overload","floor":24},{"not_picked":["ats:Blood Oath","ats:Closed Bolt Burst Fire"],"picked":"ats:Assault Order+1","floor":25},{"not_picked":["ats:LN2 Cannon","ats:Leaping Hammer+1"],"picked":"ats:Shell Defense","floor":27},{"not_picked":["ats:Serious Mode","ats:Steam Pump"],"picked":"ats:Sword Rain","floor":31},{"not_picked":["ats:Sunburst","ats:Composite Medical Shells+1","ats:Collapsing Strike"],"picked":"Singing Bowl","floor":32}],"player_experience":441998,"relics_obtained":[{"floor":6.0,"key":"ats:Originium"},{"floor":6.0,"key":"Nunchaku"},{"floor":9.0,"key":"Akabeko"},{"floor":14.0,"key":"ats:Originium"},{"floor":14.0,"key":"Kunai"},{"floor":23,"key":"ats:Originium"},{"floor":23,"key":"CaptainsWheel"},{"floor":26,"key":"Bottled Tornado"},{"floor":27,"key":"ats:Originium"},{"floor":27,"key":"Singing Bowl"}],"event_choices":[{"damage_healed":0.0,"max_hp_gain":0.0,"max_hp_loss":0.0,"gold_gain":0.0,"event_name":"Shining Light","player_choice":"Entered Light","floor":4.0,"gold_loss":0.0,"damage_taken":14.0,"cards_upgraded":["ats:Strike G","ats:Composite Medical Shells"]},{"damage_healed":0.0,"max_hp_gain":0.0,"max_hp_loss":0.0,"gold_gain":0.0,"event_name":"Big Fish","player_choice":"Box","floor":5.0,"gold_loss":0.0,"damage_taken":0.0,"relics_obtained":["Dream Catcher"],"cards_obtained":["Regret"]},{"damage_healed":0.0,"max_hp_gain":0.0,"max_hp_loss":0.0,"gold_gain":0.0,"event_name":"Scrap Ooze","player_choice":"Fled","floor":8.0,"gold_loss":0.0,"damage_taken":7.0},{"damage_healed":0,"gold_gain":0,"player_choice":"Joined the Cult","damage_taken":6,"max_hp_gain":0,"max_hp_loss":0,"event_name":"Nest","floor":20,"gold_loss":0,"cards_obtained":["RitualDagger"]},{"damage_healed":0,"gold_gain":0,"player_choice":"Simplicity","damage_taken":0,"max_hp_gain":0,"max_hp_loss":0,"event_name":"Back to Basics","floor":21,"gold_loss":0,"cards_upgraded":["ats:Strike C","ats:Strike S","ats:Strike V","ats:Defend","ats:Defend","ats:Defend","ats:Defend"]}],"is_beta":false,"boss_relics":[{"not_picked":["Pandora\u0027s Box","SacredBark"],"picked":"Philosopher\u0027s Stone"}],"items_purged_floors":[],"is_endless":false,"potions_floor_spawned":[6,7,11,13,14,19,22,23],"killed_by":"Automaton","ascension_level":0}}