{"host":"sav7uxregyirlf69","time":1611279644,"event":{"mods":["AchievementEnabler","BaseMod","Colored Map","DeckTracker","Keyboard Shortcuts","Minty Spire (QoL Compilation)","READ ME - Guardian Mod","StSLib","SuperFastMode"],"gold_per_floor":[17,37,37,37,55,55,81,81,81,81,91,105,105,118,118,197,197,207,54,54,54,66,66,94,44,44,58,71,71,90,100,100,100,100],"floor_reached":33,"language":"KOR","playtime":748,"items_purged":["Strike_R"],"score":538,"play_id":"7f38c9bb-e0c5-49a6-bdc1-396cd3d335d3","local_time":"20210122104044","is_ascension_mode":true,"campfire_choices":[{"data":"Spot Weakness","floor":6,"key":"SMITH"},{"data":"Evolve","floor":10,"key":"SMITH"},{"data":"Heavy Blade","floor":13,"key":"SMITH"},{"data":"Whirlwind","floor":15,"key":"SMITH"},{"data":"Fire Breathing","floor":23,"key":"SMITH"},{"data":"Power Through","floor":32,"key":"SMITH"}],"circlet_count":0,"master_deck":["AscendersBane","Strike_R+1","Strike_R+1","Strike_R+1","Strike_R+1","Defend_R+1","Defend_R+1","Defend_R+1","Defend_R+1","Bash+1","Reaper+1","Spot Weakness+1","Bloodletting","Evolve+1","Heavy Blade+1","Whirlwind+1","Fire Breathing+1","Power Through+1","Body Slam+1","Seeing Red+1","Disarm+1"],"relics":["Black Blood","Self Forming Clay","Anchor","Calipers","Meat on the Bone","Letter Opener","Toxic Egg 2"],"acts_visited":["Exordium","TheCity"],"potions_floor_usage":[16,24,31,33],"damage_taken":[{"damage":6,"enemies":"Cultist","floor":1,"turns":3},{"damage":14,"enemies":"Jaw Worm","floor":2,"turns":5},{"damage":8,"enemies":"2 Louse","floor":5,"turns":3},{"damage":44,"enemies":"3 Sentries","floor":7,"turns":12},{"damage":15,"enemies":"Looter","floor":11,"turns":4},{"damage":23,"enemies":"Lots of Slimes","floor":12,"turns":6},{"damage":10,"enemies":"3 Louse","floor":14,"turns":3},{"damage":32,"enemies":"Slime Boss","floor":16,"turns":7},{"damage":54,"enemies":"Chosen","floor":18,"turns":6},{"damage":24,"enemies":"3 Byrds","floor":22,"turns":5},{"damage":24,"enemies":"Gremlin Leader","floor":24,"turns":5},{"damage":13,"enemies":"Cultist and Chosen","floor":27,"turns":5},{"damage":16,"enemies":"Sentry and Sphere","floor":28,"turns":5},{"damage":29,"enemies":"Snake Plant","floor":30,"turns":6},{"damage":57,"enemies":"Snecko","floor":31,"turns":7},{"damage":50,"enemies":"Champ","floor":33,"turns":14}],"seed_played":"6798332257419194976","potions_obtained":[{"floor":1,"key":"Regen Potion"},{"floor":11,"key":"Block Potion"},{"floor":18,"key":"SneckoOil"},{"floor":31,"key":"Dexterity Potion"}],"is_trial":false,"path_per_floor":["M","M","?","T","M","R","E","?","T","R","M","M","R","M","R","B",null,"M","$","?","?","M","R","E","?","T","M","M","?","M","M","R","B"],"character_chosen":"IRONCLAD","items_purchased":["Power Through"],"campfire_rested":0,"item_purchase_floors":[19],"current_hp_per_floor":[68,60,65,65,75,75,53,53,53,53,55,58,58,54,54,40,70,48,48,48,48,60,60,54,54,54,60,56,56,54,40,40,0,0],"gold":100,"neow_bonus":"THREE_RARE_CARDS","is_daily":false,"chose_seed":false,"campfire_upgraded":6,"win_rate":0.0,"timestamp":1611279644,"path_taken":["M","M","?","?","M","R","E","?","T","R","M","M","R","M","R","BOSS","M","$","?","?","M","R","E","?","T","?","M","?","M","M","R","BOSS"],"items_purchased_type":["Card"],"build_version":"2020-12-22","purchased_purges":1,"victory":false,"max_hp_per_floor":[75,75,80,80,80,80,80,80,80,80,80,80,80,80,80,80,80,80,80,80,80,80,80,80,80,80,80,80,80,80,80,80,80,80],"card_choices":[{"not_picked":["Limit Break","Impervious"],"picked":"Reaper","floor":0},{"not_picked":["Headbutt","Perfected Strike"],"picked":"Spot Weakness","floor":1},{"not_picked":["Havoc","True Grit"],"picked":"Bloodletting","floor":2},{"not_picked":["Warcry","Heavy Blade","Clothesline"],"picked":"SKIP","floor":5},{"not_picked":["Clash","Sword Boomerang"],"picked":"Evolve","floor":7},{"not_picked":["Burning Pact","Twin Strike"],"picked":"Heavy Blade","floor":11},{"not_picked":["Anger","Havoc","Whirlwind"],"picked":"SKIP","floor":12},{"not_picked":["Anger","Havoc"],"picked":"Whirlwind","floor":12},{"not_picked":["Pommel Strike","Hemokinesis","Wild Strike"],"picked":"SKIP","floor":14},{"not_picked":["Anger","Pommel Strike"],"picked":"Fire Breathing","floor":18},{"not_picked":["Iron Wave+1","Reckless Charge","Flame Barrier"],"picked":"SKIP","floor":22},{"not_picked":["Spot Weakness","Hemokinesis","Reckless Charge"],"picked":"SKIP","floor":24},{"not_picked":["Flame Barrier+1","Evolve","True Grit+1"],"picked":"SKIP","floor":27},{"not_picked":["Wild Strike","Clothesline"],"picked":"Body Slam","floor":28},{"not_picked":["Wild Strike","Sword Boomerang"],"picked":"Seeing Red+1","floor":30},{"not_picked":["Armaments+1","Anger"],"picked":"Disarm+1","floor":31}],"player_experience":1352373,"relics_obtained":[{"floor":4,"key":"Self Forming Clay"},{"floor":7,"key":"Anchor"},{"floor":9,"key":"Meat on the Bone"},{"floor":24,"key":"Letter Opener"},{"floor":26,"key":"Toxic Egg 2"}],"event_choices":[{"damage_healed":0,"gold_gain":0,"player_choice":"Donut","damage_taken":0,"max_hp_gain":5,"max_hp_loss":0,"event_name":"Big Fish","floor":3,"gold_loss":0},{"damage_healed":0,"gold_gain":0,"player_choice":"Searched \u00271\u0027 times","damage_taken":0,"relics_obtained":["Calipers"],"max_hp_gain":0,"max_hp_loss":0,"event_name":"Dead Adventurer","floor":8,"gold_loss":0},{"damage_healed":0,"gold_gain":0,"player_choice":"Simplicity","damage_taken":0,"max_hp_gain":0,"max_hp_loss":0,"event_name":"Back to Basics","floor":20,"gold_loss":0,"cards_upgraded":["Strike_R","Strike_R","Strike_R","Strike_R","Defend_R","Defend_R","Defend_R","Defend_R"]},{"damage_healed":0,"gold_gain":0,"player_choice":"Ignored","damage_taken":0,"max_hp_gain":0,"max_hp_loss":0,"event_name":"Vampires","floor":21,"gold_loss":0},{"damage_healed":0,"gold_gain":0,"player_choice":"Upgraded Two","damage_taken":0,"max_hp_gain":0,"max_hp_loss":0,"event_name":"Designer","floor":25,"gold_loss":50,"cards_upgraded":["Bash","Reaper"]},{"damage_healed":0,"gold_gain":0,"player_choice":"Upgraded","damage_taken":0,"max_hp_gain":0,"max_hp_loss":0,"event_name":"Upgrade Shrine","floor":29,"gold_loss":0,"cards_upgraded":["Body Slam"]}],"is_beta":false,"boss_relics":[{"not_picked":["SlaversCollar","Philosopher\u0027s Stone"],"picked":"Black Blood"}],"items_purged_floors":[19],"is_endless":false,"potions_floor_spawned":[1,11,12,14,18,31],"killed_by":"Champ","ascension_level":20}}