{"host":"iyj530209nkhhjuz","time":1611339715,"event":{"mods":["AchievementEnabler","BaseMod","Better Match","Better Note","Better Third Choice","BetterRewards","Colored Map","Colored Powertips","Dark Map","Fox Events","Highlight Path","Minty Spire (QoL Compilation)","Permanent Neow","Random Character Button","Rare Cards Sparkle","Relic Stats","StSLib","Waifu the Spire"],"gold_per_floor":[110,128,145,165,65,93,93,123,123,123,143,162,176,204,204,303,430,450,375,389,13,32,66,66,66,219,248,248,248,258,109,109,209,286,296,100,24,124,0,100,100,132,209,184,198,229,229,261,261,261,261,261,111,143,143],"floor_reached":56,"language":"ENG","playtime":5852,"items_purged":["Defend_R","Strike_R","Strike_R","Defend_R"],"score":2209,"play_id":"96cae3f7-6e40-4752-b2f8-ca9069566c43","local_time":"20210122192155","is_ascension_mode":true,"campfire_choices":[{"data":"Body Slam","floor":7,"key":"SMITH"},{"data":"Flame Barrier","floor":10,"key":"SMITH"},{"data":"Seeing Red","floor":15,"key":"SMITH"},{"data":"Seeing Red","floor":24,"key":"SMITH"},{"data":"Ghostly Armor","floor":29,"key":"SMITH"},{"data":"Juggernaut","floor":32,"key":"SMITH"},{"floor":41,"key":"RECALL"},{"data":"Battle Trance","floor":47,"key":"SMITH"},{"floor":49,"key":"REST"},{"data":"Bloodletting","floor":52,"key":"SMITH"}],"circlet_count":0,"master_deck":["AscendersBane","Strike_R","Strike_R","Strike_R+1","Defend_R","Defend_R","Bash","Body Slam+1","Ghostly Armor+1","Juggernaut+1","Flame Barrier+1","Bloodletting+1","Rampage","Seeing Red+1","Juggernaut","Seeing Red+1","Rupture+1","Reaper","Battle Trance+1","Brutality","Metallicize+1","Inflame","Flash of Steel","Reaper"],"relics":["Burning Blood","Singing Bowl","Bronze Scales","Oddly Smooth Stone","Self Forming Clay","Bag of Preparation","Prayer Wheel","Thread and Needle","foxEvents:LuckyCharm","Tiny House","Letter Opener","Darkstone Periapt","Mercury Hourglass","SsserpentHead","Strawberry","SlaversCollar","Torii","Red Mask","StoneCalendar","Sundial","Bottled Flame","Bag of Marbles","Juzu Bracelet","Nunchaku"],"acts_visited":["Exordium","TheCity","TheBeyond","TheEnding"],"potions_floor_usage":[8,16,22,33,38,48,50,50,54,55,55],"damage_taken":[{"damage":11.0,"enemies":"Jaw Worm","floor":1.0,"turns":4.0},{"damage":2.0,"enemies":"2 Louse","floor":2.0,"turns":2.0},{"damage":3.0,"enemies":"Cultist","floor":3.0,"turns":2.0},{"damage":13.0,"enemies":"Large Slime","floor":4.0,"turns":6.0},{"damage":3,"enemies":"Lagavulin","floor":6,"turns":7},{"damage":1,"enemies":"Gremlin Nob","floor":8,"turns":4},{"damage":0,"enemies":"Red Slaver","floor":11,"turns":3},{"damage":0,"enemies":"2 Fungi Beasts","floor":12,"turns":3},{"damage":0,"enemies":"Lots of Slimes","floor":13,"turns":3},{"damage":9,"enemies":"Colosseum Slavers","floor":14,"turns":4},{"damage":34,"enemies":"Hexaghost","floor":16,"turns":9},{"damage":23,"enemies":"2 Thieves","floor":18,"turns":4},{"damage":10,"enemies":"Shell Parasite","floor":20,"turns":6},{"damage":19,"enemies":"Sentry and Sphere","floor":22,"turns":4},{"damage":33,"enemies":"Slavers","floor":23,"turns":4},{"damage":16,"enemies":"Gremlin Leader","floor":27,"turns":5},{"damage":4,"enemies":"Centurion and Healer","floor":30,"turns":6},{"damage":70,"enemies":"Automaton","floor":33,"turns":8},{"damage":39,"enemies":"3 Darklings","floor":35,"turns":5},{"damage":28,"enemies":"2 Orb Walkers","floor":38,"turns":4},{"damage":7,"enemies":"Mind Bloom Boss Battle","floor":40,"turns":5},{"damage":6,"enemies":"Reptomancer","floor":42,"turns":4},{"damage":15,"enemies":"Orb Walker","floor":45,"turns":4},{"damage":22,"enemies":"Giant Head","floor":46,"turns":7},{"damage":46,"enemies":"Nemesis","floor":48,"turns":5},{"damage":43,"enemies":"Donu and Deca","floor":50,"turns":7},{"damage":65,"enemies":"Shield and Spear","floor":54,"turns":5},{"damage":117,"enemies":"The Heart","floor":55,"turns":9}],"seed_played":"677086186045822920","potions_obtained":[{"floor":1.0,"key":"LiquidMemories"},{"floor":2.0,"key":"Fire Potion"},{"floor":12,"key":"PowerPotion"},{"floor":14,"key":"CultistPotion"},{"floor":16,"key":"LiquidMemories"},{"floor":22,"key":"Ancient Potion"},{"floor":38,"key":"Dexterity Potion"},{"floor":46,"key":"BloodPotion"}],"is_trial":false,"path_per_floor":["M","M","M","M","$","E","R","E","T","R","M","M","M","?","R","B",null,"M","?","M","$","M","E","R","?","T","E","?","R","M","$","R","B",null,"M","$","$","?","?","?","R","E","T","?","M","E","R","E","R","B",null,"R","$","E","B",null],"character_chosen":"IRONCLAD","items_purchased":["Singing Bowl","Body Slam","Ghostly Armor","Bronze Scales","DistilledChaos","Juggernaut","Oddly Smooth Stone","Self Forming Clay","Letter Opener","Strawberry","HeartOfIron","EssenceOfSteel","SkillPotion","SteroidPotion","Explosive Potion"],"campfire_rested":1,"item_purchase_floors":[0,0,0,0,0,0,0,0,21,31,36,37,53,53,53],"current_hp_per_floor":[51,55,60,55,55,58,58,65,65,65,73,83,93,92,92,64,95,80,82,87,87,76,62,62,62,62,66,66,66,80,87,87,46,108,91,91,91,69,69,74,74,86,86,88,83,87,87,75,117,120,137,137,137,92,10],"gold":143,"neow_bonus":"","is_daily":false,"chose_seed":false,"campfire_upgraded":8,"win_rate":0.0,"timestamp":1611339715,"path_taken":["M","M","M","M","$","E","R","E","T","R","M","M","M","?","R","BOSS","M","?","M","$","M","E","R","?","T","E","?","R","M","$","R","BOSS","M","?","$","?","?","?","R","E","T","?","M","E","R","E","R","BOSS","R","$","E","BOSS"],"items_purchased_type":["Relic","Card","Card","Relic","Potion","Card","Relic","Relic","Relic","Relic","Potion","Potion","Potion","Potion","Potion"],"build_version":"2020-12-22","purchased_purges":4,"victory":true,"max_hp_per_floor":[80,80,82,84,84,84,84,86,86,86,88,92,96,98,98,98,103,105,107,111,111,113,115,115,115,115,117,117,117,119,126,126,128,128,132,132,132,132,132,134,134,134,134,136,140,142,142,142,142,142,142,142,142,144,144],"relic_stats":{"Darkstone Periapt":12,"Singing Bowl":52,"Torii":55,"counters":[61,295],"Self Forming Clay":[573],"StoneCalendar":[104],"Bag of Preparation":[46],"Juzu Bracelet":0,"Letter Opener":[221],"Burning Blood":364,"Mercury Hourglass":[482],"SsserpentHead":250,"Nunchaku":[5],"Sundial":[6],"Bronze Scales":[430],"Prayer Wheel":9,"obtain_stats":[{"Calipers":0,"Tiny House":17,"Ginger":46,"HornCleat":19,"DollysMirror":0,"Sundial":42,"Strawberry":31,"Prayer Wheel":8,"Toxic Egg 2":0,"Pear":0,"Happy Flower":54,"Dead Branch":0,"Oddly Smooth Stone":0,"Letter Opener":21,"Question Card":0,"Akabeko":27,"SlaversCollar":0,"OrangePellets":36,"Bottled Flame":43,"Bronze Scales":0,"Bird Faced Urn":34,"foxEvents:LuckyCharm":14,"StrikeDummy":43,"Pocketwatch":7,"Darkstone Periapt":25,"Lantern":0,"Regal Pillow":0,"Singing Bowl":0,"Torii":38,"SacredBark":17,"StoneCalendar":40,"Bag of Preparation":6,"Juzu Bracelet":48,"Ancient Tea Set":14,"Burning Blood":0,"SsserpentHead":28,"Nunchaku":45,"Red Mask":0,"Red Skull":34,"Runic Pyramid":0,"Golden Idol":0,"Self Forming Clay":10,"Thread and Needle":9,"The Courier":0,"Orichalcum":0,"MawBank":45,"White Beast Statue":9,"Mercury Hourglass":22,"Calling Bell":34,"Ornamental Fan":23,"Art of War":0,"Bag of Marbles":54,"Bottled Lightning":41,"Toy Ornithopter":12},{"Calipers":0,"Tiny House":44,"Ginger":2,"HornCleat":17,"DollysMirror":0,"Sundial":55,"Strawberry":50,"Prayer Wheel":39,"Toxic Egg 2":0,"Pear":7,"Happy Flower":6,"Dead Branch":7,"Oddly Smooth Stone":33,"Letter Opener":46,"Question Card":0,"Akabeko":22,"SlaversCollar":0,"OrangePellets":25,"Bottled Flame":55,"Bronze Scales":0,"Bird Faced Urn":24,"foxEvents:LuckyCharm":43,"StrikeDummy":28,"Pocketwatch":10,"Darkstone Periapt":21,"Lantern":0,"Regal Pillow":0,"Singing Bowl":33,"Torii":53,"SacredBark":16,"StoneCalendar":54,"Bag of Preparation":38,"Juzu Bracelet":58,"Ancient Tea Set":15,"Burning Blood":0,"SsserpentHead":49,"Nunchaku":29,"Red Mask":0,"Red Skull":24,"Runic Pyramid":0,"Golden Idol":0,"Self Forming Clay":12,"Thread and Needle":39,"The Courier":0,"Orichalcum":0,"MawBank":1,"White Beast Statue":11,"Mercury Hourglass":19,"Calling Bell":24,"Ornamental Fan":20,"Art of War":0,"Bag of Marbles":32,"Bottled Lightning":28,"Toy Ornithopter":14},{"Calipers":0,"Tiny House":204,"Ginger":13,"HornCleat":93,"DollysMirror":0,"Sundial":259,"Strawberry":233,"Prayer Wheel":182,"Toxic Egg 2":0,"Pear":52,"Happy Flower":44,"Dead Branch":52,"Oddly Smooth Stone":157,"Letter Opener":214,"Question Card":0,"Akabeko":110,"SlaversCollar":0,"OrangePellets":123,"Bottled Flame":259,"Bronze Scales":0,"Bird Faced Urn":122,"foxEvents:LuckyCharm":195,"StrikeDummy":132,"Pocketwatch":64,"Darkstone Periapt":106,"Lantern":0,"Regal Pillow":0,"Singing Bowl":157,"Torii":250,"SacredBark":88,"StoneCalendar":255,"Bag of Preparation":178,"Juzu Bracelet":274,"Ancient Tea Set":81,"Burning Blood":0,"SsserpentHead":227,"Nunchaku":136,"Red Mask":0,"Red Skull":122,"Runic Pyramid":0,"Golden Idol":0,"Self Forming Clay":71,"Thread and Needle":182,"The Courier":0,"Orichalcum":0,"MawBank":7,"White Beast Statue":66,"Mercury Hourglass":99,"Calling Bell":122,"Ornamental Fan":105,"Art of War":0,"Bag of Marbles":151,"Bottled Lightning":132,"Toy Ornithopter":78}]},"card_choices":[{"not_picked":["Clash","Sword Boomerang"],"picked":"Flame Barrier","floor":1.0},{"not_picked":["Armaments","Headbutt"],"picked":"Bloodletting","floor":2.0},{"not_picked":["Iron Wave","Thunderclap","Rage"],"picked":"Singing Bowl","floor":3.0},{"not_picked":["Thunderclap","Sentinel","Havoc"],"picked":"Singing Bowl","floor":4.0},{"not_picked":["Entrench","Sword Boomerang"],"picked":"Rampage","floor":6},{"not_picked":["Dropkick","Whirlwind","Ghostly Armor"],"picked":"Singing Bowl","floor":8},{"not_picked":["Second Wind","Intimidate"],"picked":"Seeing Red","floor":11},{"not_picked":["Carnage","Havoc","Rampage"],"picked":"Singing Bowl","floor":11},{"not_picked":["Spot Weakness","Heavy Blade","Sentinel"],"picked":"Singing Bowl","floor":12},{"not_picked":["Armaments","Wild Strike","Intimidate"],"picked":"Singing Bowl","floor":12},{"not_picked":["Intimidate","Dark Embrace","Whirlwind"],"picked":"Singing Bowl","floor":13},{"not_picked":["Pommel Strike","Flex","Uppercut"],"picked":"Singing Bowl","floor":13},{"not_picked":["Flex","Anger","Second Wind"],"picked":"Singing Bowl","floor":14},{"not_picked":["Double Tap","Offering"],"picked":"Juggernaut","floor":16},{"not_picked":["Clash","Dark Embrace"],"picked":"Seeing Red","floor":17},{"not_picked":["Dropkick","Reckless Charge"],"picked":"Rupture+1","floor":18},{"not_picked":["Thunderclap","Sword Boomerang","Clothesline"],"picked":"Singing Bowl","floor":18},{"not_picked":["Double Tap","Feed"],"picked":"Reaper","floor":19},{"not_picked":["Heavy Blade","Perfected Strike","Thunderclap"],"picked":"Singing Bowl","floor":19},{"not_picked":["Whirlwind","Body Slam","True Grit"],"picked":"Singing Bowl","floor":20},{"not_picked":["Entrench","Corruption","Thunderclap+1"],"picked":"Singing Bowl","floor":20},{"not_picked":["Thunderclap","Armaments","Searing Blow"],"picked":"Singing Bowl","floor":22},{"not_picked":["Cleave","Havoc"],"picked":"Battle Trance","floor":22},{"not_picked":["Twin Strike","Dark Embrace","Perfected Strike"],"picked":"Singing Bowl","floor":23},{"not_picked":["Anger","Bloodletting","Thunderclap+1"],"picked":"Singing Bowl","floor":27},{"not_picked":["Clothesline","Bloodletting"],"picked":"Brutality","floor":30},{"not_picked":["Headbutt+1","Wild Strike","Dropkick"],"picked":"Singing Bowl","floor":30},{"not_picked":["Feed","Bludgeon","Impervious"],"picked":"Singing Bowl","floor":33},{"not_picked":["Intimidate+1","Sword Boomerang+1","Sentinel+1"],"picked":"Singing Bowl","floor":35},{"not_picked":["Havoc+1","True Grit","Searing Blow+1"],"picked":"Singing Bowl","floor":35},{"not_picked":["Dual Wield","Armaments+1"],"picked":"Metallicize+1","floor":38},{"not_picked":["Warcry","Cleave+1","Body Slam"],"picked":"Singing Bowl","floor":40},{"not_picked":["Burning Pact","Rampage+1"],"picked":"Inflame","floor":42},{"not_picked":["Blind","Trip"],"picked":"Flash of Steel","floor":44},{"not_picked":["Warcry","Armaments","Body Slam"],"picked":"Singing Bowl","floor":44},{"not_picked":["Demon Form","Sentinel+1","Entrench"],"picked":"Singing Bowl","floor":45},{"not_picked":["Flex","Wild Strike","Iron Wave"],"picked":"Singing Bowl","floor":45},{"not_picked":["Pommel Strike","Whirlwind+1","Hemokinesis+1"],"picked":"Singing Bowl","floor":46},{"not_picked":["Burning Pact","Twin Strike+1"],"picked":"Reaper","floor":48},{"not_picked":["Sentinel+1","Wild Strike","Intimidate"],"picked":"Singing Bowl","floor":54}],"player_experience":449747,"relics_obtained":[{"floor":6,"key":"Bag of Preparation"},{"floor":8,"key":"Prayer Wheel"},{"floor":9,"key":"Thread and Needle"},{"floor":14,"key":"foxEvents:LuckyCharm"},{"floor":23,"key":"Darkstone Periapt"},{"floor":27,"key":"Mercury Hourglass"},{"floor":38,"key":"Torii"},{"floor":40,"key":"StoneCalendar"},{"floor":42,"key":"Sundial"},{"floor":43,"key":"Bottled Flame"},{"floor":46,"key":"Bag of Marbles"},{"floor":48,"key":"Juzu Bracelet"},{"floor":54,"key":"Nunchaku"}],"event_choices":[{"damage_healed":0,"gold_gain":0,"player_choice":"1","damage_taken":0,"max_hp_gain":0,"max_hp_loss":0,"event_name":"betterMatch:BetterMatch","floor":19,"gold_loss":0,"cards_obtained":["betterMatch:RareCard","betterMatch:CommonCard"]},{"damage_healed":0,"gold_gain":0,"player_choice":"Ignored","damage_taken":0,"max_hp_gain":0,"max_hp_loss":0,"event_name":"betterNote:BetterNote","floor":25,"gold_loss":0,"cards_obtained":["Buffer"]},{"damage_healed":0,"gold_gain":0,"player_choice":"Trade","damage_taken":0,"relics_obtained":["SsserpentHead"],"max_hp_gain":0,"max_hp_loss":0,"event_name":"FaceTrader","floor":28,"gold_loss":0},{"damage_healed":0,"gold_gain":0,"player_choice":"Fight","damage_taken":0,"max_hp_gain":0,"max_hp_loss":0,"event_name":"Mysterious Sphere","floor":38,"gold_loss":0},{"damage_healed":0,"gold_gain":0,"player_choice":"Paid","damage_taken":0,"relics_obtained":["Red Mask"],"max_hp_gain":0,"max_hp_loss":0,"event_name":"Tomb of Lord Red Mask","floor":39,"gold_loss":174},{"damage_healed":0,"gold_gain":0,"player_choice":"Fight","damage_taken":0,"max_hp_gain":0,"max_hp_loss":0,"event_name":"MindBloom","floor":40,"gold_loss":0},{"damage_healed":0,"gold_gain":0,"player_choice":"1","damage_taken":0,"max_hp_gain":0,"max_hp_loss":0,"event_name":"betterMatch:BetterMatch","floor":44,"gold_loss":0,"cards_obtained":["betterMatch:ColorlessUncommonCard","betterMatch:CommonCard"]}],"is_beta":false,"boss_relics":[{"not_picked":["Ectoplasm","Snecko Eye"],"picked":"Tiny House"},{"not_picked":["SacredBark","Black Star"],"picked":"SlaversCollar"}],"items_purged_floors":[0,5,21,36],"is_endless":false,"potions_floor_spawned":[1,2,12,14,16,18,22,27,38,46],"ascension_level":10}}