{"host":"rjx4accq0ysw8w2o","time":1611316845,"event":{"mods":["AchievementEnabler","BaseMod","Block Reminder","Colored Map","Colored Powertips","DeckTracker","Highlight Path","Minty Spire (QoL Compilation)","Quick Restart","Rare Cards Sparkle"],"gold_per_floor":[218,218,231,87,87,87,99,99,125,150,150,164,164,189,189,291,291,291,35,0,0,0,0,0,0,0,0,0,0,0,0,0,0,0,0,0,0,0,0,0,0,0,0,0,0,0,0,0,0,0,0,0,0,0,0],"floor_reached":54,"language":"ENG","playtime":4362,"items_purged":["Strike_B","Strike_B"],"score":675,"play_id":"8cc697ae-6074-4b30-b79e-3370e3ec4b40","local_time":"20210122130045","is_ascension_mode":false,"campfire_choices":[{"floor":6.0,"key":"RECALL"},{"data":"Self Repair","floor":8.0,"key":"SMITH"},{"data":"Hyperbeam","floor":11.0,"key":"SMITH"},{"data":"Glacier","floor":15.0,"key":"SMITH"},{"data":"Creative AI","floor":23.0,"key":"SMITH"},{"data":"Ball Lightning","floor":27.0,"key":"SMITH"},{"data":"Thunder Strike","floor":30.0,"key":"SMITH"},{"data":"Reinforced Body","floor":32.0,"key":"SMITH"},{"data":"Leap","floor":41.0,"key":"SMITH"},{"data":"Defend_B","floor":46.0,"key":"SMITH"},{"data":"Strike_B","floor":49.0,"key":"SMITH"},{"floor":52.0,"key":"REST"}],"circlet_count":0,"master_deck":["Strike_B+1","Defend_B+1","Defend_B+1","Zap+1","Dualcast+1","Glacier+1","Self Repair+1","Hyperbeam+1","Leap+1","Ball Lightning+1","Creative AI+1","Streamline+1","Thunder Strike+1","Reinforced Body+1","Undo+1","Sweeping Beam+1"],"relics":["Cracked Core","Lantern","Mango","Orichalcum","Ectoplasm","Happy Flower","Sozu"],"acts_visited":["Exordium","TheCity","TheBeyond","TheEnding"],"potions_floor_usage":[],"damage_taken":[{"damage":1.0,"enemies":"Jaw Worm","floor":1.0,"turns":3.0},{"damage":3.0,"enemies":"2 Louse","floor":3.0,"turns":4.0},{"damage":0.0,"enemies":"Cultist","floor":7.0,"turns":4.0},{"damage":0.0,"enemies":"3 Sentries","floor":10.0,"turns":10.0},{"damage":0.0,"enemies":"Lots of Slimes","floor":12.0,"turns":1.0},{"damage":23.0,"enemies":"Gremlin Nob","floor":14.0,"turns":4.0},{"damage":53.0,"enemies":"The Guardian","floor":16.0,"turns":16.0},{"damage":5.0,"enemies":"Spheric Guardian","floor":18.0,"turns":4.0},{"damage":9.0,"enemies":"2 Thieves","floor":20.0,"turns":3.0},{"damage":17.0,"enemies":"Snecko","floor":22.0,"turns":5.0},{"damage":28.0,"enemies":"Snake Plant","floor":24.0,"turns":4.0},{"damage":8.0,"enemies":"Centurion and Healer","floor":28.0,"turns":5.0},{"damage":2.0,"enemies":"Sentry and Sphere","floor":29.0,"turns":5.0},{"damage":1.0,"enemies":"Snecko","floor":31.0,"turns":5.0},{"damage":44.0,"enemies":"Automaton","floor":33.0,"turns":9.0},{"damage":18.0,"enemies":"3 Darklings","floor":35.0,"turns":4.0},{"damage":0.0,"enemies":"3 Shapes","floor":37.0,"turns":1.0},{"damage":0.0,"enemies":"Reptomancer","floor":40.0,"turns":1.0},{"damage":19.0,"enemies":"Maw","floor":42.0,"turns":10.0},{"damage":0.0,"enemies":"Sphere and 2 Shapes","floor":44.0,"turns":3.0},{"damage":53.0,"enemies":"Time Eater","floor":50.0,"turns":14.0},{"damage":88,"enemies":"Shield and Spear","floor":54,"turns":6}],"seed_played":"1130750340293618794","potions_obtained":[{"floor":1.0,"key":"DuplicationPotion"},{"floor":7.0,"key":"GamblersBrew"},{"floor":12.0,"key":"ColorlessPotion"},{"floor":14.0,"key":"DuplicationPotion"},{"floor":18.0,"key":"FearPotion"},{"floor":21.0,"key":"SteroidPotion"},{"floor":21.0,"key":"SmokeBomb"},{"floor":28.0,"key":"Block Potion"},{"floor":33.0,"key":"Swift Potion"}],"is_trial":false,"path_per_floor":["M","?","M","$","?","R","M","R","T","E","R","M","?","E","R","B",null,"M","$","M","?","M","R","M","$","T","R","M","M","R","M","R","B",null,"M","$","M","?","?","E","R","M","T","M","?","R","?","?","R","B",null,"R","$","E"],"character_chosen":"DEFECT","items_purchased":["Self Repair","Happy Flower"],"campfire_rested":1,"item_purchase_floors":[4,19],"current_hp_per_floor":[74,74,71,71,56,56,63,63,63,87,87,89,89,76,76,33,89,89,89,89,89,82,82,64,64,64,64,66,74,74,73,73,39,89,81,81,81,81,81,81,81,72,72,82,82,82,82,82,82,39,85,85,85,0,0],"gold":0,"neow_bonus":"HUNDRED_GOLD","is_daily":false,"chose_seed":false,"campfire_upgraded":10,"win_rate":0.0,"timestamp":1611316845,"path_taken":["M","?","M","$","?","R","M","R","T","E","R","M","?","E","R","BOSS","M","?","?","?","M","R","M","$","T","R","M","M","R","M","R","BOSS","M","$","?","?","?","E","R","?","T","M","?","R","?","?","R","BOSS","R","$","E"],"items_purchased_type":["Card","Relic"],"build_version":"2020-12-22","purchased_purges":2,"victory":false,"max_hp_per_floor":[75,75,75,75,75,75,75,75,75,89,89,89,89,89,89,89,89,89,89,89,89,89,89,89,89,89,89,89,89,89,89,89,89,89,89,89,89,89,89,89,89,89,89,89,89,89,89,85,85,85,85,85,85,85,85],"card_choices":[{"not_picked":["Hologram","Chaos"],"picked":"Glacier","floor":1.0},{"not_picked":["Go for the Eyes","Capacitor","Gash"],"picked":"SKIP","floor":3.0},{"not_picked":["Steam Power","Gash","Steam"],"picked":"SKIP","floor":7.0},{"not_picked":["Fission","Amplify"],"picked":"Hyperbeam","floor":10.0},{"not_picked":["Sweeping Beam","Undo"],"picked":"Leap","floor":12.0},{"not_picked":["Aggregate","Hologram"],"picked":"Ball Lightning","floor":14.0},{"not_picked":["Buffer","Multi-Cast"],"picked":"Creative AI","floor":16.0},{"not_picked":["Barrage","Rebound","Capacitor+1"],"picked":"SKIP","floor":18.0},{"not_picked":["Coolheaded","Barrage","Recycle+1"],"picked":"SKIP","floor":20.0},{"not_picked":["Beam Cell","Genetic Algorithm","Rebound"],"picked":"SKIP","floor":22.0},{"not_picked":["Ball Lightning","Hologram"],"picked":"Streamline+1","floor":24.0},{"not_picked":["Sweeping Beam","Scrape"],"picked":"Thunder Strike","floor":28.0},{"not_picked":["BootSequence","Blizzard","Sweeping Beam+1"],"picked":"SKIP","floor":29.0},{"not_picked":["Undo","Leap"],"picked":"Reinforced Body","floor":31.0},{"not_picked":["Ball Lightning+1","Sweeping Beam+1"],"picked":"Undo+1","floor":35.0},{"not_picked":["BootSequence","Reprogram","Stack+1"],"picked":"SKIP","floor":37.0},{"not_picked":["Coolheaded","Compile Driver","Loop"],"picked":"SKIP","floor":42.0},{"not_picked":["Force Field+1","Redo"],"picked":"Sweeping Beam+1","floor":44.0}],"player_experience":124895,"relics_obtained":[{"floor":9.0,"key":"Lantern"},{"floor":10.0,"key":"Mango"},{"floor":14.0,"key":"Orichalcum"}],"event_choices":[{"damage_healed":0.0,"max_hp_gain":0.0,"max_hp_loss":0.0,"gold_gain":0.0,"event_name":"Living Wall","player_choice":"Grow","floor":2.0,"gold_loss":0.0,"damage_taken":0.0,"cards_upgraded":["Zap"]},{"damage_healed":0.0,"max_hp_gain":0.0,"max_hp_loss":0.0,"gold_gain":0.0,"event_name":"Shining Light","player_choice":"Entered Light","floor":5.0,"gold_loss":0.0,"damage_taken":15.0,"cards_upgraded":["Defend_B","Dualcast"]},{"cards_removed":["Defend_B"],"damage_healed":0.0,"max_hp_gain":0.0,"max_hp_loss":0.0,"gold_gain":0.0,"event_name":"Bonfire Elementals","player_choice":"Offered Basic","floor":13.0,"gold_loss":0.0,"damage_taken":0.0},{"damage_healed":0.0,"max_hp_gain":0.0,"max_hp_loss":0.0,"gold_gain":0.0,"event_name":"Lab","player_choice":"Got Potions","floor":21.0,"gold_loss":0.0,"damage_taken":0.0},{"cards_removed":["Defend_B"],"damage_healed":0.0,"max_hp_gain":0.0,"max_hp_loss":0.0,"gold_gain":0.0,"event_name":"Falling","player_choice":"Removed Skill","floor":38.0,"gold_loss":0.0,"damage_taken":0.0},{"cards_removed":["Strike_B"],"damage_healed":0.0,"max_hp_gain":0.0,"max_hp_loss":0.0,"gold_gain":0.0,"event_name":"Purifier","player_choice":"Purged","floor":39.0,"gold_loss":0.0,"damage_taken":0.0},{"damage_healed":0.0,"max_hp_gain":0.0,"max_hp_loss":0.0,"gold_gain":0.0,"event_name":"SensoryStone","player_choice":"Memory 1","floor":45.0,"gold_loss":0.0,"damage_taken":0.0},{"damage_healed":0.0,"max_hp_gain":0.0,"max_hp_loss":0.0,"gold_gain":0.0,"event_name":"Mysterious Sphere","player_choice":"Ignored","floor":47.0,"gold_loss":0.0,"damage_taken":0.0},{"damage_healed":0.0,"max_hp_gain":0.0,"max_hp_loss":4.0,"gold_gain":0.0,"event_name":"Winding Halls","player_choice":"Max HP","floor":48.0,"gold_loss":0.0,"damage_taken":0.0}],"is_beta":false,"boss_relics":[{"not_picked":["Busted Crown","Black Star"],"picked":"Ectoplasm"},{"not_picked":["Nuclear Battery","Inserter"],"picked":"Sozu"}],"items_purged_floors":[4,19],"is_endless":false,"potions_floor_spawned":[1,7,12,14,18,22,28,29,33,35,37,44],"killed_by":"Shield and Spear","ascension_level":0}}