{"host":"oc9j5nmpwz4e9fqj","time":1611312214,"event":{"mods":["AchievementEnabler","BaseMod","Conspire","KomeijiMod","Minty Spire (QoL Compilation)","Quick Restart","Replay The Spire","Shop Mod","StSLib","TestMod","Yuri Mod","[IsaacMod]ÒÔÈö¼âËþ"],"gold_per_floor":[467,467,467,814,402,427,427,427,451,263,289,289,322,6,6,1950,1950,2283,2693,2693,3131,2505,2530,2530,2530,2553,3027,3367,2977,3442,3934,3934,5820,5820,6163,6604,6926,6757,7123,7123,7597,7014,7014,7047,7562,7597,7640,8157,8157,8173,8195,8195,8195,7692,7734,7750],"floor_reached":57,"language":"ZHS","playtime":2305,"items_purged":["Strike_G","Strike_G","Strike_G","Strike_G","Defend_G"],"score":4329,"play_id":"b635c01c-cf26-497e-aff7-d5c8f24236bf","local_time":"20210122194334","is_ascension_mode":true,"campfire_choices":[{"floor":8,"key":"RECALL"},{"floor":15,"key":"REST"},{"floor":32,"key":"REST"},{"data":"RitualDagger","floor":40,"key":"SMITH"},{"data":"Adrenaline","floor":40,"key":"SMITH"},{"data":"Bouncing Flask","floor":49,"key":"SMITH"},{"data":"Glass Knife","floor":49,"key":"SMITH"},{"data":"Poisoned Stab","floor":53,"key":"SMITH"},{"data":"Adrenaline","floor":53,"key":"SMITH"}],"circlet_count":0,"master_deck":["AscendersBane","Strike_G","Defend_G","Defend_G","Defend_G","Defend_G","Survivor","Neutralize","Bane","Glass Knife+1","Adrenaline+1","Adrenaline+1","Poison Darts","Noxious Fumes","Backstab","RitualDagger+1","Poisoned Stab+1","Bullet Time","Toxin Wave","Deadly Poison","Die Die Die","Bouncing Flask+1"],"relics":["Ring of the Snake","testmod-TestBox","HushsDoor","BookOfRevelations","testmod-Justice","MoneyPower","YumHeart","DeadEye","Smiling Mask","Replay:WaspNest","testmod-FatalChain","testmod-ObsoleteBoomerang","testmod-Alchemist","HornCleat","Gremlin Horn","Replay:Mystery Machine","PreservedInsect","Boot","OrangePellets","Replay:Arrowhead","testmod-Muramasa","EdensBlessing","Anchor","Paper Crane","Replay:Bandana","testmod-EqualTreatment","Dream Catcher","Chemical X","Blood Vial","Bronze Scales","testmod-BlackFramedGlasses"],"acts_visited":["Exordium","TheCity","TheBeyond","TheEnding"],"potions_floor_usage":[6,11,11,16,16,21,28,56],"damage_taken":[{"damage":2,"enemies":"2 Louse","floor":1,"turns":3},{"damage":1,"enemies":"Jaw Worm","floor":4,"turns":6},{"damage":20,"enemies":"Replay:BlueRogue","floor":6,"turns":10},{"damage":14,"enemies":"Lagavulin","floor":11,"turns":7},{"damage":37,"enemies":"3 Sentries","floor":13,"turns":6},{"damage":30,"enemies":"Fading Forest","floor":16,"turns":13},{"damage":0,"enemies":"2 Thieves","floor":18,"turns":1},{"damage":0,"enemies":"3 Byrds","floor":19,"turns":2},{"damage":0,"enemies":"Snake Plant","floor":21,"turns":1},{"damage":0,"enemies":"conspire:Head Lice","floor":23,"turns":1},{"damage":0,"enemies":"conspire:HollyBat","floor":27,"turns":5},{"damage":0,"enemies":"Centurion and Healer","floor":28,"turns":1},{"damage":0,"enemies":"Snake Plant","floor":30,"turns":1},{"damage":28,"enemies":"conspire:HollyBat","floor":31,"turns":6},{"damage":5,"enemies":"Pondfish","floor":33,"turns":4},{"damage":7,"enemies":"3 Shapes","floor":35,"turns":1},{"damage":0,"enemies":"Orb Walker","floor":36,"turns":1},{"damage":0,"enemies":"Writhing Mass","floor":37,"turns":1},{"damage":0,"enemies":"3 Darklings","floor":39,"turns":1},{"damage":0,"enemies":"Transient","floor":41,"turns":5},{"damage":0,"enemies":"Reptomancer","floor":44,"turns":1},{"damage":0,"enemies":"Writhing Mass","floor":45,"turns":1},{"damage":0,"enemies":"Mind Bloom Boss Battle","floor":46,"turns":1},{"damage":0,"enemies":"Giant Head","floor":47,"turns":1},{"damage":0,"enemies":"Spire Growth","floor":48,"turns":1},{"damage":14,"enemies":"Donu and Deca","floor":50,"turns":2},{"damage":15,"enemies":"Awakened One","floor":51,"turns":3},{"damage":0,"enemies":"Shield and Spear","floor":55,"turns":1},{"damage":40,"enemies":"The Heart","floor":56,"turns":5}],"seed_played":"1371346895923601090","potions_obtained":[{"floor":1,"key":"Dexterity Potion"},{"floor":4,"key":"Adrenaline Potion"},{"floor":7,"key":"Regen Potion"},{"floor":11,"key":"Explosive Potion"},{"floor":13,"key":"Fruit Juice"},{"floor":18,"key":"testmod-SpacePotion"},{"floor":19,"key":"PowerPotion"},{"floor":21,"key":"AttackPotion"},{"floor":21,"key":"Fire Potion"},{"floor":27,"key":"GamblersBrew"},{"floor":28,"key":"testmod-SpacePotion"},{"floor":37,"key":"DistilledChaos"}],"is_trial":false,"path_per_floor":["M","?","?","M","$","E","?","R","T","$","E","?","E","$","R","B",null,"M","M","?","M","$","E","?","T","T","M","M","$","M","M","R","B",null,"M","M","M","$","M","R","M","$","T","E","M","?","E","M","R","B","B",null,"R","$","E","B",null],"character_chosen":"THE_SILENT","items_purchased":["MoneyPower","Glass Knife","Replay:WaspNest","HornCleat","Gremlin Horn","Boot","OrangePellets","Anchor","Paper Crane","Replay:Bandana","Die Die Die","Chemical X","Blood Vial","Bronze Scales"],"campfire_rested":2,"item_purchase_floors":[5,10,14,22,22,29,29,38,42,42,42,54,54,54],"current_hp_per_floor":[63,63,63,62,62,42,42,42,42,42,65,65,28,28,49,48,70,70,70,70,70,70,70,64,64,64,64,64,64,64,36,59,54,71,64,64,64,64,64,64,64,64,64,64,64,64,64,64,64,50,35,77,77,77,77,40],"gold":7750,"neow_bonus":"TEN_PERCENT_HP_BONUS","is_daily":false,"chose_seed":false,"campfire_upgraded":6,"win_rate":0.0,"timestamp":1611312214,"path_taken":["M","?","?","?","$","E","?","R","T","$","E","?","E","?","R","BOSS","M","M","?","M","?","E","?","?","T","M","M","$","?","M","R","BOSS","M","?","?","$","M","R","M","$","T","E","M","?","E","M","R","BOSS","BOSS","R","$","E","BOSS"],"items_purchased_type":["Relic","Card","Relic","Relic","Relic","Relic","Relic","Relic","Relic","Relic","Card","Relic","Relic","Relic"],"build_version":"2020-12-22","purchased_purges":5,"victory":true,"max_hp_per_floor":[72,72,72,72,72,72,72,72,72,72,72,72,72,72,72,77,77,77,77,77,77,77,77,77,77,77,77,77,77,77,77,77,77,77,77,77,77,77,77,77,77,77,77,77,77,77,77,77,77,77,77,77,77,77,77,77],"card_choices":[{"not_picked":["Prepared","Heel Hook","Cloak And Dagger"],"picked":"SKIP","floor":1},{"not_picked":["Quick Slash","Cloak And Dagger","Reflex"],"picked":"SKIP","floor":1},{"not_picked":["Deflect","Acrobatics","Outmaneuver"],"picked":"SKIP","floor":4},{"not_picked":["Flying Knee","Deflect","Slice"],"picked":"SKIP","floor":4},{"not_picked":["Catalyst","Blade Dance"],"picked":"Bane","floor":6},{"not_picked":["Replay:Bag of Tricks","Slice","Bane"],"picked":"SKIP","floor":11},{"not_picked":["ReplayTheSpireMod:Tripwire","Underhanded Strike","ReplayTheSpireMod:Necrosis"],"picked":"SKIP","floor":13},{"not_picked":["After Image","Burst"],"picked":"Adrenaline","floor":16},{"not_picked":["Atom Bomb","After Image"],"picked":"Adrenaline","floor":16},{"not_picked":["Storm of Steel","Tools of the Trade"],"picked":"Poison Darts","floor":16},{"not_picked":["Blade Dance","Hidden Blade","Fluid Movement"],"picked":"SKIP","floor":18},{"not_picked":["Bane","Riddle With Holes","Concentrate"],"picked":"SKIP","floor":18},{"not_picked":["Cloak And Dagger","Slice"],"picked":"Noxious Fumes","floor":19},{"not_picked":["Acrobatics","Prepared","Dodge and Roll"],"picked":"SKIP","floor":19},{"not_picked":["Blur","Setup"],"picked":"Backstab","floor":21},{"not_picked":["Dodge and Roll","Blade Dance","Outmaneuver"],"picked":"SKIP","floor":21},{"not_picked":["Dash","Choke","Escape Plan+1"],"picked":"SKIP","floor":23},{"not_picked":["Slice","Outmaneuver"],"picked":"Poisoned Stab","floor":27},{"not_picked":["Dagger Throw","Malaise","Bane+1"],"picked":"SKIP","floor":27},{"not_picked":["Quick Slash","PiercingWail"],"picked":"Bullet Time","floor":28},{"not_picked":["Infinite Blades","Caltrops","Skewer"],"picked":"SKIP","floor":28},{"not_picked":["Flying Knee","conspire:DoublingDagger"],"picked":"Toxin Wave","floor":30},{"not_picked":["Skewer","Slice"],"picked":"Deadly Poison","floor":30},{"not_picked":["Leg Sweep","ReplayTheSpireMod:Speed Training","Blade Dance"],"picked":"SKIP","floor":31},{"not_picked":["Setup","Tactician","Quick Slash+1"],"picked":"SKIP","floor":31},{"not_picked":["Outmaneuver+1","Deadly Poison","Terror"],"picked":"SKIP","floor":35},{"not_picked":["Sucker Punch","Blade Dance+1","Deflect+1"],"picked":"SKIP","floor":35},{"not_picked":["Underhanded Strike","Dagger Throw","Hidden Blade+1"],"picked":"SKIP","floor":36},{"not_picked":["Outmaneuver","Dagger Throw+1","Bane"],"picked":"SKIP","floor":36},{"not_picked":["ReplayTheSpireMod:Scrap Shanks","Quick Slash","Deadly Poison+1"],"picked":"SKIP","floor":37},{"not_picked":["Predator","Poisoned Stab","Outmaneuver+1"],"picked":"SKIP","floor":37},{"not_picked":["Caltrops","Deflect","Leg Sweep"],"picked":"SKIP","floor":39},{"not_picked":["Acrobatics","A Thousand Cuts","Hidden Blade"],"picked":"SKIP","floor":39},{"not_picked":["Backflip","Deadly Poison","Envenom"],"picked":"SKIP","floor":41},{"not_picked":["Well Laid Plans","Backflip","Masterful Stab+1"],"picked":"SKIP","floor":41},{"not_picked":["PiercingWail","Acrobatics","Accuracy"],"picked":"SKIP","floor":44},{"not_picked":["Flying Knee","Backflip","Deadly Poison"],"picked":"SKIP","floor":45},{"not_picked":["Deadly Poison","Dagger Spray","Blade Dance"],"picked":"SKIP","floor":45},{"not_picked":["Storm of Steel","ReplayTheSpireMod:The Works"],"picked":"Bouncing Flask","floor":47},{"not_picked":["Blade Dance","Cloak And Dagger","Deflect"],"picked":"SKIP","floor":48},{"not_picked":["Deflect","All Out Attack","Well Laid Plans"],"picked":"SKIP","floor":48},{"not_picked":["Reflex","Bullet Time","All Out Attack"],"picked":"SKIP","floor":55}],"player_experience":232756,"relics_obtained":[{"floor":6,"key":"YumHeart"},{"floor":11,"key":"DeadEye"},{"floor":13,"key":"Smiling Mask"},{"floor":16,"key":"testmod-FatalChain"},{"floor":16,"key":"testmod-ObsoleteBoomerang"},{"floor":16,"key":"testmod-Alchemist"},{"floor":23,"key":"Replay:Mystery Machine"},{"floor":26,"key":"PreservedInsect"},{"floor":33,"key":"Replay:Arrowhead"},{"floor":33,"key":"testmod-Muramasa"},{"floor":33,"key":"EdensBlessing"},{"floor":46,"key":"testmod-EqualTreatment"},{"floor":47,"key":"Dream Catcher"},{"floor":55,"key":"testmod-BlackFramedGlasses"}],"event_choices":[{"damage_healed":0,"gold_gain":0,"player_choice":"Got Potions","damage_taken":0,"max_hp_gain":0,"max_hp_loss":0,"event_name":"Lab","floor":7,"gold_loss":0},{"damage_healed":0,"gold_gain":0,"player_choice":"Disagree","damage_taken":0,"max_hp_gain":0,"max_hp_loss":0,"event_name":"conspire:LoneGhost","floor":12,"gold_loss":0},{"damage_healed":0,"gold_gain":0,"player_choice":"Joined the Cult","damage_taken":6,"max_hp_gain":0,"max_hp_loss":0,"event_name":"Nest","floor":24,"gold_loss":0,"cards_obtained":["RitualDagger"]},{"damage_healed":0,"gold_gain":0,"player_choice":"Fight","damage_taken":0,"max_hp_gain":0,"max_hp_loss":0,"event_name":"MindBloom","floor":46,"gold_loss":0}],"is_beta":false,"boss_relics":[{"not_picked":["Replay:Grab Bag","ChewingGum","Replay:Bronze Core"]},{"not_picked":["testmod-TimeTraveler","testmod-StringDisintegrator","testmod-IncinerationGenerator"]}],"items_purged_floors":[5,10,14,22,29],"is_endless":false,"potions_floor_spawned":[1,1,4,11,13,18,19,21,21,27,27,27,28,28,31,31,36,37,37,37,39,41,41,45,46,47,48],"ascension_level":20}}