{"host":"8i58hvcssdezoe94","time":1611297468,"event":{"mods":["Act Like it!","BaseMod","Colored Map","Conspire","Gensokyo","KinomotoSakuraMod(木之本樱)","Marisa（F雨　魔理沙）","Minty Spire (QoL Compilation)","Quick Restart","Remilia（蕾米莉亚）","Replay The Spire","StSLib","The Animator","The Bug Knight","The Construct","The Cursed","The Hierophant","The Jungle","The Servant 0.9.4"],"gold_per_floor":[116,135,155,40,40,40,40,55,55,75,75,290,316,328,328,425,425,445,445,445,461,98,124,124,138,138,148,159,159,159,25,25,25,25],"floor_reached":33,"language":"ZHS","playtime":1931,"items_purged":["Normality"],"score":294,"play_id":"932120f1-d7f1-4da3-ab6b-5e65be9457a9","local_time":"20210122143748","is_ascension_mode":false,"campfire_choices":[{"floor":6,"key":"RECALL"},{"floor":15,"key":"REST"},{"floor":24,"key":"REST"},{"floor":29,"key":"REST"},{"data":"Loop","floor":32,"key":"SMITH"}],"circlet_count":0,"master_deck":["Strike_B","Strike_B","Strike_B","Strike_B","Defend_B","Defend_B","Defend_B","Defend_B","Zap","Dualcast","Beam Cell","Redo","Leap","Gensokyo:CrescentMoonSlash","Coolheaded","Sweeping Beam","Compile Driver","Loop+1","Go for the Eyes","Hyperbeam","White Noise+1","Rebound","Genetic Algorithm","Storm","Leap","Cold Snap","Flash of Steel","Leap","Conserve Battery","Ball Lightning","Cold Snap","Coolheaded","Glacier+1"],"relics":["Cracked Core","NeowsBlessing","Strawberry","Peace Pipe","Oddly Smooth Stone","SacredBark","BargainBundle","Blue Doll","Mercury Hourglass","White Beast Statue"],"acts_visited":["Gensokyo:Gensokyo","TheCity"],"potions_floor_usage":[28],"damage_taken":[{"damage":0,"enemies":"Gensokyo:3_Fairies","floor":1,"turns":1},{"damage":0,"enemies":"Gensokyo:2_Kodama","floor":2,"turns":1},{"damage":0,"enemies":"Gensokyo:Gryphon","floor":3,"turns":1},{"damage":8,"enemies":"Gensokyo:Kitsune","floor":8,"turns":4},{"damage":0,"enemies":"Gensokyo:Python_and_Kodama","floor":10,"turns":4},{"damage":10,"enemies":"Gensokyo:Gryphon_and_Rabbit","floor":12,"turns":5},{"damage":13,"enemies":"Gensokyo:Cirno","floor":13,"turns":5},{"damage":1,"enemies":"Gensokyo:2_Rabbits","floor":14,"turns":3},{"damage":42,"enemies":"Gensokyo:Reimu","floor":16,"turns":12},{"damage":40,"enemies":"3 Byrds","floor":18,"turns":5},{"damage":10,"enemies":"Shell Parasite","floor":21,"turns":8},{"damage":23,"enemies":"Replay:Snechameleon","floor":23,"turns":12},{"damage":5,"enemies":"conspire:HollyBat","floor":25,"turns":10},{"damage":2,"enemies":"Chosen and Byrds","floor":27,"turns":6},{"damage":22,"enemies":"Centurion and Healer","floor":28,"turns":6},{"damage":46,"enemies":"Champ","floor":33,"turns":14}],"seed_played":"-762835241515805355","potions_obtained":[{"floor":2,"key":"Swift Potion"},{"floor":8,"key":"Swift Potion"},{"floor":10,"key":"SpeedPotion"},{"floor":28,"key":"Fruit Juice"}],"is_trial":false,"path_per_floor":["M","M","M","COS","?","R","T","M","T","M","?","M","E","M","R","B",null,"M","?","?","M","$","E","R","M","T","M","M","R","?","$","R","B"],"character_chosen":"DEFECT","items_purchased":["BargainBundle","Genetic Algorithm","Storm","Leap","Cold Snap","Flash of Steel","Blue Doll","Coolheaded","Glacier+1"],"campfire_rested":3,"item_purchase_floors":[22,22,22,22,22,22,22,31,31],"current_hp_per_floor":[75,75,75,75,64,64,64,56,63,63,63,53,40,39,63,21,82,42,42,42,32,32,9,33,28,28,26,14,41,41,41,41,0,0],"gold":25,"neow_bonus":"THREE_ENEMY_KILL","is_daily":false,"chose_seed":false,"campfire_upgraded":1,"win_rate":0.0,"timestamp":1611297468,"path_taken":["M","M","M","COS","?","R","?","M","T","M","?","M","E","M","R","BOSS","M","?","?","M","$","E","R","M","T","M","M","R","?","?","R","BOSS"],"items_purchased_type":["Relic","Card","Card","Card","Card","Card","Relic","Card","Card"],"build_version":"2020-12-22","purchased_purges":1,"victory":false,"max_hp_per_floor":[75,75,75,75,75,75,75,75,82,82,82,82,82,82,82,82,82,82,82,82,82,82,82,82,82,82,82,92,92,92,92,92,92,92],"card_choices":[{"not_picked":["ReplayTheSpireMod:System Scan","Turbo"],"picked":"Beam Cell","floor":1},{"not_picked":["Coolheaded","Turbo"],"picked":"Redo","floor":2},{"not_picked":["Heatsinks","Panic Button"],"picked":"Leap","floor":3},{"not_picked":["Beam Cell","ReplaySolidLightProjector"],"picked":"Coolheaded","floor":8},{"not_picked":["Machine Learning","BasicCrystalCard"],"picked":"Sweeping Beam","floor":10},{"not_picked":["Streamline","ReplayTheSpireMod:Repulse"],"picked":"Compile Driver","floor":12},{"not_picked":["Recycle","Steam"],"picked":"Loop","floor":13},{"not_picked":["Beam Cell","BasicCrystalCard"],"picked":"Go for the Eyes","floor":14},{"not_picked":["ReplayRNGCard","Electrodynamics"],"picked":"Hyperbeam","floor":16},{"not_picked":["Sweeping Beam","Ball Lightning"],"picked":"White Noise+1","floor":18},{"not_picked":["Gash","Reprogram"],"picked":"Rebound","floor":21},{"not_picked":["Rebound","ReplayTheSpireMod:Repulse"],"picked":"Leap","floor":23},{"not_picked":["Barrage","Gash"],"picked":"Conserve Battery","floor":25},{"not_picked":["Streamline","Barrage+1"],"picked":"Ball Lightning","floor":27},{"not_picked":["Hello World","Static Discharge"],"picked":"Cold Snap","floor":28}],"player_experience":72298,"relics_obtained":[{"floor":9,"key":"Strawberry"},{"floor":13,"key":"Oddly Smooth Stone"},{"floor":23,"key":"Mercury Hourglass"},{"floor":26,"key":"White Beast Statue"}],"event_choices":[{"damage_healed":0,"gold_gain":0,"player_choice":"Ignored","damage_taken":0,"max_hp_gain":0,"max_hp_loss":0,"event_name":"Ghosts","floor":20,"gold_loss":0}],"is_beta":false,"boss_relics":[{"not_picked":["Fusion Hammer","Empty Cage"],"picked":"SacredBark"}],"items_purged_floors":[31],"is_endless":false,"potions_floor_spawned":[2,8,10,21,27,28],"killed_by":"Champ","ascension_level":0}}