{"host":"rb2p2z6v6vieend5","time":1611349087,"event":{"mods":["BaseMod","Block Reminder","Colored Map","DeckTracker","Highlight Path","Minty Spire (QoL Compilation)","Random Character Button","Relic Stats"],"gold_per_floor":[118,131,131,149,149,149,176,176,176,191,211,237,237,270,270,366,366,377,377,393,404,504,504,524,524,524,538,555,555,565,582,582,582,582],"floor_reached":33,"language":"ENG","playtime":1302,"items_purged":[],"score":366,"play_id":"5aaae3fe-43c3-42a3-8bcd-8c03e799f1f7","local_time":"20210122215807","is_ascension_mode":true,"campfire_choices":[{"data":"Zap","floor":6,"key":"SMITH"},{"data":"Dualcast","floor":13,"key":"SMITH"},{"floor":15,"key":"REST"},{"floor":23,"key":"REST"},{"data":"Electrodynamics","floor":25,"key":"SMITH"},{"floor":29,"key":"REST"},{"floor":32,"key":"REST"}],"circlet_count":0,"master_deck":["Strike_B","Strike_B","Strike_B","Strike_B","Defend_B","Defend_B","Defend_B","Defend_B","Zap+1","Dualcast+1","Cold Snap","Doom and Gloom","Ball Lightning+1","Parasite","Electrodynamics+1","Static Discharge","Loop","Leap"],"relics":["Cracked Core","Emotion Chip","Molten Egg 2","Bag of Preparation","Oddly Smooth Stone","Toy Ornithopter","Nuclear Battery","Mercury Hourglass"],"acts_visited":["Exordium","TheCity"],"potions_floor_usage":[7,28,31,33,33],"damage_taken":[{"damage":14,"enemies":"Jaw Worm","floor":1,"turns":4},{"damage":3,"enemies":"2 Louse","floor":2,"turns":3},{"damage":0,"enemies":"Small Slimes","floor":4,"turns":3},{"damage":18,"enemies":"Lagavulin","floor":7,"turns":4},{"damage":0,"enemies":"Red Slaver","floor":10,"turns":3},{"damage":1,"enemies":"Looter","floor":11,"turns":2},{"damage":9,"enemies":"3 Sentries","floor":12,"turns":4},{"damage":14,"enemies":"Gremlin Nob","floor":14,"turns":3},{"damage":17,"enemies":"The Guardian","floor":16,"turns":9},{"damage":12,"enemies":"3 Byrds","floor":18,"turns":2},{"damage":3,"enemies":"Spheric Guardian","floor":20,"turns":3},{"damage":23,"enemies":"Snecko","floor":21,"turns":6},{"damage":11,"enemies":"Centurion and Healer","floor":24,"turns":3},{"damage":11,"enemies":"Snake Plant","floor":27,"turns":3},{"damage":4,"enemies":"3 Cultists","floor":28,"turns":2},{"damage":19,"enemies":"Centurion and Healer","floor":30,"turns":3},{"damage":10,"enemies":"Shelled Parasite and Fungi","floor":31,"turns":5},{"damage":82,"enemies":"Automaton","floor":33,"turns":6}],"seed_played":"-2773019294951004288","potions_obtained":[{"floor":4,"key":"SteroidPotion"},{"floor":7,"key":"Regen Potion"},{"floor":12,"key":"FearPotion"},{"floor":14,"key":"BlessingOfTheForge"},{"floor":18,"key":"Swift Potion"},{"floor":31,"key":"Fire Potion"}],"is_trial":false,"path_per_floor":["M","M","?","M","?","R","E","?","T","M","M","E","R","E","R","B",null,"M","?","M","M","?","R","M","R","T","M","M","R","M","M","R","B"],"character_chosen":"DEFECT","items_purchased":[],"campfire_rested":4,"item_purchase_floors":[],"current_hp_per_floor":[54,51,51,51,44,44,26,44,44,44,43,34,34,20,42,25,63,51,45,42,19,19,41,30,30,30,19,20,42,23,18,40,0,0],"gold":582,"neow_bonus":"ONE_RARE_RELIC","is_daily":false,"chose_seed":false,"campfire_upgraded":3,"win_rate":0.0,"timestamp":1611349087,"path_taken":["M","M","?","M","?","R","E","?","T","M","M","E","R","E","R","BOSS","M","?","M","?","?","R","M","R","T","M","M","R","?","M","R","BOSS"],"items_purchased_type":[],"build_version":"2020-12-22","purchased_purges":0,"victory":false,"max_hp_per_floor":[75,75,75,75,75,75,75,75,75,75,75,75,75,75,75,75,75,75,75,75,75,75,75,75,75,75,75,75,75,75,75,75,75,75],"relic_stats":{"Emotion Chip":[58,33,10,15,0],"counters":[18,68],"Bag of Preparation":[28],"obtain_stats":[{"Emotion Chip":0,"Oddly Smooth Stone":12,"Molten Egg 2":7,"Bag of Preparation":9,"Cracked Core":0,"Toy Ornithopter":14,"Nuclear Battery":17,"Mercury Hourglass":26},{"Emotion Chip":0,"Oddly Smooth Stone":7,"Molten Egg 2":4,"Bag of Preparation":4,"Cracked Core":0,"Toy Ornithopter":8,"Nuclear Battery":9,"Mercury Hourglass":13},{"Emotion Chip":0,"Oddly Smooth Stone":23,"Molten Egg 2":14,"Bag of Preparation":14,"Cracked Core":0,"Toy Ornithopter":26,"Nuclear Battery":35,"Mercury Hourglass":49}],"Toy Ornithopter":20,"Mercury Hourglass":[63]},"card_choices":[{"not_picked":["Beam Cell","Stack"],"picked":"Cold Snap","floor":1},{"not_picked":["Compile Driver","Ball Lightning"],"picked":"Doom and Gloom","floor":2},{"not_picked":["Compile Driver","Go for the Eyes","Scrape"],"picked":"SKIP","floor":4},{"not_picked":["Rebound+1","Go for the Eyes+1"],"picked":"Ball Lightning+1","floor":7},{"not_picked":["Compile Driver+1","Skim","Rebound+1"],"picked":"SKIP","floor":10},{"not_picked":["Double Energy","Beam Cell+1","Multi-Cast"],"picked":"SKIP","floor":11},{"not_picked":["Redo","Aggregate","Heatsinks"],"picked":"SKIP","floor":12},{"not_picked":["Steam","Tempest","Compile Driver+1"],"picked":"SKIP","floor":14},{"not_picked":["Amplify","Echo Form"],"picked":"Electrodynamics","floor":16},{"not_picked":["Gash+1","Capacitor+1"],"picked":"Static Discharge","floor":18},{"not_picked":["Hologram","Force Field","Scrape+1"],"picked":"SKIP","floor":20},{"not_picked":["Rebound+1","Force Field"],"picked":"Loop","floor":21},{"not_picked":["Gash+1","Turbo+1","Hyperbeam+1"],"picked":"SKIP","floor":24},{"not_picked":["Streamline+1","Barrage+1"],"picked":"Leap","floor":27},{"not_picked":["Steam","Turbo","Gash+1"],"picked":"SKIP","floor":28},{"not_picked":["Conserve Battery+1","Steam","Beam Cell+1"],"picked":"SKIP","floor":30},{"not_picked":["Streamline+1","Turbo","Skim+1"],"picked":"SKIP","floor":31}],"player_experience":588576,"relics_obtained":[{"floor":7,"key":"Molten Egg 2"},{"floor":9,"key":"Bag of Preparation"},{"floor":12,"key":"Oddly Smooth Stone"},{"floor":14,"key":"Toy Ornithopter"},{"floor":26,"key":"Mercury Hourglass"}],"event_choices":[{"damage_healed":0,"gold_gain":0,"player_choice":"Ignored","damage_taken":0,"max_hp_gain":0,"max_hp_loss":0,"event_name":"Liars Game","floor":3,"gold_loss":0},{"cards_removed":["Shame"],"damage_healed":0,"gold_gain":0,"player_choice":"Card Removal","damage_taken":7,"max_hp_gain":0,"max_hp_loss":0,"event_name":"Golden Wing","floor":5,"gold_loss":0},{"damage_healed":18,"gold_gain":0,"player_choice":"Healed and dodged fight","damage_taken":0,"max_hp_gain":0,"max_hp_loss":0,"event_name":"Mushrooms","floor":8,"gold_loss":0,"cards_obtained":["Parasite"]},{"damage_healed":0,"gold_gain":0,"player_choice":"","damage_taken":6,"max_hp_gain":0,"max_hp_loss":0,"event_name":"Knowing Skull","floor":19,"potions_obtained":[],"gold_loss":0,"cards_obtained":[]},{"damage_healed":0,"gold_gain":100,"player_choice":"Pray","damage_taken":0,"max_hp_gain":0,"max_hp_loss":0,"event_name":"Golden Shrine","floor":22,"gold_loss":0}],"is_beta":false,"boss_relics":[{"not_picked":["Coffee Dripper","FrozenCore"],"picked":"Nuclear Battery"}],"items_purged_floors":[],"is_endless":false,"potions_floor_spawned":[4,7,12,14,18,20,24,31],"killed_by":"Automaton","ascension_level":7}}