{"host":"v67gr4iepfhi0qby","time":1611300352,"event":{"mods":["BaseMod","Downfall","Minty Spire (QoL Compilation)","StSLib"],"gold_per_floor":[99,111,111,17,36,55,79,91,15,33,51,51,5,5,22,126,126,126,126,139,239,252,268,294,294,294,320,0,20,102,102,124,220,220,220,242,254,271,271,5,28,47,65,65,76,76,76,95,95,95],"floor_reached":51,"language":"ENG","playtime":4709,"items_purged":["hexamod:Defend","hexamod:Defend"],"score":668,"play_id":"829fdda4-eee9-4751-a9f0-58a43046f040","local_time":"20210122002552","is_ascension_mode":false,"campfire_choices":[{"data":"hexamod:Float","floor":1,"key":"SMITH"},{"data":"hexamod:BacktrackSmack","floor":12,"key":"SMITH"},{"data":"hexamod:GhostflameInferno","floor":18,"key":"SMITH"},{"data":"hexamod:HeatCrush","floor":26,"key":"SMITH"},{"data":"hexamod:ForkedFlame","floor":35,"key":"SMITH"},{"data":"expansioncontent:DashGenerateEvil","floor":44,"key":"SMITH"},{"floor":46,"key":"REST"},{"floor":49,"key":"REST"}],"circlet_count":0,"master_deck":["hexamod:Strike","hexamod:Strike","hexamod:Strike","hexamod:Strike+1","hexamod:Defend","hexamod:Defend","hexamod:Sear+1","hexamod:Float+1","hexamod:RadiantFlame+1","hexamod:InspiringFlames+1","hexamod:EmpoweredFlame","hexamod:HauntingEcho+1","hexamod:BacktrackSmack+1","hexamod:BurningTouch","hexamod:ForkedFlame+1","hexamod:FastForward+1","hexamod:ForkedFlame","hexamod:GhostflameInferno+1","hexamod:HeatCrush+1","hexamod:ShieldOfDarkness+1","hexamod:NightmareStrike+1","hexamod:SkipABeat+1","hexamod:SoulSteal+1","hexamod:GhostflameInferno+1","hexamod:Hexaguard","hexamod:NightmareGuise+1","expansioncontent:YouAreMine+1","hexamod:PhantomFireball","hexamod:FastForward+1","hexamod:ForkedFlame+1","hexamod:FirstSeal","hexamod:HeatCrush","expansioncontent:DashGenerateEvil+1","hexamod:ExtraCrispy+1"],"relics":["hexamod:SpiritBrand","MawBank","Philosopher\u0027s Stone","Oddly Smooth Stone","White Beast Statue","ClockworkSouvenir","Busted Crown","hexamod:TheBrokenSeal","Blood Vial"],"acts_visited":["Exordium","TheCity","TheBeyond"],"potions_floor_usage":[16,16,20,23,29,29,33,33,33,36,50,50],"damage_taken":[{"damage":0,"enemies":"Jaw Worm","floor":2,"turns":3},{"damage":0,"enemies":"downfall:FleeingMerchant","floor":4,"turns":4},{"damage":0,"enemies":"Cultist","floor":5,"turns":4},{"damage":1,"enemies":"2 Louse","floor":6,"turns":2},{"damage":5,"enemies":"downfall:FleeingMerchant","floor":9,"turns":4},{"damage":3,"enemies":"Red Slaver","floor":10,"turns":3},{"damage":7,"enemies":"Exordium Thugs","floor":11,"turns":5},{"damage":2,"enemies":"downfall:FleeingMerchant","floor":13,"turns":4},{"damage":12,"enemies":"2 Fungi Beasts","floor":15,"turns":4},{"damage":31,"enemies":"IC_STATUS_ARCHETYPE","floor":16,"turns":7},{"damage":18,"enemies":"Shell Parasite","floor":20,"turns":5},{"damage":0,"enemies":"Spheric Guardian","floor":22,"turns":3},{"damage":6,"enemies":"Cultist and Chosen","floor":23,"turns":4},{"damage":4,"enemies":"Snecko","floor":27,"turns":4},{"damage":8,"enemies":"downfall:FleeingMerchant","floor":28,"turns":4},{"damage":0,"enemies":"Chosen and Byrds","floor":29,"turns":3},{"damage":23,"enemies":"downfall:FleeingMerchant","floor":30,"turns":4},{"damage":0,"enemies":"Cultist and Chosen","floor":32,"turns":5},{"damage":23,"enemies":"SI_MIRROR_ARCHETYPE","floor":33,"turns":12},{"damage":22,"enemies":"3 Darklings","floor":36,"turns":7},{"damage":3,"enemies":"3 Shapes","floor":37,"turns":2},{"damage":0,"enemies":"Transient","floor":38,"turns":5},{"damage":0,"enemies":"Writhing Mass","floor":42,"turns":3},{"damage":13,"enemies":"4 Shapes","floor":43,"turns":3},{"damage":15,"enemies":"Maw","floor":45,"turns":4},{"damage":14,"enemies":"3 Darklings","floor":48,"turns":3},{"damage":11,"enemies":"WA_ARCHETYPE_DIVINITY","floor":50,"turns":8}],"seed_played":"7736284713086458475","potions_obtained":[{"floor":5,"key":"hexamod:EctoCoolerPotion"},{"floor":8,"key":"hexamod:DoubleChargePotion"},{"floor":8,"key":"CultistPotion"},{"floor":11,"key":"EntropicBrew"},{"floor":16,"key":"Block Potion"},{"floor":20,"key":"DistilledChaos"},{"floor":22,"key":"SteroidPotion"},{"floor":29,"key":"ColorlessPotion"},{"floor":33,"key":"Fire Potion"},{"floor":33,"key":"ColorlessPotion"},{"floor":36,"key":"Block Potion"},{"floor":37,"key":"LiquidBronze"},{"floor":38,"key":"Weak Potion"}],"is_trial":false,"path_per_floor":["R","M","?","$","M","M","T","?","$","M","M","R","$","?","M","B",null,"R","?","M","?","M","M","T","?","R","M","$","M","$","?","M","B",null,"R","M","M","M","?","$","T","M","M","R","M","R","?","M","R","B",null],"character_chosen":"THE_SPIRIT","items_purchased":["hexamod:EmpoweredFlame","hexamod:SecondSeal","hexamod:FirstSeal","White Beast Statue","expansioncontent:YouAreMine","ClockworkSouvenir","hexamod:PhantomFireball","expansioncontent:DashGenerateEvil"],"campfire_rested":2,"item_purchase_floors":[4,9,13,28,30,30,30,40],"current_hp_per_floor":[77,77,77,77,77,76,76,76,71,68,61,61,59,59,47,23,77,77,77,66,66,73,67,67,67,67,70,62,69,46,46,46,23,77,77,87,84,87,87,87,87,87,74,74,61,87,87,73,87,83],"gold":95,"neow_bonus":"TEN_PERCENT_HP_BONUS","is_daily":false,"chose_seed":false,"campfire_upgraded":6,"win_rate":0.0,"timestamp":1611300352,"path_taken":["R","M","?","?","?","M","T","?","$","M","?","R","$","?","M","BOSS","R","?","M","?","M","?","T","?","R","M","$","M","$","?","M","BOSS","R","M","M","M","?","$","T","M","M","R","M","R","?","M","R","BOSS"],"items_purchased_type":["Card","Card","Card","Relic","Card","Relic","Card","Card"],"build_version":"2020-12-22","purchased_purges":2,"victory":true,"max_hp_per_floor":[77,77,77,77,77,77,77,77,77,77,77,77,77,77,77,77,77,77,77,77,77,77,77,77,77,77,77,77,77,77,77,77,77,77,77,87,87,87,87,87,87,87,87,87,87,87,87,87,87,87],"card_choices":[{"not_picked":["hexamod:HeatMetal","hexamod:AdvancingGuard"],"picked":"hexamod:RadiantFlame","floor":2},{"not_picked":["hexamod:ShieldOfDarkness","hexamod:SpectersWail"],"picked":"hexamod:InspiringFlames","floor":4},{"not_picked":["hexamod:InspiringFlames","hexamod:AdvancingGuard"],"picked":"hexamod:HauntingEcho","floor":5},{"not_picked":["hexamod:DynamicBlow","hexamod:RadiantFlame"],"picked":"hexamod:BacktrackSmack","floor":6},{"not_picked":["hexamod:BurningTouch","hexamod:GhostOfSpireFuture"],"picked":"hexamod:ThirdSeal","floor":9},{"not_picked":["hexamod:ShieldOfDarkness","hexamod:SearingWound"],"picked":"hexamod:FourthSeal","floor":10},{"not_picked":["hexamod:EtherealExpedition","hexamod:NightmareStrike","hexamod:HauntingEcho"],"picked":"SKIP","floor":10},{"not_picked":["hexamod:Incineration","hexamod:HauntingEcho","hexamod:NightmareGuise"],"picked":"SKIP","floor":11},{"not_picked":["hexamod:HexaLevel","hexamod:FastForward"],"picked":"hexamod:SixthSeal","floor":13},{"not_picked":["hexamod:Hexaguard","hexamod:EmpoweredFlame"],"picked":"hexamod:BurningTouch","floor":13},{"not_picked":["hexamod:GhostOfSpirePast","hexamod:GhostOfSpireFuture"],"picked":"hexamod:FastForward","floor":15},{"not_picked":["hexamod:TurnItUp","hexamod:VolcanoVisage"],"picked":"hexamod:ForkedFlame","floor":16},{"not_picked":["hexamod:TimeWarp","hexamod:TurnItUp"],"picked":"hexamod:GhostflameInferno","floor":16},{"not_picked":["hexamod:EtherealExpedition","hexamod:AdvancingGuard"],"picked":"hexamod:HeatCrush","floor":20},{"not_picked":["hexamod:RecurringNightmare","hexamod:HeatMetal"],"picked":"hexamod:ShieldOfDarkness+1","floor":20},{"not_picked":["hexamod:FirstSeal","hexamod:SpectralAdrenaline"],"picked":"hexamod:NightmareStrike+1","floor":22},{"not_picked":["hexamod:HeatShield","hexamod:RadiantFlame","hexamod:WildfireWeapon"],"picked":"SKIP","floor":22},{"not_picked":["hexamod:SecondSeal","hexamod:BacktrackSmack"],"picked":"hexamod:SkipABeat+1","floor":23},{"not_picked":["hexamod:GhostOfSpireFuture","hexamod:RadiantFlame","hexamod:GhostShield"],"picked":"SKIP","floor":23},{"not_picked":["hexamod:FirstSeal","hexamod:PhantomFireball"],"picked":"hexamod:GhostflameInferno","floor":27},{"not_picked":["hexamod:Again","hexamod:SpectersWail","hexamod:DynamicBlow+1"],"picked":"SKIP","floor":27},{"not_picked":["hexamod:FastForward","hexamod:SixthSeal"],"picked":"hexamod:Hexaguard","floor":28},{"not_picked":["hexamod:ShieldOfDarkness","hexamod:SoulSteal","hexamod:RetreatToShadows"],"picked":"SKIP","floor":28},{"not_picked":["hexamod:BurningTouch","hexamod:NightmareGuise+1","hexamod:ShieldOfDarkness"],"picked":"SKIP","floor":29},{"not_picked":["hexamod:ThirdSeal","hexamod:ThermalTransfer+1"],"picked":"hexamod:NightmareGuise+1","floor":30},{"not_picked":["hexamod:SpectersWail","hexamod:TimeWarp","hexamod:Firestarter"],"picked":"SKIP","floor":30},{"not_picked":["hexamod:EmpoweredFlame","hexamod:AdvancingGuard"],"picked":"hexamod:FastForward+1","floor":32},{"not_picked":["hexamod:RecurringNightmare","hexamod:StepThrough","hexamod:InspiringFlames"],"picked":"SKIP","floor":32},{"not_picked":["hexamod:FlameSwitch","hexamod:ParanormalForm"],"picked":"hexamod:ForkedFlame","floor":33},{"not_picked":["hexamod:TimeWarp","hexamod:HexaLevel"],"picked":"hexamod:FifthSeal","floor":33},{"not_picked":[],"picked":"hexamod:FirstSeal","floor":36},{"not_picked":[],"picked":"hexamod:HeatCrush","floor":36},{"not_picked":["hexamod:AdvancingGuard+1"],"picked":"SKIP","floor":37},{"not_picked":["hexamod:InspiringFlames+1"],"picked":"SKIP","floor":38},{"not_picked":["hexamod:ShieldOfDarkness+1"],"picked":"SKIP","floor":42},{"not_picked":["hexamod:GhostflameBarrier+1"],"picked":"SKIP","floor":43},{"not_picked":["hexamod:SpectralAdrenaline"],"picked":"SKIP","floor":45},{"not_picked":[],"picked":"hexamod:ExtraCrispy+1","floor":48}],"player_experience":4902,"relics_obtained":[{"floor":7,"key":"MawBank"},{"floor":24,"key":"Oddly Smooth Stone"},{"floor":41,"key":"Blood Vial"}],"event_choices":[{"damage_healed":0,"gold_gain":0,"player_choice":"Got Potions","damage_taken":0,"max_hp_gain":0,"max_hp_loss":0,"event_name":"Lab","floor":8,"gold_loss":0},{"damage_healed":0,"gold_gain":0,"player_choice":"Read","damage_taken":0,"max_hp_gain":0,"max_hp_loss":0,"event_name":"The Library","floor":25,"gold_loss":0,"cards_obtained":["hexamod:SoulSteal"]},{"damage_healed":0,"gold_gain":0,"player_choice":"Forge","damage_taken":0,"max_hp_gain":0,"max_hp_loss":0,"event_name":"Accursed Blacksmith","floor":47,"gold_loss":0,"cards_upgraded":["expansioncontent:YouAreMine"]}],"is_beta":false,"boss_relics":[{"not_picked":["Astrolabe","Runic Dome"],"picked":"Philosopher\u0027s Stone"},{"not_picked":["Snecko Eye","bronze:MakeshiftBattery"],"picked":"Busted Crown"}],"items_purged_floors":[28,40],"is_endless":false,"potions_floor_spawned":[5,10,15,22,29,30,32,33,36,37,38,42,43,45,48],"ascension_level":0}}