{"host":"r2kogfp0vqm1y5g3","time":1611354288,"event":{"mods":["AchievementEnabler","BaseMod","Downfall","Marisa????????","Minty Spire (QoL Compilation)","Quick Restart","StSLib","The Animator","The Cursed"],"gold_per_floor":[99,114,127,52,63,93,93,93,93,93],"floor_reached":8,"language":"ENG","playtime":337,"items_purged":[],"score":56,"play_id":"90b9f63b-c506-4e08-975d-a38b9fc2ae40","local_time":"20210122232448","is_ascension_mode":false,"campfire_choices":[{"floor":1,"key":"RECALL"}],"circlet_count":0,"master_deck":["Slimebound:Strike_Slimebound","Slimebound:Strike_Slimebound","Slimebound:Strike_Slimebound","Slimebound:Tackle","Slimebound:Defend_Slimebound","Slimebound:Defend_Slimebound","Slimebound:Defend_Slimebound","Slimebound:Defend_Slimebound","Slimebound:Split","Slimebound:CorrosiveSpit","Slimebound:Overexert","Slimebound:SplitBruiser","Slimebound:SlimeSpikes","Slimebound:LivingWall","Slimebound:FinishingTackle"],"relics":["Slimebound:AbsorbEndCombat","Slimebound:GreedOozeRelic","Lantern"],"acts_visited":["Exordium"],"potions_floor_usage":[],"damage_taken":[{"damage":1,"enemies":"Cultist","floor":2,"turns":4},{"damage":9,"enemies":"Jaw Worm","floor":3,"turns":4},{"damage":0,"enemies":"Small Slimes","floor":5,"turns":3},{"damage":25,"enemies":"Lagavulin","floor":6,"turns":6},{"damage":14,"enemies":"3 Sentries","floor":8,"turns":4}],"seed_played":"-2084896814603490718","potions_obtained":[{"floor":2,"key":"Energy Potion"},{"floor":6,"key":"Dexterity Potion"}],"is_trial":false,"path_per_floor":["R","M","M","?","M","E","T","E"],"character_chosen":"SLIMEBOUND","items_purchased":[],"campfire_rested":0,"item_purchase_floors":[],"current_hp_per_floor":[47,50,43,43,45,24,24,12,12,12],"gold":93,"neow_bonus":"THREE_RARE_CARDS","is_daily":false,"chose_seed":false,"campfire_upgraded":0,"win_rate":0.0,"timestamp":1611354288,"path_taken":["R","M","M","?","M","E","T","E"],"items_purchased_type":[],"build_version":"2020-12-22","purchased_purges":0,"victory":false,"max_hp_per_floor":[65,65,65,65,65,65,65,65,65,65],"card_choices":[{"not_picked":["Slimebound:OneTwoCombo","Slimebound:SlimeSlap"],"picked":"Slimebound:Overexert","floor":0},{"not_picked":["Slimebound:LeadByExample","Slimebound:Prepare"],"picked":"Slimebound:SplitBruiser","floor":2},{"not_picked":["Slimebound:TongueLash","Slimebound:SplitAcid"],"picked":"Slimebound:SlimeSpikes","floor":3},{"not_picked":["Slimebound:Equalize","Slimebound:ForwardTackle"],"picked":"Slimebound:LivingWall","floor":5},{"not_picked":["Slimebound:LivingWall","Slimebound:GoopTackle"],"picked":"Slimebound:FinishingTackle","floor":6}],"player_experience":71036,"relics_obtained":[{"floor":6,"key":"Lantern"}],"event_choices":[],"is_beta":false,"boss_relics":[],"items_purged_floors":[],"is_endless":false,"potions_floor_spawned":[2,6],"killed_by":"3 Sentries","ascension_level":0}}