{"host":"rolltorest","time":1611278285,"event":{"mods":["BaseMod","Minty Spire (QoL Compilation)","Relic Stats","Slay the Relics Exporter","StSLib"],"gold_per_floor":[122,134,164,195,207,247,359,371,371],"floor_reached":8,"language":"ENG","playtime":279,"items_purged":[],"score":112,"play_id":"cd17941b-849e-4310-b8ac-c4b810235a0f","local_time":"20210121171805","is_ascension_mode":true,"campfire_choices":[],"circlet_count":0,"master_deck":["AscendersBane","Strike_B","Strike_B","Strike_B","Strike_B","Defend_B","Defend_B","Defend_B","Defend_B","Zap","Dualcast","CurseOfTheBell","Streamline","Rebound","Cold Snap","Sunder"],"relics":["Calling Bell","MawBank","Singing Bowl","Pocketwatch","Bag of Marbles"],"acts_visited":["Exordium"],"potions_floor_usage":[6],"damage_taken":[{"damage":14,"enemies":"2 Louse","floor":1,"turns":3},{"damage":10,"enemies":"Small Slimes","floor":3,"turns":5},{"damage":1,"enemies":"Cultist","floor":4,"turns":3},{"damage":39,"enemies":"Lagavulin","floor":6,"turns":10},{"damage":0,"enemies":"3 Sentries","floor":8,"turns":1}],"seed_played":"7860382071919985667","potions_obtained":[{"floor":1,"key":"SneckoOil"}],"is_trial":false,"path_per_floor":["M","?","M","M","$","E","?","E"],"character_chosen":"DEFECT","items_purchased":[],"campfire_rested":0,"item_purchase_floors":[],"current_hp_per_floor":[50,55,45,44,44,5,5,5,5],"gold":371,"neow_bonus":"BOSS_RELIC","is_daily":false,"chose_seed":false,"campfire_upgraded":0,"win_rate":0.0,"timestamp":1611278285,"path_taken":["M","?","M","M","$","E","?","E"],"items_purchased_type":[],"build_version":"2020-12-18","purchased_purges":0,"victory":false,"max_hp_per_floor":[71,76,76,76,76,76,76,76,76],"relic_stats":{"Singing Bowl":0,"counters":[5,22],"MawBank":96,"obtain_stats":[{"Calling Bell":0,"Singing Bowl":0,"Bag of Marbles":6,"Cracked Core":0,"MawBank":0,"Pocketwatch":0},{"Calling Bell":0,"Singing Bowl":0,"Bag of Marbles":4,"Cracked Core":0,"MawBank":0,"Pocketwatch":0},{"Calling Bell":0,"Singing Bowl":0,"Bag of Marbles":21,"Cracked Core":0,"MawBank":0,"Pocketwatch":0}],"Pocketwatch":[42]},"card_choices":[{"not_picked":["Hologram","Leap"],"picked":"Streamline","floor":1},{"not_picked":["Rip and Tear","Conserve Battery"],"picked":"Rebound","floor":3},{"not_picked":["Tempest","FTL"],"picked":"Cold Snap","floor":4},{"not_picked":["Redo","FTL"],"picked":"Sunder","floor":6}],"player_experience":1760548,"relics_obtained":[{"floor":0,"key":"MawBank"},{"floor":0,"key":"Singing Bowl"},{"floor":0,"key":"Pocketwatch"},{"floor":6,"key":"Bag of Marbles"}],"event_choices":[{"damage_healed":0,"gold_gain":0,"player_choice":"Donut","damage_taken":0,"max_hp_gain":5,"max_hp_loss":0,"event_name":"Big Fish","floor":2,"gold_loss":0},{"damage_healed":0,"gold_gain":100,"player_choice":"Gold","damage_taken":0,"max_hp_gain":0,"max_hp_loss":0,"event_name":"Wheel of Change","floor":7,"gold_loss":0}],"is_beta":true,"boss_relics":[],"items_purged_floors":[],"is_endless":false,"potions_floor_spawned":[1],"killed_by":"3 Sentries","ascension_level":20}}