{"host":"6p0attdrtjqaih7v","time":1611343168,"event":{"mods":["2.2 Compatiblity","AchievementEnabler","Bard","BaseMod","Better Skull","Better Third Choice","Colored Powertips","Hermit","Highlight Path","Jorbs\u0027s Wanderer Trilogy","Key Reminder","Minty Spire (QoL Compilation)","Permanent Neow","Quick Restart","Random Character Button","Relic Stats","Replay The Spire","Robot Space Explorer","StSLib"],"gold_per_floor":[110,185,110,122,142,142,171,198,198,229,229,247,247,257,257,257,257],"floor_reached":16,"language":"ENG","playtime":790,"items_purged":[],"score":193,"play_id":"732a5356-affe-45e1-b81b-a5d28c72e397","local_time":"20210122141928","is_ascension_mode":true,"campfire_choices":[{"data":"RobotSpaceExplorer:Blitz","floor":6,"key":"SMITH"},{"floor":11,"key":"REST"},{"data":"RobotSpaceExplorer:IronShell","floor":13,"key":"SMITH"},{"data":"RobotSpaceExplorer:MetalStrike","floor":15,"key":"SMITH"}],"circlet_count":0,"master_deck":["AscendersBane","RobotSpaceExplorer:Strike","RobotSpaceExplorer:Strike","RobotSpaceExplorer:Strike","RobotSpaceExplorer:Strike","RobotSpaceExplorer:Defend","RobotSpaceExplorer:Defend","RobotSpaceExplorer:Defend","RobotSpaceExplorer:Scan","RobotSpaceExplorer:MiniLasers+1","RobotSpaceExplorer:IronShell+1","RobotSpaceExplorer:MetalStrike+1","RobotSpaceExplorer:Blitz+1","RobotSpaceExplorer:ScrapShield","RobotSpaceExplorer:JunkDive","RobotSpaceExplorer:JunkDive"],"relics":["RobotSpaceExplorer:RoboCore","StrikeDummy","Odd Mushroom","TungstenRod","Blue Candle"],"acts_visited":["Exordium"],"potions_floor_usage":[8,16,16],"damage_taken":[{"damage":0,"enemies":"Jaw Worm","floor":1,"turns":6},{"damage":0,"enemies":"Small Slimes","floor":4,"turns":3},{"damage":0,"enemies":"Cultist","floor":5,"turns":3},{"damage":26,"enemies":"Gremlin Nob","floor":7,"turns":5},{"damage":7,"enemies":"The Mushroom Lair","floor":8,"turns":3},{"damage":5,"enemies":"3 Sentries","floor":10,"turns":11},{"damage":2,"enemies":"Exordium Thugs","floor":12,"turns":6},{"damage":0,"enemies":"Blue Slaver","floor":14,"turns":3},{"damage":34,"enemies":"The Guardian","floor":16,"turns":16}],"seed_played":"-7726880480925988736","potions_obtained":[{"floor":7,"key":"Cursed Concoction"},{"floor":10,"key":"RobotSpaceExplorer:RecyclePotion"},{"floor":14,"key":"Swift Potion"}],"is_trial":false,"path_per_floor":["M","?","?","M","M","R","E","?","T","E","R","M","R","M","R","B"],"character_chosen":"RobotSpaceExplorer","items_purchased":[],"campfire_rested":1,"item_purchase_floors":[],"current_hp_per_floor":[64,53,53,53,53,53,27,20,20,15,36,34,34,34,34,0,0],"gold":257,"neow_bonus":"UPGRADE_CARD","is_daily":false,"chose_seed":false,"campfire_upgraded":3,"win_rate":0.0,"timestamp":1611343168,"path_taken":["M","?","?","M","M","R","E","?","T","E","R","M","R","M","R","BOSS"],"items_purchased_type":[],"build_version":"2020-12-22","purchased_purges":0,"victory":false,"max_hp_per_floor":[71,71,71,71,71,71,71,71,71,71,71,71,71,71,71,71,71],"relic_stats":{"counters":[9,56],"Blue Candle":[0],"obtain_stats":[{"Blue Candle":10,"RobotSpaceExplorer:RoboCore":0,"Odd Mushroom":8,"StrikeDummy":7,"TungstenRod":9},{"Blue Candle":6,"RobotSpaceExplorer:RoboCore":0,"Odd Mushroom":5,"StrikeDummy":4,"TungstenRod":5},{"Blue Candle":31,"RobotSpaceExplorer:RoboCore":0,"Odd Mushroom":20,"StrikeDummy":17,"TungstenRod":20}],"TungstenRod":9},"card_choices":[{"not_picked":["RobotSpaceExplorer:GlueShot","RobotSpaceExplorer:SurgingStrike"],"picked":"RobotSpaceExplorer:IronShell","floor":1},{"not_picked":["RobotSpaceExplorer:PowerCollector","RobotSpaceExplorer:FreezeRay"],"picked":"RobotSpaceExplorer:MetalStrike","floor":4},{"not_picked":["RobotSpaceExplorer:ScrapToss","RobotSpaceExplorer:ExhaustFan"],"picked":"RobotSpaceExplorer:Blitz","floor":5},{"not_picked":["RobotSpaceExplorer:Electropulse","RobotSpaceExplorer:TurboDodge"],"picked":"RobotSpaceExplorer:ScrapShield","floor":7},{"not_picked":["RobotSpaceExplorer:Calculate","RobotSpaceExplorer:FrostMissile"],"picked":"RobotSpaceExplorer:JunkDive","floor":8},{"not_picked":["RobotSpaceExplorer:Comet","RobotSpaceExplorer:SurgingStrike"],"picked":"RobotSpaceExplorer:JunkDive","floor":10},{"not_picked":["RobotSpaceExplorer:FrostMissile","RobotSpaceExplorer:Ammunition","RobotSpaceExplorer:SwiftStep"],"picked":"SKIP","floor":12},{"not_picked":["RobotSpaceExplorer:FranticSearch","RobotSpaceExplorer:DoubleFind","RobotSpaceExplorer:FrostMissile"],"picked":"SKIP","floor":14}],"player_experience":912202,"relics_obtained":[{"floor":7,"key":"StrikeDummy"},{"floor":8,"key":"Odd Mushroom"},{"floor":9,"key":"TungstenRod"},{"floor":10,"key":"Blue Candle"}],"event_choices":[{"damage_healed":0,"gold_gain":75,"player_choice":"Gather Gold","damage_taken":11,"max_hp_gain":0,"max_hp_loss":0,"event_name":"World of Goop","floor":2,"gold_loss":0},{"cards_removed":["RobotSpaceExplorer:Defend"],"damage_healed":0,"gold_gain":0,"player_choice":"Card Removal","damage_taken":0,"max_hp_gain":0,"max_hp_loss":0,"event_name":"The Cleric","floor":3,"gold_loss":75},{"damage_healed":0,"gold_gain":0,"player_choice":"Fought Mushrooms","damage_taken":0,"max_hp_gain":0,"max_hp_loss":0,"event_name":"Mushrooms","floor":8,"gold_loss":0}],"is_beta":false,"boss_relics":[],"items_purged_floors":[],"is_endless":false,"potions_floor_spawned":[7,10,14],"killed_by":"The Guardian","ascension_level":15}}