{"host":"qm4rv4rkpk76sbxu","time":1611344703,"event":{"mods":["BaseMod","Bestiary","Block Reminder","DeckTracker","Filter the Spire","Keyboard Shortcuts","Minty Spire (QoL Compilation)","MonsterHotkey","Quick Restart","Random Character Button","Relic Stats","Slay-I","StSLib","Unceasing Turn Reminder","ojb\u0027s Better Paths Mod","ojb\u0027s Info Mod"],"gold_per_floor":[114,114,39,50,67,67,80,109,133,133,168,232,507,507,507],"floor_reached":14,"language":"ENG","playtime":321,"items_purged":["Strike_R"],"score":103,"play_id":"e38558e2-15a1-49e5-963c-fb41b1e5e373","local_time":"20210122204503","is_ascension_mode":true,"campfire_choices":[{"data":"Uppercut","floor":6.0,"key":"SMITH"},{"data":"Shockwave","floor":10.0,"key":"SMITH"}],"circlet_count":0,"master_deck":["Strike_R","Strike_R+1","Strike_R","Strike_R","Defend_R","Defend_R","Defend_R","Defend_R","Bash","Uppercut+1","Entrench","Cleave","Shockwave+1","Body Slam+1","Inflame","Dark Embrace","Regret"],"relics":["Burning Blood","Nunchaku","Whetstone","Juzu Bracelet","Red Skull"],"acts_visited":["Exordium"],"potions_floor_usage":[14],"damage_taken":[{"damage":2.0,"enemies":"Small Slimes","floor":1.0,"turns":4.0},{"damage":0.0,"enemies":"Cultist","floor":4.0,"turns":2.0},{"damage":8.0,"enemies":"Jaw Worm","floor":5.0,"turns":3.0},{"damage":19.0,"enemies":"2 Fungi Beasts","floor":7.0,"turns":4.0},{"damage":21.0,"enemies":"Lagavulin","floor":8.0,"turns":5.0},{"damage":20.0,"enemies":"3 Sentries","floor":11.0,"turns":7.0},{"damage":26.0,"enemies":"Lagavulin Event","floor":12.0,"turns":5.0},{"damage":25,"enemies":"Lagavulin","floor":14,"turns":3}],"seed_played":"-4127191131356252785","potions_obtained":[{"floor":0.0,"key":"CultistPotion"},{"floor":0.0,"key":"AttackPotion"},{"floor":0.0,"key":"Fire Potion"},{"floor":8.0,"key":"Weak Potion"},{"floor":12.0,"key":"Swift Potion"}],"is_trial":false,"path_per_floor":["M","?","$","M","M","R","M","E","T","R","E","?","?","E"],"character_chosen":"IRONCLAD","items_purchased":[],"campfire_rested":0,"item_purchase_floors":[],"current_hp_per_floor":[80,80,80,80,78,78,65,50,50,50,36,16,16,0,0],"gold":507,"neow_bonus":"THREE_SMALL_POTIONS","is_daily":false,"chose_seed":false,"campfire_upgraded":2,"win_rate":0.0,"timestamp":1611344703,"path_taken":["M","?","?","M","M","R","?","E","T","R","E","?","?","E"],"items_purchased_type":[],"build_version":"2020-12-22","purchased_purges":1,"victory":false,"max_hp_per_floor":[80,80,80,80,80,80,80,80,80,80,80,80,80,80,80],"relic_stats":{"Nunchaku":[2],"counters":[8,33],"Juzu Bracelet":0,"Whetstone":["Strike_R","Body Slam"],"obtain_stats":[{"Nunchaku":8,"Juzu Bracelet":11,"Whetstone":9,"Burning Blood":0,"Red Skull":12},{"Nunchaku":5,"Juzu Bracelet":6,"Whetstone":5,"Burning Blood":0,"Red Skull":7},{"Nunchaku":18,"Juzu Bracelet":25,"Whetstone":18,"Burning Blood":0,"Red Skull":30}],"Burning Blood":32},"card_choices":[{"not_picked":["Heavy Blade","Clothesline"],"picked":"Uppercut","floor":1.0},{"not_picked":["Headbutt","Bloodletting"],"picked":"Entrench","floor":4.0},{"not_picked":["Perfected Strike","Rampage"],"picked":"Cleave","floor":5.0},{"not_picked":["Sword Boomerang","Flex"],"picked":"Shockwave","floor":7.0},{"not_picked":["Twin Strike","Dark Embrace"],"picked":"Body Slam","floor":8.0},{"not_picked":["Cleave","Rampage"],"picked":"Inflame","floor":11.0},{"not_picked":["Thunderclap","Sword Boomerang"],"picked":"Dark Embrace","floor":12.0}],"player_experience":1378443,"relics_obtained":[{"floor":8.0,"key":"Nunchaku"},{"floor":9.0,"key":"Whetstone"},{"floor":11.0,"key":"Juzu Bracelet"},{"floor":12.0,"key":"Red Skull"}],"event_choices":[{"damage_healed":0.0,"max_hp_gain":0.0,"max_hp_loss":0.0,"gold_gain":0.0,"event_name":"NoteForYourself","player_choice":"Ignored","floor":2.0,"gold_loss":0.0,"damage_taken":0.0},{"damage_healed":0.0,"max_hp_gain":0.0,"max_hp_loss":0.0,"gold_gain":0.0,"event_name":"Dead Adventurer","player_choice":"Searched \u00271\u0027 times","floor":12.0,"gold_loss":0.0,"damage_taken":0.0},{"damage_healed":0.0,"max_hp_gain":0.0,"max_hp_loss":0.0,"gold_gain":275.0,"event_name":"Golden Shrine","player_choice":"Desecrate","floor":13.0,"gold_loss":0.0,"damage_taken":0.0,"cards_obtained":["Regret"]}],"is_beta":false,"boss_relics":[],"items_purged_floors":[3],"is_endless":false,"potions_floor_spawned":[1,8,12],"killed_by":"Lagavulin","ascension_level":1}}