{"host":"vfjw5z5u57sxa51v","time":1611348178,"event":{"mods":["AchievementEnabler","Act Like it!","Aspiration","BaseMod","Better Altar","Better Match","Better Note","Better Sensory Stone","Better Skull","Better Synergies","Better Third Choice","BetterRewards","CCEM","Colored Map","Conspire","Dota2Spire","Downfall","GifTheSpireLib","GungeonMod","Halation","Hallownest","Hermit","Highlight Path","Hubris","Infinite Spire","Jedi Mod","Minty Spire (QoL Compilation)","Permanent Neow","Replay The Spire","Shop Mod","Spicy Shops","StSLib","Stuff the Spire","The Blackbeard","The Bug Knight","The Cursed","The Disciple","The Gatherer","Unceasing Turn Reminder","everything is the same but u backflip on backflip"],"gold_per_floor":[115,21,21,72,85,85,99,124,124,143,157,176,24,42,42,144,144,158,158,176,23,37,37,70,80,107,107,121,28,60,60,60,161,161,178,138,149,1,1,35,35,45,45,63,75,75,25,25,25,122,172,186,186,189,189,189,203,224,224,249,174,174,180,188,207,207,262,262,261,261,261,261,261,269,269,269,269,279,276,275,276,273,273,342,342,344,344,344,344,333,333,324,303,356,352,338,184,194,178,178,222,222,224,224,235,235,235,244,244,272,298,311,311,309,323,323,323,401,501,508,508,501,503,495,495,507,500,578,578,559,538,233,218,218,252,252,244,44,44,44,44],"floor_reached":140,"language":"DEU","playtime":8744,"items_purged":["hermit:Reprieve","hermit:Vantage","hermit:Snapshot","hermit:Midnight"],"score":2808,"play_id":"0d815b19-643d-4539-9afd-6b0749447a86","local_time":"20210122214258","is_ascension_mode":false,"campfire_choices":[{"data":"hermit:Deadeye","floor":6,"key":"SMITH"},{"data":"hermit:FullyLoaded","floor":23,"key":"SMITH"},{"data":"hermit:Showdown","floor":32,"key":"SMITH"},{"data":"hermit:LuckOfTheDraw","floor":41,"key":"SMITH"},{"data":"hermit:GhostlyPresence","floor":46,"key":"SMITH"},{"data":"hermit:BodyArmor","floor":49,"key":"SMITH"},{"data":"hermit:HighNoon","floor":62,"key":"SMITH"},{"data":"hermit:FatalDesire","floor":66,"key":"SMITH"},{"data":"infinitespire:UltimateForm","floor":76,"key":"SMITH"},{"data":"hermit:Combo","floor":83,"key":"SMITH"},{"data":"StuffTheSpire:PlasmaPulse","floor":91,"key":"SMITH"},{"data":"hermit:Scavenge","floor":100,"key":"SMITH"},{"data":"hermit:Determination","floor":113,"key":"SMITH"},{"data":"hermit:Brawl","floor":117,"key":"SMITH"},{"data":"hermit:BigShot","floor":134,"key":"SMITH"}],"circlet_count":0,"master_deck":["hermit:Strike_Hermit+1","hermit:Strike_Hermit+1","hermit:Strike_Hermit+1","hermit:Defend_Hermit+1","hermit:Defend_Hermit+1","hermit:Defend_Hermit+1","hermit:Defend_Hermit+1","hermit:Covet+1","hermit:Deadeye+1","hermit:LuckOfTheDraw+1","hermit:GhostlyPresence+1","hermit:GoldenBullet+1","hermit:TakeCover","hermit:Vantage+1","hermit:Enervate+1","hermit:Shortfuse+1","hermit:FlashPowder+1","hermit:BodyArmor+1","hermit:FullyLoaded+1","hermit:Showdown+1","CurseOfTheBell","hermit:BigShot+1","hermit:CalledShot+1","hermit:Headshot+1","hermit:Scavenge+1","hermit:Midnight","hermit:Brawl+1","StuffTheSpire:PlasmaPulse+1","hermit:HighNoon+1","Specialist+1","hermit:FatalDesire+1","Deep Breath+1","hermit:FinalCanter","infinitespire:UltimateForm+1","hermit:CalledShot+1","hermit:Combo+1","hermit:ShadowCloak+1","hermit:EyeOfTheStorm+1","hermit:Determination+1","hermit:FromBeyond+1","conspire:SpireCoStock+1","conspire:SpireCoStock+1","conspire:SpireCoStock+1"],"relics":["StuffTheSpire:OccultApparatus","Dota2Spire:EyeOfSkadi","TungstenRod","jedi:crownofsimplicity","DemoMod:MeltedRock","Replay:Accelerometer","DemoMod:MeatBun","conspire:RoyalGoblet","HollowMod:PaleOreRelic","CCEMRelics:Barrel","DemoMod:ClearGuonStone","BargainBundle","Orichalcum","Dota2Spire:Vanguard","infinitespire:Joker Card","halation:Thesaurus","CCEMRelics:PorcelainBowl","StuffTheSpire:Experiment12","infinitespire:FocusingShard","Calling Bell","CCEMRelics:Pendulum","Dota2Spire:CrimsonGuard","StoneCalendar","jedi:paperlyon","infinitespire:Beetle Shell","Dota2Spire:ArcaneBoots","infinitespire:Lucky Rock","CCEMRelics:OrganicArmor","Tiny House","halation:EternalFortune","Bag of Preparation","DemoMod:Orange","CCEMRelics:FestiveHat","ChewingGum","Boot","CCEMRelics:WhiteRose","DemoMod:OrangeGuonStone","Dota2Spire:AghanimScepter","aspiration:FutureDiary","Oddly Smooth Stone","hubris:Towel","CCEMRelics:JestersCrown","conspire:TopHat","Strange Spoon","hubris:Backtick","CCEMRelics:TinyMinotavrHorn","Dota2Spire:PhaseBoots","Dota2Spire:PowerTreads","Whetstone","Blue Doll","DemoMod:Metronome","Replay:Wanted Poster","HandDrill","StuffTheSpire:SapphireSignet","Toxic Egg 2","CaptainsWheel","DemoMod:LamentConfigurum","halation:Jellyphish","CCEMRelics:SpiritsEdge","hubris:HollowSoul","DemoMod:BlueGuonStone","Chameleon Ring","halation:Yufonium"],"acts_visited":["Exordium","TheCity","TheBeyond","Exordium","TheCity","TheBeyond","Exordium","TheCity","TheBeyond"],"potions_floor_usage":[8,16,24,40,50,50,69,101,101,118,135,137],"damage_taken":[{"damage":0,"enemies":"Small Slimes","floor":1,"turns":4},{"damage":0,"enemies":"Jaw Worm","floor":5,"turns":3},{"damage":0,"enemies":"infinitespire:Voidling","floor":7,"turns":3},{"damage":0,"enemies":"Lagavulin","floor":8,"turns":7},{"damage":0,"enemies":"2 Fungi Beasts","floor":10,"turns":3},{"damage":0,"enemies":"Blue Slaver","floor":11,"turns":5},{"damage":0,"enemies":"Exordium Thugs","floor":12,"turns":4},{"damage":0,"enemies":"3 Louse","floor":14,"turns":1},{"damage":0,"enemies":"Hexaghost","floor":16,"turns":5},{"damage":0,"enemies":"conspire:FuzzyDice","floor":18,"turns":3},{"damage":0,"enemies":"Chosen","floor":20,"turns":2},{"damage":0,"enemies":"3 Cultists","floor":22,"turns":3},{"damage":0,"enemies":"Nightmare","floor":24,"turns":6},{"damage":0,"enemies":"Snake Plant","floor":25,"turns":2},{"damage":0,"enemies":"Centurion and Healer","floor":28,"turns":3},{"damage":0,"enemies":"Gremlin Leader","floor":30,"turns":2},{"damage":0,"enemies":"Collector","floor":33,"turns":7},{"damage":0,"enemies":"Orb Walker","floor":35,"turns":2},{"damage":0,"enemies":"3 Shapes","floor":37,"turns":2},{"damage":0,"enemies":"Reptomancer","floor":40,"turns":3},{"damage":0,"enemies":"3 Darklings","floor":42,"turns":2},{"damage":0,"enemies":"Maw","floor":44,"turns":5},{"damage":0,"enemies":"4 Shapes","floor":45,"turns":3},{"damage":0,"enemies":"Replay:Hell Engine","floor":50,"turns":4},{"damage":0,"enemies":"Cultist","floor":52,"turns":1},{"damage":0,"enemies":"2 Louse","floor":54,"turns":2},{"damage":0,"enemies":"Small Slimes","floor":57,"turns":1},{"damage":0,"enemies":"Lagavulin","floor":58,"turns":2},{"damage":0,"enemies":"3 Louse","floor":63,"turns":1},{"damage":0,"enemies":"2 Fungi Beasts","floor":64,"turns":1},{"damage":0,"enemies":"Looter","floor":65,"turns":1},{"damage":0,"enemies":"The Guardian","floor":67,"turns":5},{"damage":0,"enemies":"2 Thieves","floor":69,"turns":2},{"damage":0,"enemies":"Shell Parasite","floor":70,"turns":2},{"damage":0,"enemies":"Book of Stabbing","floor":74,"turns":2},{"damage":0,"enemies":"3 Cultists","floor":78,"turns":2},{"damage":0,"enemies":"Cultist and Chosen","floor":79,"turns":2},{"damage":0,"enemies":"Chosen and Byrds","floor":80,"turns":2},{"damage":0,"enemies":"Snake Plant","floor":81,"turns":1},{"damage":0,"enemies":"3 Cultists","floor":82,"turns":2},{"damage":0,"enemies":"conspire:MysteriousRune","floor":84,"turns":3},{"damage":0,"enemies":"Orb Walker","floor":86,"turns":3},{"damage":0,"enemies":"3 Darklings","floor":90,"turns":3},{"damage":0,"enemies":"Writhing Mass","floor":92,"turns":3},{"damage":0,"enemies":"Maw","floor":93,"turns":4},{"damage":0,"enemies":"3 Darklings","floor":95,"turns":2},{"damage":0,"enemies":"Giant Head","floor":96,"turns":3},{"damage":0,"enemies":"4 Shapes","floor":98,"turns":1},{"damage":0,"enemies":"Maw","floor":99,"turns":4},{"damage":0,"enemies":"Replay:Hell Engine","floor":101,"turns":4},{"damage":0,"enemies":"2 Louse","floor":103,"turns":1},{"damage":0,"enemies":"Small Slimes","floor":105,"turns":1},{"damage":0,"enemies":"3 Sentries","floor":108,"turns":2},{"damage":0,"enemies":"Gremlin Nob","floor":110,"turns":2},{"damage":0,"enemies":"Jaw Worm","floor":112,"turns":1},{"damage":0,"enemies":"Large Slime","floor":114,"turns":1},{"damage":0,"enemies":"3 Sentries","floor":115,"turns":2},{"damage":0,"enemies":"Hexaghost","floor":118,"turns":3},{"damage":0,"enemies":"Shell Parasite","floor":120,"turns":2},{"damage":0,"enemies":"3 Byrds","floor":122,"turns":2},{"damage":0,"enemies":"Snake Plant","floor":123,"turns":2},{"damage":0,"enemies":"Shelled Parasite and Fungi","floor":124,"turns":2},{"damage":0,"enemies":"Slavers","floor":126,"turns":3},{"damage":0,"enemies":"3 Cultists","floor":127,"turns":2},{"damage":0,"enemies":"Nightmare","floor":130,"turns":6},{"damage":0,"enemies":"Snake Plant","floor":131,"turns":3},{"damage":0,"enemies":"Centurion and Healer","floor":133,"turns":2},{"damage":0,"enemies":"hubris:MusketHawk","floor":135,"turns":5},{"damage":4,"enemies":"Orb Walker","floor":137,"turns":2},{"damage":25,"enemies":"3 Shapes","floor":140,"turns":1}],"seed_played":"2056066999945034406","potions_obtained":[{"floor":1,"key":"LifebloodPotion"},{"floor":7,"key":"BlessingOfTheForge"},{"floor":8,"key":"hermit:Eclipse"},{"floor":16,"key":"FearPotion"},{"floor":18,"key":"Adrenaline Potion"},{"floor":24,"key":"Venom Potion"},{"floor":28,"key":"hermit:BlackBile"},{"floor":40,"key":"Ancient Potion"},{"floor":44,"key":"LifebloodPotion"},{"floor":50,"key":"PowerPotion"},{"floor":51,"key":"Strength Potion"},{"floor":63,"key":"AttackPotion"},{"floor":69,"key":"Dota2Spire:Clarity"},{"floor":74,"key":"SpeedPotion"},{"floor":90,"key":"Guardian:BlockOnCardUsePotion"},{"floor":110,"key":"Flashbang"},{"floor":112,"key":"SmokeBomb"},{"floor":118,"key":"SpeedPotion"},{"floor":120,"key":"LifebloodPotion"},{"floor":135,"key":"Dexterity Potion"},{"floor":137,"key":"Milkshake"}],"is_trial":false,"path_per_floor":["M","$","?","T","M","R","M","E","T","M","M","M","$","M","R_BF","B",null,"M","?","M","$","M","R","NM","M","T","T","M","$","E","AVR","R","B",null,"M","?","M","$","AVR","E","R","M","T","M","M","R","$","?","R","B",null,"M","?","M","?","?","M","E","AVR","T","?","R","M","M","M","R","B",null,"M","M","?","?","AVR","E","?","R","T","M","M","M","M","M","R","B",null,"M","AVR","?","?","M","R","M","M","T","M","E","$","M","M","R","B",null,"M","?","M","?","?","E","AVR","E","T","M","R","M","E","?","R","B",null,"M","AVR","M","M","M","?","E","M","T","?","NM","M","$","M","R","B",null,"M","?","?","M"],"character_chosen":"HERMIT","items_purchased":["Dota2Spire:EyeOfSkadi","DemoMod:MeatBun","HollowMod:PaleOreRelic","BargainBundle","Orichalcum","Dota2Spire:Vanguard","infinitespire:Joker Card","halation:Thesaurus","infinitespire:Beetle Shell","hermit:Headshot","Strange Spoon","halation:Jellyphish","DemoMod:WeirdEgg"],"campfire_rested":0,"item_purchase_floors":[2,13,21,29,29,29,29,29,38,47,97,132,132],"current_hp_per_floor":[75,80,80,80,80,80,80,80,80,80,80,80,80,80,80,80,80,80,80,80,80,80,80,80,80,80,80,80,80,80,80,80,80,80,80,80,80,80,80,80,80,80,80,80,80,80,80,80,80,80,85,85,88,88,88,88,88,88,100,100,100,100,100,103,103,103,106,106,106,106,106,106,106,106,106,106,106,106,106,109,109,109,109,109,109,109,109,109,109,109,109,109,109,109,109,109,109,112,112,112,112,112,112,112,112,112,112,112,112,112,112,112,112,112,112,112,112,112,112,112,112,112,115,115,115,118,118,118,108,108,113,113,115,115,121,121,117,117,117,0,0],"gold":44,"neow_bonus":"THREE_CARDS","is_daily":false,"chose_seed":false,"campfire_upgraded":15,"win_rate":0.0,"timestamp":1611348178,"path_taken":["M","$","?","?","?","R","M","E","T","M","M","M","$","M","R_BF","BOSS","M","?","M","?","M","R","NM","M","T","?","?","$","E","AVR","R","BOSS","M","?","?","?","AVR","E","R","M","T","M","M","R","$","?","R","BOSS","M","?","M","?","?","M","E","AVR","T","?","R","M","M","?","R","BOSS","M","M","?","?","AVR","E","?","R","T","M","M","M","M","M","R","BOSS","M","AVR","?","?","?","R","?","M","T","M","E","$","M","M","R","BOSS","M","?","M","?","?","E","AVR","E","T","?","R","M","E","?","R","BOSS","M","AVR","M","M","?","?","E","M","T","?","NM","?","$","M","R","BOSS","M","?","?","M"],"items_purchased_type":["Relic","Relic","Relic","Relic","Relic","Relic","Relic","Relic","Relic","Card","Relic","Relic","Relic"],"build_version":"2020-12-22","purchased_purges":4,"victory":false,"max_hp_per_floor":[75,80,80,80,80,80,80,80,80,80,80,80,80,80,80,80,80,80,80,80,80,80,80,80,80,80,80,80,80,80,80,80,80,80,80,80,80,80,80,80,80,80,80,80,80,80,80,80,80,80,85,85,88,88,88,88,88,88,100,100,100,100,100,103,103,103,106,106,106,106,106,106,106,106,106,106,106,106,106,109,109,109,109,109,109,109,109,109,109,109,109,109,109,109,109,109,109,112,112,112,112,112,112,112,112,112,112,112,112,112,112,112,112,112,112,112,112,112,112,112,112,112,115,115,115,118,118,118,118,118,121,121,121,121,121,121,121,121,121,121,121],"card_choices":[{"not_picked":["hermit:Desperado","hermit:Ricochet"],"picked":"hermit:Deadeye","floor":0},{"not_picked":["hermit:Malice","hermit:DeadMansHand"],"picked":"hermit:LuckOfTheDraw","floor":1},{"not_picked":["hermit:LowProfile","hermit:HighCaliber"],"picked":"hermit:GhostlyPresence","floor":5},{"not_picked":["hermit:Feint","hermit:LowProfile"],"picked":"hermit:GoldenBullet","floor":7},{"not_picked":["hermit:Spite","hermit:SprayPray"],"picked":"hermit:TakeCover","floor":8},{"not_picked":["hermit:Showdown","hermit:Snipe"],"picked":"hermit:Vantage","floor":10},{"not_picked":["hermit:Glare","hermit:Scavenge"],"picked":"hermit:Enervate","floor":11},{"not_picked":["hermit:FinalCanter","hermit:CalledShot"],"picked":"hermit:Vantage","floor":12},{"not_picked":["hermit:Roulette","hermit:Gestalt"],"picked":"hermit:Shortfuse","floor":14},{"not_picked":["hermit:SprayPray","hermit:Manifest"],"picked":"hermit:FlashPowder+1","floor":18},{"not_picked":["hermit:ItchyTrigger","hermit:TrackingShot"],"picked":"hermit:BodyArmor","floor":20},{"not_picked":["hermit:Desperado","hermit:ShadowCloak"],"picked":"hermit:FullyLoaded","floor":22},{"not_picked":["hermit:Snipe+1","hermit:Horror","hermit:Glare"],"picked":"SKIP","floor":24},{"not_picked":["hermit:Snipe+1","hermit:Horror","hermit:Glare"],"picked":"SKIP","floor":24},{"not_picked":["hermit:Horror","hermit:WideOpen","hermit:HoleUp"],"picked":"SKIP","floor":25},{"not_picked":["hermit:Misfire","hermit:Quickdraw+1"],"picked":"hermit:Showdown","floor":28},{"not_picked":["hermit:WideOpen+1","hermit:Misfire","hermit:Spite"],"picked":"SKIP","floor":30},{"not_picked":["hermit:CursedWeapon","hermit:SprayPray","hermit:Ricochet"],"picked":"SKIP","floor":35},{"not_picked":["hermit:Roulette","hermit:HeroicBravado","hermit:Coalescence"],"picked":"SKIP","floor":37},{"not_picked":["hermit:Snipe+1","hermit:Coalescence","hermit:Vantage+1"],"picked":"SKIP","floor":40},{"not_picked":["hermit:TakeCover+1","hermit:Glare+1"],"picked":"hermit:BigShot","floor":42},{"not_picked":["hermit:Manifest","hermit:Roulette+1"],"picked":"hermit:CalledShot+1","floor":44},{"not_picked":["hermit:HoleUp","hermit:Virtue+1","hermit:Roulette"],"picked":"SKIP","floor":45},{"not_picked":["hermit:Coalescence","hermit:Snipe+1"],"picked":"hermit:Scavenge","floor":51},{"not_picked":["hermit:BodyArmor","hermit:Glare"],"picked":"hermit:Midnight","floor":52},{"not_picked":["hermit:Feint","hermit:Cheat","hermit:Snipe"],"picked":"SKIP","floor":54},{"not_picked":["hermit:Grudge","hermit:LoneWolf"],"picked":"hermit:Midnight","floor":57},{"not_picked":["hermit:CalledShot","hermit:Coalescence","hermit:Roulette"],"picked":"SKIP","floor":58},{"not_picked":["hermit:FlashPowder","hermit:TakeAim"],"picked":"hermit:Brawl","floor":61},{"not_picked":["Replay:Sssssssssstrike","Enlightenment"],"picked":"StuffTheSpire:PlasmaPulse","floor":61},{"not_picked":["hermit:BlackWind","hermit:FromBeyond"],"picked":"hermit:HighNoon","floor":61},{"not_picked":["Replay:Sssssssssstrike+1","DemoMod:Spice+1"],"picked":"Specialist+1","floor":63},{"not_picked":["hermit:WideOpen","hermit:Glare"],"picked":"hermit:FatalDesire","floor":63},{"not_picked":["Trip+1","Impatience+1","Bandage Up+1"],"picked":"SKIP","floor":64},{"not_picked":["hermit:LowProfile","hermit:Roulette","hermit:Enervate"],"picked":"SKIP","floor":64},{"not_picked":["Transmutation+1","Replay:Sssssssssstrike+1"],"picked":"Deep Breath+1","floor":65},{"not_picked":["hermit:Feint","hermit:Midnight","hermit:PistolWhip"],"picked":"SKIP","floor":65},{"not_picked":["hermit:HighNoon","hermit:Adapt"],"picked":"hermit:FinalCanter","floor":67},{"not_picked":["infinitespire:Menacing","ReplayTheSpireMod:Echoes of Time"],"picked":"infinitespire:UltimateForm","floor":68},{"not_picked":["hermit:Desperado","hermit:Malice+1","hermit:PistolWhip"],"picked":"SKIP","floor":69},{"not_picked":["hermit:Desperado","hermit:Snipe"],"picked":"hermit:CalledShot+1","floor":70},{"not_picked":["hermit:FlashPowder","hermit:SprayPray"],"picked":"hermit:Combo","floor":74},{"not_picked":["hermit:BodyArmor","hermit:Brawl","hermit:TrackingShot+1"],"picked":"SKIP","floor":78},{"not_picked":["hermit:Quickdraw","hermit:Snipe","hermit:ItchyTrigger"],"picked":"SKIP","floor":79},{"not_picked":["hermit:LowProfile+1","hermit:Malice","hermit:Snipe"],"picked":"SKIP","floor":80},{"not_picked":["hermit:Ricochet","hermit:TakeCover"],"picked":"hermit:ShadowCloak+1","floor":81},{"not_picked":["hermit:Enervate","hermit:ItchyTrigger","hermit:HighCaliber+1"],"picked":"SKIP","floor":82},{"not_picked":["hermit:CalledShot+1","hermit:Combo","hermit:Roulette+1"],"picked":"SKIP","floor":86},{"not_picked":["hermit:Gestalt+1","hermit:CalledShot","hermit:NoHoldsBarred+1"],"picked":"SKIP","floor":90},{"not_picked":["hermit:Coalescence+1","hermit:Quickdraw","hermit:HoleUp+1"],"picked":"SKIP","floor":92},{"not_picked":["hermit:TrackingShot+1","hermit:Feint+1","hermit:Misfire"],"picked":"SKIP","floor":93},{"not_picked":["hermit:Adapt","hermit:Dive"],"picked":"hermit:EyeOfTheStorm+1","floor":95},{"not_picked":["hermit:Manifest","hermit:Spite","hermit:WideOpen"],"picked":"SKIP","floor":96},{"not_picked":["hermit:HighCaliber","hermit:Midnight+1","hermit:LowProfile"],"picked":"SKIP","floor":98},{"not_picked":["hermit:Quickdraw+1","hermit:PistolWhip+1","hermit:HoleUp"],"picked":"SKIP","floor":99},{"not_picked":["hermit:TrackingShot","hermit:BodyArmor","hermit:Snipe"],"picked":"SKIP","floor":103},{"not_picked":["Impatience","Dramatic Entrance"],"picked":"jedi:forcepull","floor":104},{"not_picked":["hermit:TrackingShot","hermit:ItchyTrigger"],"picked":"hermit:Determination","floor":105},{"not_picked":["hermit:BigShot","hermit:Determination","hermit:LowProfile"],"picked":"SKIP","floor":108},{"not_picked":["hermit:Manifest","hermit:Spite","hermit:DeadMansHand"],"picked":"SKIP","floor":110},{"not_picked":["hermit:Headshot","hermit:LowProfile","hermit:TrackingShot"],"picked":"SKIP","floor":112},{"not_picked":["hermit:BodyArmor","hermit:EyeOfTheStorm","hermit:Ricochet"],"picked":"SKIP","floor":114},{"not_picked":["hermit:Combo","hermit:Spite","hermit:NoHoldsBarred"],"picked":"SKIP","floor":115},{"not_picked":["hermit:Snipe+1","hermit:Grudge+1","hermit:HoleUp"],"picked":"SKIP","floor":120},{"not_picked":["hermit:GoldenBullet+1","hermit:BodyArmor","hermit:Misfire"],"picked":"SKIP","floor":122},{"not_picked":["hermit:Malice","hermit:Reprieve","hermit:Snipe"],"picked":"SKIP","floor":123},{"not_picked":["hermit:Glare","hermit:Misfire","hermit:HighCaliber"],"picked":"SKIP","floor":124},{"not_picked":["hermit:FinalCanter","hermit:LoneWolf","hermit:Ricochet"],"picked":"SKIP","floor":126},{"not_picked":["hermit:GhostlyPresence","hermit:LuckOfTheDraw","hermit:HighCaliber"],"picked":"SKIP","floor":127},{"not_picked":["hermit:PistolWhip+1","hermit:Headshot","hermit:EyeOfTheStorm+1"],"picked":"SKIP","floor":130},{"not_picked":["hermit:Vantage+1","hermit:Misfire","hermit:Dive+1"],"picked":"SKIP","floor":131},{"not_picked":["hermit:Enervate","hermit:FlashPowder+1","hermit:Headshot"],"picked":"SKIP","floor":133},{"not_picked":["hermit:DeadOrAlive","hermit:FinalCanter"],"picked":"hermit:FromBeyond+1","floor":135},{"not_picked":["hermit:LowProfile+1","hermit:Dive+1","hermit:Quickdraw+1"],"picked":"SKIP","floor":137}],"player_experience":26163,"relics_obtained":[{"floor":3,"key":"TungstenRod"},{"floor":4,"key":"jedi:crownofsimplicity"},{"floor":8,"key":"DemoMod:MeltedRock"},{"floor":9,"key":"Replay:Accelerometer"},{"floor":24,"key":"CCEMRelics:Barrel"},{"floor":26,"key":"aspiration:HiddenCompartment"},{"floor":27,"key":"DemoMod:ClearGuonStone"},{"floor":30,"key":"StuffTheSpire:Experiment12"},{"floor":31,"key":"CCEMRelics:Pendulum"},{"floor":31,"key":"Dota2Spire:CrimsonGuard"},{"floor":31,"key":"StoneCalendar"},{"floor":40,"key":"infinitespire:Lucky Rock"},{"floor":43,"key":"CCEMRelics:OrganicArmor"},{"floor":58,"key":"Bag of Preparation"},{"floor":60,"key":"CCEMRelics:FestiveHat"},{"floor":64,"key":"halation:EternalFortune"},{"floor":67,"key":"halation:EternalFortune"},{"floor":71,"key":"Boot"},{"floor":74,"key":"DemoMod:OrangeGuonStone"},{"floor":77,"key":"Dota2Spire:AghanimScepter"},{"floor":80,"key":"halation:EternalFortune"},{"floor":94,"key":"CCEMRelics:JestersCrown"},{"floor":96,"key":"conspire:TopHat"},{"floor":98,"key":"halation:EternalFortune"},{"floor":108,"key":"Dota2Spire:PhaseBoots"},{"floor":110,"key":"Whetstone"},{"floor":111,"key":"Blue Doll"},{"floor":115,"key":"DemoMod:Metronome"},{"floor":123,"key":"halation:EternalFortune"},{"floor":126,"key":"halation:EternalFortune"},{"floor":126,"key":"StuffTheSpire:SapphireSignet"},{"floor":128,"key":"Toxic Egg 2"},{"floor":130,"key":"DemoMod:LamentConfigurum"},{"floor":131,"key":"halation:EternalFortune"}],"event_choices":[{"damage_healed":0,"gold_gain":0,"cards_transformed":["hermit:Strike_Hermit"],"player_choice":"Transformed","damage_taken":0,"max_hp_gain":0,"max_hp_loss":0,"event_name":"Transmorgrifier","floor":19,"gold_loss":0,"cards_obtained":["hermit:Reprieve"]},{"damage_healed":0,"gold_gain":0,"player_choice":"Upgraded Two","damage_taken":0,"max_hp_gain":0,"max_hp_loss":0,"event_name":"Designer","floor":36,"gold_loss":40,"cards_upgraded":["hermit:Strike_Hermit","hermit:Covet"]},{"damage_healed":0,"gold_gain":0,"player_choice":"1","damage_taken":0,"max_hp_gain":0,"max_hp_loss":0,"event_name":"betterMatch:BetterMatch","floor":61,"gold_loss":0,"cards_obtained":["betterMatch:UncommonCard","betterMatch:ColorlessUncommonCard","betterMatch:RareCard"]},{"damage_healed":0,"gold_gain":0,"player_choice":"Simplicity","damage_taken":0,"max_hp_gain":0,"max_hp_loss":5,"event_name":"betterThird:BetterWriting","floor":72,"gold_loss":0},{"damage_healed":0,"gold_gain":0,"player_choice":"Ignored","damage_taken":0,"max_hp_gain":0,"max_hp_loss":0,"event_name":"Cursed Tome","floor":75,"gold_loss":0},{"damage_healed":0,"gold_gain":7,"player_choice":"1","damage_taken":0,"max_hp_gain":0,"max_hp_loss":0,"event_name":"betterStone:BetterStone","floor":104,"gold_loss":0},{"cards_removed":["jedi:forcepull"],"damage_healed":0,"gold_gain":0,"player_choice":"Purged","damage_taken":0,"max_hp_gain":0,"max_hp_loss":0,"event_name":"Purifier","floor":107,"gold_loss":0},{"damage_healed":0,"gold_gain":0,"player_choice":"Full Heal","damage_taken":0,"max_hp_gain":0,"max_hp_loss":0,"event_name":"Wheel of Change","floor":116,"gold_loss":0},{"damage_healed":0,"gold_gain":0,"player_choice":"Ignored","damage_taken":0,"max_hp_gain":0,"max_hp_loss":0,"event_name":"Vampires","floor":125,"gold_loss":0},{"damage_healed":0,"gold_gain":0,"player_choice":"CaptainsWheel","damage_taken":0,"relics_obtained":["CaptainsWheel"],"max_hp_gain":0,"max_hp_loss":0,"event_name":"blackbeard:ShipwreckEvent","floor":129,"gold_loss":0},{"damage_healed":0,"gold_gain":0,"player_choice":"Invest 4","damage_taken":0,"max_hp_gain":0,"max_hp_loss":0,"event_name":"conspire:Investor","floor":138,"gold_loss":0},{"cards_removed":["conspire:SpireCoStock"],"damage_healed":0,"gold_gain":0,"player_choice":"Removed Skill","damage_taken":0,"max_hp_gain":0,"max_hp_loss":0,"event_name":"Falling","floor":139,"gold_loss":0}],"is_beta":false,"boss_relics":[{"not_picked":["halation:ForbiddenBikini","Sozu"],"picked":"conspire:RoyalGoblet"},{"not_picked":["Kintsugi","conspire:SeveredTorchhead"],"picked":"jedi:paperlyon"},{"not_picked":["infinitespire:Cupcake","Velvet Choker"],"picked":"Tiny House"},{"not_picked":["halation:SmartPhone","halation:Prosthetics"],"picked":"ChewingGum"},{"not_picked":["hermit:DentedPlate","hubris:BlackHole"],"picked":"aspiration:FutureDiary"},{"not_picked":["Empty Cage","Ring of Chaos"],"picked":"hubris:Backtick"},{"not_picked":["Runic Pyramid","halation:PlatinumPhoenix"],"picked":"Replay:Wanted Poster"},{"not_picked":["hubris:TerracottaHorce","CCEMRelics:TransientCore"],"picked":"hubris:HollowSoul"}],"items_purged_floors":[39,59,73,87],"is_endless":true,"potions_floor_spawned":[1,7,8,11,16,18,24,28,40,44,45,50,57,63,64,65,67,69,74,81,82,90,95,98,110,112,118,120,122,133,135,137],"killed_by":"3 Shapes","ascension_level":0}}