{"host":"o9oojikv0j1jifqm","time":1611321662,"event":{"mods":["BaseMod","Colored Powertips","Marisa£®ÏF”Í°°ƒß¿Ì…≥£©","Minty Spire (QoL Compilation)","Quick Restart","Reimu£®≤©¿ˆ¡È√Œ£©","Remilia£®¿Ÿ√◊¿Ú—«£©","Replay The Spire","Shop Mod","Spicy Shops","StSLib","UnlockEverythingMod","Youmu£®ªÍ∆«—˝√Œ£©","°æ“≈ŒÔø®≈∆°øREMEMod"],"gold_per_floor":[115,133,177,252,80,111,111,163,163,197,232,284,311,361,361,456,456,494,419,34,49,74,74,74],"floor_reached":23,"language":"ZHS","playtime":2667,"items_purged":[],"score":926,"play_id":"9fd6d9ff-9abe-41ce-96ff-0ad19d87add6","local_time":"20210122212102","daily_mods":["SealedDeck","Heirloom","Flight","DeadlyEvents","Elite Swarm"],"is_ascension_mode":true,"campfire_choices":[{"data":"1","floor":7.0,"key":"LIFT"},{"data":"DemonKingCradle","floor":15.0,"key":"SMITH"}],"circlet_count":0,"master_deck":["AscendersBane","DiffusionOfMisfortune","VampireKiss","Stigmanizer","UnstableMagic+1","ScarletDream","ForbiddenFruit","VampireSweep","ScarletGensokyo","FavorOfDestiny+1","LeisurelyOfLord","VampireKiss","MastersStateliness","ScarletNetherworld","ScarletImprint","BloodRain","BatForm","BloodyCatastrophe","TricksterDevil","ScarletMeister","ForecastOfChange","EquivalentExchange","DemonKingCradle","DemonKingCradle+1","KillingBlow","UltimateOffering","KillingBlow","BloodyCatastrophe"],"relics":["ScarletHat","Ring of Chaos","replay:Trail_Library","REME_ComplimentaryCards","Girya","Replay:Bottled Steam","ReplayTheSpireMod:Ninjato","Gungnir","Garlic","Regal Pillow","Replay:Bottled Snecko","Bottled Tornado","War Paint","Pondfish Scales","ReplayTheSpireMod:Onyx Gauntlets","Bag of Preparation","Mastiff:ReiMu","Ice Cream"],"acts_visited":["Exordium","TheCity"],"potions_floor_usage":[22],"damage_taken":[{"damage":5.0,"enemies":"Jaw Worm","floor":1.0,"turns":2.0},{"damage":5.0,"enemies":"2 Louse","floor":2.0,"turns":2.0},{"damage":13.0,"enemies":"Lagavulin","floor":6.0,"turns":6.0},{"damage":0.0,"enemies":"Gremlin Nob","floor":8.0,"turns":2.0},{"damage":0.0,"enemies":"Lagavulin","floor":10.0,"turns":2.0},{"damage":2.0,"enemies":"3 Sentries","floor":11.0,"turns":6.0},{"damage":0.0,"enemies":"Gremlin Nob","floor":12.0,"turns":3.0},{"damage":0.0,"enemies":"3 Sentries","floor":13.0,"turns":6.0},{"damage":9.0,"enemies":"Lagavulin","floor":14.0,"turns":5.0},{"damage":19.0,"enemies":"Slime Boss","floor":16.0,"turns":7.0},{"damage":4,"enemies":"2 Thieves","floor":18,"turns":2},{"damage":17,"enemies":"Spheric Guardian","floor":21,"turns":1},{"damage":37,"enemies":"REME_1_Revenger","floor":22,"turns":2},{"damage":28,"enemies":"Slavers","floor":23,"turns":3}],"seed_played":"8879260116726861068","potions_obtained":[{"floor":1.0,"key":"Block Potion"},{"floor":6.0,"key":"ColorlessPotion"},{"floor":6.0,"key":"SpeedPotion"},{"floor":8.0,"key":"LifebloodPotion"},{"floor":12.0,"key":"PowerPotion"},{"floor":13.0,"key":"FearPotion"},{"floor":14.0,"key":"REME_GoldPotion"},{"floor":18,"key":"FearPotion"}],"is_trial":true,"path_per_floor":["M","M","?","?","$","E","R","E","T","E","E","E","E","E","R","B",null,"M","?","$","M","E","E"],"character_chosen":"REMILIA","items_purchased":["BloodRain","Bag of Preparation","Mastiff:ReiMu","UltimateOffering"],"campfire_rested":0,"item_purchase_floors":[5,20,20,20],"current_hp_per_floor":[58,53,25,14,14,11,11,14,14,18,20,24,35,31,31,16,57,53,53,53,53,28,0,0],"gold":74,"neow_bonus":"","is_daily":false,"chose_seed":false,"campfire_upgraded":1,"win_rate":0.0,"timestamp":1611321662,"path_taken":["M","M","?","?","$","E","R","E","T","E","E","E","E","E","R","BOSS","M","?","$","?","?","E"],"items_purchased_type":["Card","Relic","Relic","Card"],"build_version":"2020-12-22","purchased_purges":0,"victory":false,"max_hp_per_floor":[70,70,70,70,70,70,70,70,70,70,70,70,70,70,70,70,70,70,70,70,70,70,70,70],"card_choices":[{"not_picked":["CharismaGuard","BlasphemousPunishment"],"picked":"VampireKiss","floor":1.0},{"not_picked":["CharismaGuard","VampireKiss"],"picked":"MastersStateliness","floor":2.0},{"not_picked":["MastersStateliness","VampireKiss"],"picked":"ScarletNetherworld","floor":3.0},{"not_picked":["VampireSweep","StarOfDavid"],"picked":"ScarletImprint","floor":3.0},{"not_picked":["CeilingFear","DemonKingCradle"],"picked":"BatForm","floor":6.0},{"not_picked":["CeilingFear","HellCatastrophe"],"picked":"BloodyCatastrophe","floor":8.0},{"not_picked":["ScarletCoffin","HellCatastrophe"],"picked":"TricksterDevil","floor":10.0},{"not_picked":["HellCatastrophe","BloodRain"],"picked":"ScarletMeister","floor":11.0},{"not_picked":["DemonKingCradle","HeartBreak"],"picked":"ForecastOfChange","floor":12.0},{"not_picked":["ChaoticDestiny","BloodySeventeenLaser"],"picked":"EquivalentExchange","floor":13.0},{"not_picked":["ChaoticDestiny","BloodyCatastrophe"],"picked":"DemonKingCradle","floor":14.0},{"not_picked":["DemonKingCradle","HellCatastrophe"],"picked":"KillingBlow","floor":16.0},{"not_picked":["StarOfDavid","NightDance"],"picked":"MastersStateliness","floor":18},{"not_picked":["MiserableFate","UnstableMagic"],"picked":"KillingBlow","floor":21},{"not_picked":["BloodySeventeenLaser","BloodRain"],"picked":"BloodyCatastrophe","floor":22}],"player_experience":222134,"relics_obtained":[{"floor":3.0,"key":"Replay:Bottled Steam"},{"floor":6.0,"key":"ReplayTheSpireMod:Ninjato"},{"floor":8.0,"key":"Gungnir"},{"floor":9.0,"key":"Garlic"},{"floor":10.0,"key":"Regal Pillow"},{"floor":11.0,"key":"Replay:Bottled Snecko"},{"floor":12.0,"key":"Bottled Tornado"},{"floor":13.0,"key":"War Paint"},{"floor":14.0,"key":"Pondfish Scales"},{"floor":22,"key":"Ice Cream"}],"event_choices":[{"damage_healed":0.0,"max_hp_gain":0.0,"max_hp_loss":0.0,"gold_gain":75.0,"event_name":"World of Goop","player_choice":"Gather Gold","floor":4.0,"gold_loss":0.0,"damage_taken":11.0},{"cards_removed":["MastersStateliness"],"damage_healed":0,"gold_gain":0,"player_choice":"Gave Gold","damage_taken":0,"max_hp_gain":0,"max_hp_loss":0,"event_name":"Beggar","floor":19,"gold_loss":75}],"is_beta":false,"boss_relics":[{"not_picked":["SacredBark","Runic Dome"],"picked":"ReplayTheSpireMod:Onyx Gauntlets"}],"items_purged_floors":[],"is_endless":false,"potions_floor_spawned":[1,6,8,10,12,18],"killed_by":"Slavers","ascension_level":20}}