{"host":"p8f0otjoacyb9giz","time":1611333548,"event":{"mods":["AchievementEnabler","BaseMod","Downfall","Minty Spire (QoL Compilation)","StSLib"],"gold_per_floor":[99,110,123,134,134,39,39,49,79,28,53,53,71,87,97,97,97,97],"floor_reached":16,"language":"ENG","playtime":699,"items_purged":[],"score":154,"play_id":"d7c6e01d-c4b4-4297-aab0-df9c347ab09e","local_time":"20210122193908","is_ascension_mode":true,"campfire_choices":[{"floor":1,"key":"RECALL"},{"data":"Guardian:FloatingOrbs","floor":12,"key":"SMITH"}],"circlet_count":0,"master_deck":["Guardian:Strike_Guardian","Guardian:Strike_Guardian","Guardian:Strike_Guardian","Guardian:Strike_Guardian","Guardian:Defend_Guardian","Guardian:Defend_Guardian","Guardian:Defend_Guardian","Guardian:CurlUp","Guardian:TwinSlam","Guardian:CrystalBeam","Guardian:FloatingOrbs","Guardian:FloatingOrbs+1","Guardian:DecasProtection","Guardian:DecasProtection","Guardian:ChargeUp","Guardian:Orbwalk","Guardian:PolyBeam"],"relics":["Runic Dome","Guardian:PocketSentry","Pen Nib"],"acts_visited":["Exordium"],"potions_floor_usage":[9],"damage_taken":[{"damage":5,"enemies":"2 Louse","floor":2,"turns":3},{"damage":0,"enemies":"Cultist","floor":3,"turns":4},{"damage":0,"enemies":"Small Slimes","floor":4,"turns":3},{"damage":10,"enemies":"downfall:FleeingMerchant","floor":6,"turns":4},{"damage":3,"enemies":"Blue Slaver","floor":8,"turns":4},{"damage":21,"enemies":"3 Sentries","floor":9,"turns":9},{"damage":0,"enemies":"downfall:FleeingMerchant","floor":10,"turns":4},{"damage":5,"enemies":"Lagavulin","floor":11,"turns":6},{"damage":12,"enemies":"2 Fungi Beasts","floor":13,"turns":3},{"damage":0,"enemies":"Exordium Wildlife","floor":14,"turns":3},{"damage":10,"enemies":"Large Slime","floor":15,"turns":4},{"damage":0,"enemies":"SI_SHIV_ARCHETYPE","floor":16,"turns":1}],"seed_played":"2843474436214492792","potions_obtained":[{"floor":8,"key":"BlessingOfTheForge"},{"floor":11,"key":"Fire Potion"},{"floor":13,"key":"Guardian:AcceleratePotion"},{"floor":14,"key":"sneckomod:MuddlingPotion"}],"is_trial":false,"path_per_floor":["R","M","M","M","?","$","T","M","E","$","E","R","M","M","M","B"],"character_chosen":"GUARDIAN","items_purchased":["Guardian:FloatingOrbs","Guardian:ChargeUp"],"campfire_rested":0,"item_purchase_floors":[6,10],"current_hp_per_floor":[72,67,67,67,67,57,57,54,33,33,28,28,16,16,6,6,6,6],"gold":97,"neow_bonus":"BOSS_RELIC","is_daily":false,"chose_seed":false,"campfire_upgraded":1,"win_rate":0.0,"timestamp":1611333548,"path_taken":["R","M","M","M","?","?","T","M","E","$","E","R","M","M","M","BOSS"],"items_purchased_type":["Card","Card"],"build_version":"2020-12-22","purchased_purges":0,"victory":false,"max_hp_per_floor":[80,80,80,80,80,80,80,80,80,80,80,80,80,80,80,80,80,80],"card_choices":[{"not_picked":["Guardian:WalkerClaw","Guardian:TemporalShield"],"picked":"Guardian:Gem_Cyan","floor":2},{"not_picked":["Guardian:ShieldCharger","Guardian:WalkerClaw"],"picked":"Guardian:CrystalBeam","floor":3},{"not_picked":["Guardian:ChargeUp","Guardian:Clone","Guardian:ArmoredProtocol"],"picked":"SKIP","floor":4},{"not_picked":["Guardian:WalkerClaw","Guardian:Reroute"],"picked":"Guardian:FloatingOrbs","floor":6},{"not_picked":["Guardian:Gem_Cyan","Guardian:RollAttack"],"picked":"Guardian:DecasProtection","floor":8},{"not_picked":["Guardian:ShieldCharger","Guardian:ChargeCore"],"picked":"Guardian:DecasProtection","floor":9},{"not_picked":["Guardian:EvasiveProtocol","Guardian:FastForward","Guardian:Suspension"],"picked":"SKIP","floor":10},{"not_picked":["Guardian:Preprogram","Guardian:TemporalShield"],"picked":"Guardian:Orbwalk","floor":11},{"not_picked":["Guardian:Planning","Guardian:Recover"],"picked":"Guardian:PolyBeam","floor":13},{"not_picked":["Guardian:RollAttack","Guardian:Reroute","Guardian:Gem_Red"],"picked":"SKIP","floor":14},{"not_picked":["Guardian:SpikerProtocol","Guardian:PiercingHide","Guardian:VentSteam"],"picked":"SKIP","floor":15}],"player_experience":391243,"relics_obtained":[{"floor":9,"key":"Guardian:PocketSentry"},{"floor":11,"key":"Pen Nib"}],"event_choices":[],"is_beta":false,"boss_relics":[],"items_purged_floors":[],"is_endless":false,"potions_floor_spawned":[8,11,13,14],"killed_by":"SI_SHIV_ARCHETYPE","ascension_level":7}}