{"host":"ewfe3cr33ktd9xzj","time":1611306728,"event":{"mods":["AchievementEnabler","Arknights The Spire","BaseMod","Colored Map","Custom Start","DeckTracker","Minty Spire (QoL Compilation)","Permanent Neow","Quick Restart","Rare Cards Sparkle","StSLib","everything is the same but u backflip on backflip"],"gold_per_floor":[115,45,57,75,94,94,123,143,169,185,219,240,240,315,315,413,413,430,41,41,61,161,161,191,191,191,191,211,211,239,154,154,154,154],"floor_reached":33,"language":"KOR","playtime":1234,"items_purged":["ats:Strike C"],"score":334,"play_id":"44f36da8-0d0c-4830-8459-e903b0949c9f","local_time":"20210122181208","is_ascension_mode":true,"campfire_choices":[{"data":"ats:Serious Mode","floor":6.0,"key":"SMITH"},{"data":"ats:Sashimi Platter","floor":13.0,"key":"SMITH"},{"data":"ats:Blood Oath","floor":15.0,"key":"SMITH"},{"data":"ats:True Silver Slash","floor":23.0,"key":"SMITH"},{"data":"ats:Demon Strength","floor":25.0,"key":"SMITH"},{"data":"ats:Blood Oath","floor":27.0,"key":"SMITH"},{"data":"ats:Blood Oath","floor":29.0,"key":"SMITH"},{"data":"ats:Emotion Absorption","floor":32,"key":"SMITH"}],"circlet_count":0,"master_deck":["ats:Strike G","ats:Strike S","ats:Strike V","ats:Armor Crushing Shot","ats:Defend","ats:Defend","ats:Defend","ats:Defend","ats:Emotion Absorption+1","ats:Disruption Kick","ats:Blood Oath+1","ats:Demon Strength+1","ats:Poison Spread","ats:Serious Mode+1","ats:Blood Oath+1","ats:Sashimi Platter+1","ats:True Silver Slash+1","ats:Song Of Battle","ats:Blood Oath+1","ats:Wolf Pack","ats:Calcification+1","ats:Assault Order+1","ats:Steam Pump+1","ats:Charging Defense+1"],"relics":["ats:Sanity","ats:Originium","ats:Military Tradition","MealTicket","ats:Berate","Odd Mushroom","Runic Pyramid","Toxic Egg 2","Toy Ornithopter","InkBottle","Darkstone Periapt","Orichalcum"],"acts_visited":["Exordium","TheCity"],"potions_floor_usage":[30],"damage_taken":[{"damage":5.0,"enemies":"Small Slimes","floor":1.0,"turns":4.0},{"damage":8.0,"enemies":"Jaw Worm","floor":3.0,"turns":4.0},{"damage":6.0,"enemies":"2 Louse","floor":4.0,"turns":2.0},{"damage":22.0,"enemies":"Exordium Thugs","floor":5.0,"turns":4.0},{"damage":26.0,"enemies":"3 Sentries","floor":7.0,"turns":5.0},{"damage":6.0,"enemies":"3 Louse","floor":8.0,"turns":2.0},{"damage":6.0,"enemies":"Looter","floor":10.0,"turns":2.0},{"damage":20.0,"enemies":"Gremlin Nob","floor":11.0,"turns":4.0},{"damage":26.0,"enemies":"The Mushroom Lair","floor":12.0,"turns":4.0},{"damage":16.0,"enemies":"Slime Boss","floor":16.0,"turns":7.0},{"damage":35.0,"enemies":"2 Thieves","floor":18.0,"turns":5.0},{"damage":30.0,"enemies":"Spheric Guardian","floor":21.0,"turns":4.0},{"damage":13.0,"enemies":"Gremlin Leader","floor":24.0,"turns":6.0},{"damage":25.0,"enemies":"Cultist and Chosen","floor":28.0,"turns":4.0},{"damage":57,"enemies":"Book of Stabbing","floor":30,"turns":6},{"damage":10,"enemies":"Champ","floor":33,"turns":3}],"seed_played":"8537902737249857881","potions_obtained":[{"floor":1.0,"key":"SteroidPotion"},{"floor":3.0,"key":"FairyPotion"},{"floor":10.0,"key":"ats:Emergency Sanity Potion"},{"floor":18.0,"key":"FearPotion"},{"floor":30,"key":"Fire Potion"}],"is_trial":false,"path_per_floor":["M","$","M","M","M","R","E","M","T","M","E","?","R","?","R","B",null,"M","$","?","M","?","R","E","R","T","R","M","R","E","?","R","B"],"character_chosen":"DOCTOR_CLASS","items_purchased":["ats:Demon Strength","Toxic Egg 2","ats:Calcification+1"],"campfire_rested":0,"item_purchase_floors":[2,19,19],"current_hp_per_floor":[60,60,55,52,33,33,16,28,28,22,23,18,18,7,7,33,65,48,63,52,45,45,45,58,58,58,58,58,58,52,52,52,56,56],"gold":154,"neow_bonus":"THREE_RARE_CARDS","is_daily":false,"chose_seed":false,"campfire_upgraded":8,"win_rate":0.0,"timestamp":1611306728,"path_taken":["M","$","M","M","M","R","E","M","T","M","E","?","R","?","R","BOSS","M","$","?","M","?","R","E","R","T","R","?","R","E","?","R","BOSS"],"items_purchased_type":["Card","Relic","Card"],"build_version":"2020-12-22","purchased_purges":1,"victory":false,"max_hp_per_floor":[65,65,65,65,65,65,65,65,65,65,65,65,65,65,65,65,65,65,65,70,70,70,70,70,70,70,70,70,70,70,70,70,70,70],"card_choices":[{"not_picked":["ats:Wolf Pack","ats:Echo Reverb"],"picked":"ats:Disruption Kick","floor":0.0},{"not_picked":["ats:Mental Burst","ats:Consecutive Shot Auto"],"picked":"ats:Blood Oath","floor":1.0},{"not_picked":["ats:Phantom","ats:Consecutive Shot Auto"],"picked":"ats:Poison Spread","floor":3.0},{"not_picked":["ats:Spore Proliferation","ats:Wolf Pack"],"picked":"ats:Serious Mode","floor":4.0},{"not_picked":["ats:Explosion Area Strengthen","ats:Hook Shot"],"picked":"ats:Blood Oath","floor":5.0},{"not_picked":["ats:Apocalypse","ats:Poison Spread"],"picked":"ats:Sashimi Platter","floor":7.0},{"not_picked":["ats:Thorns","ats:Powerful Strike"],"picked":"ats:True Silver Slash","floor":8.0},{"not_picked":["ats:Curse Doll","ats:Revitalization"],"picked":"ats:Song Of Battle","floor":10.0},{"not_picked":["ats:Calcification","ats:Part Time Job","ats:Phantom"],"picked":"SKIP","floor":11.0},{"not_picked":["ats:Flame Of Heaven","ats:Revitalization"],"picked":"ats:Blood Oath","floor":12.0},{"not_picked":["ats:Volcano","ats:Durian"],"picked":"ats:Wolf Pack","floor":16.0},{"not_picked":["ats:Guardian Obelisk","ats:Curse Doll","ats:Hammer On+1"],"picked":"SKIP","floor":18.0},{"not_picked":["ats:Sword Rain+1","ats:Automatic Cover+1"],"picked":"ats:Assault Order+1","floor":21.0},{"not_picked":["ats:Directed Diagnosis+1","ats:Curse Doll+1","ats:Assault Order+1"],"picked":"SKIP","floor":24.0},{"not_picked":["ats:Powerful Strike","ats:Healing Strengthening"],"picked":"ats:Steam Pump+1","floor":28.0},{"not_picked":["ats:Hook Shot+1","ats:Assault Order+1"],"picked":"ats:Charging Defense+1","floor":30}],"player_experience":59376,"relics_obtained":[{"floor":7.0,"key":"ats:Originium"},{"floor":7.0,"key":"ats:Military Tradition"},{"floor":9.0,"key":"MealTicket"},{"floor":11.0,"key":"ats:Originium"},{"floor":11.0,"key":"ats:Berate"},{"floor":12.0,"key":"Odd Mushroom"},{"floor":24.0,"key":"ats:Originium"},{"floor":24.0,"key":"Toy Ornithopter"},{"floor":26.0,"key":"InkBottle"},{"floor":30,"key":"ats:Originium"},{"floor":30,"key":"Darkstone Periapt"}],"event_choices":[{"damage_healed":0.0,"max_hp_gain":0.0,"max_hp_loss":0.0,"gold_gain":0.0,"event_name":"Mushrooms","player_choice":"Fought Mushrooms","floor":12.0,"gold_loss":0.0,"damage_taken":0.0},{"damage_healed":0.0,"max_hp_gain":0.0,"max_hp_loss":0.0,"gold_gain":75.0,"event_name":"World of Goop","player_choice":"Gather Gold","floor":14.0,"gold_loss":0.0,"damage_taken":11.0},{"damage_healed":0.0,"max_hp_gain":5.0,"max_hp_loss":0.0,"gold_gain":0.0,"event_name":"Forgotten Altar","player_choice":"Shed Blood","floor":20.0,"gold_loss":0.0,"damage_taken":16.0},{"damage_healed":0.0,"max_hp_gain":0.0,"max_hp_loss":0.0,"gold_gain":100.0,"event_name":"Golden Shrine","player_choice":"Pray","floor":22.0,"gold_loss":0.0,"damage_taken":0.0},{"damage_healed":0,"gold_gain":0,"player_choice":"Obtained Relic","damage_taken":0,"relics_obtained":["Orichalcum"],"max_hp_gain":0,"max_hp_loss":0,"event_name":"Addict","floor":31,"gold_loss":85}],"is_beta":false,"boss_relics":[{"not_picked":["Fusion Hammer","Black Star"],"picked":"Runic Pyramid"}],"items_purged_floors":[19],"is_endless":false,"potions_floor_spawned":[1,3,10,12,18,30],"killed_by":"Champ","ascension_level":1}}