{"host":"f0gpob8hq9vgebej","time":1611300113,"event":{"mods":["AchievementEnabler","BaseMod","Minty Spire (QoL Compilation)","Quick Restart","SuperFastMode"],"gold_per_floor":[56,118,131,141,141,154,154,168,203,203,83,83,98,98,117,117,214,214,232,244,256,14,28,28,41,61,61,61,61],"floor_reached":27,"language":"KOR","playtime":534,"items_purged":["Strike_G"],"score":320,"play_id":"e68eb137-ba37-4f04-a345-a85d61da8b9d","local_time":"20210122162153","is_ascension_mode":true,"campfire_choices":[{"data":"Poisoned Stab","floor":6.0,"key":"SMITH"},{"data":"Dagger Spray","floor":13.0,"key":"SMITH"},{"data":"Envenom","floor":15.0,"key":"SMITH"},{"floor":23,"key":"REST"}],"circlet_count":0,"master_deck":["Strike_G","Strike_G","Strike_G","Strike_G","Defend_G","Defend_G","Defend_G","Defend_G","Defend_G","Survivor","Neutralize","Prepared","Dagger Spray+1","Poisoned Stab+1","Finisher","Deadly Poison","Envenom+1","Phantasmal Killer","Blade Dance+1","Backflip","Blade Dance","Prepared+1"],"relics":["Ring of the Snake","Pocketwatch","Unceasing Top","Darkstone Periapt","Letter Opener","WristBlade","Singing Bowl","The Courier"],"acts_visited":["Exordium","TheCity"],"potions_floor_usage":[22,27],"damage_taken":[{"damage":2.0,"enemies":"Jaw Worm","floor":1.0,"turns":5.0},{"damage":0.0,"enemies":"Cultist","floor":2.0,"turns":4.0},{"damage":3.0,"enemies":"Small Slimes","floor":3.0,"turns":3.0},{"damage":1.0,"enemies":"Blue Slaver","floor":5.0,"turns":5.0},{"damage":3.0,"enemies":"Looter","floor":7.0,"turns":3.0},{"damage":12.0,"enemies":"Lagavulin","floor":8.0,"turns":6.0},{"damage":0.0,"enemies":"Lots of Slimes","floor":12.0,"turns":2.0},{"damage":2.0,"enemies":"Gremlin Gang","floor":14.0,"turns":3.0},{"damage":17.0,"enemies":"The Guardian","floor":16.0,"turns":10.0},{"damage":36.0,"enemies":"Spheric Guardian","floor":18.0,"turns":5.0},{"damage":2.0,"enemies":"3 Byrds","floor":19.0,"turns":3.0},{"damage":0.0,"enemies":"Snake Plant","floor":20.0,"turns":2.0},{"damage":9,"enemies":"Cultist and Chosen","floor":22,"turns":5},{"damage":7,"enemies":"Centurion and Healer","floor":24,"turns":4},{"damage":12,"enemies":"3 Cultists","floor":25,"turns":4},{"damage":0,"enemies":"Snecko","floor":27,"turns":3}],"seed_played":"-2376128101846967138","potions_obtained":[{"floor":2.0,"key":"LiquidBronze"},{"floor":3.0,"key":"Regen Potion"},{"floor":8.0,"key":"SkillPotion"},{"floor":14.0,"key":"GamblersBrew"},{"floor":18.0,"key":"DuplicationPotion"},{"floor":22,"key":"Dexterity Potion"}],"is_trial":false,"path_per_floor":["M","M","M","?","M","R","M","E","T","$","T","M","R","M","R","B",null,"M","M","M","$","M","R","M","M","T","M"],"character_chosen":"THE_SILENT","items_purchased":["Deadly Poison","Singing Bowl"],"campfire_rested":1,"item_purchase_floors":[10,21],"current_hp_per_floor":[16,43,43,40,40,39,39,36,24,24,24,24,24,24,22,22,20,58,22,20,20,20,11,32,25,15,15,15,15],"gold":61,"neow_bonus":"ONE_RARE_RELIC","is_daily":false,"chose_seed":false,"campfire_upgraded":3,"win_rate":0.0,"timestamp":1611300113,"path_taken":["M","M","M","?","M","R","M","E","T","$","?","?","R","M","R","BOSS","M","M","M","$","M","R","M","M","T","M"],"items_purchased_type":["Card","Relic"],"build_version":"2020-12-22","purchased_purges":1,"victory":false,"max_hp_per_floor":[76,70,70,70,70,70,70,70,70,70,70,70,70,70,70,70,70,70,70,70,70,70,70,70,70,72,72,72,72],"card_choices":[{"not_picked":["Backflip","Dagger Throw"],"picked":"Prepared","floor":1.0},{"not_picked":["Setup","Escape Plan"],"picked":"Dagger Spray","floor":2.0},{"not_picked":["Deflect","Blur","Setup"],"picked":"SKIP","floor":3.0},{"not_picked":["Bane","Backflip"],"picked":"Poisoned Stab","floor":5.0},{"not_picked":["All Out Attack","Outmaneuver"],"picked":"Finisher","floor":7.0},{"not_picked":["Expertise","Terror","Quick Slash"],"picked":"SKIP","floor":8.0},{"not_picked":["Underhanded Strike","Choke","Leg Sweep"],"picked":"SKIP","floor":12.0},{"not_picked":["Backflip","Poisoned Stab"],"picked":"Envenom","floor":14.0},{"not_picked":["A Thousand Cuts","Grand Finale"],"picked":"Phantasmal Killer","floor":16.0},{"not_picked":["Dagger Throw","Slice"],"picked":"Blade Dance+1","floor":18.0},{"not_picked":["Dagger Throw","Dash"],"picked":"Backflip","floor":19.0},{"not_picked":["Quick Slash","Dagger Spray","Choke"],"picked":"SKIP","floor":20.0},{"not_picked":["Deadly Poison","Dodge and Roll+1"],"picked":"Blade Dance","floor":22},{"not_picked":["Dagger Spray","Blur"],"picked":"Prepared+1","floor":24},{"not_picked":["Sucker Punch","Deadly Poison","Footwork"],"picked":"Singing Bowl","floor":25}],"player_experience":208081,"relics_obtained":[{"floor":8.0,"key":"Unceasing Top"},{"floor":9.0,"key":"Darkstone Periapt"},{"floor":11.0,"key":"Letter Opener"},{"floor":26,"key":"The Courier"}],"event_choices":[{"damage_healed":0.0,"max_hp_gain":0.0,"max_hp_loss":0.0,"gold_gain":0.0,"event_name":"The Woman in Blue","player_choice":"Bought 0 Potions","floor":4.0,"gold_loss":0.0,"damage_taken":0.0}],"is_beta":false,"boss_relics":[{"not_picked":["Fusion Hammer","Empty Cage"],"picked":"WristBlade"}],"items_purged_floors":[10],"is_endless":false,"potions_floor_spawned":[2,3,8,14,18,22],"killed_by":"Snecko","ascension_level":9}}