{"host":"oigynbtg272c19pw","time":1611309580,"event":{"mods":["BaseMod","Colored Map","Minty Spire (QoL Compilation)","Relic Stats","Slay the Relics Exporter","StSLib"],"gold_per_floor":[16,16,16,16,26,26,54,68,147,147,167,181,181,210,210,286,286,301,334,348,362,379,414,414,414,485,485,485,485,518,538,538,615,615,629,645,39,261,272,272,304,304,328,328,344,669,696,108,108,108,108,108],"floor_reached":51,"playtime":2631,"items_purged":["Defend_G","Defend_G"],"score":1581,"play_id":"7720da7f-6688-4ab9-a6cf-1723da7294f5","local_time":"20210122105940","is_ascension_mode":true,"campfire_choices":[{"data":"Skewer","floor":6.0,"key":"SMITH"},{"floor":10.0,"key":"REST"},{"data":"Flechettes","floor":13.0,"key":"SMITH"},{"data":"Cloak And Dagger","floor":15.0,"key":"SMITH"},{"floor":25.0,"key":"REST"},{"data":"Bouncing Flask","floor":27.0,"key":"SMITH"},{"data":"Panache","floor":29.0,"key":"SMITH"},{"data":"Deflect","floor":32.0,"key":"SMITH"},{"data":"Footwork","floor":40.0,"key":"SMITH"},{"floor":44.0,"key":"RECALL"},{"data":"Calculated Gamble","floor":49.0,"key":"SMITH"}],"circlet_count":0,"master_deck":["AscendersBane","Defend_G","Defend_G","Defend_G","Survivor","Neutralize","Panache+1","Flechettes+1","Skewer+1","Cloak And Dagger+1","All Out Attack","Blade Dance","Terror","Venomology","Bouncing Flask+1","Corpse Explosion","Endless Agony","Outmaneuver","Cloak And Dagger+1","Prepared","Calculated Gamble+1","Endless Agony","Bite","Bite","Bite","Bite","Bite","Masterful Stab","Deflect+1","Tools of the Trade","Footwork+1","Infinite Blades","Concentrate","Tactician","Footwork","Crippling Poison+1","Writhe","Escape Plan+1","Noxious Fumes","Accuracy","Crippling Poison","Bandage Up"],"relics":["Ring of the Snake","Oddly Smooth Stone","Anchor","Meat on the Bone","Vajra","WristBlade","Red Mask","White Beast Statue","Enchiridion","Mercury Hourglass","Blue Candle","Coffee Dripper","Tough Bandages","Toy Ornithopter","Old Coin","Dead Branch","Ninja Scroll"],"acts_visited":["Exordium","TheCity","TheBeyond"],"potions_floor_usage":[51],"damage_taken":[{"damage":0.0,"enemies":"Small Slimes","floor":1.0,"turns":3.0},{"damage":3.0,"enemies":"Jaw Worm","floor":5.0,"turns":5.0},{"damage":37.0,"enemies":"3 Sentries","floor":7.0,"turns":12.0},{"damage":0.0,"enemies":"2 Louse","floor":8.0,"turns":3.0},{"damage":2.0,"enemies":"Exordium Wildlife","floor":11.0,"turns":3.0},{"damage":0.0,"enemies":"2 Fungi Beasts","floor":12.0,"turns":3.0},{"damage":20.0,"enemies":"Lagavulin","floor":14.0,"turns":7.0},{"damage":14.0,"enemies":"Slime Boss","floor":16.0,"turns":9.0},{"damage":0.0,"enemies":"2 Thieves","floor":18.0,"turns":3.0},{"damage":0.0,"enemies":"Masked Bandits","floor":19.0,"turns":2.0},{"damage":1.0,"enemies":"Spheric Guardian","floor":20.0,"turns":3.0},{"damage":0.0,"enemies":"3 Cultists","floor":21.0,"turns":3.0},{"damage":6.0,"enemies":"Cultist and Chosen","floor":22.0,"turns":3.0},{"damage":33.0,"enemies":"Gremlin Leader","floor":23.0,"turns":4.0},{"damage":0.0,"enemies":"Slavers","floor":30.0,"turns":3.0},{"damage":0.0,"enemies":"Sentry and Sphere","floor":31.0,"turns":3.0},{"damage":33.0,"enemies":"Automaton","floor":33.0,"turns":7.0},{"damage":0.0,"enemies":"3 Shapes","floor":35.0,"turns":4.0},{"damage":0.0,"enemies":"3 Darklings","floor":36.0,"turns":2.0},{"damage":47.0,"enemies":"Writhing Mass","floor":39.0,"turns":5.0},{"damage":21.0,"enemies":"Nemesis","floor":41.0,"turns":7.0},{"damage":14.0,"enemies":"Maw","floor":45.0,"turns":6.0},{"damage":0.0,"enemies":"Mind Bloom Boss Battle","floor":46.0,"turns":3.0},{"damage":27.0,"enemies":"Giant Head","floor":47.0,"turns":7.0},{"damage":26.0,"enemies":"Donu and Deca","floor":50.0,"turns":9.0},{"damage":56,"enemies":"Time Eater","floor":51,"turns":4}],"seed_played":"-5195848483780206257","potions_obtained":[{"floor":8.0,"key":"Fruit Juice"},{"floor":11.0,"key":"SmokeBomb"},{"floor":16.0,"key":"AttackPotion"},{"floor":18.0,"key":"Swift Potion"},{"floor":20.0,"key":"EntropicBrew"},{"floor":22.0,"key":"Regen Potion"},{"floor":23.0,"key":"Block Potion"},{"floor":30.0,"key":"Energy Potion"},{"floor":31.0,"key":"LiquidMemories"},{"floor":33.0,"key":"LiquidMemories"},{"floor":35.0,"key":"Regen Potion"},{"floor":39.0,"key":"FearPotion"},{"floor":41.0,"key":"LiquidMemories"},{"floor":45.0,"key":"Swift Potion"},{"floor":46.0,"key":"EntropicBrew"},{"floor":47.0,"key":"Block Potion"}],"is_trial":false,"path_per_floor":["M","$","?","?","M","R","E","M","T","R","M","M","R","E","R","B",null,"M","?","M","M","M","E","?","R","T","R","?","R","E","M","R","B",null,"M","M","$","?","M","R","E","?","T","R","M","?","E","$","R","B","B"],"character_chosen":"THE_SILENT","items_purchased":["Tough Bandages","Concentrate","Tactician","Footwork","Accuracy","Crippling Poison","Ninja Scroll","Bandage Up"],"campfire_rested":2,"item_purchase_floors":[37,37,37,37,48,48,48,48],"current_hp_per_floor":[59,59,59,48,45,45,8,13,13,34,44,44,44,36,36,34,62,62,62,61,61,55,39,18,39,39,39,39,39,43,49,49,32,45,47,49,49,49,21,21,24,34,34,34,36,47,29,29,29,34,0,0],"gold":108,"neow_bonus":"RANDOM_COLORLESS_2","is_daily":false,"chose_seed":false,"campfire_upgraded":8,"win_rate":0.0,"timestamp":1611309580,"path_taken":["M","$","?","?","M","R","E","M","T","R","M","M","R","E","R","BOSS","M","?","M","M","M","E","?","R","T","R","?","R","E","M","R","BOSS","M","M","$","?","M","R","E","?","T","R","M","?","E","?","R","BOSS","BOSS"],"items_purchased_type":["Relic","Card","Card","Card","Card","Card","Relic","Card"],"build_version":"2020-12-13","purchased_purges":2,"victory":false,"max_hp_per_floor":[66,66,66,66,66,66,66,71,71,71,71,71,71,71,71,71,71,71,71,71,71,71,71,71,71,71,71,49,49,49,49,49,49,49,49,49,49,49,49,49,49,49,49,49,49,49,49,49,49,49,49,49],"relic_stats":{"Tough Bandages":[258],"counters":[26,122],"Blue Candle":[3],"Dead Branch":[38],"obtain_stats":[{"Blue Candle":30,"Dead Branch":47,"Oddly Smooth Stone":4,"Vajra":14,"Enchiridion":24,"White Beast Statue":23,"Mercury Hourglass":26,"Old Coin":46,"Anchor":7,"Tough Bandages":37,"WristBlade":17,"Ninja Scroll":48,"Red Mask":19,"Coffee Dripper":34,"Toy Ornithopter":41,"Ring of the Snake":0,"Meat on the Bone":9},{"Blue Candle":15,"Dead Branch":24,"Oddly Smooth Stone":1,"Vajra":7,"Enchiridion":14,"White Beast Statue":14,"Mercury Hourglass":14,"Old Coin":23,"Anchor":3,"Tough Bandages":19,"WristBlade":8,"Ninja Scroll":24,"Red Mask":10,"Coffee Dripper":17,"Toy Ornithopter":21,"Ring of the Snake":0,"Meat on the Bone":4},{"Blue Candle":66,"Dead Branch":109,"Oddly Smooth Stone":3,"Vajra":36,"Enchiridion":63,"White Beast Statue":63,"Mercury Hourglass":63,"Old Coin":102,"Anchor":20,"Tough Bandages":81,"WristBlade":45,"Ninja Scroll":109,"Red Mask":50,"Coffee Dripper":76,"Toy Ornithopter":93,"Ring of the Snake":0,"Meat on the Bone":23}],"Toy Ornithopter":32,"Ring of the Snake":[50],"Meat on the Bone":96,"Mercury Hourglass":[199]},"card_choices":[{"not_picked":["The Bomb","Thinking Ahead"],"picked":"Panache","floor":0.0},{"not_picked":["Expertise","Cloak And Dagger"],"picked":"Flechettes","floor":1.0},{"not_picked":["Poisoned Stab","Flying Knee"],"picked":"Cloak And Dagger","floor":5.0},{"not_picked":["Terror","Dagger Spray"],"picked":"All Out Attack","floor":7.0},{"not_picked":["Slice","Caltrops"],"picked":"Blade Dance","floor":8.0},{"not_picked":["Dagger Throw","Deflect"],"picked":"Terror","floor":11.0},{"not_picked":["Backstab","Backflip"],"picked":"Venomology","floor":12.0},{"not_picked":["Predator","Deadly Poison"],"picked":"Bouncing Flask","floor":14.0},{"not_picked":["Storm of Steel","Envenom"],"picked":"Corpse Explosion","floor":16.0},{"not_picked":["Acrobatics","Dagger Spray"],"picked":"Endless Agony","floor":18.0},{"not_picked":["Quick Slash+1","Acrobatics"],"picked":"Outmaneuver","floor":19.0},{"not_picked":["A Thousand Cuts","Quick Slash"],"picked":"Cloak And Dagger+1","floor":20.0},{"not_picked":["Deflect","Caltrops"],"picked":"Prepared","floor":21.0},{"not_picked":["Setup","Underhanded Strike"],"picked":"Calculated Gamble","floor":22.0},{"not_picked":["Terror","Quick Slash"],"picked":"Endless Agony","floor":23.0},{"not_picked":["Flechettes+1","Slice"],"picked":"Masterful Stab","floor":30.0},{"not_picked":["Bane","Slice"],"picked":"Deflect","floor":31.0},{"not_picked":["Die Die Die","Venomology"],"picked":"Tools of the Trade","floor":33.0},{"not_picked":["Deadly Poison","Underhanded Strike+1"],"picked":"Footwork","floor":35.0},{"not_picked":["Prepared","Heel Hook"],"picked":"Infinite Blades","floor":36.0},{"not_picked":["Backflip","Flying Knee","PiercingWail"],"picked":"SKIP","floor":39.0},{"not_picked":["Dodge and Roll","Concentrate"],"picked":"Crippling Poison+1","floor":41.0},{"not_picked":["Blur","Acrobatics"],"picked":"Escape Plan+1","floor":45.0},{"not_picked":["Cloak And Dagger","Heel Hook"],"picked":"Noxious Fumes","floor":47.0}],"player_experience":1463893,"relics_obtained":[{"floor":7.0,"key":"Anchor"},{"floor":9.0,"key":"Meat on the Bone"},{"floor":14.0,"key":"Vajra"},{"floor":19.0,"key":"Red Mask"},{"floor":23.0,"key":"White Beast Statue"},{"floor":24.0,"key":"Enchiridion"},{"floor":26.0,"key":"Mercury Hourglass"},{"floor":30.0,"key":"Blue Candle"},{"floor":41.0,"key":"Toy Ornithopter"},{"floor":46.0,"key":"Old Coin"},{"floor":47.0,"key":"Dead Branch"}],"event_choices":[{"damage_healed":0.0,"max_hp_gain":0.0,"max_hp_loss":0.0,"gold_gain":0.0,"cards_transformed":["Strike_G"],"event_name":"Living Wall","player_choice":"Change","floor":3.0,"gold_loss":0.0,"damage_taken":0.0,"cards_obtained":["Skewer"]},{"damage_healed":0.0,"max_hp_gain":0.0,"max_hp_loss":0.0,"gold_gain":0.0,"event_name":"Scrap Ooze","player_choice":"Success","floor":4.0,"gold_loss":0.0,"damage_taken":11.0,"relics_obtained":["Oddly Smooth Stone"]},{"damage_healed":0.0,"max_hp_gain":0.0,"max_hp_loss":0.0,"gold_gain":0.0,"event_name":"Masked Bandits","player_choice":"Fought Bandits","floor":19.0,"gold_loss":0.0,"damage_taken":0.0},{"damage_healed":0.0,"max_hp_gain":0.0,"max_hp_loss":0.0,"gold_gain":0.0,"event_name":"Cursed Tome","player_choice":"Obtained Book","floor":24.0,"gold_loss":0.0,"damage_taken":21.0},{"damage_healed":0.0,"max_hp_gain":0.0,"max_hp_loss":22.0,"gold_gain":0.0,"event_name":"Vampires","player_choice":"Became a vampire","floor":28.0,"gold_loss":0.0,"damage_taken":0.0,"cards_obtained":["Bite","Bite","Bite","Bite","Bite"]},{"damage_healed":0.0,"max_hp_gain":0.0,"max_hp_loss":0.0,"gold_gain":222.0,"event_name":"Tomb of Lord Red Mask","player_choice":"Wore Mask","floor":38.0,"gold_loss":0.0,"damage_taken":0.0},{"damage_healed":10.0,"max_hp_gain":0.0,"max_hp_loss":0.0,"gold_gain":0.0,"event_name":"Winding Halls","player_choice":"Writhe","floor":42.0,"gold_loss":0.0,"damage_taken":0.0,"cards_obtained":["Writhe"]},{"damage_healed":0.0,"max_hp_gain":0.0,"max_hp_loss":0.0,"gold_gain":0.0,"event_name":"MindBloom","player_choice":"Fight","floor":46.0,"gold_loss":0.0,"damage_taken":0.0}],"is_beta":false,"boss_relics":[{"not_picked":["Ectoplasm","Sozu"],"picked":"WristBlade"},{"not_picked":["Black Star","Pandora\u0027s Box"],"picked":"Coffee Dripper"}],"items_purged_floors":[37,48],"is_endless":false,"potions_floor_spawned":[8,11,16,18,20,22,23,30,31,33,35,36,39,41,45,46,47],"killed_by":"Time Eater","ascension_level":20}}