{"host":"bzg9y3flbaqjj1j7","time":1611290287,"event":{"mods":["100% Spire Juice","AchievementEnabler","Act Like it!","Arknights The Spire","Aspiration","BaseMod","Challenge The Spire","Dark Map","Ekko","Gensokyo","Hallownest","Hubris","Infinite Spire","Lobotomy","LobotomyExtend","Marisa????????","Marked Mod","Minty Spire (QoL Compilation)","Permanent Neow","Poor People Problems","Prisma Mod","Quick Restart","Railgun Mod","Rare Cards Sparkle","Reimu??????","Remilia??????","Replay The Spire","Shop Mod","Spicy Shops","Spire Arcade","StSLib","The Animator","The Blue Laboratory","The Bug Knight","TheSwordswoman","Waifu the Spire","WarShipGirlsR/????R mod","vexMod"],"gold_per_floor":[109,59,78,78,88,123,140,175,198,210,245,245,261,273,273,273,273],"floor_reached":16,"language":"ENG","playtime":1178,"items_purged":[],"score":199,"play_id":"438c013b-7199-4d28-b04c-ba16eac8f3e0","local_time":"20210122010807","is_ascension_mode":false,"campfire_choices":[{"floor":15.0,"key":"REST"}],"circlet_count":0,"master_deck":["PrismaMod:ChloeCommonAttack","PrismaMod:ChloeCommonAttack","PrismaMod:ChloeCommonAttack","PrismaMod:ChloeCommonAttack","PrismaMod:ChloeCommonAttack","PrismaMod:ChloeCommonDefend","PrismaMod:ChloeCommonDefend","PrismaMod:ChloeCommonDefend","PrismaMod:ChloeCheapAttack","PrismaMod:ChloeCheapDefend+1","PrismaMod:ChloeCheapAttackTwo","PrismaMod:ChloeCheapAttackTwo+1","PrismaMod:ChloeRuleBreaker+1","PrismaMod:ChloeEyeOfTheEuryale+1","PrismaMod:ChloeCommonAOEAttack+1","PrismaMod:ChloeUncommonAttack+1","PrismaMod:ChloeExcalibur+1","PrismaMod:ChloeCaladbolg+1"],"relics":["PrismaMod:PrismaTraceOn","LetterFromLob","Molten Egg 2","Replay:Mystery Machine","hubris:Metronome","PreservedInsect","The Courier"],"acts_visited":["Exordium"],"potions_floor_usage":[16,16],"damage_taken":[{"damage":7.0,"enemies":"Jaw Worm","floor":1.0,"turns":2.0},{"damage":0.0,"enemies":"Small Slimes","floor":3.0,"turns":3.0},{"damage":0.0,"enemies":"Cultist","floor":5.0,"turns":3.0},{"damage":21.0,"enemies":"3 Sentries","floor":6.0,"turns":10.0},{"damage":0.0,"enemies":"3 Louse","floor":7.0,"turns":1.0},{"damage":23.0,"enemies":"Lagavulin","floor":8.0,"turns":7.0},{"damage":1.0,"enemies":"Gremlin Gang","floor":10.0,"turns":3.0},{"damage":0.0,"enemies":"Gremlin Nob","floor":11.0,"turns":2.0},{"damage":0.0,"enemies":"Red Slaver","floor":13.0,"turns":1.0},{"damage":0.0,"enemies":"2 Fungi Beasts","floor":14.0,"turns":1.0}],"seed_played":"-2502563628726590146","potions_obtained":[{"floor":1.0,"key":"blueLaboratory:AbyssPotion"},{"floor":6.0,"key":"Explosive Potion"},{"floor":11.0,"key":"LifebloodPotion"},{"floor":13.0,"key":"blueLaboratory:BottleOfVodka"}],"is_trial":false,"path_per_floor":["M","?","M","?","M","E","M","E","T","M","E","?","M","M","R","B"],"character_chosen":"CHLOE","items_purchased":[],"campfire_rested":1,"item_purchase_floors":[],"current_hp_per_floor":[68,68,68,68,68,47,47,24,24,23,23,23,23,23,45,0,0],"gold":273,"neow_bonus":"UPGRADE_CARD","is_daily":false,"chose_seed":false,"campfire_upgraded":0,"win_rate":0.0,"timestamp":1611290287,"path_taken":["M","?","M","?","M","E","M","E","T","M","E","?","M","M","R","BOSS"],"items_purchased_type":[],"build_version":"2020-12-22","purchased_purges":0,"victory":false,"max_hp_per_floor":[75,75,75,75,75,75,75,75,75,75,75,75,75,75,75,75,75],"card_choices":[{"not_picked":["PrismaMod:ChloeBetterTracePools","PrismaMod:ChloeUncommonAOEAttack","PrismaMod:ChloeCommonAOEAttack"],"picked":"SKIP","floor":1.0},{"not_picked":["PrismaMod:ChloeMaid","PrismaMod:ChloeCommonAOEAttack"],"picked":"PrismaMod:ChloeCheapAttackTwo","floor":3.0},{"not_picked":["PrismaMod:ChloeUncommonAttack+1","PrismaMod:ChloeCheapDefendTwo"],"picked":"PrismaMod:ChloeCheapAttackTwo+1","floor":5.0},{"not_picked":["PrismaMod:ChloeExhaustOne","PrismaMod:ChloeAnySkillTrace"],"picked":"PrismaMod:ChloeRuleBreaker+1","floor":6.0},{"not_picked":["PrismaMod:ChloeDiscardRecovery","PrismaMod:ChloeExhaustOne"],"picked":"PrismaMod:ChloeEyeOfTheEuryale+1","floor":7.0},{"not_picked":["PrismaMod:ChloeDiscardRecovery","PrismaMod:ChloeCommonAOEAttack+1","PrismaMod:ChloeExhaustOne"],"picked":"SKIP","floor":8.0},{"not_picked":["PrismaMod:ChloeCheapDefendTwo","PrismaMod:ChloeCheapDefend"],"picked":"PrismaMod:ChloeCommonAOEAttack+1","floor":10.0},{"not_picked":["PrismaMod:ChloeChristmas","PrismaMod:ChloeMaid"],"picked":"PrismaMod:ChloeUncommonAttack+1","floor":11.0},{"not_picked":["PrismaMod:ChloeCommonAOEAttack+1","PrismaMod:ChloeDemonicTutor"],"picked":"PrismaMod:ChloeCaladbolg+1","floor":13.0},{"not_picked":["PrismaMod:ChloeExhaustOne","PrismaMod:ChloeAnyPowerTrace","PrismaMod:ChloeCheapDefend"],"picked":"SKIP","floor":14.0}],"player_experience":200930,"relics_obtained":[{"floor":1.0,"key":"LetterFromLob"},{"floor":4.0,"key":"Molten Egg 2"},{"floor":6.0,"key":"Replay:Mystery Machine"},{"floor":8.0,"key":"hubris:Metronome"},{"floor":9.0,"key":"PreservedInsect"},{"floor":11.0,"key":"The Courier"}],"event_choices":[{"cards_removed":["PrismaMod:ChloeCommonDefend"],"damage_healed":0.0,"max_hp_gain":0.0,"max_hp_loss":0.0,"gold_gain":0.0,"event_name":"The Cleric","player_choice":"Card Removal","floor":2.0,"gold_loss":50.0,"damage_taken":0.0},{"damage_healed":0.0,"max_hp_gain":0.0,"max_hp_loss":0.0,"gold_gain":0.0,"cards_transformed":["PrismaMod:ChloeCommonDefend"],"event_name":"Transmorgrifier","player_choice":"Transformed","floor":12.0,"gold_loss":0.0,"damage_taken":0.0,"cards_obtained":["PrismaMod:ChloeExcalibur"]}],"is_beta":false,"boss_relics":[],"items_purged_floors":[],"is_endless":false,"potions_floor_spawned":[1,6,11,13],"killed_by":"The Guardian","ascension_level":0}}