{"host":"sum4dy402bbv9y4o","time":1611355083,"event":{"mods":["Aspiration","BaseMod","Conspire","Highlight Path","Minty Spire (QoL Compilation)","StSLib"],"gold_per_floor":[114,114,114,114,124,153,153,153,153],"floor_reached":8,"language":"ENG","playtime":173,"items_purged":[],"score":108,"play_id":"e81126ca-56c8-4154-be00-7c71a83c23f9","local_time":"20210123013803","is_ascension_mode":true,"campfire_choices":[{"floor":7,"key":"REST"}],"circlet_count":0,"master_deck":["AscendersBane","Strike_P","Strike_P","Strike_P","Strike_P","Defend_P+1","Defend_P","Defend_P","Eruption","Vigilance+1","Perseverance","Injury","EmptyFist+1","Tantrum+1"],"relics":["PureWater","aspiration:Nostalgia","Ring of the Snake","Molten Egg 2","Blue Candle"],"acts_visited":["Exordium"],"potions_floor_usage":[6],"damage_taken":[{"damage":0,"enemies":"2 Louse","floor":1,"turns":2},{"damage":7,"enemies":"Jaw Worm","floor":5,"turns":6},{"damage":22,"enemies":"Gremlin Nob","floor":6,"turns":3},{"damage":35,"enemies":"Lagavulin","floor":8,"turns":2}],"seed_played":"-8526123157299649206","potions_obtained":[{"floor":5,"key":"StancePotion"}],"is_trial":false,"path_per_floor":["M","?","?","?","M","E","R","E"],"character_chosen":"WATCHER","items_purchased":[],"campfire_rested":1,"item_purchase_floors":[],"current_hp_per_floor":[61,41,34,34,27,5,25,0,0],"gold":153,"neow_bonus":"NOSTALGIA","is_daily":false,"chose_seed":false,"campfire_upgraded":0,"win_rate":0.0,"timestamp":1611355083,"path_taken":["M","?","?","?","M","E","R","E"],"items_purchased_type":[],"build_version":"2020-12-22","purchased_purges":0,"victory":false,"max_hp_per_floor":[68,68,68,68,68,68,68,68,68],"card_choices":[{"not_picked":["EmptyBody","FollowUp"],"picked":"Perseverance","floor":1},{"not_picked":["WreathOfFlame","PathToVictory"],"picked":"EmptyFist+1","floor":5},{"not_picked":["Consecrate+1","DevaForm"],"picked":"Tantrum+1","floor":6}],"player_experience":2963886,"relics_obtained":[{"floor":6,"key":"Blue Candle"}],"event_choices":[{"damage_healed":0,"gold_gain":0,"player_choice":"Entered Light","damage_taken":20,"max_hp_gain":0,"max_hp_loss":0,"event_name":"Shining Light","floor":2,"gold_loss":0,"cards_upgraded":["Defend_P","Vigilance"]},{"cards_removed":["Defend_P"],"damage_healed":0,"gold_gain":0,"player_choice":"Card Removal","damage_taken":7,"max_hp_gain":0,"max_hp_loss":0,"event_name":"Golden Wing","floor":3,"gold_loss":0}],"is_beta":false,"boss_relics":[],"items_purged_floors":[],"is_endless":false,"potions_floor_spawned":[5],"killed_by":"Lagavulin","ascension_level":20}}