{"host":"fqepcc6wiujntn7y","time":1611321797,"event":{"mods":["AchievementEnabler","BaseMod","Minty Spire (QoL Compilation)","Quick Restart","Replay The Spire","StSLib","The Jungle"],"gold_per_floor":[19,69,87,103,120,147,158,158,158,188,3,3,35,54,54,150,250,266,266,266],"floor_reached":19,"language":"ENG","playtime":1193,"items_purged":[],"score":198,"play_id":"08b82749-ad4d-497e-9e3c-04741ddc591f","local_time":"20210122132317","is_ascension_mode":true,"campfire_choices":[{"data":"Juggernaut","floor":8,"key":"SMITH"},{"floor":15,"key":"REST"}],"circlet_count":0,"master_deck":["Strike_R","Strike_R","Strike_R","Strike_R","Strike_R","Defend_R","Defend_R","Defend_R","Defend_R","Bash","Juggernaut+1","Wild Strike","Voices","Wild Strike","Flex","Clothesline","Inflame","Reckless Charge","Normality","Twin Strike","Magnetism","Regret","Evolve","Body Slam","Clumsy","Impervious","Armaments+1"],"relics":["Burning Blood","Ring of Hypnosis","Ring of Greed","MealTicket","Smiling Mask","Pantograph","Ornamental Fan","Charon\u0027s Ashes","Replay:Accelerometer","Quantum Egg","Replay:Wanted Poster"],"acts_visited":["Exordium","TheCity"],"potions_floor_usage":[16,16],"damage_taken":[{"damage":6,"enemies":"Jaw Worm","floor":1,"turns":4},{"damage":6,"enemies":"Small Slimes","floor":3,"turns":4},{"damage":4,"enemies":"2 Louse","floor":4,"turns":2},{"damage":7,"enemies":"Looter","floor":5,"turns":2},{"damage":33,"enemies":"Gremlin Nob","floor":6,"turns":5},{"damage":8,"enemies":"Large Slime","floor":7,"turns":7},{"damage":26,"enemies":"Lagavulin","floor":10,"turns":5},{"damage":31,"enemies":"Gremlin Nob","floor":13,"turns":5},{"damage":6,"enemies":"Exordium Wildlife","floor":14,"turns":4},{"damage":39,"enemies":"Slime Boss","floor":16,"turns":7},{"damage":28,"enemies":"2 Thieves","floor":18,"turns":4},{"damage":70,"enemies":"Masked Bandits","floor":19,"turns":3}],"seed_played":"421213688028051334","potions_obtained":[{"floor":3,"key":"Elixir"},{"floor":5,"key":"PowerPotion"},{"floor":6,"key":"HeartOfIron"},{"floor":14,"key":"Reflective Coating"}],"is_trial":false,"path_per_floor":["M","?","M","M","M","E","M","R","T","E","$","?","E","M","R","B",null,"M","?"],"character_chosen":"IRONCLAD","items_purchased":["Magnetism"],"campfire_rested":1,"item_purchase_floors":[11],"current_hp_per_floor":[80,80,80,80,79,52,50,50,50,30,45,45,20,20,44,36,80,58,0,0],"gold":266,"neow_bonus":"THREE_RARE_CARDS","is_daily":false,"chose_seed":false,"campfire_upgraded":1,"win_rate":0.0,"timestamp":1611321797,"path_taken":["M","?","M","M","M","E","M","R","T","E","$","?","E","M","R","BOSS","M","?"],"items_purchased_type":["Card"],"build_version":"2020-12-22","purchased_purges":0,"victory":false,"max_hp_per_floor":[80,80,80,80,80,80,80,80,80,80,80,80,80,80,80,80,80,80,80,80],"card_choices":[{"not_picked":["Double Tap","Offering"],"picked":"Juggernaut","floor":0},{"not_picked":["Headbutt","ReplayTheSpireMod:Limb From Limb"],"picked":"Wild Strike","floor":1},{"not_picked":["Searing Blow","Pommel Strike"],"picked":"Wild Strike","floor":3},{"not_picked":["Pommel Strike","Ghostly Armor"],"picked":"Flex","floor":4},{"not_picked":["Combust","Carnage"],"picked":"Clothesline","floor":5},{"not_picked":["Flex","Dual Wield"],"picked":"Inflame","floor":6},{"not_picked":["Limit Break","Massacre"],"picked":"Reckless Charge","floor":7},{"not_picked":["ReplayTheSpireMod:Strike From Hell","Replay:Many Hands"],"picked":"Twin Strike","floor":10},{"not_picked":["Disarm","Headbutt"],"picked":"Evolve","floor":13},{"not_picked":["Warcry","Power Through"],"picked":"Body Slam","floor":14},{"not_picked":["Corruption","Replay:Many Hands"],"picked":"Impervious","floor":16},{"not_picked":["ReplayTheSpireMod:Muscle Training","Heavy Blade+1"],"picked":"Armaments+1","floor":18}],"player_experience":37362,"relics_obtained":[{"floor":2,"key":"Ring of Hypnosis"},{"floor":2,"key":"Ring of Greed"},{"floor":2,"key":"MealTicket"},{"floor":2,"key":"Smiling Mask"},{"floor":6,"key":"Pantograph"},{"floor":9,"key":"Ornamental Fan"},{"floor":10,"key":"Charon\u0027s Ashes"},{"floor":13,"key":"Quantum Egg"}],"event_choices":[{"damage_healed":0,"gold_gain":0,"player_choice":"Box","damage_taken":0,"relics_obtained":["Replay:Accelerometer"],"max_hp_gain":0,"max_hp_loss":0,"event_name":"Big Fish","floor":12,"gold_loss":0,"cards_obtained":["Regret"]},{"damage_healed":0,"gold_gain":0,"player_choice":"Fought Bandits","damage_taken":0,"max_hp_gain":0,"max_hp_loss":0,"event_name":"Masked Bandits","floor":19,"gold_loss":0}],"is_beta":false,"boss_relics":[{"not_picked":["Runic Cube","Replay:Fungal Core"],"picked":"Replay:Wanted Poster"}],"items_purged_floors":[],"is_endless":false,"potions_floor_spawned":[3,5,6,14],"killed_by":"Masked Bandits","ascension_level":1}}