{"host":"lh9qfzqeqctr28d2","time":1611309223,"event":{"mods":["BaseMod","CapriCore","Luminous","Minty Spire (QoL Compilation)","Quick Restart","Relic Stats","Remilia£®¿Ÿ√◊¿Ú—«£©","StSLib","Yakumo Yukari mod"],"gold_per_floor":[114,129,144,42,57,57,87,87,87,102,117,132,149,164,164,264,264,279,279,294,31,31,61,61,76,76,76,91,106,121,136,136,236,236,251,254,269,284,334,334,364,364,414,429,444,119,119,134,134,134],"floor_reached":51,"language":"ZHS","playtime":3135,"items_purged":["Writhe","Parasite"],"score":782,"play_id":"7e57c8e9-e338-4a83-bfd5-20b71a15f62b","local_time":"20210122175343","daily_mods":["Heirloom","Uncertain Future","Night Terrors"],"is_ascension_mode":false,"campfire_choices":[{"data":"Distraction","floor":6.0,"key":"SMITH"},{"data":"Neutralize","floor":8.0,"key":"SMITH"},{"data":"Accuracy","floor":15.0,"key":"SMITH"},{"data":"Adrenaline","floor":24.0,"key":"SMITH"},{"data":"Cloak And Dagger","floor":32.0,"key":"SMITH"},{"data":"Blade Dance","floor":40.0,"key":"SMITH"},{"data":"Backflip","floor":47.0,"key":"SMITH"},{"data":"Envenom","floor":49,"key":"SMITH"}],"circlet_count":0,"master_deck":["Strike_G","Strike_G","Strike_G","Strike_G","Defend_G","Defend_G","Defend_G","Defend_G","Defend_G","Survivor","Neutralize+1","Blade Dance+1","PiercingWail","Skewer","Tactician","Slice","Distraction+1","Escape Plan","Backflip+1","Cloak And Dagger+1","Prepared","Accuracy+1","Adrenaline+1","Cloak And Dagger+1","Prepared+1","Blade Dance+1","Cloak And Dagger+1","Prepared+1","Burst","Backflip+1","Envenom+1"],"relics":["Ring of the Snake","Pocketwatch","Paper Crane","Ornamental Fan","Odd Mushroom","SlaversCollar","Pantograph","Membership Card","Boot","Toy Ornithopter","Shuriken","Mummified Hand","Black Star","Strawberry","Nunchaku","White Beast Statue","Juzu Bracelet","Oddly Smooth Stone","TheAbacus","Lantern"],"acts_visited":["Exordium","TheCity","TheBeyond"],"potions_floor_usage":[48,50],"damage_taken":[{"damage":2.0,"enemies":"Cultist","floor":1.0,"turns":4.0},{"damage":0.0,"enemies":"Small Slimes","floor":2.0,"turns":3.0},{"damage":1.0,"enemies":"Jaw Worm","floor":3.0,"turns":4.0},{"damage":1.0,"enemies":"3 Louse","floor":5.0,"turns":3.0},{"damage":3.0,"enemies":"3 Sentries","floor":7.0,"turns":3.0},{"damage":0.0,"enemies":"Blue Slaver","floor":10.0,"turns":3.0},{"damage":7.0,"enemies":"Exordium Thugs","floor":11.0,"turns":5.0},{"damage":0.0,"enemies":"3 Louse","floor":12.0,"turns":3.0},{"damage":13.0,"enemies":"The Mushroom Lair","floor":13.0,"turns":6.0},{"damage":0.0,"enemies":"Exordium Wildlife","floor":14.0,"turns":3.0},{"damage":0.0,"enemies":"The Guardian","floor":16.0,"turns":14.0},{"damage":0.0,"enemies":"2 Thieves","floor":18.0,"turns":4.0},{"damage":0.0,"enemies":"Chosen","floor":20.0,"turns":5.0},{"damage":7.0,"enemies":"Slavers","floor":23.0,"turns":7.0},{"damage":1.0,"enemies":"Snecko","floor":25.0,"turns":6.0},{"damage":5.0,"enemies":"Shelled Parasite and Fungi","floor":28.0,"turns":4.0},{"damage":0.0,"enemies":"Centurion and Healer","floor":29.0,"turns":5.0},{"damage":0.0,"enemies":"3 Cultists","floor":30.0,"turns":4.0},{"damage":0.0,"enemies":"Snecko","floor":31.0,"turns":3.0},{"damage":8.0,"enemies":"Champ","floor":33.0,"turns":6.0},{"damage":0.0,"enemies":"3 Darklings","floor":35.0,"turns":4.0},{"damage":0.0,"enemies":"2 Orb Walkers","floor":36.0,"turns":4.0},{"damage":3.0,"enemies":"3 Shapes","floor":37.0,"turns":3.0},{"damage":8.0,"enemies":"Writhing Mass","floor":38.0,"turns":6.0},{"damage":0.0,"enemies":"Nemesis","floor":41.0,"turns":5.0},{"damage":0.0,"enemies":"Maw","floor":44.0,"turns":6.0},{"damage":0.0,"enemies":"Jaw Worm Horde","floor":45.0,"turns":4.0},{"damage":0,"enemies":"4 Shapes","floor":48,"turns":5},{"damage":4,"enemies":"Donu and Deca","floor":50,"turns":7}],"seed_played":"8945501730091475425","potions_obtained":[{"floor":1.0,"key":"Regen Potion"},{"floor":11.0,"key":"Weak Potion"},{"floor":12.0,"key":"Regen Potion"},{"floor":13.0,"key":"Dexterity Potion"},{"floor":20.0,"key":"Weak Potion"},{"floor":23.0,"key":"Block Potion"},{"floor":25.0,"key":"CunningPotion"},{"floor":41.0,"key":"DuplicationPotion"},{"floor":44.0,"key":"Dexterity Potion"},{"floor":45.0,"key":"EssenceOfSteel"},{"floor":48,"key":"FearPotion"}],"is_trial":false,"path_per_floor":["M","M","M","$","M","R","E","R","T","M","M","M","?","M","R","B",null,"M","?","M","$","?","E","R","M","T","T","M","M","M","M","R","B",null,"M","?","M","M","T","R","E","?","T","M","M","$","R","M","R","B",null],"character_chosen":"THE_SILENT","items_purchased":["Tactician","Slice","Membership Card","Boot","Oddly Smooth Stone","TheAbacus","Lantern","FearPotion","Block Potion"],"campfire_rested":0,"item_purchase_floors":[4,4,21,21,46,46,46,46,46],"current_hp_per_floor":[68,68,67,67,66,66,63,63,63,63,56,56,43,43,43,58,70,70,70,70,70,70,63,63,67,67,67,62,62,62,62,62,62,70,70,70,67,59,66,66,66,66,66,66,76,74,74,74,74,74],"gold":134,"neow_bonus":"","is_daily":true,"chose_seed":false,"campfire_upgraded":8,"win_rate":0.0,"timestamp":1611309223,"path_taken":["M","M","M","$","M","R","E","R","T","?","?","M","?","M","R","BOSS","M","?","M","$","?","E","R","M","T","?","M","M","M","M","R","BOSS","M","?","M","M","?","R","E","?","T","M","M","$","R","M","R","BOSS"],"items_purchased_type":["Card","Card","Relic","Relic","Relic","Relic","Relic","Potion","Potion"],"build_version":"2020-12-22","purchased_purges":2,"victory":true,"max_hp_per_floor":[70,70,70,70,70,70,70,70,70,70,70,70,70,70,70,70,70,70,70,70,70,70,70,70,70,70,70,70,70,70,70,70,70,70,70,70,70,70,77,77,77,77,77,77,77,74,74,74,74,74],"relic_stats":{"counters":[29,139],"Juzu Bracelet":0,"Boot":[97],"Nunchaku":[10],"TheAbacus":[12],"Ornamental Fan":[440],"Shuriken":[78],"Mummified Hand":[14],"Pantograph":8,"Black Star":1,"obtain_stats":[{"Lantern":46,"Oddly Smooth Stone":46,"Juzu Bracelet":43,"Paper Crane":7,"Odd Mushroom":13,"Boot":21,"White Beast Statue":41,"SlaversCollar":17,"Nunchaku":41,"TheAbacus":46,"Ornamental Fan":9,"Shuriken":26,"Mummified Hand":27,"Pantograph":19,"Strawberry":39,"Black Star":34,"Membership Card":21,"Toy Ornithopter":23,"Ring of the Snake":0,"Pocketwatch":0},{"Lantern":27,"Oddly Smooth Stone":27,"Juzu Bracelet":25,"Paper Crane":5,"Odd Mushroom":9,"Boot":13,"White Beast Statue":25,"SlaversCollar":11,"Nunchaku":25,"TheAbacus":27,"Ornamental Fan":5,"Shuriken":15,"Mummified Hand":15,"Pantograph":12,"Strawberry":24,"Black Star":20,"Membership Card":13,"Toy Ornithopter":14,"Ring of the Snake":0,"Pocketwatch":0},{"Lantern":127,"Oddly Smooth Stone":127,"Juzu Bracelet":117,"Paper Crane":17,"Odd Mushroom":34,"Boot":60,"White Beast Statue":117,"SlaversCollar":51,"Nunchaku":117,"TheAbacus":127,"Ornamental Fan":17,"Shuriken":73,"Mummified Hand":73,"Pantograph":55,"Strawberry":112,"Black Star":95,"Membership Card":60,"Toy Ornithopter":67,"Ring of the Snake":0,"Pocketwatch":0}],"Toy Ornithopter":19,"Ring of the Snake":[58],"Pocketwatch":[57]},"card_choices":[{"not_picked":["Leg Sweep","Underhanded Strike"],"picked":"Blade Dance","floor":1.0},{"not_picked":["Expertise","Skewer"],"picked":"PiercingWail","floor":2.0},{"not_picked":["Blur","Footwork"],"picked":"Skewer","floor":3.0},{"not_picked":["Flying Knee","Footwork"],"picked":"Distraction","floor":5.0},{"not_picked":["Dodge and Roll","Terror"],"picked":"Escape Plan","floor":7.0},{"not_picked":["Dagger Throw","Underhanded Strike","Dodge and Roll"],"picked":"SKIP","floor":10.0},{"not_picked":["Quick Slash","Deadly Poison"],"picked":"Backflip","floor":11.0},{"not_picked":["Bullet Time","Poisoned Stab"],"picked":"Cloak And Dagger","floor":12.0},{"not_picked":["Reflex","Sucker Punch"],"picked":"Prepared","floor":13.0},{"not_picked":["After Image","Footwork"],"picked":"Accuracy","floor":14.0},{"not_picked":["Glass Knife","Malaise"],"picked":"Adrenaline","floor":16.0},{"not_picked":["PiercingWail","Crippling Poison","Quick Slash"],"picked":"SKIP","floor":18.0},{"not_picked":["Backflip","Sucker Punch"],"picked":"Cloak And Dagger+1","floor":20.0},{"not_picked":["Crippling Poison+1","Dodge and Roll+1"],"picked":"Prepared+1","floor":23.0},{"not_picked":["Night Terror","Dagger Throw"],"picked":"Blade Dance+1","floor":25.0},{"not_picked":["Setup","Deadly Poison","Flechettes+1"],"picked":"SKIP","floor":28.0},{"not_picked":["Dagger Spray","Sucker Punch","Quick Slash"],"picked":"SKIP","floor":29.0},{"not_picked":["Dagger Spray","Dagger Throw+1","Bullet Time"],"picked":"SKIP","floor":30.0},{"not_picked":["Blade Dance","Choke"],"picked":"Cloak And Dagger+1","floor":31.0},{"not_picked":["Dagger Throw+1","All Out Attack+1"],"picked":"Prepared+1","floor":35.0},{"not_picked":["Bane+1","Calculated Gamble"],"picked":"Burst","floor":36.0},{"not_picked":["Dagger Spray+1","Dodge and Roll","Sucker Punch"],"picked":"SKIP","floor":37.0},{"not_picked":["Catalyst+1","Dodge and Roll+1","Sucker Punch+1"],"picked":"SKIP","floor":38.0},{"not_picked":["Footwork","Expertise"],"picked":"Backflip+1","floor":41.0},{"not_picked":["Dagger Spray+1","Slice","Underhanded Strike+1"],"picked":"SKIP","floor":44.0},{"not_picked":["Cloak And Dagger","Well Laid Plans","Bouncing Flask+1"],"picked":"SKIP","floor":45.0},{"not_picked":["Underhanded Strike","Dodge and Roll"],"picked":"Envenom","floor":48}],"player_experience":445303,"relics_obtained":[{"floor":7.0,"key":"Paper Crane"},{"floor":9.0,"key":"Ornamental Fan"},{"floor":13.0,"key":"Odd Mushroom"},{"floor":23.0,"key":"Toy Ornithopter"},{"floor":26.0,"key":"Shuriken"},{"floor":27.0,"key":"Mummified Hand"},{"floor":39.0,"key":"Strawberry"},{"floor":41.0,"key":"Nunchaku"},{"floor":41.0,"key":"White Beast Statue"},{"floor":43.0,"key":"Juzu Bracelet"}],"event_choices":[{"damage_healed":0.0,"max_hp_gain":0.0,"max_hp_loss":0.0,"gold_gain":0.0,"event_name":"Mushrooms","player_choice":"Fought Mushrooms","floor":13.0,"gold_loss":0.0,"damage_taken":0.0},{"damage_healed":0.0,"max_hp_gain":0.0,"max_hp_loss":0.0,"gold_gain":0.0,"event_name":"The Mausoleum","player_choice":"Opened","floor":19.0,"gold_loss":0.0,"damage_taken":0.0,"relics_obtained":["Pantograph"],"cards_obtained":["Writhe"]},{"damage_healed":0.0,"max_hp_gain":0.0,"max_hp_loss":0.0,"gold_gain":0.0,"event_name":"Ghosts","player_choice":"Ignored","floor":22.0,"gold_loss":0.0,"damage_taken":0.0},{"damage_healed":0.0,"max_hp_gain":0.0,"max_hp_loss":0.0,"gold_gain":0.0,"event_name":"Mysterious Sphere","player_choice":"Fight","floor":36.0,"gold_loss":0.0,"damage_taken":0.0},{"cards_removed":["Strike_G"],"damage_healed":0.0,"max_hp_gain":0.0,"max_hp_loss":0.0,"gold_gain":0.0,"event_name":"Falling","player_choice":"Removed Attack","floor":42.0,"gold_loss":0.0,"damage_taken":0.0}],"is_beta":false,"boss_relics":[{"not_picked":["Empty Cage","Astrolabe"],"picked":"SlaversCollar"},{"not_picked":["Sozu","Coffee Dripper"],"picked":"Black Star"}],"items_purged_floors":[21,46],"is_endless":false,"potions_floor_spawned":[1,11,12,13,20,23,25,41,44,45,48],"ascension_level":0}}