{"host":"mp58o87p0odjvmog","time":1611336094,"event":{"mods":["BaseMod","BetterRewards","Colored Map","Hubris","Infinite Spire","Marisa????????","Minty Spire (QoL Compilation)","Replay The Spire","StSLib","The Servant 0.9.4"],"gold_per_floor":[110,130,142,142,16,16,50,67,67,67,67,102,102,102,102,200,200,200,200],"floor_reached":18,"language":"ENG","playtime":521,"items_purged":[],"score":202,"play_id":"cf14b2b2-7b19-415f-bbc2-70853181e2b5","local_time":"20210122112134","is_ascension_mode":true,"campfire_choices":[{"data":"Inflame","floor":6,"key":"SMITH"},{"data":"Bash","floor":10,"key":"SMITH"}],"circlet_count":0,"master_deck":["Strike_R","Strike_R","Strike_R","Strike_R","Strike_R","Defend_R","Defend_R","Defend_R","Defend_R","Bash+1","Replay:Parry","Cleave","Thunderclap","Perfected Strike","Inflame+1","Disarm","Disarm","Languid","ReplayReversal","Hemogenesis"],"relics":["Burning Blood","King of Hearts","hubris:CrystalStatue","hubris:ChampionShield","ReplayTheSpireMod:Ring of Addiction","Potion Belt","White Beast Statue","ReplayTheSpireMod:Ring of Challenge","hubris:HollowSoul"],"acts_visited":["Exordium","TheCity"],"potions_floor_usage":[7,12,16,16,16,16,18],"damage_taken":[{"damage":6,"enemies":"2 Louse","floor":1,"turns":3},{"damage":19,"enemies":"Jaw Worm","floor":2,"turns":4},{"damage":0,"enemies":"Small Slimes","floor":3,"turns":3},{"damage":20,"enemies":"Gremlin Nob","floor":7,"turns":4},{"damage":16,"enemies":"2 Fungi Beasts","floor":8,"turns":3},{"damage":34,"enemies":"3 Sentries","floor":12,"turns":8},{"damage":25,"enemies":"Hexaghost","floor":16,"turns":11},{"damage":0,"enemies":"2 Thieves","floor":18,"turns":1}],"seed_played":"-6625588870298757266","potions_obtained":[{"floor":2,"key":"LifebloodPotion"},{"floor":8,"key":"Toxic Potion"},{"floor":12,"key":"Energy Potion"},{"floor":14,"key":"DistilledChaos"},{"floor":14,"key":"ColorlessPotion"},{"floor":14,"key":"LiquidBronze"},{"floor":16,"key":"Adrenaline Potion"}],"is_trial":false,"path_per_floor":["M","M","M","?","$","R","E","M","T","R","?","E","?","?","R_BF","B",null,"M"],"character_chosen":"IRONCLAD","items_purchased":["Inflame","Disarm"],"campfire_rested":0,"item_purchase_floors":[5,5],"current_hp_per_floor":[80,67,73,73,73,73,59,49,49,49,54,26,26,26,26,7,85,85,85],"gold":200,"neow_bonus":"RANDOM_COLORLESS","is_daily":false,"chose_seed":false,"campfire_upgraded":2,"win_rate":0.0,"timestamp":1611336094,"path_taken":["M","M","M","?","$","R","E","M","T","R","?","E","?","?","R_BF","BOSS","M"],"items_purchased_type":["Card","Card"],"build_version":"2020-12-22","purchased_purges":0,"victory":false,"max_hp_per_floor":[80,80,80,80,80,80,80,80,80,80,85,85,85,85,85,85,85,85,85],"card_choices":[{"not_picked":["Dark Shackles","Survey Options"],"picked":"Replay:Parry","floor":0},{"not_picked":["Headbutt","Heavy Blade"],"picked":"Cleave","floor":1},{"not_picked":["hubris:SharpeningStone","Power Through"],"picked":"Thunderclap","floor":2},{"not_picked":["Anger","Flex"],"picked":"Perfected Strike","floor":3},{"not_picked":["Impervious","Twin Strike"],"picked":"Flex","floor":7},{"not_picked":["Run Through","Clash","hubris:CleavingFinish"],"picked":"SKIP","floor":8},{"not_picked":["Fiend Fire","Warcry","Body Slam"],"picked":"SKIP","floor":12},{"not_picked":["Replay:Many Hands","Demonic Infusion"],"picked":"Hemogenesis","floor":16}],"player_experience":92182,"relics_obtained":[{"floor":7,"key":"King of Hearts"},{"floor":9,"key":"hubris:CrystalStatue"},{"floor":12,"key":"hubris:ChampionShield"},{"floor":14,"key":"ReplayTheSpireMod:Ring of Addiction"},{"floor":14,"key":"Potion Belt"},{"floor":14,"key":"White Beast Statue"},{"floor":14,"key":"ReplayTheSpireMod:Ring of Challenge"}],"event_choices":[{"damage_healed":0,"gold_gain":0,"player_choice":"Ignored","damage_taken":0,"max_hp_gain":0,"max_hp_loss":0,"event_name":"Liars Game","floor":4,"gold_loss":0},{"damage_healed":0,"gold_gain":0,"player_choice":"Donut","damage_taken":0,"max_hp_gain":5,"max_hp_loss":0,"event_name":"Big Fish","floor":11,"gold_loss":0}],"is_beta":false,"boss_relics":[{"not_picked":["Tiny House","Kintsugi"],"picked":"hubris:HollowSoul"}],"items_purged_floors":[],"is_endless":false,"potions_floor_spawned":[2,8,12,16],"killed_by":"2 Thieves","ascension_level":4}}