{"host":"v0n6ky7dmveherv3","time":1611335804,"event":{"mods":["BaseMod","Better Third Choice","Downfall","Minty Spire (QoL Compilation)","StSLib"],"gold_per_floor":[99,118,134,146,165,175,175,175,203,222,58,92,92,119,139,235,235,235,246,246,328,19,19,19,31,57,42,42,68,168,181,201,296,296,96,105,115,115,134,134,134,187,199,99,110,138,138,151,166,166,166,166],"floor_reached":50,"language":"ENG","playtime":4502,"items_purged":[],"score":661,"play_id":"62426889-a4ba-4b93-bc87-faf910fcfd78","local_time":"20210122101644","is_ascension_mode":true,"campfire_choices":[{"data":"champ:Taunt","floor":1.0,"key":"SMITH"},{"data":"champ:StrikeOfGenius","floor":8.0,"key":"SMITH"},{"data":"champ:PerfectedStrike","floor":13,"key":"SMITH"},{"floor":18,"key":"RECALL"},{"data":"champ:StrikeOfGenius","floor":23,"key":"SMITH"},{"data":"champ:ShieldSigil","floor":28,"key":"SMITH"},{"data":"champ:DancingMaster","floor":35,"key":"SMITH"},{"data":"expansioncontent:InvincibleStrength","floor":40,"key":"SMITH"},{"data":"champ:BerserkerStyle","floor":44,"key":"SMITH"}],"circlet_count":0,"master_deck":["champ:Strike","champ:Strike","champ:Strike","champ:Strike","champ:Defend+1","champ:Defend","champ:Defend","champ:Defend","champ:Execute","champ:Taunt+1","champ:GladiatorStyle","champ:StanceDance","champ:StanceDance","champ:RageSigil","champ:StrikeOfGenius+1","champ:BringItOn","champ:PerfectedStrike+1","champ:StrikeOfGenius+1","champ:CrookedStrike","champ:AdrenalArmor","champ:ShieldSigil+1","champ:BerserkersShout","champ:ShieldSlam","champ:CrookedStrike+1","champ:AdrenalArmor","champ:TripleStrike+1","champ:PerfectedStrike","champ:ShieldSigil+1","champ:StrikeOfGenius","champ:Endure+1","champ:Endure+1","champ:DancingMaster+1","expansioncontent:InvincibleStrength+1","champ:BerserkerStyle+1","champ:DeathBlow+1","champ:AdrenalArmor+1","champ:ShieldSigil+1","champ:AdrenalArmor"],"relics":["champ:ChampionCrownUpgraded","Meat on the Bone","Tiny Chest","Orrery","Du-Vu Doll","Dream Catcher","InkBottle","Ice Cream","Gremlin Horn","Shovel","War Paint","Sozu","downfall:HeartBlessingRed","downfall:HeartBlessingGreen","Membership Card","Molten Egg 2","Frozen Egg 2","Calipers","downfall:HeartBlessingBlue","Whetstone"],"acts_visited":["Exordium","TheCity","TheBeyond"],"potions_floor_usage":[9,26,29,33,36],"damage_taken":[{"damage":11.0,"enemies":"Cultist","floor":2.0,"turns":4.0},{"damage":10.0,"enemies":"Small Slimes","floor":3.0,"turns":5.0},{"damage":6.0,"enemies":"2 Louse","floor":4.0,"turns":4.0},{"damage":2.0,"enemies":"Exordium Wildlife","floor":5.0,"turns":3.0},{"damage":10.0,"enemies":"2 Fungi Beasts","floor":6.0,"turns":4.0},{"damage":60,"enemies":"Gremlin Nob","floor":9,"turns":6},{"damage":5,"enemies":"Lots of Slimes","floor":10,"turns":6},{"damage":20,"enemies":"downfall:FleeingMerchant","floor":11,"turns":4},{"damage":81,"enemies":"Lagavulin","floor":12,"turns":6},{"damage":63,"enemies":"3 Sentries","floor":14,"turns":5},{"damage":19,"enemies":"3 Louse","floor":15,"turns":5},{"damage":60,"enemies":"IC_STATUS_ARCHETYPE","floor":16,"turns":5},{"damage":92,"enemies":"3 Byrds","floor":19,"turns":7},{"damage":60,"enemies":"downfall:FleeingMerchant","floor":22,"turns":4},{"damage":21,"enemies":"Chosen","floor":25,"turns":3},{"damage":130,"enemies":"Gremlin Leader","floor":26,"turns":7},{"damage":59,"enemies":"downfall:FleeingMerchant","floor":27,"turns":4},{"damage":116,"enemies":"Slavers","floor":29,"turns":6},{"damage":40,"enemies":"Snake Plant","floor":31,"turns":2},{"damage":82,"enemies":"Centurion and Healer","floor":32,"turns":5},{"damage":128,"enemies":"SI_MIRROR_ARCHETYPE","floor":33,"turns":9},{"damage":35,"enemies":"downfall:FleeingMerchant","floor":36,"turns":2},{"damage":67,"enemies":"Orb Walker","floor":37,"turns":3},{"damage":104,"enemies":"3 Shapes","floor":39,"turns":7},{"damage":62,"enemies":"Transient","floor":43,"turns":5},{"damage":77,"enemies":"4 Shapes","floor":45,"turns":3},{"damage":81,"enemies":"Nemesis","floor":46,"turns":5},{"damage":135,"enemies":"Sphere and 2 Shapes","floor":48,"turns":4},{"damage":140,"enemies":"Writhing Mass","floor":49,"turns":8},{"damage":322,"enemies":"WA_ARCHETYPE_DIVINITY","floor":50,"turns":9}],"seed_played":"-170187004397312675","potions_obtained":[{"floor":2.0,"key":"Regen Potion"},{"floor":4.0,"key":"FairyPotion"},{"floor":10,"key":"Swift Potion"},{"floor":14,"key":"Ancient Potion"},{"floor":15,"key":"FearPotion"},{"floor":16,"key":"PowerPotion"},{"floor":26,"key":"DuplicationPotion"},{"floor":32,"key":"Ancient Potion"},{"floor":33,"key":"FairyPotion"}],"is_trial":false,"path_per_floor":["R","M","M","M","M","M","T","R","E","M","$","E","R","E","M","B",null,"R","M","?","T","$","R","T","M","E","$","R","E","?","M","M","B",null,"R","$","M","T","M","R","T","?","M","R","M","E","?","M","M","B"],"character_chosen":"THE_CHAMP","items_purchased":["Orrery","Ice Cream","Membership Card","expansioncontent:InvincibleStrength","champ:BerserkerStyle","Molten Egg 2"],"campfire_rested":0,"item_purchase_floors":[11,22,36,36,36,36],"current_hp_per_floor":[99,98,98,92,90,90,90,90,67,62,57,58,58,57,65,52,99,99,92,72,72,72,72,72,78,60,67,67,63,63,75,80,49,104,104,104,99,99,104,104,104,104,103,113,113,108,108,92,68,0,0,0],"gold":166,"neow_bonus":"TEN_PERCENT_HP_BONUS","is_daily":false,"chose_seed":false,"campfire_upgraded":8,"win_rate":0.0,"timestamp":1611335804,"path_taken":["R","M","M","M","M","M","T","R","E","?","?","E","R","E","M","BOSS","R","M","?","?","$","R","T","M","E","?","R","E","?","?","M","BOSS","R","$","M","?","M","R","T","?","M","R","M","E","?","M","M","BOSS"],"items_purchased_type":["Relic","Relic","Relic","Card","Card","Relic"],"build_version":"2020-12-22","purchased_purges":0,"victory":false,"max_hp_per_floor":[99,99,99,99,99,99,99,99,99,99,99,99,99,99,99,99,99,99,99,104,104,104,104,104,104,104,104,104,104,104,104,104,104,104,104,104,104,104,104,104,104,104,104,114,114,114,114,114,114,114,114,114],"card_choices":[{"not_picked":["champ:AdrenalArmor","champ:Duel"],"picked":"champ:GladiatorStyle","floor":2.0},{"not_picked":["champ:BladeFlurry","champ:TornadoPunch"],"picked":"champ:StanceDance","floor":3.0},{"not_picked":["champ:IronFortress","champ:FanOfKnives"],"picked":"champ:StanceDance","floor":4.0},{"not_picked":["champ:GutPunch","champ:FanOfKnives"],"picked":"champ:RageSigil","floor":5.0},{"not_picked":["champ:EnGarde","champ:PerfectedStrike"],"picked":"champ:StrikeOfGenius","floor":6.0},{"not_picked":["champ:ViciousMockery","champ:FlashCut","champ:FaceSlap"],"picked":"SKIP","floor":9},{"not_picked":["champ:HeartStrike","champ:CrownThrow"],"picked":"champ:BringItOn","floor":10},{"not_picked":["champ:Circumvent","champ:FaceSlap"],"picked":"champ:PerfectedStrike","floor":11},{"not_picked":["champ:CrownThrow","champ:StanceDance"],"picked":"champ:StrikeOfGenius","floor":11},{"not_picked":["champ:ShieldSigil","champ:PreciseThrust"],"picked":"champ:CrookedStrike","floor":11},{"not_picked":["champ:RageSigil","champ:GladiatorStyle"],"picked":"champ:AdrenalArmor","floor":11},{"not_picked":["champ:DefensiveShout","champ:DefensiveStyle"],"picked":"champ:ShieldSigil","floor":11},{"not_picked":["champ:PreciseThrust","champ:EnGarde"],"picked":"champ:BerserkersShout","floor":11},{"not_picked":["champ:CheapShot","champ:BerserkerStyle"],"picked":"champ:ShieldSlam","floor":12},{"not_picked":["champ:ArenaPreparation","champ:DefensiveShout"],"picked":"champ:CrookedStrike","floor":14},{"not_picked":["champ:PreciseThrust","champ:BerserkersShout"],"picked":"champ:AdrenalArmor","floor":15},{"not_picked":["champ:HoldFirm","champ:EnchantCrown"],"picked":"champ:TripleStrike","floor":16},{"not_picked":["champ:BladeFlurry","champ:Haymaker"],"picked":"champ:PerfectedStrike","floor":19},{"not_picked":["champ:FlashCut","champ:StanceDance"],"picked":"champ:ShieldSigil","floor":22},{"not_picked":["champ:FanOfKnives","champ:PreciseThrust","champ:Haymaker"],"picked":"SKIP","floor":25},{"not_picked":["champ:BringItOn","champ:DefensiveStyle"],"picked":"champ:StrikeOfGenius","floor":26},{"not_picked":["champ:FlashCut+1","champ:GutPunch"],"picked":"champ:Endure+1","floor":27},{"not_picked":["champ:Haymaker+1","champ:PerfectedStrike"],"picked":"champ:Endure+1","floor":29},{"not_picked":["champ:PreciseThrust","champ:DefensiveShout","champ:Haymaker"],"picked":"SKIP","floor":31},{"not_picked":["champ:FanOfKnives+1","champ:EndlessRage","champ:MurderStrike"],"picked":"SKIP","floor":32},{"not_picked":["champ:HeavySlash","champ:SwordThrow"],"picked":"champ:DancingMaster","floor":33},{"not_picked":["champ:GutPunch+1","champ:DefensiveShout","champ:Backstep+1"],"picked":"SKIP","floor":36},{"not_picked":["champ:TornadoPunch+1","champ:StanceDance"],"picked":"champ:DeathBlow+1","floor":37},{"not_picked":["champ:EnGarde+1","champ:TornadoPunch+1","champ:CrownThrow+1"],"picked":"SKIP","floor":39},{"not_picked":["champ:GutPunch+1","champ:SkillfulDodge+1"],"picked":"champ:AdrenalArmor+1","floor":43},{"not_picked":["champ:FaceSlap+1","champ:FlashCut+1"],"picked":"champ:ShieldSigil+1","floor":45},{"not_picked":["champ:TornadoPunch+1","champ:EnchantSword","champ:Endure"],"picked":"SKIP","floor":46},{"not_picked":["champ:PreciseThrust+1","champ:Backstep+1"],"picked":"champ:AdrenalArmor","floor":48},{"not_picked":["champ:SetATrap+1","champ:Lariat+1","champ:EnragedBash+1"],"picked":"SKIP","floor":49}],"player_experience":108513,"relics_obtained":[{"floor":7.0,"key":"Meat on the Bone"},{"floor":9,"key":"Tiny Chest"},{"floor":12,"key":"Du-Vu Doll"},{"floor":14,"key":"Dream Catcher"},{"floor":21,"key":"InkBottle"},{"floor":24,"key":"Gremlin Horn"},{"floor":26,"key":"Shovel"},{"floor":29,"key":"War Paint"},{"floor":38,"key":"Frozen Egg 2"},{"floor":41,"key":"Calipers"},{"floor":46,"key":"Whetstone"}],"event_choices":[],"is_beta":false,"boss_relics":[{"not_picked":["Velvet Choker","Empty Cage"],"picked":"champ:ChampionCrownUpgraded"},{"not_picked":["Fusion Hammer","Cursed Key"],"picked":"Sozu"}],"items_purged_floors":[],"is_endless":false,"potions_floor_spawned":[2,4,10,14,15,16,25,26,32,33,39,45,46],"killed_by":"WA_ARCHETYPE_DIVINITY","ascension_level":1}}