{"host":"y3h3n3f7seyagppx","time":1611335482,"event":{"mods":["AlwaysNeverKeys","BaseMod","Better Vampires","Colored Powertips","DeckTracker","Emptier Cage","Minty Spire (QoL Compilation)","Permanent Neow","Quick Restart","Rare Cards Sparkle","Relic Sorter","Relic Stats","StSLib","Transform Curses"],"gold_per_floor":[117,127,52,69,69,69,69,102,174,209,209,228,258,271,271,348,348,348,58,58,58,8,8,8,8,8,8,8,0,0,0,0,0,0,0,0,0,0,0,0,0,0,0,0,0,0,0,0,0,0,0,0,0,0,0,0],"floor_reached":55,"language":"ENG","playtime":7539,"items_purged":["Strike_G","Strike_G"],"score":2045,"play_id":"f09358b4-c0ab-49f0-a0b7-ef6b526f1526","local_time":"20210122121122","is_ascension_mode":true,"campfire_choices":[{"data":"Dash","floor":6.0,"key":"SMITH"},{"floor":11.0,"key":"REST"},{"data":"Neutralize","floor":15.0,"key":"SMITH"},{"floor":23.0,"key":"REST"},{"data":"Footwork","floor":30.0,"key":"SMITH"},{"data":"Malaise","floor":32.0,"key":"SMITH"},{"floor":42.0,"key":"REST"},{"floor":49,"key":"REST"},{"data":"After Image","floor":53,"key":"SMITH"}],"circlet_count":0,"master_deck":["AscendersBane","Strike_G","Defend_G","Defend_G","Defend_G","Defend_G","Defend_G","Survivor","Neutralize+1","Burst","Dash+1","Endless Agony","Terror","Poisoned Stab","Die Die Die","Malaise+1","Prepared+1","Doppelganger","Blade Dance","Footwork+1","After Image+1","Die Die Die","Quick Slash+1","Well Laid Plans","Night Terror","Blur","Burst","Finesse","Apotheosis","Blade Dance","Leg Sweep+1","Escape Plan","Cloak And Dagger","Accuracy"],"relics":["Ring of the Snake","Happy Flower","Nunchaku","Pen Nib","Smiling Mask","White Beast Statue","WingedGreaves","Bottled Lightning","Ectoplasm","Orrery","Akabeko","Juzu Bracelet","MutagenicStrength","Red Mask","Lizard Tail","Philosopher\u0027s Stone","Ancient Tea Set","Unceasing Top","MealTicket"],"acts_visited":["Exordium","TheCity","TheBeyond","TheEnding"],"potions_floor_usage":[45,55],"damage_taken":[{"damage":2.0,"enemies":"Cultist","floor":1.0,"turns":5.0},{"damage":0.0,"enemies":"Small Slimes","floor":2.0,"turns":4.0},{"damage":0.0,"enemies":"2 Louse","floor":4.0,"turns":4.0},{"damage":35.0,"enemies":"Lagavulin","floor":8.0,"turns":9.0},{"damage":15.0,"enemies":"Gremlin Nob","floor":10.0,"turns":4.0},{"damage":0.0,"enemies":"2 Fungi Beasts","floor":12.0,"turns":3.0},{"damage":7.0,"enemies":"3 Sentries","floor":13.0,"turns":10.0},{"damage":0.0,"enemies":"Looter","floor":14.0,"turns":3.0},{"damage":11.0,"enemies":"Hexaghost","floor":16.0,"turns":9.0},{"damage":13.0,"enemies":"Spheric Guardian","floor":18.0,"turns":6.0},{"damage":11.0,"enemies":"Slavers","floor":25.0,"turns":8.0},{"damage":0.0,"enemies":"Masked Bandits","floor":28.0,"turns":2.0},{"damage":2.0,"enemies":"2 Thieves","floor":29.0,"turns":5.0},{"damage":16.0,"enemies":"Book of Stabbing","floor":31.0,"turns":5.0},{"damage":25.0,"enemies":"Automaton","floor":33.0,"turns":12.0},{"damage":0.0,"enemies":"3 Shapes","floor":35.0,"turns":3.0},{"damage":0.0,"enemies":"Orb Walker","floor":36.0,"turns":3.0},{"damage":26.0,"enemies":"Reptomancer","floor":40.0,"turns":10.0},{"damage":20,"enemies":"Nemesis","floor":44,"turns":9},{"damage":36,"enemies":"Reptomancer","floor":45,"turns":6},{"damage":2,"enemies":"Giant Head","floor":47,"turns":10},{"damage":0,"enemies":"Transient","floor":48,"turns":6},{"damage":14,"enemies":"Time Eater","floor":50,"turns":13},{"damage":5,"enemies":"Awakened One","floor":51,"turns":26},{"damage":101,"enemies":"Shield and Spear","floor":55,"turns":6}],"seed_played":"-4407039234800229228","potions_obtained":[{"floor":1.0,"key":"SneckoOil"},{"floor":2.0,"key":"SmokeBomb"},{"floor":10.0,"key":"Block Potion"},{"floor":12.0,"key":"FairyPotion"},{"floor":13.0,"key":"DistilledChaos"},{"floor":16.0,"key":"Swift Potion"},{"floor":18.0,"key":"CunningPotion"},{"floor":25.0,"key":"FearPotion"},{"floor":28.0,"key":"Ancient Potion"},{"floor":29.0,"key":"SpeedPotion"},{"floor":33.0,"key":"Poison Potion"},{"floor":35.0,"key":"SteroidPotion"},{"floor":36.0,"key":"CultistPotion"},{"floor":44,"key":"CultistPotion"},{"floor":45,"key":"CunningPotion"},{"floor":48,"key":"Strength Potion"}],"is_trial":false,"path_per_floor":["M","M","?","M","?","R","?","E","T","E","R","M","E","M","R","B",null,"M","$","?","?","$","R","?","E","T","?","?","M","R","E","R","B",null,"M","M","?","?","?","E","?","R","T","E","E","?","E","M","R","B","B",null,"R","$","E"],"character_chosen":"THE_SILENT","items_purchased":["Orrery","Footwork"],"campfire_rested":4,"item_purchase_floors":[19,19],"current_hp_per_floor":[57,57,57,57,62,62,51,16,16,1,22,22,15,15,15,4,54,41,41,41,21,21,43,43,32,32,32,32,30,30,14,14,11,60,60,60,60,60,50,24,24,45,45,25,25,25,23,23,44,30,25,60,60,72,0,0],"gold":0,"neow_bonus":"ONE_RANDOM_RARE_CARD","is_daily":false,"chose_seed":false,"campfire_upgraded":5,"win_rate":0.0,"timestamp":1611335482,"path_taken":["M","?","?","M","?","R","?","E","T","E","R","M","E","M","R","BOSS","M","$","?","?","?","R","?","E","T","?","?","M","R","E","R","BOSS","M","M","?","?","?","E","?","R","T","E","E","?","E","M","R","BOSS","BOSS","R","$","E"],"items_purchased_type":["Relic","Card"],"build_version":"2020-12-22","purchased_purges":2,"victory":false,"max_hp_per_floor":[66,66,66,66,71,71,71,71,71,71,71,71,71,71,71,71,71,71,71,71,76,76,76,76,76,76,76,76,76,76,76,76,76,76,76,76,72,72,72,72,72,72,72,72,72,72,72,72,72,72,72,72,72,72,72,72],"relic_stats":{"Nunchaku":[19],"Lizard Tail":36,"Happy Flower":[25],"counters":[25,181],"MealTicket":12,"Pen Nib":[45],"Ectoplasm":404,"Juzu Bracelet":3,"Smiling Mask":75,"obtain_stats":[{"Happy Flower":40,"Pen Nib":8,"Juzu Bracelet":26,"Smiling Mask":7,"Ancient Tea Set":43,"White Beast Statue":9,"Akabeko":25,"Lizard Tail":31,"Nunchaku":45,"MutagenicStrength":27,"Orrery":19,"Philosopher\u0027s Stone":34,"MealTicket":47,"WingedGreaves":10,"Ectoplasm":17,"Red Mask":28,"Bottled Lightning":13,"Unceasing Top":44,"Ring of the Snake":0},{"Happy Flower":18,"Pen Nib":4,"Juzu Bracelet":11,"Smiling Mask":3,"Ancient Tea Set":18,"White Beast Statue":4,"Akabeko":11,"Lizard Tail":14,"Nunchaku":20,"MutagenicStrength":11,"Orrery":10,"Philosopher\u0027s Stone":15,"MealTicket":21,"WingedGreaves":5,"Ectoplasm":9,"Red Mask":12,"Bottled Lightning":7,"Unceasing Top":19,"Ring of the Snake":0},{"Happy Flower":105,"Pen Nib":22,"Juzu Bracelet":65,"Smiling Mask":13,"Ancient Tea Set":105,"White Beast Statue":22,"Akabeko":65,"Lizard Tail":77,"Nunchaku":120,"MutagenicStrength":65,"Orrery":57,"Philosopher\u0027s Stone":89,"MealTicket":130,"WingedGreaves":26,"Ectoplasm":51,"Red Mask":67,"Bottled Lightning":39,"Unceasing Top":114,"Ring of the Snake":0}],"Unceasing Top":[12],"Ring of the Snake":[55]},"card_choices":[{"not_picked":["Outmaneuver","Quick Slash"],"picked":"Dash","floor":1.0},{"not_picked":["Storm of Steel","Setup"],"picked":"Poisoned Stab","floor":2.0},{"not_picked":["Outmaneuver","Sucker Punch"],"picked":"Endless Agony","floor":4.0},{"not_picked":["Endless Agony","Dodge and Roll"],"picked":"Terror","floor":8.0},{"not_picked":["Riddle With Holes","Well Laid Plans","Bane"],"picked":"SKIP","floor":10.0},{"not_picked":["Riddle With Holes","Well Laid Plans","Bane"],"picked":"SKIP","floor":10.0},{"not_picked":["Outmaneuver","Dagger Throw"],"picked":"Poisoned Stab","floor":12.0},{"not_picked":["Skewer","Slice","Reflex"],"picked":"SKIP","floor":13.0},{"not_picked":["Infinite Blades","Footwork"],"picked":"Die Die Die","floor":14.0},{"not_picked":["Grand Finale","Night Terror"],"picked":"Malaise","floor":16.0},{"not_picked":["Masterful Stab","Prepared","Flying Knee"],"picked":"SKIP","floor":18.0},{"not_picked":["Underhanded Strike","Cloak And Dagger"],"picked":"Prepared+1","floor":19.0},{"not_picked":["Backflip","Eviscerate"],"picked":"Doppelganger","floor":19.0},{"not_picked":["Sucker Punch","Quick Slash"],"picked":"Blade Dance","floor":19.0},{"not_picked":["Sucker Punch","Quick Slash"],"picked":"Die Die Die","floor":25.0},{"not_picked":["Burst","Slice"],"picked":"Quick Slash+1","floor":28.0},{"not_picked":["Crippling Poison","Underhanded Strike","Dagger Throw"],"picked":"SKIP","floor":29.0},{"not_picked":["Skewer+1","Quick Slash"],"picked":"Well Laid Plans","floor":31.0},{"not_picked":["Adrenaline","Unload"],"picked":"Night Terror","floor":33.0},{"not_picked":["Outmaneuver","Dodge and Roll","Dagger Spray"],"picked":"SKIP","floor":35.0},{"not_picked":["Outmaneuver","Dodge and Roll","Dagger Spray"],"picked":"SKIP","floor":35.0},{"not_picked":["Bane","Dodge and Roll"],"picked":"Blur","floor":36.0},{"not_picked":["Impatience","Dramatic Entrance"],"picked":"Finesse","floor":39.0},{"not_picked":["Panacea","Jack Of All Trades"],"picked":"Apotheosis","floor":39.0},{"not_picked":["Setup","Flechettes"],"picked":"Blade Dance","floor":40.0},{"not_picked":["Prepared+1","Blade Dance"],"picked":"Leg Sweep+1","floor":44},{"not_picked":["Dodge and Roll","Escape Plan","Leg Sweep"],"picked":"SKIP","floor":45},{"not_picked":["Dodge and Roll","Leg Sweep"],"picked":"Escape Plan","floor":45},{"not_picked":["Skewer+1","Distraction+1"],"picked":"Cloak And Dagger","floor":47},{"not_picked":["Riddle With Holes","Choke"],"picked":"Accuracy","floor":48}],"player_experience":21505299,"relics_obtained":[{"floor":8.0,"key":"Pen Nib"},{"floor":9.0,"key":"White Beast Statue"},{"floor":10.0,"key":"WingedGreaves"},{"floor":13.0,"key":"Bottled Lightning"},{"floor":25.0,"key":"Akabeko"},{"floor":26.0,"key":"Juzu Bracelet"},{"floor":28.0,"key":"Red Mask"},{"floor":31.0,"key":"Lizard Tail"},{"floor":40.0,"key":"Happy Flower"},{"floor":43.0,"key":"Ancient Tea Set"},{"floor":44,"key":"Unceasing Top"},{"floor":45,"key":"Nunchaku"},{"floor":47,"key":"MealTicket"}],"event_choices":[{"cards_removed":["Strike_G"],"damage_healed":0.0,"max_hp_gain":0.0,"max_hp_loss":0.0,"gold_gain":0.0,"event_name":"The Cleric","player_choice":"Card Removal","floor":3.0,"gold_loss":75.0,"damage_taken":0.0},{"damage_healed":0.0,"max_hp_gain":5.0,"max_hp_loss":0.0,"gold_gain":0.0,"event_name":"Big Fish","player_choice":"Donut","floor":5.0,"gold_loss":0.0,"damage_taken":0.0},{"damage_healed":0.0,"max_hp_gain":0.0,"max_hp_loss":0.0,"gold_gain":0.0,"event_name":"Scrap Ooze","player_choice":"Success","floor":7.0,"gold_loss":0.0,"damage_taken":11.0,"relics_obtained":["Smiling Mask"]},{"damage_healed":0.0,"max_hp_gain":5.0,"max_hp_loss":0.0,"gold_gain":0.0,"event_name":"Forgotten Altar","player_choice":"Shed Blood","floor":21.0,"gold_loss":0.0,"damage_taken":25.0},{"damage_healed":0.0,"max_hp_gain":0.0,"max_hp_loss":0.0,"gold_gain":0.0,"event_name":"The Library","player_choice":"Read","floor":24.0,"gold_loss":0.0,"damage_taken":0.0,"cards_obtained":["After Image"]},{"damage_healed":0.0,"max_hp_gain":0.0,"max_hp_loss":0.0,"gold_gain":0.0,"event_name":"Drug Dealer","player_choice":"Inject Mutagens","floor":27.0,"gold_loss":0.0,"damage_taken":0.0,"relics_obtained":["MutagenicStrength"]},{"damage_healed":0.0,"max_hp_gain":0.0,"max_hp_loss":0.0,"gold_gain":0.0,"event_name":"Masked Bandits","player_choice":"Fought Bandits","floor":28.0,"gold_loss":0.0,"damage_taken":0.0},{"damage_healed":0.0,"max_hp_gain":0.0,"max_hp_loss":4.0,"gold_gain":0.0,"event_name":"Winding Halls","player_choice":"Max HP","floor":37.0,"gold_loss":0.0,"damage_taken":0.0},{"damage_healed":0.0,"max_hp_gain":0.0,"max_hp_loss":0.0,"gold_gain":0.0,"cards_transformed":["Strike_G"],"event_name":"Transmorgrifier","player_choice":"Transformed","floor":38.0,"gold_loss":0.0,"damage_taken":0.0,"cards_obtained":["Burst"]},{"damage_healed":0.0,"max_hp_gain":0.0,"max_hp_loss":0.0,"gold_gain":0.0,"event_name":"SensoryStone","player_choice":"Memory 3","floor":39.0,"gold_loss":0.0,"damage_taken":10.0},{"damage_healed":0.0,"max_hp_gain":0.0,"max_hp_loss":0.0,"gold_gain":0.0,"event_name":"SecretPortal","player_choice":"Ignored","floor":41.0,"gold_loss":0.0,"damage_taken":0.0},{"cards_removed":["Poisoned Stab"],"damage_healed":0,"gold_gain":0,"player_choice":"Removed Attack","damage_taken":0,"max_hp_gain":0,"max_hp_loss":0,"event_name":"Falling","floor":46,"gold_loss":0}],"is_beta":false,"boss_relics":[{"not_picked":["Runic Dome","Empty Cage"],"picked":"Ectoplasm"},{"not_picked":["Snecko Eye","Astrolabe"],"picked":"Philosopher\u0027s Stone"}],"items_purged_floors":[19,22],"is_endless":false,"potions_floor_spawned":[1,2,10,12,13,14,16,18,25,28,29,31,33,35,36,40,44,45,47,48],"killed_by":"Shield and Spear","ascension_level":20}}