{"host":"lafpjqyrw507zkmv","time":1611326995,"event":{"mods":["AchievementEnabler","BaseMod","Colored Map","Minty Spire (QoL Compilation)","Relic Stats"],"gold_per_floor":[113,133,143,156,168,168,203,214,214,214,214,214,60,60,60,163,163,175,188,113,38,38,38,66,66,93,93,43,56,56,67,67,165,165,182,82,82,99,116,116,150,168,250,250,263,263,263,275,275,275,275,275,0,0,0],"floor_reached":54,"language":"ENG","playtime":4465,"items_purged":["Strike_B","Fission+1","Streamline+1"],"score":662,"play_id":"d23b1914-3286-4817-97ad-2cc9959fd9ee","local_time":"20210122164955","is_ascension_mode":false,"campfire_choices":[{"data":"Streamline","floor":6,"key":"SMITH"},{"data":"Seek","floor":12,"key":"SMITH"},{"data":"Hello World","floor":15,"key":"SMITH"},{"floor":23,"key":"REST"},{"data":"Creative AI","floor":25,"key":"SMITH"},{"data":"Redo","floor":27,"key":"SMITH"},{"floor":30,"key":"REST"},{"floor":32,"key":"REST"},{"data":"Conserve Battery","floor":40,"key":"SMITH"},{"floor":44,"key":"REST"},{"floor":46,"key":"REST"},{"floor":49,"key":"RECALL"},{"data":"Consume","floor":52,"key":"SMITH"}],"circlet_count":0,"master_deck":["Defend_B+1","Defend_B+1","Defend_B+1","Defend_B+1","Zap","Dualcast","Conserve Battery+1","Seek+1","Coolheaded","Redo+1","Finesse","Creative AI+1","Glacier","Hologram+1","Cold Snap+1","Steam+1","Conserve Battery+1","Glacier+1","Reinforced Body+1","Consume+1","Consume+1","Loop"],"relics":["Cracked Core","Ancient Tea Set","Boot","Emotion Chip","DataDisk","Inserter","Ornamental Fan","Oddly Smooth Stone","Astrolabe","Thread and Needle","Bottled Lightning"],"acts_visited":["Exordium","TheCity","TheBeyond","TheEnding"],"potions_floor_usage":[7,7,54],"damage_taken":[{"damage":9,"enemies":"2 Louse","floor":1,"turns":3},{"damage":1,"enemies":"Cultist","floor":2,"turns":3},{"damage":0,"enemies":"Jaw Worm","floor":3,"turns":3},{"damage":16,"enemies":"Large Slime","floor":4,"turns":5},{"damage":22,"enemies":"Lots of Slimes","floor":5,"turns":5},{"damage":16,"enemies":"Gremlin Nob","floor":7,"turns":3},{"damage":5,"enemies":"Looter","floor":8,"turns":3},{"damage":8,"enemies":"The Guardian","floor":16,"turns":12},{"damage":40,"enemies":"Chosen","floor":18,"turns":6},{"damage":7,"enemies":"3 Byrds","floor":19,"turns":7},{"damage":20,"enemies":"Book of Stabbing","floor":24,"turns":11},{"damage":6,"enemies":"Snake Plant","floor":29,"turns":5},{"damage":1,"enemies":"Centurion and Healer","floor":31,"turns":13},{"damage":10,"enemies":"Champ","floor":33,"turns":13},{"damage":1,"enemies":"Orb Walker","floor":35,"turns":7},{"damage":14,"enemies":"3 Shapes","floor":38,"turns":5},{"damage":7,"enemies":"Writhing Mass","floor":39,"turns":12},{"damage":34,"enemies":"Reptomancer","floor":41,"turns":12},{"damage":10,"enemies":"4 Shapes","floor":42,"turns":10},{"damage":0,"enemies":"Maw","floor":45,"turns":8},{"damage":0,"enemies":"3 Darklings","floor":48,"turns":10},{"damage":13,"enemies":"Donu and Deca","floor":50,"turns":13},{"damage":74,"enemies":"Shield and Spear","floor":54,"turns":8}],"seed_played":"7829719581985192942","potions_obtained":[{"floor":2,"key":"GamblersBrew"},{"floor":4,"key":"BlessingOfTheForge"},{"floor":5,"key":"Strength Potion"},{"floor":8,"key":"CultistPotion"},{"floor":16,"key":"FearPotion"},{"floor":41,"key":"DuplicationPotion"},{"floor":42,"key":"PowerPotion"}],"is_trial":false,"path_per_floor":["M","M","M","M","M","R","E","M","T","?","?","R","$","?","R","B",null,"M","M","?","$","?","R","E","R","T","R","?","M","R","M","R","B",null,"M","$","?","M","M","R","E","M","T","R","M","R","?","M","R","B",null,"R","$","E"],"character_chosen":"DEFECT","items_purchased":["DataDisk","DuplicationPotion","Loop"],"campfire_rested":5,"item_purchase_floors":[13,53,53],"current_hp_per_floor":[66,65,65,49,27,27,11,6,6,31,19,19,19,19,19,11,75,35,28,28,28,28,50,30,30,30,30,30,24,46,45,67,57,75,74,74,75,61,54,54,20,10,10,32,32,54,54,54,54,41,71,71,71,0,0],"gold":0,"neow_bonus":"RANDOM_COMMON_RELIC","is_daily":false,"chose_seed":false,"campfire_upgraded":7,"win_rate":0.0,"timestamp":1611326995,"path_taken":["M","M","M","M","M","R","E","M","T","?","?","R","$","?","R","BOSS","M","M","?","$","?","R","E","R","T","R","?","?","R","M","R","BOSS","M","$","?","M","M","R","E","M","T","R","?","R","?","M","R","BOSS","R","$","E"],"items_purchased_type":["Relic","Potion","Card"],"build_version":"2020-12-22","purchased_purges":3,"victory":false,"max_hp_per_floor":[75,75,75,75,75,75,75,75,75,75,75,75,75,75,75,75,75,75,75,75,75,75,75,75,75,75,75,75,75,75,75,75,75,75,75,75,75,75,75,75,75,75,75,75,75,75,71,71,71,71,71,71,71,71,71],"relic_stats":{"Emotion Chip":[113,46,67,0,0],"Inserter":[63],"counters":[23,177],"Ornamental Fan":[4],"Astrolabe":["Fission","Stack","Steam"],"Boot":[16],"obtain_stats":[{"Emotion Chip":11,"DataDisk":13,"Inserter":17,"Ornamental Fan":24,"Astrolabe":34,"Oddly Smooth Stone":26,"Thread and Needle":41,"Bottled Lightning":43,"Cracked Core":0,"Ancient Tea Set":0,"Boot":7},{"Emotion Chip":7,"DataDisk":7,"Inserter":8,"Ornamental Fan":11,"Astrolabe":14,"Oddly Smooth Stone":11,"Thread and Needle":18,"Bottled Lightning":19,"Cracked Core":0,"Ancient Tea Set":0,"Boot":6},{"Emotion Chip":25,"DataDisk":25,"Inserter":37,"Ornamental Fan":61,"Astrolabe":92,"Oddly Smooth Stone":61,"Thread and Needle":128,"Bottled Lightning":138,"Cracked Core":0,"Ancient Tea Set":0,"Boot":22}]},"card_choices":[{"not_picked":["Cold Snap","Stack"],"picked":"Streamline","floor":1},{"not_picked":["Streamline","Consume"],"picked":"Conserve Battery","floor":2},{"not_picked":["Consume","Steam"],"picked":"Seek","floor":3},{"not_picked":["Turbo","Redo"],"picked":"Hello World","floor":4},{"not_picked":["Barrage","Stack"],"picked":"Coolheaded","floor":5},{"not_picked":["Sunder","Scrape","Compile Driver"],"picked":"SKIP","floor":7},{"not_picked":["Hello World","Skim"],"picked":"Redo","floor":8},{"not_picked":["Core Surge","Buffer"],"picked":"Creative AI","floor":16},{"not_picked":["Recycle","Double Energy"],"picked":"Glacier","floor":18},{"not_picked":["Beam Cell+1","Stack","Turbo"],"picked":"SKIP","floor":19},{"not_picked":["Beam Cell+1","Compile Driver"],"picked":"Hologram+1","floor":24},{"not_picked":["Barrage","Fusion","Scrape"],"picked":"SKIP","floor":29},{"not_picked":["Tempest","Redo"],"picked":"Cold Snap+1","floor":31},{"not_picked":["Darkness","Gash+1"],"picked":"Conserve Battery+1","floor":35},{"not_picked":["Capacitor","Go for the Eyes"],"picked":"Glacier+1","floor":38},{"not_picked":["Redo","Go for the Eyes+1","Compile Driver+1"],"picked":"SKIP","floor":39},{"not_picked":["Ball Lightning","Stack+1"],"picked":"Reinforced Body+1","floor":41},{"not_picked":["Melter+1","Reprogram+1","Ball Lightning"],"picked":"SKIP","floor":42},{"not_picked":["Buffer","Ball Lightning+1"],"picked":"Consume","floor":45},{"not_picked":["Scrape","Undo"],"picked":"Consume+1","floor":48}],"player_experience":350063,"relics_obtained":[{"floor":7,"key":"Boot"},{"floor":24,"key":"Ornamental Fan"},{"floor":26,"key":"Oddly Smooth Stone"},{"floor":41,"key":"Thread and Needle"},{"floor":43,"key":"Bottled Lightning"}],"event_choices":[{"damage_healed":25,"gold_gain":0,"player_choice":"Banana","damage_taken":0,"max_hp_gain":0,"max_hp_loss":0,"event_name":"Big Fish","floor":10,"gold_loss":0},{"damage_healed":0,"gold_gain":0,"player_choice":"Success","damage_taken":12,"relics_obtained":["Emotion Chip"],"max_hp_gain":0,"max_hp_loss":0,"event_name":"Scrap Ooze","floor":11,"gold_loss":0},{"damage_healed":0,"gold_gain":0,"player_choice":"1 cards matched","damage_taken":0,"max_hp_gain":0,"max_hp_loss":0,"event_name":"Match and Keep!","floor":14,"gold_loss":0,"cards_obtained":["Finesse"]},{"cards_removed":["Hello World"],"damage_healed":0,"gold_gain":0,"player_choice":"Gave Gold","damage_taken":0,"max_hp_gain":0,"max_hp_loss":0,"event_name":"Beggar","floor":20,"gold_loss":75},{"damage_healed":0,"gold_gain":0,"player_choice":"Simplicity","damage_taken":0,"max_hp_gain":0,"max_hp_loss":0,"event_name":"Back to Basics","floor":22,"gold_loss":0,"cards_upgraded":["Strike_B","Strike_B","Strike_B","Defend_B","Defend_B","Defend_B","Defend_B"]},{"damage_healed":0,"gold_gain":0,"player_choice":"Bet on Owner","damage_taken":0,"max_hp_gain":0,"max_hp_loss":0,"event_name":"The Joust","floor":28,"gold_loss":50},{"cards_removed":["Stack"],"damage_healed":5,"gold_gain":0,"player_choice":"Offered Common","damage_taken":0,"max_hp_gain":0,"max_hp_loss":0,"event_name":"Bonfire Elementals","floor":37,"gold_loss":0},{"cards_removed":["Stack"],"damage_healed":5,"gold_gain":0,"player_choice":"Offered Special","damage_taken":0,"max_hp_gain":0,"max_hp_loss":0,"event_name":"Bonfire Elementals","floor":37,"gold_loss":0},{"damage_healed":0,"gold_gain":0,"player_choice":"Max HP","damage_taken":0,"max_hp_gain":0,"max_hp_loss":4,"event_name":"Winding Halls","floor":47,"gold_loss":0}],"is_beta":false,"boss_relics":[{"not_picked":["Velvet Choker","Busted Crown"],"picked":"Inserter"},{"not_picked":["Runic Dome","Tiny House"],"picked":"Astrolabe"}],"items_purged_floors":[21,36,53],"is_endless":false,"potions_floor_spawned":[2,4,5,8,16,31,41,42,48],"killed_by":"Shield and Spear","ascension_level":0}}