{"host":"3jjxuhjpio8e4zkv","time":1611282120,"event":{"mods":["BaseMod","Colored Map","Highlight Path","Minty Spire (QoL Compilation)","Permanent Neow","Relic Stats","StSLib"],"gold_per_floor":[109,126,33,33,48,80,80,111,135,167,167,200,200,200,200,271,271,285,296,312,328,5,31,31,62,131,131,73,105,105,139,139,211,211,228,128,148,148,165,165,195,195,195,211,211,221,221,252,252,252,252,252,252,33,59,59,59],"floor_reached":56,"language":"ENG","playtime":2684,"items_purged":["Strike_B","Strike_B"],"score":2343,"play_id":"62196d73-b9cd-4b2a-9e60-dc00c718c321","local_time":"20210121212200","is_ascension_mode":true,"campfire_choices":[{"data":"Doom and Gloom","floor":7.0,"key":"SMITH"},{"floor":11.0,"key":"REST"},{"data":"Darkness","floor":15.0,"key":"SMITH"},{"data":"Loop","floor":24.0,"key":"SMITH"},{"data":"Biased Cognition","floor":27.0,"key":"SMITH"},{"data":"Seek","floor":32.0,"key":"SMITH"},{"data":"Capacitor","floor":40.0,"key":"SMITH"},{"floor":42.0,"key":"RECALL"},{"data":"Panacea","floor":49.0,"key":"SMITH"},{"data":"Reinforced Body","floor":53.0,"key":"SMITH"}],"circlet_count":0,"master_deck":["AscendersBane","Defend_B","Defend_B","Defend_B","Defend_B","Zap","Dualcast","Doom and Gloom+1","Compile Driver","Darkness+1","Tempest","Hello World","Ball Lightning","Biased Cognition+1","FTL+1","Chill","Seek+1","Glacier","Go for the Eyes+1","Beam Cell+1","Hyperbeam+1","Turbo","Compile Driver+1","Loop+1","Sweeping Beam+1","Capacitor+1","White Noise+1","Barrage+1","Cold Snap+1","Panacea+1","Reinforced Body+1","Barrage+1","Biased Cognition+1","Stack+1"],"relics":["Cracked Core","Lantern","Bag of Marbles","Omamori","MealTicket","Molten Egg 2","Mercury Hourglass","Runic Pyramid","Mango","Happy Flower","Shuriken","Thread and Needle","Boot","Coffee Dripper","Art of War","Strawberry","Runic Capacitor","Akabeko"],"acts_visited":["Exordium","TheCity","TheBeyond","TheEnding"],"potions_floor_usage":[56,56],"damage_taken":[{"damage":0.0,"enemies":"Small Slimes","floor":1.0,"turns":3.0},{"damage":2.0,"enemies":"Jaw Worm","floor":2.0,"turns":3.0},{"damage":0.0,"enemies":"Cultist","floor":5.0,"turns":3.0},{"damage":30.0,"enemies":"3 Sentries","floor":6.0,"turns":6.0},{"damage":14.0,"enemies":"Gremlin Nob","floor":8.0,"turns":3.0},{"damage":20.0,"enemies":"3 Sentries","floor":10.0,"turns":4.0},{"damage":11.0,"enemies":"Gremlin Nob","floor":12.0,"turns":3.0},{"damage":0.0,"enemies":"Hexaghost","floor":16.0,"turns":6.0},{"damage":4.0,"enemies":"2 Thieves","floor":18.0,"turns":3.0},{"damage":0.0,"enemies":"Chosen","floor":19.0,"turns":4.0},{"damage":21.0,"enemies":"Centurion and Healer","floor":20.0,"turns":4.0},{"damage":5.0,"enemies":"Snecko","floor":21.0,"turns":3.0},{"damage":0.0,"enemies":"Slavers","floor":23.0,"turns":1.0},{"damage":7.0,"enemies":"Gremlin Leader","floor":25.0,"turns":7.0},{"damage":15.0,"enemies":"Book of Stabbing","floor":29.0,"turns":4.0},{"damage":8.0,"enemies":"Gremlin Leader","floor":31.0,"turns":3.0},{"damage":0.0,"enemies":"Automaton","floor":33.0,"turns":7.0},{"damage":0.0,"enemies":"Orb Walker","floor":35.0,"turns":3.0},{"damage":6.0,"enemies":"3 Darklings","floor":37.0,"turns":3.0},{"damage":3.0,"enemies":"Jaw Worm Horde","floor":39.0,"turns":3.0},{"damage":17.0,"enemies":"Nemesis","floor":41.0,"turns":4.0},{"damage":2.0,"enemies":"Spire Growth","floor":44.0,"turns":4.0},{"damage":0.0,"enemies":"Maw","floor":46.0,"turns":8.0},{"damage":0.0,"enemies":"Giant Head","floor":48.0,"turns":7.0},{"damage":2.0,"enemies":"Donu and Deca","floor":50.0,"turns":8.0},{"damage":7.0,"enemies":"Awakened One","floor":51.0,"turns":9.0},{"damage":69.0,"enemies":"Shield and Spear","floor":55.0,"turns":6.0},{"damage":30,"enemies":"The Heart","floor":56,"turns":3}],"seed_played":"-169371428728031662","potions_obtained":[{"floor":6.0,"key":"Fruit Juice"},{"floor":8.0,"key":"SpeedPotion"},{"floor":12.0,"key":"EssenceOfSteel"},{"floor":16.0,"key":"FocusPotion"},{"floor":20.0,"key":"Strength Potion"},{"floor":31.0,"key":"DuplicationPotion"},{"floor":35.0,"key":"Swift Potion"},{"floor":39.0,"key":"LiquidMemories"},{"floor":55.0,"key":"Block Potion"}],"is_trial":false,"path_per_floor":["M","M","$","?","M","E","R","E","T","E","R","E","?","?","R","B",null,"M","M","M","M","$","E","R","E","T","R","$","E","?","E","R","B",null,"M","$","M","?","M","R","E","R","T","M","?","M","?","E","R","B","B",null,"R","$","E","B"],"character_chosen":"DEFECT","items_purchased":["Darkness","Explosive Potion","Hyperbeam+1","Turbo","Compile Driver+1","Fire Potion","Sweeping Beam+1","Runic Capacitor","FocusPotion"],"campfire_rested":1,"item_purchase_floors":[3,3,22,22,22,22,28,54,54],"current_hp_per_floor":[64,62,62,62,62,32,32,18,18,3,25,14,14,14,14,14,61,57,57,36,31,46,60,60,53,53,53,68,53,53,45,45,45,79,79,90,84,74,71,71,54,54,54,52,52,52,52,59,59,57,50,85,85,97,28,0,0],"gold":59,"neow_bonus":"RANDOM_COMMON_RELIC","is_daily":false,"chose_seed":false,"campfire_upgraded":8,"win_rate":0.0,"timestamp":1611282120,"path_taken":["M","M","$","?","M","E","R","E","T","E","R","E","?","?","R","BOSS","M","M","?","M","$","E","R","E","T","R","?","E","?","E","R","BOSS","M","$","M","?","M","R","E","R","T","M","?","?","?","E","R","BOSS","BOSS","R","$","E","BOSS"],"items_purchased_type":["Card","Potion","Card","Card","Card","Potion","Card","Relic","Potion"],"build_version":"2020-12-22","purchased_purges":2,"victory":false,"max_hp_per_floor":[71,71,71,71,71,71,71,71,71,76,76,76,76,76,76,76,76,76,76,76,76,76,90,90,90,90,90,90,90,90,90,90,90,90,90,90,90,90,90,90,90,90,90,90,90,90,90,97,97,97,97,97,97,97,97,97,97],"relic_stats":{"Happy Flower":[24],"counters":[28,125],"Shuriken":[21],"MealTicket":53,"Art of War":[6],"Boot":[36],"obtain_stats":[{"Lantern":0,"Happy Flower":25,"Mango":23,"Thread and Needle":29,"Omamori":8,"Runic Capacitor":54,"Boot":31,"Akabeko":55,"Mercury Hourglass":12,"Shuriken":26,"Strawberry":48,"MealTicket":9,"Molten Egg 2":10,"Bag of Marbles":6,"Coffee Dripper":34,"Art of War":41,"Cracked Core":0,"Runic Pyramid":17},{"Lantern":0,"Happy Flower":14,"Mango":13,"Thread and Needle":15,"Omamori":5,"Runic Capacitor":26,"Boot":16,"Akabeko":27,"Mercury Hourglass":7,"Shuriken":14,"Strawberry":24,"MealTicket":5,"Molten Egg 2":6,"Bag of Marbles":4,"Coffee Dripper":17,"Art of War":21,"Cracked Core":0,"Runic Pyramid":8},{"Lantern":0,"Happy Flower":53,"Mango":46,"Thread and Needle":57,"Omamori":18,"Runic Capacitor":116,"Boot":60,"Akabeko":122,"Mercury Hourglass":25,"Shuriken":53,"Strawberry":99,"MealTicket":18,"Molten Egg 2":22,"Bag of Marbles":15,"Coffee Dripper":67,"Art of War":80,"Cracked Core":0,"Runic Pyramid":31}],"Mercury Hourglass":[362]},"card_choices":[{"not_picked":["Sweeping Beam","Aggregate"],"picked":"Doom and Gloom","floor":1.0},{"not_picked":["Hologram","Beam Cell"],"picked":"Compile Driver","floor":2.0},{"not_picked":["Leap","Gash"],"picked":"Hello World","floor":5.0},{"not_picked":["Force Field","Heatsinks"],"picked":"Ball Lightning","floor":6.0},{"not_picked":["Go for the Eyes","Gash"],"picked":"Biased Cognition","floor":8.0},{"not_picked":["Hologram","Reinforced Body"],"picked":"FTL+1","floor":10.0},{"not_picked":["White Noise","Melter+1"],"picked":"Chill","floor":12.0},{"not_picked":["Amplify","Reboot"],"picked":"Seek","floor":16.0},{"not_picked":["Go for the Eyes+1","Turbo"],"picked":"Glacier","floor":18.0},{"not_picked":["Leap","Barrage+1","Conserve Battery"],"picked":"SKIP","floor":19.0},{"not_picked":["Leap","Compile Driver+1"],"picked":"Go for the Eyes+1","floor":20.0},{"not_picked":["Coolheaded","Skim"],"picked":"Beam Cell+1","floor":21.0},{"not_picked":["Coolheaded","Machine Learning"],"picked":"Loop","floor":23.0},{"not_picked":["Steam","Conserve Battery","Streamline+1"],"picked":"SKIP","floor":25.0},{"not_picked":["Fission","Barrage+1"],"picked":"Capacitor","floor":29.0},{"not_picked":["Sweeping Beam+1","Leap"],"picked":"White Noise+1","floor":31.0},{"not_picked":["Beam Cell+1","Turbo"],"picked":"Barrage+1","floor":35.0},{"not_picked":["Streamline+1","Sweeping Beam+1"],"picked":"Cold Snap+1","floor":37.0},{"not_picked":["Enlightenment","Madness"],"picked":"Panacea","floor":38.0},{"not_picked":["Defragment","Go for the Eyes+1"],"picked":"Reinforced Body","floor":39.0},{"not_picked":["Redo","Beam Cell+1","Ball Lightning+1"],"picked":"SKIP","floor":41.0},{"not_picked":["Hologram","Rebound+1"],"picked":"Barrage+1","floor":44.0},{"not_picked":["Undo+1","Compile Driver+1","Barrage+1"],"picked":"SKIP","floor":46.0},{"not_picked":["Steam","Redo","Sunder+1"],"picked":"SKIP","floor":48.0},{"not_picked":["Hologram","Streamline+1"],"picked":"Stack+1","floor":55.0}],"player_experience":1220142,"relics_obtained":[{"floor":6.0,"key":"Bag of Marbles"},{"floor":8.0,"key":"Omamori"},{"floor":9.0,"key":"MealTicket"},{"floor":10.0,"key":"Molten Egg 2"},{"floor":12.0,"key":"Mercury Hourglass"},{"floor":23.0,"key":"Mango"},{"floor":25.0,"key":"Happy Flower"},{"floor":26.0,"key":"Shuriken"},{"floor":29.0,"key":"Thread and Needle"},{"floor":31.0,"key":"Boot"},{"floor":41.0,"key":"Art of War"},{"floor":48.0,"key":"Strawberry"},{"floor":55.0,"key":"Akabeko"}],"event_choices":[{"damage_healed":0.0,"max_hp_gain":0.0,"max_hp_loss":0.0,"gold_gain":0.0,"cards_transformed":["Strike_B"],"event_name":"Living Wall","player_choice":"Change","floor":4.0,"gold_loss":0.0,"damage_taken":0.0,"cards_obtained":["Tempest"]},{"damage_healed":0.0,"max_hp_gain":0.0,"max_hp_loss":0.0,"gold_gain":0.0,"event_name":"Liars Game","player_choice":"Ignored","floor":13.0,"gold_loss":0.0,"damage_taken":0.0},{"cards_removed":["Strike_B"],"damage_healed":0.0,"max_hp_gain":0.0,"max_hp_loss":0.0,"gold_gain":0.0,"event_name":"Purifier","player_choice":"Purged","floor":14.0,"gold_loss":0.0,"damage_taken":0.0},{"damage_healed":0.0,"max_hp_gain":0.0,"max_hp_loss":0.0,"gold_gain":0.0,"event_name":"The Mausoleum","player_choice":"Ignored","floor":30.0,"gold_loss":0.0,"damage_taken":0.0},{"damage_healed":0.0,"max_hp_gain":0.0,"max_hp_loss":0.0,"gold_gain":0.0,"event_name":"SensoryStone","player_choice":"Memory 3","floor":38.0,"gold_loss":0.0,"damage_taken":10.0},{"damage_healed":0.0,"max_hp_gain":0.0,"max_hp_loss":0.0,"gold_gain":0.0,"event_name":"Duplicator","player_choice":"Copied","floor":45.0,"gold_loss":0.0,"damage_taken":0.0,"cards_obtained":["Biased Cognition"]},{"damage_healed":0.0,"max_hp_gain":0.0,"max_hp_loss":0.0,"gold_gain":0.0,"event_name":"Tomb of Lord Red Mask","player_choice":"Ignored","floor":47.0,"gold_loss":0.0,"damage_taken":0.0}],"is_beta":false,"boss_relics":[{"not_picked":["Tiny House","Runic Dome"],"picked":"Runic Pyramid"},{"not_picked":["Snecko Eye","Cursed Key"],"picked":"Coffee Dripper"}],"items_purged_floors":[22,36],"is_endless":false,"potions_floor_spawned":[6,8,12,16,20,25,31,35,39,55],"killed_by":"The Heart","ascension_level":20}}