{"host":"o9oojikv0j1jifqm","time":1611324208,"event":{"mods":["BaseMod","Colored Powertips","Minty Spire (QoL Compilation)","Quick Restart","Replay The Spire","Say the Spire","Shop Mod","Spicy Shops","StSLib","UnlockEverythingMod","WarShipGirlsR/战舰少女R mod","【遗物卡牌】REMEMod"],"gold_per_floor":[109,128,144,144,144,144,179,221,247,52,52,68,88,136,136,237,237,251,251,268,287,287,287],"floor_reached":22,"language":"ZHS","playtime":1851,"items_purged":["Regret"],"score":238,"play_id":"7eb7cc67-f936-4882-907c-afe2e25a1a84","local_time":"20210122220328","is_ascension_mode":false,"campfire_choices":[{"data":"rmod:ammunitionsupply","floor":6,"key":"SMITH"},{"data":"rmod:bulid","floor":15,"key":"SMITH"}],"circlet_count":0,"master_deck":["rmod:strick+1","rmod:strick","rmod:strick","rmod:defend","rmod:defend","rmod:defend","rmod:defend","rmod:basicallowance","rmod:maingunfire+1","Secret Weapon","rmod:ammunitionsupply+1","rmod:selfconfidence","rmod:bulid+1","rmod:expedition","rmod:chargemoney","rmod:diamondstrike","rmod:u235","rmod:steelsupply","rmod:ridicule","rmod:launchingtorpedo","rmod:aviationdawn+1","rmod:aluminumsupply+1","rmod:circuitoustactics","rmod:seals"],"relics":["REME_ComplimentaryCards","NeowsBlessing","REME_PuzzleBoxRelic","Whetstone","Nunchaku","Replay:Bottled Flurry","Prayer Wheel","Strawberry","rmod:mogul"],"acts_visited":["Exordium","TheCity"],"potions_floor_usage":[7,16,20,22,22],"damage_taken":[{"damage":0,"enemies":"2 Louse","floor":1,"turns":1},{"damage":0,"enemies":"Jaw Worm","floor":2,"turns":1},{"damage":0,"enemies":"Small Slimes","floor":3,"turns":1},{"damage":39,"enemies":"Gremlin Nob","floor":7,"turns":4},{"damage":12,"enemies":"3 Louse","floor":8,"turns":4},{"damage":0,"enemies":"2 Fungi Beasts","floor":12,"turns":1},{"damage":8,"enemies":"Exordium Thugs","floor":13,"turns":2},{"damage":0,"enemies":"Fading Forest","floor":16,"turns":11},{"damage":34,"enemies":"3 Byrds","floor":18,"turns":6},{"damage":12,"enemies":"2 Thieves","floor":20,"turns":3},{"damage":35,"enemies":"Cultist and Chosen","floor":21,"turns":5},{"damage":5,"enemies":"Masked Bandits","floor":22,"turns":2}],"seed_played":"6684240363196318878","potions_obtained":[{"floor":1,"key":"EssenceOfSteel"},{"floor":7,"key":"Adrenaline Potion"},{"floor":12,"key":"DuplicationPotion"},{"floor":13,"key":"Cursed Concoction"},{"floor":18,"key":"Reflective Coating"},{"floor":21,"key":"Languid Potion"}],"is_trial":false,"path_per_floor":["M","M","M","?","?","R","E","M","T","$","?","M","M","T","R","B",null,"M","?","M","M","?"],"character_chosen":"PRAEFECT","items_purchased":["Replay:Bottled Flurry"],"campfire_rested":0,"item_purchase_floors":[10],"current_hp_per_floor":[75,75,75,75,75,75,36,24,24,24,17,17,9,16,16,26,82,48,48,36,1,0,0],"gold":287,"neow_bonus":"THREE_ENEMY_KILL","is_daily":false,"chose_seed":false,"campfire_upgraded":2,"win_rate":0.0,"timestamp":1611324208,"path_taken":["M","M","M","?","?","R","E","?","T","$","?","M","M","?","R","BOSS","M","?","M","M","?"],"items_purchased_type":["Relic"],"build_version":"2020-12-22","purchased_purges":1,"victory":false,"max_hp_per_floor":[75,75,75,75,75,75,75,75,75,75,75,75,75,82,82,82,82,82,82,82,82,82,82],"card_choices":[{"not_picked":["rmod:unsinkable","rmod:aggressivemary"],"picked":"rmod:ammunitionsupply","floor":1},{"not_picked":["rmod:victimresponsibility","rmod:circuitoustactics"],"picked":"rmod:selfconfidence","floor":2},{"not_picked":["rmod:aviationdawn","rmod:rockthrower"],"picked":"rmod:bulid","floor":3},{"not_picked":["rmod:tearstotiara","rmod:unsinkable"],"picked":"rmod:expedition","floor":7},{"not_picked":["rmod:diamondstrike","rmod:tearstotiara"],"picked":"rmod:chargemoney","floor":8},{"not_picked":["rmod:gendarmerie","rmod:fuelsupply"],"picked":"rmod:diamondstrike","floor":12},{"not_picked":["rmod:fletcherpendant","rmod:fuelsupply"],"picked":"rmod:u235","floor":12},{"not_picked":["rmod:aluminumsupply","rmod:capitalist"],"picked":"rmod:steelsupply","floor":13},{"not_picked":["rmod:luckystar","rmod:victimresponsibility","rmod:expedition"],"picked":"SKIP","floor":13},{"not_picked":["rmod:expeditionaryescort","rmod:u235"],"picked":"rmod:ridicule","floor":16},{"not_picked":["rmod:firesupport","rmod:ammunitionsupply+1"],"picked":"rmod:launchingtorpedo","floor":18},{"not_picked":["rmod:firesupport","rmod:guardianhero"],"picked":"rmod:aviationdawn+1","floor":18},{"not_picked":["rmod:garrisonisland","rmod:firesupport"],"picked":"rmod:aluminumsupply+1","floor":20},{"not_picked":["rmod:firesupport","rmod:aviationdawn+1"],"picked":"rmod:circuitoustactics","floor":20},{"not_picked":["rmod:intelligenceanalysis","rmod:unsinkable"],"picked":"rmod:seals","floor":21},{"not_picked":["rmod:ammunitionsupply","rmod:diamondstrike","rmod:aviationdawn"],"picked":"SKIP","floor":21}],"player_experience":57925,"relics_obtained":[{"floor":7,"key":"Whetstone"},{"floor":9,"key":"Nunchaku"},{"floor":14,"key":"Strawberry"}],"event_choices":[{"damage_healed":0,"gold_gain":0,"player_choice":"Box","damage_taken":0,"relics_obtained":["REME_PuzzleBoxRelic"],"max_hp_gain":0,"max_hp_loss":0,"event_name":"Big Fish","floor":4,"gold_loss":0,"cards_obtained":["Regret"]},{"damage_healed":0,"gold_gain":0,"player_choice":"Success","damage_taken":7,"relics_obtained":["Prayer Wheel"],"max_hp_gain":0,"max_hp_loss":0,"event_name":"Scrap Ooze","floor":11,"gold_loss":0},{"cards_removed":["rmod:strick"],"damage_healed":0,"gold_gain":0,"player_choice":"Elegance","damage_taken":0,"max_hp_gain":0,"max_hp_loss":0,"event_name":"Back to Basics","floor":19,"gold_loss":0},{"damage_healed":0,"gold_gain":0,"player_choice":"Fought Bandits","damage_taken":0,"max_hp_gain":0,"max_hp_loss":0,"event_name":"Masked Bandits","floor":22,"gold_loss":0}],"is_beta":false,"boss_relics":[{"not_picked":["Ectoplasm","Tiny House"],"picked":"rmod:mogul"}],"items_purged_floors":[10],"is_endless":false,"potions_floor_spawned":[1,7,12,13,18,21],"killed_by":"Masked Bandits","ascension_level":0}}