{"host":"vumwfieg2b2mnrfl","time":1611357902,"event":{"mods":["AchievementEnabler","BaseMod","Minty Spire (QoL Compilation)","Rare Cards Sparkle","Relic Stats"],"gold_per_floor":[111,261,15,15,31,69,96,96,148,186,195,239,248,273,273,375,375,397,397,425,443,443,443,479,479,532,552,594,626,255,255,255,255,255],"floor_reached":33,"language":"ENG","playtime":1027,"items_purged":["Doubt","Injury"],"score":636,"play_id":"b8d5c0ef-69af-437a-933b-f7522eee79d8","local_time":"20210122172502","is_ascension_mode":true,"campfire_choices":[{"data":"Escape Plan","floor":8,"key":"SMITH"},{"floor":15,"key":"REST"},{"data":"Burst","floor":23,"key":"SMITH"},{"floor":25,"key":"REST"},{"floor":32,"key":"REST"}],"circlet_count":0,"master_deck":["AscendersBane","Strike_G","Strike_G","Strike_G","Defend_G","Defend_G","Defend_G","Survivor","Neutralize","Blade Dance","Dash","Escape Plan+1","Masterful Stab","Blur","Poisoned Stab","Dash","Glass Knife","Malaise","Poisoned Stab+1","Crippling Poison","Burst+1","Riddle With Holes","Predator","Catalyst","Well Laid Plans","Blur"],"relics":["Ring of the Snake","NeowsBlessing","PreservedInsect","CeramicFish","Anchor","Akabeko","Bloody Idol","StrikeDummy","Philosopher\u0027s Stone","Toy Ornithopter","Lantern","Art of War","Bronze Scales"],"acts_visited":["Exordium","TheCity"],"potions_floor_usage":[16,27,28,33],"damage_taken":[{"damage":0,"enemies":"Cultist","floor":1,"turns":1},{"damage":0,"enemies":"2 Louse","floor":5,"turns":1},{"damage":0,"enemies":"3 Sentries","floor":6,"turns":1},{"damage":0,"enemies":"Jaw Worm","floor":7,"turns":4},{"damage":8,"enemies":"Gremlin Nob","floor":10,"turns":3},{"damage":10,"enemies":"3 Sentries","floor":12,"turns":7},{"damage":0,"enemies":"Large Slime","floor":14,"turns":3},{"damage":50,"enemies":"Slime Boss","floor":16,"turns":13},{"damage":1,"enemies":"Shell Parasite","floor":18,"turns":7},{"damage":8,"enemies":"Spheric Guardian","floor":20,"turns":4},{"damage":12,"enemies":"Slavers","floor":24,"turns":6},{"damage":9,"enemies":"3 Cultists","floor":27,"turns":4},{"damage":16,"enemies":"Book of Stabbing","floor":28,"turns":4},{"damage":11,"enemies":"Snake Plant","floor":29,"turns":5},{"damage":69,"enemies":"Champ","floor":33,"turns":16}],"seed_played":"8973182426757209251","potions_obtained":[{"floor":10,"key":"LiquidBronze"},{"floor":12,"key":"Block Potion"},{"floor":16,"key":"SteroidPotion"},{"floor":28,"key":"Fire Potion"}],"is_trial":false,"path_per_floor":["M","?","$","?","M","E","M","R","T","E","?","E","?","M","R","B",null,"M","?","M","?","?","R","E","R","T","M","E","M","$","?","R","B"],"character_chosen":"THE_SILENT","items_purchased":["PreservedInsect","Well Laid Plans","Blur","Bronze Scales"],"campfire_rested":3,"item_purchase_floors":[3,30,30,30],"current_hp_per_floor":[59,59,59,52,52,52,52,52,52,44,44,34,34,34,53,3,50,49,49,41,41,41,41,29,48,48,44,33,22,22,22,41,0,0],"gold":255,"neow_bonus":"THREE_ENEMY_KILL","is_daily":false,"chose_seed":false,"campfire_upgraded":2,"win_rate":0.0,"timestamp":1611357902,"path_taken":["M","?","$","?","M","E","M","R","T","E","?","E","?","M","R","BOSS","M","?","M","?","?","R","E","R","T","M","E","?","?","?","R","BOSS"],"items_purchased_type":["Relic","Card","Card","Relic"],"build_version":"2020-12-22","purchased_purges":2,"victory":false,"max_hp_per_floor":[66,66,66,66,66,66,66,66,66,66,66,66,66,66,66,66,66,66,66,66,66,66,66,66,66,66,66,66,66,66,66,66,66,66],"relic_stats":{"counters":[15,79],"CeramicFish":144,"Bloody Idol":0,"Bronze Scales":[30],"PreservedInsect":138,"Art of War":[3],"obtain_stats":[{"Lantern":26,"NeowsBlessing":0,"Golden Idol":11,"CeramicFish":6,"PreservedInsect":3,"Akabeko":10,"Anchor":9,"Bronze Scales":30,"Bloody Idol":31,"Philosopher\u0027s Stone":17,"Art of War":28,"StrikeDummy":12,"Toy Ornithopter":24,"Ring of the Snake":0},{"Lantern":11,"NeowsBlessing":0,"Golden Idol":5,"CeramicFish":3,"PreservedInsect":1,"Akabeko":5,"Anchor":4,"Bronze Scales":14,"Bloody Idol":14,"Philosopher\u0027s Stone":8,"Art of War":13,"StrikeDummy":6,"Toy Ornithopter":11,"Ring of the Snake":0},{"Lantern":50,"NeowsBlessing":0,"Golden Idol":10,"CeramicFish":3,"PreservedInsect":1,"Akabeko":10,"Anchor":7,"Bronze Scales":63,"Bloody Idol":63,"Philosopher\u0027s Stone":33,"Art of War":58,"StrikeDummy":17,"Toy Ornithopter":50,"Ring of the Snake":0}],"Toy Ornithopter":15,"Ring of the Snake":[30]},"card_choices":[{"not_picked":["Dagger Spray","Prepared"],"picked":"Blade Dance","floor":1},{"not_picked":["Blade Dance","Riddle With Holes"],"picked":"Dash","floor":5},{"not_picked":["Grand Finale","Dagger Spray"],"picked":"Escape Plan","floor":6},{"not_picked":["Tactician","Prepared"],"picked":"Masterful Stab","floor":7},{"not_picked":["PiercingWail","Infinite Blades"],"picked":"Blur","floor":10},{"not_picked":["Choke","Bane"],"picked":"Poisoned Stab","floor":12},{"not_picked":["Blade Dance","Expertise"],"picked":"Glass Knife","floor":14},{"not_picked":["Storm of Steel","Grand Finale"],"picked":"Malaise","floor":16},{"not_picked":["Tactician+1","All Out Attack"],"picked":"Poisoned Stab+1","floor":18},{"not_picked":["Underhanded Strike","Reflex"],"picked":"Crippling Poison","floor":20},{"not_picked":["All Out Attack","Underhanded Strike","Endless Agony"],"picked":"SKIP","floor":24},{"not_picked":["All Out Attack+1","Quick Slash","Endless Agony+1"],"picked":"SKIP","floor":27},{"not_picked":["Prepared","Die Die Die"],"picked":"Predator","floor":28},{"not_picked":["Deadly Poison","Caltrops"],"picked":"Catalyst","floor":29}],"player_experience":449593,"relics_obtained":[{"floor":6,"key":"CeramicFish"},{"floor":9,"key":"Anchor"},{"floor":10,"key":"Akabeko"},{"floor":12,"key":"StrikeDummy"},{"floor":24,"key":"Toy Ornithopter"},{"floor":26,"key":"Lantern"},{"floor":28,"key":"Art of War"}],"event_choices":[{"damage_healed":0,"gold_gain":150,"player_choice":"AGREE","damage_taken":0,"max_hp_gain":0,"max_hp_loss":0,"event_name":"Liars Game","floor":2,"gold_loss":0,"cards_obtained":["Doubt"]},{"cards_removed":["Strike_G"],"damage_healed":0,"gold_gain":0,"player_choice":"Card Removal","damage_taken":7,"max_hp_gain":0,"max_hp_loss":0,"event_name":"Golden Wing","floor":4,"gold_loss":0},{"damage_healed":0,"gold_gain":0,"player_choice":"Take Wound","damage_taken":0,"relics_obtained":["Golden Idol"],"max_hp_gain":0,"max_hp_loss":0,"event_name":"Golden Idol","floor":11,"gold_loss":0,"cards_obtained":["Injury"]},{"damage_healed":0,"gold_gain":0,"cards_transformed":["Strike_G"],"player_choice":"Change","damage_taken":0,"max_hp_gain":0,"max_hp_loss":0,"event_name":"Living Wall","floor":13,"gold_loss":0,"cards_obtained":["Dash"]},{"damage_healed":0,"gold_gain":0,"player_choice":"Ignored","damage_taken":0,"max_hp_gain":0,"max_hp_loss":0,"event_name":"Ghosts","floor":19,"gold_loss":0},{"damage_healed":0,"gold_gain":0,"cards_transformed":["Defend_G","Defend_G"],"player_choice":"Became Test Subject","damage_taken":0,"max_hp_gain":0,"max_hp_loss":0,"event_name":"Drug Dealer","floor":21,"gold_loss":0,"cards_obtained":["Burst","Riddle With Holes"]},{"damage_healed":0,"gold_gain":0,"player_choice":"Got Potions","damage_taken":0,"max_hp_gain":0,"max_hp_loss":0,"event_name":"Lab","floor":22,"gold_loss":0},{"damage_healed":0,"gold_gain":0,"player_choice":"Gave Idol","damage_taken":0,"relics_obtained":["Bloody Idol"],"max_hp_gain":0,"max_hp_loss":0,"event_name":"Forgotten Altar","floor":31,"relics_lost":["Golden Idol"],"gold_loss":0}],"is_beta":false,"boss_relics":[{"not_picked":["Ring of the Serpent","Black Star"],"picked":"Philosopher\u0027s Stone"}],"items_purged_floors":[3,30],"is_endless":false,"potions_floor_spawned":[10,12,14,16,20,24,28],"killed_by":"Champ","ascension_level":19}}