{"host":"k2mw1od0xoi9pcfj","time":1611277073,"event":{"mods":["100% Spire Juice","Act Like it!","Aspiration","BaseMod","Downfall","Energized Spire","Hermit","Highlight Path","Minty Spire (QoL Compilation)","Permanent Neow","Relic Stats","Retaliation","StSLib","TheHeartMod"],"gold_per_floor":[111,111,126,145,155,189,189,201,201,219,219,235,253,268,268,363,313,327,342,50,50,50,50,83,83,83,83,110,110,210,135,135,236,236,255,281,128,152,152,189,89,137,137,137,192,209,209,229,229,236,236,236,36,70,77],"floor_reached":56,"language":"ENG","playtime":3460,"items_purged":["downfall:Haunted","downfall:Bewildered","Writhe"],"score":1317,"play_id":"8c64e732-d1ff-4904-9369-43fd5784027e","local_time":"20210121185753","is_ascension_mode":false,"campfire_choices":[{"data":"hermit:Midnight","floor":7,"key":"SMITH"},{"data":"hermit:FatalDesire","floor":11,"key":"SMITH"},{"floor":15,"key":"RECALL"},{"data":"hermit:FlashPowder","floor":23,"key":"SMITH"},{"floor":29,"key":"REST"},{"data":"hermit:HighNoon","floor":32,"key":"SMITH"},{"data":"hermit:Maintenance","floor":49,"key":"SMITH"},{"data":"hermit:HighNoon","floor":52,"key":"SMITH"}],"circlet_count":0,"master_deck":["hermit:Strike_Hermit+1","hermit:Strike_Hermit+1","hermit:Strike_Hermit+1","hermit:Strike_Hermit+1","hermit:Defend_Hermit+1","hermit:Defend_Hermit+1","hermit:Defend_Hermit+1","hermit:Defend_Hermit+1","hermit:Snapshot","hermit:Covet","Shame","hermit:FatalDesire+1","Pain","hermit:TakeAim","hermit:Malice","hermit:Quickdraw","hermit:Midnight+1","hermit:CursedWeapon","hermit:Dissolve","hermit:CursedWeapon","hermit:FinalCanter","hermit:Strike_Hermit+1","hermit:FlashPowder+1","hermit:Scavenge","hermit:FlashPowder","hermit:HoleUp","Decay","hermit:HighNoon+1","hermit:HighNoon+1","hermit:Roulette+1","hermit:Glare","hermit:HoleUp","hermit:Maintenance+1","Injury","Injury","Decay","hermit:ShadowCloak+1","hermit:Strike_Hermit","hermit:ShadowCloak"],"relics":["hermit:Momento","WarpedTongs","Tiny Chest","energizedSpire:HugeHouse","Ginger","Mummified Hand","Unceasing Top","Torii","Happy Flower","Eternal Feather","downfall:ExtraCursedKey","Sozu","Chemical X","Juzu Bracelet","Strawberry","Akabeko","CaptainsWheel","StoneCalendar","Pear"],"acts_visited":["Exordium","TheCity","TheBeyond","TheEnding"],"potions_floor_usage":[6,8,16,16],"damage_taken":[{"damage":1,"enemies":"Jaw Worm","floor":1,"turns":6},{"damage":0,"enemies":"Cultist","floor":3,"turns":3},{"damage":1,"enemies":"2 Louse","floor":4,"turns":3},{"damage":10,"enemies":"Looter","floor":5,"turns":2},{"damage":22,"enemies":"Gremlin Nob","floor":6,"turns":4},{"damage":0,"enemies":"2 Fungi Beasts","floor":8,"turns":1},{"damage":5,"enemies":"Large Slime","floor":10,"turns":4},{"damage":4,"enemies":"Looter","floor":12,"turns":2},{"damage":2,"enemies":"Exordium Thugs","floor":13,"turns":3},{"damage":2,"enemies":"Exordium Wildlife","floor":14,"turns":2},{"damage":24,"enemies":"Slime Boss","floor":16,"turns":4},{"damage":7,"enemies":"Spheric Guardian","floor":18,"turns":3},{"damage":23,"enemies":"2 Thieves","floor":19,"turns":3},{"damage":32,"enemies":"Slavers","floor":24,"turns":4},{"damage":6,"enemies":"Book of Stabbing","floor":28,"turns":4},{"damage":30,"enemies":"Collector","floor":33,"turns":10},{"damage":5,"enemies":"3 Darklings","floor":35,"turns":3},{"damage":3,"enemies":"Orb Walker","floor":36,"turns":2},{"damage":4,"enemies":"Spire Growth","floor":38,"turns":3},{"damage":13,"enemies":"Giant Head","floor":40,"turns":6},{"damage":11,"enemies":"Mind Bloom Boss Battle","floor":45,"turns":5},{"damage":4,"enemies":"3 Darklings","floor":46,"turns":3},{"damage":4,"enemies":"Sphere and 2 Shapes","floor":48,"turns":3},{"damage":32,"enemies":"Donu and Deca","floor":50,"turns":10},{"damage":12,"enemies":"Shield and Spear","floor":54,"turns":7},{"damage":25,"enemies":"The Heart","floor":55,"turns":12}],"seed_played":"-7334502410593115277","potions_obtained":[{"floor":1,"key":"Weak Potion"},{"floor":3,"key":"DuplicationPotion"},{"floor":6,"key":"ColorlessPotion"},{"floor":8,"key":"champ:CounterPotion"},{"floor":14,"key":"champ:CounterPotion"},{"floor":24,"key":"champ:CounterPotion"},{"floor":28,"key":"DuplicationPotion"}],"is_trial":false,"path_per_floor":["M","?","M","M","M","E","R","M","T","M","R","M","M","M","R","B",null,"M","M","$","?","?","R","E","T","T","?","E","R","?","$","R","B",null,"M","M","$","M","?","E","$","T","T","?","?","M","?","M","R","B",null,"R","$","E","B",null],"character_chosen":"HERMIT","items_purchased":["Ginger","Chemical X","hermit:ShadowCloak"],"campfire_rested":1,"item_purchase_floors":[20,37,53],"current_hp_per_floor":[74,74,74,73,63,41,41,41,41,36,36,32,30,28,28,4,70,63,40,40,40,40,40,8,8,8,8,2,38,43,43,61,31,75,70,67,67,63,63,57,57,57,57,57,46,42,42,38,59,27,82,82,82,80,55],"gold":77,"neow_bonus":"THREE_RARE_CARDS","is_daily":false,"chose_seed":false,"campfire_upgraded":6,"win_rate":0.0,"timestamp":1611277073,"path_taken":["M","?","M","?","M","E","R","M","T","M","R","?","M","M","R","BOSS","M","M","$","?","?","R","E","?","T","?","E","R","?","$","R","BOSS","M","M","$","M","?","E","$","?","T","?","?","M","?","M","R","BOSS","R","$","E","BOSS"],"items_purchased_type":["Relic","Relic","Card"],"build_version":"2020-12-22","purchased_purges":3,"victory":true,"max_hp_per_floor":[75,75,75,75,75,75,75,75,75,75,75,75,75,75,75,75,70,70,70,70,70,70,70,70,70,70,70,70,70,75,75,75,75,75,75,75,75,75,75,82,82,82,82,82,82,82,82,82,82,82,82,82,82,92,92],"relic_stats":{"Torii":20,"Happy Flower":[22],"counters":[26,112],"Eternal Feather":54,"StoneCalendar":[116],"Juzu Bracelet":1,"Ginger":[48],"WarpedTongs":[97],"Sozu":5,"Mummified Hand":[43],"Tiny Chest":2,"Chemical X":[1],"obtain_stats":[{"Pear":54,"Torii":25,"Happy Flower":26,"Eternal Feather":28,"StoneCalendar":45,"Juzu Bracelet":39,"Ginger":20,"Akabeko":42,"WarpedTongs":2,"Sozu":34,"CaptainsWheel":43,"Mummified Hand":22,"Strawberry":40,"Tiny Chest":6,"downfall:ExtraCursedKey":30,"energizedSpire:HugeHouse":17,"Chemical X":37,"hermit:Momento":0,"Unceasing Top":24},{"Pear":25,"Torii":14,"Happy Flower":14,"Eternal Feather":15,"StoneCalendar":21,"Juzu Bracelet":19,"Ginger":13,"Akabeko":20,"WarpedTongs":1,"Sozu":16,"CaptainsWheel":20,"Mummified Hand":13,"Strawberry":20,"Tiny Chest":5,"downfall:ExtraCursedKey":15,"energizedSpire:HugeHouse":11,"Chemical X":18,"hermit:Momento":0,"Unceasing Top":14},{"Pear":100,"Torii":44,"Happy Flower":44,"Eternal Feather":48,"StoneCalendar":77,"Juzu Bracelet":66,"Ginger":40,"Akabeko":72,"WarpedTongs":6,"Sozu":58,"CaptainsWheel":72,"Mummified Hand":40,"Strawberry":72,"Tiny Chest":18,"downfall:ExtraCursedKey":48,"energizedSpire:HugeHouse":34,"Chemical X":63,"hermit:Momento":0,"Unceasing Top":44}],"Unceasing Top":[7]},"card_choices":[{"not_picked":["hermit:Dissolve","hermit:FromBeyond"],"picked":"hermit:FatalDesire","floor":0},{"not_picked":["hermit:Quickdraw","hermit:Spite"],"picked":"hermit:GoldenBullet","floor":1},{"not_picked":["hermit:SprayPray","hermit:TakeCover"],"picked":"hermit:TakeAim","floor":3},{"not_picked":["hermit:Snipe","hermit:Misfire"],"picked":"hermit:Malice","floor":4},{"not_picked":["hermit:Feint","hermit:ItchyTrigger"],"picked":"hermit:Quickdraw","floor":5},{"not_picked":["hermit:Brawl","hermit:Showdown"],"picked":"hermit:Midnight","floor":6},{"not_picked":["hermit:BigShot","hermit:Deadeye","hermit:GhostlyPresence"],"picked":"SKIP","floor":8},{"not_picked":["hermit:TakeAim","hermit:Horror"],"picked":"hermit:CursedWeapon","floor":10},{"not_picked":["hermit:Quickdraw","hermit:GhostlyPresence"],"picked":"hermit:Dissolve","floor":12},{"not_picked":["hermit:Roulette","hermit:ItchyTrigger","hermit:PistolWhip"],"picked":"SKIP","floor":13},{"not_picked":["hermit:Glare","hermit:Reprieve"],"picked":"hermit:CursedWeapon","floor":14},{"not_picked":["hermit:HighNoon","hermit:Gambit"],"picked":"hermit:FinalCanter","floor":16},{"not_picked":["hermit:HighCaliber","hermit:CalledShot+1","hermit:TrackingShot+1"],"picked":"SKIP","floor":18},{"not_picked":["hermit:Roulette","hermit:CursedWeapon+1"],"picked":"hermit:FlashPowder","floor":19},{"not_picked":["hermit:Misfire","hermit:Snipe"],"picked":"hermit:GoldenBullet","floor":24},{"not_picked":["hermit:TrackingShot+1","hermit:LowProfile+1"],"picked":"hermit:HoleUp","floor":28},{"not_picked":["hermit:FinalCanter","hermit:HeroicBravado"],"picked":"hermit:HighNoon","floor":33},{"not_picked":["hermit:Glare+1","hermit:PistolWhip"],"picked":"hermit:Roulette+1","floor":35},{"not_picked":["hermit:LowProfile+1","hermit:FullyLoaded"],"picked":"hermit:Glare","floor":36},{"not_picked":["hermit:TakeAim","hermit:TrackingShot"],"picked":"hermit:HoleUp","floor":38},{"not_picked":["hermit:BlackWind","hermit:TrackingShot"],"picked":"hermit:Maintenance","floor":40},{"not_picked":["hermit:WideOpen+1","hermit:Coalescence"],"picked":"hermit:ShadowCloak+1","floor":45},{"not_picked":["hermit:WideOpen+1","hermit:Determination+1","hermit:BigShot"],"picked":"SKIP","floor":46},{"not_picked":["hermit:Snipe+1","hermit:HighCaliber","hermit:HoleUp"],"picked":"SKIP","floor":48},{"not_picked":["hermit:TrackingShot","hermit:GhostlyPresence+1","hermit:Dive"],"picked":"SKIP","floor":54}],"player_experience":789164,"relics_obtained":[{"floor":6,"key":"Tiny Chest"},{"floor":24,"key":"Unceasing Top"},{"floor":25,"key":"Torii"},{"floor":26,"key":"Happy Flower"},{"floor":28,"key":"Eternal Feather"},{"floor":40,"key":"Strawberry"},{"floor":42,"key":"Akabeko"},{"floor":43,"key":"CaptainsWheel"},{"floor":45,"key":"StoneCalendar"},{"floor":54,"key":"Pear"}],"event_choices":[{"damage_healed":0,"gold_gain":0,"player_choice":"Rummage","damage_taken":0,"relics_obtained":["WarpedTongs"],"max_hp_gain":0,"max_hp_loss":0,"event_name":"Accursed Blacksmith","floor":2,"gold_loss":0,"cards_obtained":["Pain"]},{"damage_healed":0,"gold_gain":0,"player_choice":"Simplicity","damage_taken":0,"max_hp_gain":0,"max_hp_loss":0,"event_name":"Back to Basics","floor":21,"gold_loss":0,"cards_upgraded":["hermit:Strike_Hermit","hermit:Strike_Hermit","hermit:Strike_Hermit","hermit:Strike_Hermit","hermit:Defend_Hermit","hermit:Defend_Hermit","hermit:Defend_Hermit","hermit:Defend_Hermit","hermit:Strike_Hermit"]},{"damage_healed":0,"gold_gain":0,"player_choice":"Stole Relic","damage_taken":0,"relics_obtained":["Mummified Hand"],"max_hp_gain":0,"max_hp_loss":0,"event_name":"Addict","floor":22,"gold_loss":0,"cards_obtained":["Shame"]},{"damage_healed":0,"gold_gain":0,"cards_transformed":["hermit:BlackWind","hermit:GoldenBullet"],"player_choice":"Became Test Subject","damage_taken":0,"max_hp_gain":0,"max_hp_loss":0,"event_name":"Drug Dealer","floor":27,"gold_loss":0,"cards_obtained":["hermit:Scavenge","hermit:FlashPowder"]},{"cards_removed":["Shame"],"damage_healed":0,"gold_gain":0,"player_choice":"Purged","damage_taken":0,"max_hp_gain":0,"max_hp_loss":0,"event_name":"Purifier","floor":44,"gold_loss":0},{"damage_healed":0,"gold_gain":0,"player_choice":"Fight","damage_taken":0,"max_hp_gain":0,"max_hp_loss":0,"event_name":"MindBloom","floor":45,"gold_loss":0},{"damage_healed":0,"gold_gain":0,"player_choice":"1 cards matched","damage_taken":0,"max_hp_gain":0,"max_hp_loss":0,"event_name":"Match and Keep!","floor":47,"gold_loss":0,"cards_obtained":["hermit:Strike_Hermit"]}],"is_beta":false,"boss_relics":[{"not_picked":["Coffee Dripper","hermit:DentedPlate"],"picked":"energizedSpire:HugeHouse"},{"not_picked":["energizedSpire:EnergizedDie","Empty Cage"],"picked":"Sozu"}],"items_purged_floors":[31,41,53],"is_endless":false,"potions_floor_spawned":[1,3,6,8,14,24,28,36,40,46,48,54],"ascension_level":0}}