{"host":"egwexuw5uvnxf11j","time":1611289166,"event":{"mods":["2.2 Compatiblity","Aspiration","BaseMod","Better Altar","Better Note","Better Sensory Stone","Better Third Choice","Displayed Cursed Tome","Downfall","Hermit","Key Reminder","Koishi","Marisa????????","Minty Spire (QoL Compilation)","Quick Restart","Shade Mod","Spicy Shops","StSLib","The Construct","The Cursed","The Hierophant","The Runesmith","The Senshi","The Servant 0.9.4","Transform Curses"],"gold_per_floor":[117,48,125,145,145,178,178,191,216,96,96,96,128,142,142,246,246,258,272,272,45,58,58,76,76,76],"floor_reached":25,"language":"ENG","playtime":1436,"items_purged":["hermit:Defend_Hermit"],"score":222,"play_id":"9c743a65-f325-4173-bb2c-8dc44b294531","local_time":"20210121231926","is_ascension_mode":true,"campfire_choices":[{"floor":7,"key":"REST"},{"floor":12,"key":"REST"},{"floor":15,"key":"REST"},{"floor":23,"key":"REST"}],"circlet_count":0,"master_deck":["hermit:Strike_Hermit","hermit:Strike_Hermit","hermit:Strike_Hermit","hermit:Strike_Hermit","hermit:Defend_Hermit","hermit:Defend_Hermit","hermit:Defend_Hermit","hermit:Snapshot","hermit:Covet","hermit:TakeAim","hermit:BigShot","hermit:Snipe","hermit:Dive","hermit:TrackingShot","hermit:Deadeye","hermit:Vantage","hermit:Strike_Hermit","hermit:LuckOfTheDraw","hermit:TrackingShot","hermit:TrackingShot","hermit:Gambit","hermit:Dive","Consecrate","ConjureBlade","hermit:Glare"],"relics":["hermit:Momento","Happy Flower","Orichalcum","aspiration:ChemicalBlood","Tiny Chest","keyreminder:keyreminder","aspiration:WatcherSkillbook","Lee\u0027s Waffle"],"acts_visited":["Exordium","TheCity"],"potions_floor_usage":[14,16,16,18,19,22,22,22,24,24,25],"damage_taken":[{"damage":5,"enemies":"Cultist","floor":1,"turns":4},{"damage":5,"enemies":"2 Louse","floor":4,"turns":4},{"damage":45,"enemies":"Lagavulin","floor":6,"turns":8},{"damage":3,"enemies":"Small Slimes","floor":8,"turns":4},{"damage":36,"enemies":"3 Sentries","floor":13,"turns":10},{"damage":6,"enemies":"2 Fungi Beasts","floor":14,"turns":3},{"damage":23,"enemies":"The Guardian","floor":16,"turns":10},{"damage":34,"enemies":"2 Thieves","floor":18,"turns":5},{"damage":39,"enemies":"Chosen","floor":19,"turns":7},{"damage":56,"enemies":"Snake Plant","floor":22,"turns":7},{"damage":29,"enemies":"Shelled Parasite and Fungi","floor":24,"turns":5},{"damage":47,"enemies":"Cultist and Chosen","floor":25,"turns":4}],"seed_played":"-8499658639150794518","potions_obtained":[{"floor":1,"key":"EssenceOfSteel"},{"floor":13,"key":"DistilledChaos"},{"floor":16,"key":"bronze:BurnAndBuffPotion"},{"floor":22,"key":"Explosive Potion"},{"floor":22,"key":"ColorlessPotion"}],"is_trial":false,"path_per_floor":["M","$","?","M","?","E","R","M","T","$","?","R","E","M","R","B",null,"M","M","?","$","M","R","M","M"],"character_chosen":"HERMIT","items_purchased":["hermit:BigShot","hermit:Deadeye","hermit:Vantage","Lee\u0027s Waffle"],"campfire_rested":4,"item_purchase_floors":[2,10,10,21],"current_hp_per_floor":[77,77,77,72,65,20,44,41,41,41,41,65,29,23,47,24,82,48,9,9,89,33,59,30,0,0],"gold":76,"neow_bonus":"TEN_PERCENT_HP_BONUS","is_daily":false,"chose_seed":false,"campfire_upgraded":0,"win_rate":0.0,"timestamp":1611289166,"path_taken":["M","?","?","M","?","E","R","M","T","$","?","R","E","?","R","BOSS","M","M","?","$","M","R","M","M"],"items_purchased_type":["Card","Card","Card","Relic"],"build_version":"2020-12-22","purchased_purges":1,"victory":false,"max_hp_per_floor":[82,82,82,82,82,82,82,82,82,82,82,82,82,82,82,82,82,82,82,82,89,89,89,89,89,89],"card_choices":[{"not_picked":["hermit:Quickdraw","hermit:LuckOfTheDraw"],"picked":"hermit:TakeAim","floor":1},{"not_picked":["hermit:Malice","hermit:Feint"],"picked":"hermit:Snipe","floor":4},{"not_picked":["hermit:Misfire","hermit:Showdown"],"picked":"hermit:Dive","floor":6},{"not_picked":["hermit:Maintenance","hermit:Snipe"],"picked":"hermit:TrackingShot","floor":8},{"not_picked":["hermit:HighCaliber","hermit:LowProfile"],"picked":"hermit:TrackingShot","floor":13},{"not_picked":["hermit:Quickdraw","hermit:HighCaliber"],"picked":"hermit:TrackingShot","floor":14},{"not_picked":["hermit:Adapt","hermit:Dissolve"],"picked":"hermit:Gambit","floor":16},{"not_picked":["BowlingBash","hermit:Coalescence","hermit:BodyArmor"],"picked":"hermit:Dive","floor":18},{"not_picked":["FlurryOfBlows+1","Vengeance","hermit:Glare+1"],"picked":"Consecrate","floor":19},{"not_picked":["ForeignInfluence","Weave","SashWhip"],"picked":"ConjureBlade","floor":22},{"not_picked":["hermit:Desperado","hermit:LowProfile","hermit:Quickdraw"],"picked":"hermit:Glare","floor":24}],"player_experience":2292874,"relics_obtained":[{"floor":6,"key":"Orichalcum"},{"floor":9,"key":"aspiration:ChemicalBlood"},{"floor":13,"key":"Tiny Chest"}],"event_choices":[{"damage_healed":0,"gold_gain":77,"player_choice":"Gained Gold","damage_taken":0,"max_hp_gain":0,"max_hp_loss":0,"event_name":"Golden Wing","floor":3,"gold_loss":0},{"damage_healed":0,"gold_gain":0,"player_choice":"Relic ","damage_taken":7,"max_hp_gain":0,"max_hp_loss":0,"event_name":"betterThird:BetterScrap","floor":5,"gold_loss":0,"cards_obtained":["DeusExMachina"]},{"damage_healed":0,"gold_gain":0,"player_choice":"2 cards matched","damage_taken":0,"max_hp_gain":0,"max_hp_loss":0,"event_name":"Match and Keep!","floor":11,"gold_loss":0,"cards_obtained":["hermit:Strike_Hermit","hermit:LuckOfTheDraw"]}],"is_beta":false,"boss_relics":[{"not_picked":["Snecko Eye","Cursed Key"],"picked":"aspiration:WatcherSkillbook"}],"items_purged_floors":[21],"is_endless":false,"potions_floor_spawned":[1,13,16,22],"killed_by":"Cultist and Chosen","ascension_level":1}}