{"host":"c6u7e77myxvw4d0m","time":1611305277,"event":{"mods":["AchievementEnabler","BaseMod","Bestiary","Colored Map","Colored Powertips","Minty Spire (QoL Compilation)","Rare Cards Sparkle","Relic Stats","everything is the same but u backflip on backflip"],"gold_per_floor":[111,122,138,156,156,156,181,181,207,218,250,270,5,16,16,16,16],"floor_reached":16,"language":"ENG","playtime":1081,"items_purged":["Defend_R"],"score":154,"play_id":"9ff4ec80-b967-4811-80ae-70b8aa98fac5","local_time":"20210122104757","is_ascension_mode":true,"campfire_choices":[{"floor":6,"key":"REST"},{"floor":8,"key":"REST"},{"floor":15,"key":"REST"}],"circlet_count":0,"master_deck":["Strike_R","Strike_R+1","Strike_R","Strike_R","Strike_R","Defend_R","Bash","Uppercut","Thunderclap","Wild Strike","Thunderclap","Pummel+1","Dropkick","Feed","Armaments","Feed","Iron Wave","Battle Trance"],"relics":["Empty Cage","Potion Belt","Akabeko","Whetstone","Mummified Hand"],"acts_visited":["Exordium"],"potions_floor_usage":[4,7,11,11,16],"damage_taken":[{"damage":6,"enemies":"Cultist","floor":1,"turns":3},{"damage":4,"enemies":"Small Slimes","floor":2,"turns":3},{"damage":4,"enemies":"Jaw Worm","floor":3,"turns":3},{"damage":22,"enemies":"Exordium Thugs","floor":4,"turns":4},{"damage":30,"enemies":"Lagavulin","floor":7,"turns":5},{"damage":6,"enemies":"Exordium Wildlife","floor":10,"turns":2},{"damage":12,"enemies":"Gremlin Nob","floor":11,"turns":3},{"damage":4,"enemies":"3 Louse","floor":12,"turns":3},{"damage":0,"enemies":"Large Slime","floor":14,"turns":3},{"damage":46,"enemies":"The Guardian","floor":16,"turns":11}],"seed_played":"3949608720147980691","potions_obtained":[{"floor":2,"key":"Strength Potion"},{"floor":4,"key":"Energy Potion"},{"floor":7,"key":"PowerPotion"},{"floor":10,"key":"AttackPotion"},{"floor":12,"key":"Energy Potion"}],"is_trial":false,"path_per_floor":["M","M","M","M","?","R","E","R","T","M","E","M","$","M","R","B"],"character_chosen":"IRONCLAD","items_purchased":["Feed","Iron Wave","Battle Trance"],"campfire_rested":3,"item_purchase_floors":[13,13,13],"current_hp_per_floor":[66,62,58,36,11,35,5,29,29,23,11,7,7,13,38,0,0],"gold":16,"neow_bonus":"BOSS_RELIC","is_daily":false,"chose_seed":false,"campfire_upgraded":0,"win_rate":0.0,"timestamp":1611305277,"path_taken":["M","M","?","M","?","R","E","R","T","M","E","M","?","M","R","BOSS"],"items_purchased_type":["Card","Card","Card"],"build_version":"2020-12-22","purchased_purges":1,"victory":false,"max_hp_per_floor":[80,80,80,80,80,80,80,80,80,80,80,80,80,86,86,86,86],"relic_stats":{"counters":[10,40],"Mummified Hand":[0],"Whetstone":["Strike_R","Pummel"],"obtain_stats":[{"Potion Belt":5,"Mummified Hand":11,"Whetstone":9,"Empty Cage":0,"Burning Blood":0,"Akabeko":7},{"Potion Belt":4,"Mummified Hand":7,"Whetstone":5,"Empty Cage":0,"Burning Blood":0,"Akabeko":5},{"Potion Belt":13,"Mummified Hand":23,"Whetstone":18,"Empty Cage":0,"Burning Blood":0,"Akabeko":18}]},"card_choices":[{"not_picked":["Shrug It Off","Clash"],"picked":"Uppercut","floor":1},{"not_picked":["Sword Boomerang","True Grit"],"picked":"Thunderclap","floor":2},{"not_picked":["Spot Weakness","Shrug It Off"],"picked":"Wild Strike","floor":3},{"not_picked":["Bloodletting","Intimidate"],"picked":"Thunderclap","floor":4},{"not_picked":["Shockwave","Headbutt"],"picked":"Pummel","floor":7},{"not_picked":["Fiend Fire","Iron Wave"],"picked":"Dropkick","floor":10},{"not_picked":["Shrug It Off","Whirlwind"],"picked":"Feed","floor":11},{"not_picked":["Flex","Iron Wave"],"picked":"Armaments","floor":12},{"not_picked":["Sever Soul","Havoc","Warcry"],"picked":"SKIP","floor":14}],"player_experience":435315,"relics_obtained":[{"floor":7,"key":"Akabeko"},{"floor":9,"key":"Whetstone"},{"floor":11,"key":"Mummified Hand"}],"event_choices":[{"damage_healed":0,"gold_gain":0,"player_choice":"Success","damage_taken":25,"relics_obtained":["Potion Belt"],"max_hp_gain":0,"max_hp_loss":0,"event_name":"Scrap Ooze","floor":5,"gold_loss":0}],"is_beta":false,"boss_relics":[],"items_purged_floors":[13],"is_endless":false,"potions_floor_spawned":[2,4,7,10,12],"killed_by":"The Guardian","ascension_level":7}}