{"host":"u7y9frlpoazak2mn","time":1611326984,"event":{"mods":["AchievementEnabler","Act Like it!","Alarm Clock","Aspiration","Astrologer","BaseMod","Beaked The Cultist","Better Altar","Better Match","Better Note","Better Sensory Stone","Better Skull","Better Third Choice","CCEM","Chen","Colored Map","Colored Powertips","Conspire","Curses Come First","Displayed Cursed Tome","Energized Spire","Fox Events","Friendly Minions","Gensokyo","GifTheSpireLib","Glutton Mod","Halation","Hallownest","Hermit","Hubris","Infinite Spire","Jedi Mod","KinomotoSakuraMod(????)","Koishi","Marisa????????","Mimic Mod","Minty Spire (QoL Compilation)","Pale of the Ancients","Prisma Mod","Quarter Circle Forward PUNCH!","Quick Restart","Random Character Button","Rare Cards Sparkle","Relic Stats","Remilia??????","Replay The Spire","Retaliation","Spicy Shops","Spikes Relics","StS++","StSLib","Stuff the Spire","The Administrix","The Blue Laboratory","The Bug Knight","The Construct","The Cursed","The Druid","The Forsaken","The Juggle","The Jungle","The Marked","The Servant 0.9.4","Trackpad","Waifu the Spire","Wandering Minibosses","Wide Potions","Yuri Mod","vexMod"],"gold_per_floor":[114,0,0,31,49,153,153,169,243,243,243,18,126,41,41,137,803,813,738,738],"floor_reached":19,"language":"ENG","playtime":1501,"items_purged":["theForsaken:PlagueCurse"],"score":198,"play_id":"397be998-b036-4a0a-b91b-74fd7acf06f7","local_time":"20210122094944","is_ascension_mode":false,"campfire_choices":[{"data":"PrismaMod:ChloeMaid","floor":7,"key":"SMITH"},{"data":"PrismaMod:ChloeMaid","floor":11,"key":"SMITH"},{"floor":15,"key":"REST"}],"circlet_count":0,"master_deck":["PrismaMod:ChloeCommonAttack","PrismaMod:ChloeCommonAttack","PrismaMod:ChloeCommonAttack","PrismaMod:ChloeCommonAttack","PrismaMod:ChloeCommonAttack","PrismaMod:ChloeCommonDefend","PrismaMod:ChloeCommonDefend","PrismaMod:ChloeCommonDefend","PrismaMod:ChloeCommonDefend","PrismaMod:ChloeCommonDefend","PrismaMod:ChloeCheapAttack","PrismaMod:ChloeCheapDefend","PrismaMod:ChloeCommonAOEAttack","PrismaMod:ChloeMaid+1","PrismaMod:ChloeMaid+1","PrismaMod:ChloeEyeOfTheEuryale","PrismaMod:ChloeMordred","PrismaMod:ChloeCommonAOEAttack","PrismaMod:ChloeAnyPowerTrace"],"relics":["PrismaMod:PrismaTraceOn","NeowsBlessing","StuffTheSpire:TintedRock","StSpp:Monolith","Bottled Lightning","theForsaken:PlagueMask","trackpad:SappingStone","Art of War","vexMod:RockOfEvil"],"acts_visited":["Exordium","TheCity"],"potions_floor_usage":[13,18],"damage_taken":[{"damage":0,"enemies":"Hallownest:2_Tiktiks_and_1_Crawlid","floor":1,"turns":2},{"damage":0,"enemies":"Hallownest:monsterHuskGuard","floor":4,"turns":2},{"damage":0,"enemies":"Hallownest:monsterHuskGuard","floor":5,"turns":1},{"damage":11,"enemies":"Hallownest:eliteVengeflyKing","floor":6,"turns":6},{"damage":2,"enemies":"2_ Uuma","floor":8,"turns":6},{"damage":27,"enemies":"Hallownest:eliteMossKnight","floor":13,"turns":7},{"damage":52,"enemies":"Hallownest:BossBrokenVessel","floor":16,"turns":8},{"damage":45,"enemies":"Chosen","floor":18,"turns":6},{"damage":35,"enemies":"2 Thieves","floor":19,"turns":3}],"seed_played":"1017590428131383879","potions_obtained":[{"floor":1,"key":"Block Potion"},{"floor":8,"key":"construct:ShiftPotion"},{"floor":16,"key":"AttackPotion"},{"floor":18,"key":"blueLaboratory:BubblePotion"}],"is_trial":false,"path_per_floor":["M","?","$","MIM","M","E","R","M","T","?","R","$","E","$","R","B",null,"M","M"],"character_chosen":"CHLOE","items_purchased":["trackpad:SappingStone","PrismaMod:ChloeMordred","PrismaMod:ChloeCommonAOEAttack"],"campfire_rested":1,"item_purchase_floors":[12,14,14],"current_hp_per_floor":[75,75,75,75,75,64,64,62,62,62,62,62,35,35,57,5,75,30,0,0],"gold":738,"neow_bonus":"THREE_ENEMY_KILL","is_daily":false,"chose_seed":false,"campfire_upgraded":2,"win_rate":0.0,"timestamp":1611326984,"path_taken":["M","?","$","?","?","E","R","?","T","?","R","?","E","$","R","BOSS","M","M"],"items_purchased_type":["Relic","Card","Card"],"build_version":"2020-12-22","purchased_purges":1,"victory":false,"max_hp_per_floor":[75,75,75,75,75,75,75,75,75,75,75,75,75,75,75,75,75,75,75,75],"relic_stats":{"counters":[9,41],"Art of War":[3],"obtain_stats":[{"StuffTheSpire:TintedRock":2,"NeowsBlessing":0,"trackpad:SappingStone":12,"Art of War":13,"Bottled Lightning":9,"theForsaken:PlagueMask":10,"vexMod:RockOfEvil":17,"PrismaMod:PrismaTraceOn":0,"StSpp:Monolith":6},{"StuffTheSpire:TintedRock":1,"NeowsBlessing":0,"trackpad:SappingStone":5,"Art of War":6,"Bottled Lightning":5,"theForsaken:PlagueMask":5,"vexMod:RockOfEvil":7,"PrismaMod:PrismaTraceOn":0,"StSpp:Monolith":4},{"StuffTheSpire:TintedRock":2,"NeowsBlessing":0,"trackpad:SappingStone":17,"Art of War":24,"Bottled Lightning":17,"theForsaken:PlagueMask":17,"vexMod:RockOfEvil":32,"PrismaMod:PrismaTraceOn":0,"StSpp:Monolith":11}]},"card_choices":[{"not_picked":["PrismaMod:ChloeUncommonDefend","PrismaMod:ChloeExhaustOne"],"picked":"PrismaMod:ChloeCommonAOEAttack","floor":1},{"not_picked":["PrismaMod:ChloeCheapAttackTwo","PrismaMod:ChloeDiscardRecovery"],"picked":"PrismaMod:ChloeMaid","floor":4},{"not_picked":["PrismaMod:ChloeExhaustTwo","PrismaMod:ChloeCheapAttackTwo","PrismaMod:ChloeBetterTracePools"],"picked":"SKIP","floor":5},{"not_picked":["PrismaMod:ChloeAnyCommonTrace","PrismaMod:ChloeCarnivalAttack"],"picked":"PrismaMod:ChloeMaid","floor":6},{"not_picked":["PrismaMod:ChloeRhongomyniad","PrismaMod:ChloeCheapAttack"],"picked":"PrismaMod:ChloeEyeOfTheEuryale","floor":8},{"not_picked":["PrismaMod:ChloeRitsuka","PrismaMod:ChloeCheapDefend","PrismaMod:ChloeEyeOfTheEuryale"],"picked":"SKIP","floor":13},{"not_picked":["PrismaMod:ChloeAnyCommonTrace","PrismaMod:ChloeAnyAttackTrace"],"picked":"PrismaMod:ChloeAnyPowerTrace","floor":16},{"not_picked":["PrismaMod:ChloeExhaustOne","PrismaMod:ChloeDiscardRecovery","PrismaMod:ChloeCommonAOEAttack"],"picked":"SKIP","floor":18}],"player_experience":355073,"relics_obtained":[{"floor":6,"key":"StSpp:Monolith"},{"floor":9,"key":"Bottled Lightning"},{"floor":13,"key":"Art of War"}],"event_choices":[{"damage_healed":0,"gold_gain":0,"player_choice":"Obtain Plague Curse","damage_taken":0,"max_hp_gain":0,"max_hp_loss":0,"event_name":"Plague Doctor","floor":10,"gold_loss":0,"cards_obtained":["theForsaken:PlagueCurse"]}],"is_beta":false,"boss_relics":[{"not_picked":["vexMod:TanglingVine","Cursed Key"],"picked":"vexMod:RockOfEvil"}],"items_purged_floors":[12],"is_endless":false,"potions_floor_spawned":[1,8,16,18],"killed_by":"2 Thieves","ascension_level":0}}