{"host":"981nlwu0905dw1bz","time":1611343025,"event":{"mods":["AchievementEnabler","BaseMod","DeckTracker","Minty Spire (QoL Compilation)","Rare Cards Sparkle","SuperFastMode"],"gold_per_floor":[110,110,110,110,121,121,151,151,174,11,11,21,21,21,21,126,126,139,11,11,24,24,24,24,24,24,24,24,49,49,61,61,61,61],"floor_reached":33,"language":"KOR","playtime":726,"items_purged":[],"score":451,"play_id":"80716214-fc25-4df1-8bab-d433eb48f3c6","local_time":"20210123041705","is_ascension_mode":true,"campfire_choices":[{"data":"Footwork","floor":6.0,"key":"SMITH"},{"data":"Crippling Poison","floor":8.0,"key":"SMITH"},{"data":"Riddle With Holes","floor":13.0,"key":"SMITH"},{"data":"Deadly Poison","floor":15,"key":"SMITH"},{"floor":23,"key":"REST"},{"data":"Survivor","floor":25,"key":"SMITH"},{"data":"Strike_G","floor":27,"key":"PURGE"},{"floor":30,"key":"REST"},{"data":"Bane","floor":32,"key":"SMITH"}],"circlet_count":0,"master_deck":["AscendersBane","Strike_G","Defend_G","Defend_G","Defend_G","Defend_G","Defend_G","Survivor+1","Neutralize","Footwork+1","Backflip","Crippling Poison+1","Riddle With Holes+1","Deadly Poison+1","Neutralize","Prepared+1","Concentrate+1","Bane+1"],"relics":["Ring of the Snake","NeowsBlessing","Du-Vu Doll","Torii","Smiling Mask","Membership Card","SlaversCollar","Toxic Egg 2","Peace Pipe","Sundial"],"acts_visited":["Exordium","TheCity"],"potions_floor_usage":[18,31,33],"damage_taken":[{"damage":0.0,"enemies":"Jaw Worm","floor":1.0,"turns":1.0},{"damage":0.0,"enemies":"2 Louse","floor":5.0,"turns":1.0},{"damage":0.0,"enemies":"3 Sentries","floor":7.0,"turns":2.0},{"damage":0.0,"enemies":"Small Slimes","floor":12.0,"turns":3.0},{"damage":27,"enemies":"The Guardian","floor":16,"turns":11},{"damage":30,"enemies":"2 Thieves","floor":18,"turns":4},{"damage":0,"enemies":"Shell Parasite","floor":21,"turns":7},{"damage":13,"enemies":"Book of Stabbing","floor":29,"turns":6},{"damage":1,"enemies":"Snecko","floor":31,"turns":5},{"damage":60,"enemies":"Automaton","floor":33,"turns":6}],"seed_played":"-1341979653997041247","potions_obtained":[{"floor":1.0,"key":"Energy Potion"},{"floor":7.0,"key":"LiquidBronze"},{"floor":16,"key":"Poison Potion"},{"floor":18,"key":"Ancient Potion"}],"is_trial":false,"path_per_floor":["M","$","?","?","M","R","E","R","T","$","?","M","R","?","R","B",null,"M","$","?","M","?","R","$","R","T","R","$","E","R","M","R","B"],"character_chosen":"THE_SILENT","items_purchased":["Membership Card","Riddle With Holes","Toxic Egg 2"],"campfire_rested":2,"item_purchase_floors":[10,10,19],"current_hp_per_floor":[63,63,63,63,63,63,63,63,63,63,63,63,63,63,63,36,62,32,32,32,32,32,53,53,53,53,53,53,40,61,60,60,0,0],"gold":61,"neow_bonus":"THREE_ENEMY_KILL","is_daily":false,"chose_seed":false,"campfire_upgraded":6,"win_rate":0.0,"timestamp":1611343025,"path_taken":["M","$","?","?","M","R","E","R","T","$","?","?","R","?","R","BOSS","M","?","?","?","?","R","?","R","T","R","$","E","R","M","R","BOSS"],"items_purchased_type":["Relic","Card","Relic"],"build_version":"2020-12-22","purchased_purges":0,"victory":false,"max_hp_per_floor":[70,70,70,70,70,70,70,70,70,70,70,70,70,70,70,70,70,70,70,70,70,70,70,70,70,70,70,70,70,70,70,70,70,70],"card_choices":[{"not_picked":["Leg Sweep","Infinite Blades"],"picked":"Footwork","floor":1.0},{"not_picked":["Masterful Stab","Poisoned Stab"],"picked":"Backflip","floor":5.0},{"not_picked":["After Image","Acrobatics"],"picked":"Crippling Poison","floor":7.0},{"not_picked":["Underhanded Strike","Eviscerate","Deflect"],"picked":"SKIP","floor":12.0},{"not_picked":["Reflex","Leg Sweep","Crippling Poison"],"picked":"SKIP","floor":18},{"not_picked":["Predator","Outmaneuver+1"],"picked":"Bane","floor":21},{"not_picked":["Dagger Spray","Caltrops","Slice+1"],"picked":"SKIP","floor":29},{"not_picked":["Cloak And Dagger+1","Dodge and Roll+1","Sucker Punch"],"picked":"SKIP","floor":31}],"player_experience":555467,"relics_obtained":[{"floor":7.0,"key":"Torii"},{"floor":9.0,"key":"Smiling Mask"},{"floor":26,"key":"Peace Pipe"},{"floor":29,"key":"Sundial"}],"event_choices":[{"damage_healed":0.0,"max_hp_gain":0.0,"max_hp_loss":0.0,"gold_gain":0.0,"event_name":"Golden Idol","player_choice":"Ignored","floor":3.0,"gold_loss":0.0,"damage_taken":0.0},{"damage_healed":0.0,"max_hp_gain":0.0,"max_hp_loss":0.0,"gold_gain":0.0,"event_name":"Big Fish","player_choice":"Box","floor":4.0,"gold_loss":0.0,"damage_taken":0.0,"relics_obtained":["Du-Vu Doll"],"cards_obtained":["Regret"]},{"cards_removed":["Regret"],"damage_healed":0.0,"max_hp_gain":0.0,"max_hp_loss":0.0,"gold_gain":0.0,"event_name":"Fountain of Cleansing","player_choice":"Removed Curses","floor":11.0,"gold_loss":0.0,"damage_taken":0.0},{"damage_healed":0,"gold_gain":0,"player_choice":"2 cards matched","damage_taken":0,"max_hp_gain":0,"max_hp_loss":0,"event_name":"Match and Keep!","floor":14,"gold_loss":0,"cards_obtained":["Deadly Poison","Neutralize"]},{"damage_healed":0,"gold_gain":0,"cards_transformed":["Strike_G","Strike_G"],"player_choice":"Became Test Subject","damage_taken":0,"max_hp_gain":0,"max_hp_loss":0,"event_name":"Drug Dealer","floor":20,"gold_loss":0,"cards_obtained":["Prepared","Concentrate"]},{"cards_removed":["Strike_G"],"damage_healed":0,"gold_gain":0,"player_choice":"Purged","damage_taken":0,"max_hp_gain":0,"max_hp_loss":0,"event_name":"Purifier","floor":22,"gold_loss":0}],"is_beta":false,"boss_relics":[{"not_picked":["Tiny House","HoveringKite"],"picked":"SlaversCollar"}],"items_purged_floors":[],"is_endless":false,"potions_floor_spawned":[1,7,16,18],"killed_by":"Automaton","ascension_level":12}}