{"host":"j07c9owmfahsj8nv","time":1611293080,"event":{"mods":["AchievementEnabler","BaseMod","Custom Start","Minty Spire (QoL Compilation)","Relic Filter","Remove Card Discount Mod","Replay The Spire","StSLib"],"gold_per_floor":[113,132,132,132,150,185,216,123,123,172,172,220,256,301,301,313,313],"floor_reached":16,"language":"ZHS","playtime":855,"items_purged":["Strike_P","Defend_P"],"score":213,"play_id":"ff459155-3f66-48ed-a7b6-be77cb64057a","local_time":"20210122132440","daily_mods":["Flight","DeadlyEvents","Elite Swarm"],"is_ascension_mode":false,"campfire_choices":[],"circlet_count":0,"master_deck":["Strike_P","Strike_P","Defend_P+1","Eruption","Vigilance","EmptyFist+1","Evaluate+1","Blasphemy+1","DeusExMachina+1","Replay:BluntJabs+1","Cleave+1","Devotion+1","Prostrate+1"],"relics":["PureWater","Frozen Egg 2","Toxic Egg 2","Molten Egg 2","Quantum Egg","Membership Card","Empty Cage","Replay:Wax Seal","Replay:Multitool","Orichalcum","Replay:Bandana","Replay:Accelerometer","Replay:Mystery Machine","Mummified Hand","Pen Nib"],"acts_visited":["Exordium"],"potions_floor_usage":[7,7,14,16],"damage_taken":[{"damage":0,"enemies":"Cultist","floor":1,"turns":2},{"damage":2,"enemies":"2 Louse","floor":2,"turns":2},{"damage":3,"enemies":"Jaw Worm","floor":5,"turns":3},{"damage":0,"enemies":"Gremlin Nob","floor":6,"turns":3},{"damage":18,"enemies":"Lagavulin","floor":7,"turns":6},{"damage":6,"enemies":"3 Sentries","floor":10,"turns":6},{"damage":0,"enemies":"Lagavulin","floor":12,"turns":3},{"damage":0,"enemies":"Exordium Thugs","floor":13,"turns":2},{"damage":0,"enemies":"Gremlin Nob","floor":14,"turns":2},{"damage":100007,"enemies":"Hexaghost","floor":16,"turns":3}],"seed_played":"3219433918301213590","potions_obtained":[{"floor":2,"key":"StancePotion"},{"floor":5,"key":"Explosive Potion"},{"floor":10,"key":"AttackPotion"},{"floor":12,"key":"BlessingOfTheForge"},{"floor":13,"key":"BottledMiracle"}],"is_trial":true,"path_per_floor":["M","M","?","?","M","E","E","$","T","E","?","E","M","E","R","B"],"character_chosen":"WATCHER","items_purchased":["Replay:Bandana","Replay:BluntJabs+1"],"campfire_rested":0,"item_purchase_floors":[8,8],"current_hp_per_floor":[72,70,63,63,60,60,42,42,42,36,36,36,36,36,57,0,0],"gold":313,"neow_bonus":"","is_daily":false,"chose_seed":false,"campfire_upgraded":0,"win_rate":0.0,"timestamp":1611293080,"path_taken":["M","?","?","?","?","E","E","?","T","?","?","?","?","?","R","BOSS"],"items_purchased_type":["Relic","Card"],"build_version":"2020-12-22","purchased_purges":2,"victory":false,"max_hp_per_floor":[72,72,72,72,72,72,72,72,72,72,72,72,72,72,72,72,72],"card_choices":[{"not_picked":["Prostrate+1","Pray+1"],"picked":"EmptyFist+1","floor":1},{"not_picked":["Replay:BluntJabs+1","Collect+1","ThirdEye+1"],"picked":"SKIP","floor":2},{"not_picked":["SashWhip+1","PathToVictory+1"],"picked":"Evaluate+1","floor":5},{"not_picked":["Establishment+1","SpiritShield+1"],"picked":"Blasphemy+1","floor":6},{"not_picked":["MasterReality+1","Ragnarok+1"],"picked":"DeusExMachina+1","floor":7},{"not_picked":["Judgement+1","Devotion+1"],"picked":"Vault+1","floor":10},{"not_picked":["Omniscience+1","Judgement+1"],"picked":"Devotion+1","floor":12},{"not_picked":["ThirdEye+1","BattleHymn+1"],"picked":"Prostrate+1","floor":13},{"not_picked":["Wish+1","Devotion+1","MasterReality+1"],"picked":"SKIP","floor":14}],"player_experience":30127,"relics_obtained":[{"floor":6,"key":"Replay:Multitool"},{"floor":7,"key":"Orichalcum"},{"floor":9,"key":"Replay:Accelerometer"},{"floor":10,"key":"Replay:Mystery Machine"},{"floor":12,"key":"Mummified Hand"},{"floor":14,"key":"Pen Nib"}],"event_choices":[{"cards_removed":["Defend_P"],"damage_healed":0,"gold_gain":0,"player_choice":"Card Removal","damage_taken":7,"max_hp_gain":0,"max_hp_loss":0,"event_name":"Golden Wing","floor":3,"gold_loss":0},{"cards_removed":["Vault"],"damage_healed":0,"gold_gain":0,"player_choice":"Took Card","damage_taken":0,"max_hp_gain":0,"max_hp_loss":0,"event_name":"NoteForYourself","floor":11,"gold_loss":0,"cards_obtained":["Cleave"]}],"is_beta":false,"boss_relics":[],"items_purged_floors":[8,8],"is_endless":false,"potions_floor_spawned":[2,5,10,12,13],"killed_by":"Hexaghost","ascension_level":0}}