{"host":"n91w9dq5l8qws978","time":1611341210,"event":{"mods":["BaseMod","Bestiary","Challenge The Spire","Custom Start","Defuse TimeMaze Blight","Keyboard Shortcuts","Minty Spire (QoL Compilation)","MonsterHotkey","Relic Stats","StSLib","Uncapped"],"gold_per_floor":[109,1,1,1,13,45,57,73,124,124,142,142,142,142],"floor_reached":13,"language":"ENG","playtime":626,"items_purged":[],"score":149,"play_id":"85d7cc61-c5f8-4220-a0c2-6621a3e16a04","local_time":"20210122184650","is_ascension_mode":true,"campfire_choices":[{"data":"Doppelganger","floor":10,"key":"SMITH"},{"data":"Malaise","floor":12,"key":"SMITH"}],"circlet_count":0,"master_deck":["AscendersBane","Strike_G","Strike_G","Strike_G","Strike_G","Defend_G","Defend_G","Defend_G","Defend_G","Defend_G","Survivor","Neutralize","Quick Slash","Poisoned Stab","Leg Sweep","PiercingWail","Doppelganger+1","Malaise+1","Dagger Spray","All Out Attack","After Image"],"relics":["Ring of the Snake","Toy Ornithopter","Question Card","Happy Flower"],"acts_visited":["Exordium"],"potions_floor_usage":[7,13],"damage_taken":[{"damage":0,"enemies":"2 Louse","floor":1,"turns":4},{"damage":0,"enemies":"Small Slimes","floor":5,"turns":4},{"damage":45,"enemies":"3 Sentries","floor":6,"turns":16},{"damage":4,"enemies":"Cultist","floor":7,"turns":5},{"damage":1,"enemies":"2 Fungi Beasts","floor":8,"turns":3},{"damage":15,"enemies":"Exordium Thugs","floor":11,"turns":5},{"damage":10,"enemies":"Gremlin Nob","floor":13,"turns":5}],"seed_played":"-3134262795274790746","potions_obtained":[{"floor":6,"key":"DuplicationPotion"},{"floor":8,"key":"CunningPotion"},{"floor":11,"key":"BlessingOfTheForge"}],"is_trial":false,"path_per_floor":["M","$","?","?","M","E","M","M","T","R","M","R","E"],"character_chosen":"THE_SILENT","items_purchased":["Poisoned Stab","Leg Sweep"],"campfire_rested":0,"item_purchase_floors":[2,2],"current_hp_per_floor":[59,59,64,64,64,19,20,19,19,19,4,4,0,0],"gold":142,"neow_bonus":"RANDOM_COMMON_RELIC","is_daily":false,"chose_seed":false,"campfire_upgraded":2,"win_rate":0.0,"timestamp":1611341210,"path_taken":["M","$","?","?","M","E","M","?","T","R","M","R","E"],"items_purchased_type":["Card","Card"],"build_version":"2020-12-22","purchased_purges":0,"victory":false,"max_hp_per_floor":[66,66,71,71,71,71,71,71,71,71,71,71,71,71],"relic_stats":{"Happy Flower":[3],"counters":[7,42],"Question Card":3,"obtain_stats":[{"Happy Flower":9,"Question Card":6,"Toy Ornithopter":0,"Ring of the Snake":0},{"Happy Flower":5,"Question Card":3,"Toy Ornithopter":0,"Ring of the Snake":0},{"Happy Flower":32,"Question Card":24,"Toy Ornithopter":0,"Ring of the Snake":0}],"Toy Ornithopter":10,"Ring of the Snake":[14]},"card_choices":[{"not_picked":["Underhanded Strike","Bane"],"picked":"Quick Slash","floor":1},{"not_picked":["Eviscerate","Dagger Spray"],"picked":"Doppelganger","floor":5},{"not_picked":["Underhanded Strike","Calculated Gamble"],"picked":"Malaise","floor":6},{"not_picked":["Deflect","Sucker Punch","PiercingWail"],"picked":"Dagger Spray","floor":7},{"not_picked":["Prepared","Dodge and Roll","Deadly Poison"],"picked":"All Out Attack","floor":8},{"not_picked":["Dodge and Roll","Well Laid Plans","Heel Hook"],"picked":"After Image","floor":11}],"player_experience":407257,"relics_obtained":[{"floor":6,"key":"Question Card"},{"floor":9,"key":"Happy Flower"}],"event_choices":[{"damage_healed":0,"gold_gain":0,"player_choice":"Donut","damage_taken":0,"max_hp_gain":5,"max_hp_loss":0,"event_name":"Big Fish","floor":3,"gold_loss":0},{"damage_healed":0,"gold_gain":0,"cards_transformed":["Strike_G"],"player_choice":"Transformed","damage_taken":0,"max_hp_gain":0,"max_hp_loss":0,"event_name":"Transmorgrifier","floor":4,"gold_loss":0,"cards_obtained":["PiercingWail"]}],"is_beta":false,"boss_relics":[],"items_purged_floors":[],"is_endless":false,"potions_floor_spawned":[6,8,11],"killed_by":"Gremlin Nob","ascension_level":15}}