{"host":"flm17o2q7bfjyna6","time":1611342936,"event":{"mods":["2.2 Compatiblity","Act Like it!","BaseMod","Better Altar","Better Match","Better Note","Better Sensory Stone","Better Skull","Better Third Choice","Better Vampires","Colored Map","Colored Powertips","DeckTracker","Fox Events","Hermit","Minty Spire (QoL Compilation)","Quick Restart","Replay The Spire","Reworked Bosses","Spicy Shops","StSLib","Wandering Minibosses"],"gold_per_floor":[114,129,144,11,26,56,71,86,86,86,116,116,74,89,89,189,189,204,204,219,219,219,249,264,264,264,279,54,69,84,123,123,232,232,271,21,60,0,39,113,113,187,237,261,36,36,54,93,93,93],"floor_reached":51,"language":"ENG","playtime":2972,"items_purged":["Shame"],"score":914,"play_id":"ea4c2589-22eb-4ee7-b904-eb0d0fad4c0e","local_time":"20210122141536","daily_mods":["Heirloom","Time Dilation","Night Terrors"],"is_ascension_mode":false,"campfire_choices":[{"data":"hermit:Covet","floor":10,"key":"SMITH"},{"data":"hermit:Snapshot","floor":12,"key":"SMITH"},{"data":"hermit:Vantage","floor":15,"key":"SMITH"},{"data":"hermit:OverwhelmingPower","floor":25,"key":"SMITH"},{"data":"hermit:Maintenance","floor":32,"key":"SMITH"},{"data":"hermit:Showdown","floor":41,"key":"SMITH"},{"floor":46,"key":"REST"},{"data":"hermit:Glare","floor":49,"key":"SMITH"}],"circlet_count":0,"master_deck":["hermit:Strike_Hermit+1","hermit:Strike_Hermit+1","hermit:Strike_Hermit+1","hermit:Strike_Hermit+1","hermit:Defend_Hermit","hermit:Defend_Hermit+1","hermit:Defend_Hermit+1","hermit:Defend_Hermit+1","hermit:Snapshot+1","hermit:Covet+1","hermit:Desperado","hermit:Showdown+1","hermit:Virtue","hermit:Quickdraw+1","hermit:Quickdraw+1","hermit:Enervate+1","hermit:Vantage+1","hermit:WideOpen+1","hermit:TrackingShot+1","hermit:HighCaliber+1","hermit:HighCaliber+1","hermit:OverwhelmingPower+1","hermit:CalledShot+1","hermit:Ricochet+1","hermit:Grudge+1","hermit:Spite+1","hermit:Maintenance+1","hermit:Shortfuse+1","hermit:Dive+1","hermit:BodyArmor+1","hermit:DeadOrAlive+1","hermit:Enervate+1","hermit:Roulette+1","hermit:Enervate+1","hermit:Glare+1","hermit:Dive+1","hermit:Gestalt+1","Flash of Steel+1","Mind Blast+1","hermit:Vantage+1"],"relics":["hermit:Momento","TungstenRod","Molten Egg 2","Replay:Bottled Eggs","hermit:Spyglass","Replay:Accelerometer","betterThird:SlimedRelic","Black Star","Mummified Hand","War Paint","Divine Protection","Singing Bowl","ClockworkSouvenir","hermit:RedScarf","CeramicFish","Honey Jar","Golden Egg","Red Mask","Onion Ring","Blue Candle","Pen Nib","Quantum Egg","Bag of Marbles","Gremlin Food","ReplayTheSpireMod:Ninjato","Akabeko"],"acts_visited":["Exordium","TheCity","TheBeyond"],"potions_floor_usage":[16,27,33,50,50],"damage_taken":[{"damage":0,"enemies":"Cultist","floor":1,"turns":4},{"damage":0,"enemies":"Small Slimes","floor":2,"turns":2},{"damage":5,"enemies":"Jaw Worm","floor":3,"turns":2},{"damage":4,"enemies":"3 Louse","floor":5,"turns":3},{"damage":16,"enemies":"Lagavulin","floor":6,"turns":4},{"damage":0,"enemies":"Blue Slaver","floor":7,"turns":2},{"damage":0,"enemies":"Exordium Thugs","floor":8,"turns":3},{"damage":0,"enemies":"Gremlin Nob","floor":11,"turns":2},{"damage":3,"enemies":"3 Louse","floor":14,"turns":2},{"damage":27,"enemies":"Fading Forest","floor":16,"turns":12},{"damage":2,"enemies":"Chosen","floor":18,"turns":4},{"damage":4,"enemies":"Shell Parasite","floor":20,"turns":3},{"damage":8,"enemies":"Replay:Snechameleon","floor":23,"turns":3},{"damage":0,"enemies":"Centurion and Healer","floor":24,"turns":4},{"damage":0,"enemies":"Cultist and Chosen","floor":27,"turns":3},{"damage":9,"enemies":"Sentry and Sphere","floor":29,"turns":4},{"damage":5,"enemies":"3 Cultists","floor":30,"turns":5},{"damage":10,"enemies":"Gremlin Leader","floor":31,"turns":5},{"damage":24,"enemies":"Automaton","floor":33,"turns":12},{"damage":7,"enemies":"3 Shapes","floor":35,"turns":5},{"damage":0,"enemies":"Orb Walker","floor":37,"turns":2},{"damage":0,"enemies":"Jaw Worm Horde","floor":39,"turns":4},{"damage":0,"enemies":"Nemesis","floor":40,"turns":5},{"damage":37,"enemies":"Giant Head","floor":42,"turns":7},{"damage":0,"enemies":"4 Shapes","floor":44,"turns":2},{"damage":0,"enemies":"Nemesis","floor":48,"turns":3},{"damage":48,"enemies":"Time Eater","floor":50,"turns":9}],"seed_played":"8945501730091475425","potions_obtained":[{"floor":1,"key":"Languid Potion"},{"floor":2,"key":"Ancient Potion"},{"floor":8,"key":"Toxic Potion"},{"floor":18,"key":"ColorlessPotion"},{"floor":24,"key":"LiquidMemories"},{"floor":39,"key":"Swift Potion"},{"floor":40,"key":"Dexterity Potion"},{"floor":42,"key":"FearPotion"},{"floor":44,"key":"GamblersBrew"}],"is_trial":false,"path_per_floor":["M","M","M","$","M","E","M","M","T","R","E","R","?","M","R","B",null,"M","?","M","?","T","E","M","R","T","M","$","M","M","E","R","B",null,"M","$","M","?","M","E","R","E","T","M","$","R","?","E","R","B",null],"character_chosen":"HERMIT","items_purchased":["Molten Egg 2","hermit:Quickdraw+1","ClockworkSouvenir","Golden Egg","Gremlin Food","Regen Potion"],"campfire_rested":1,"item_purchase_floors":[4,4,28,36,45,45],"current_hp_per_floor":[75,75,70,70,66,50,50,50,50,50,50,50,40,37,37,20,75,73,63,59,59,59,51,51,51,51,51,51,42,37,27,27,34,63,56,56,58,58,58,58,58,21,21,21,21,60,62,62,62,25],"gold":93,"neow_bonus":"","is_daily":true,"chose_seed":false,"campfire_upgraded":7,"win_rate":0.0,"timestamp":1611342936,"path_taken":["M","M","?","$","M","E","M","?","T","R","E","R","?","M","R","BOSS","M","?","M","?","?","E","M","R","T","M","?","?","M","E","R","BOSS","M","$","M","?","M","E","R","E","T","M","$","R","?","E","R","BOSS"],"items_purchased_type":["Relic","Card","Relic","Relic","Relic","Potion"],"build_version":"2020-12-22","purchased_purges":1,"victory":true,"max_hp_per_floor":[75,75,75,75,75,75,75,75,75,75,75,75,75,75,75,75,75,75,63,63,63,63,63,63,63,63,63,63,63,63,63,63,63,63,63,63,65,65,65,65,65,65,65,65,65,60,62,62,62,62],"card_choices":[{"not_picked":["hermit:Virtue","hermit:WideOpen"],"picked":"hermit:Desperado","floor":1},{"not_picked":["hermit:ShadowCloak","hermit:CalledShot"],"picked":"hermit:Showdown","floor":2},{"not_picked":["hermit:NoHoldsBarred","hermit:Spite"],"picked":"hermit:Virtue","floor":3},{"not_picked":["hermit:WideOpen+1","hermit:ShadowCloak"],"picked":"hermit:Enervate+1","floor":5},{"not_picked":["hermit:Determination","hermit:NoHoldsBarred+1"],"picked":"hermit:Vantage","floor":6},{"not_picked":["hermit:Roulette+1","hermit:Quickdraw+1"],"picked":"hermit:WideOpen+1","floor":7},{"not_picked":["hermit:LuckOfTheDraw","hermit:Spite+1"],"picked":"hermit:TrackingShot+1","floor":8},{"not_picked":["hermit:Dissolve","hermit:Horror"],"picked":"hermit:HighCaliber+1","floor":11},{"not_picked":["hermit:Coalescence","hermit:HoleUp"],"picked":"hermit:HighCaliber+1","floor":14},{"not_picked":["hermit:Adapt","hermit:EternalForm"],"picked":"hermit:OverwhelmingPower","floor":16},{"not_picked":["hermit:Coalescence","hermit:BigShot"],"picked":"hermit:CalledShot+1","floor":18},{"not_picked":["hermit:BodyArmor","hermit:Misfire+1"],"picked":"hermit:Ricochet+1","floor":20},{"not_picked":["hermit:TrackingShot+1","hermit:Midnight"],"picked":"hermit:Grudge+1","floor":23},{"not_picked":["hermit:Quickdraw+1","hermit:Feint"],"picked":"hermit:Spite+1","floor":24},{"not_picked":["hermit:Ricochet+1","hermit:Roulette+1"],"picked":"hermit:Maintenance","floor":27},{"not_picked":["hermit:LowProfile","hermit:Quickdraw+1"],"picked":"hermit:Shortfuse+1","floor":29},{"not_picked":["hermit:EternalForm","hermit:WideOpen+1"],"picked":"hermit:Dive+1","floor":30},{"not_picked":["hermit:Headshot+1","hermit:FinalCanter+1"],"picked":"hermit:BodyArmor+1","floor":31},{"not_picked":["hermit:FinalCanter+1","hermit:Magnum+1"],"picked":"hermit:DeadOrAlive+1","floor":33},{"not_picked":["hermit:LoneWolf","hermit:TrackingShot+1","hermit:CursedWeapon+1"],"picked":"hermit:Enervate+1","floor":35},{"not_picked":["hermit:Desperado+1","hermit:Spite+1","hermit:Feint+1","hermit:Roulette+1"],"picked":"Singing Bowl","floor":37},{"not_picked":["hermit:Coalescence","hermit:Quickdraw+1","hermit:LowProfile+1"],"picked":"hermit:Enervate+1","floor":39},{"not_picked":["hermit:Quickdraw+1","hermit:ItchyTrigger+1","hermit:Misfire+1"],"picked":"hermit:Glare","floor":40},{"not_picked":["hermit:Feint+1","hermit:OverwhelmingPower","hermit:ShadowCloak+1"],"picked":"hermit:Dive+1","floor":42},{"not_picked":["hermit:Determination+1","hermit:WideOpen+1","hermit:Showdown+1"],"picked":"hermit:Gestalt+1","floor":44},{"not_picked":["Finesse","Replay:Sssssssssshield","Blind"],"picked":"Flash of Steel+1","floor":47},{"not_picked":["Replay:Sssssssssshield","Trip","Dark Shackles","Mind Blast+1"],"picked":"Singing Bowl","floor":47},{"not_picked":["hermit:ItchyTrigger+1","hermit:Manifest+1","hermit:Snipe"],"picked":"hermit:Vantage+1","floor":48}],"player_experience":1685856,"relics_obtained":[{"floor":6,"key":"Replay:Bottled Eggs"},{"floor":9,"key":"hermit:Spyglass"},{"floor":11,"key":"Replay:Accelerometer"},{"floor":22,"key":"Mummified Hand"},{"floor":23,"key":"War Paint"},{"floor":23,"key":"Divine Protection"},{"floor":26,"key":"Singing Bowl"},{"floor":31,"key":"hermit:RedScarf"},{"floor":31,"key":"CeramicFish"},{"floor":40,"key":"Onion Ring"},{"floor":40,"key":"Blue Candle"},{"floor":42,"key":"Pen Nib"},{"floor":42,"key":"Quantum Egg"},{"floor":43,"key":"Bag of Marbles"},{"floor":48,"key":"ReplayTheSpireMod:Ninjato"},{"floor":48,"key":"Akabeko"}],"event_choices":[{"damage_healed":0,"gold_gain":0,"player_choice":"Slimed","damage_taken":11,"max_hp_gain":0,"max_hp_loss":0,"event_name":"betterThird:BetterGoop","floor":13,"gold_loss":42},{"damage_healed":0,"gold_gain":0,"player_choice":"Ignored","damage_taken":0,"max_hp_gain":0,"max_hp_loss":0,"event_name":"Ghosts","floor":21,"gold_loss":0},{"damage_healed":0,"gold_gain":0,"player_choice":"Paid","damage_taken":0,"relics_obtained":["Red Mask"],"max_hp_gain":0,"max_hp_loss":0,"event_name":"Tomb of Lord Red Mask","floor":38,"gold_loss":60},{"damage_healed":0,"gold_gain":3,"player_choice":"1","damage_taken":0,"max_hp_gain":0,"max_hp_loss":0,"event_name":"betterStone:BetterStone","floor":47,"gold_loss":0}],"is_beta":false,"boss_relics":[{"not_picked":["Busted Crown","Runic Dome"],"picked":"Black Star"},{"not_picked":["Velvet Choker","Pandora\u0027s Box"],"picked":"Honey Jar"}],"items_purged_floors":[28],"is_endless":false,"potions_floor_spawned":[1,2,8,18,23,24,39,40,42,44],"ascension_level":0}}