{"host":"j7au2ovow4c9pz79","time":1611344136,"event":{"mods":["AchievementEnabler","BaseMod","Better Third Choice","BetterRewards","Colored Powertips","Defuse TimeMaze Blight","Energized Spire","Googly Eyes","Hubris","Infinite Spire","Minty Spire (QoL Compilation)","Quick Restart","Spicy Shops","StSLib","SuperFastMode","Transform Curses"],"gold_per_floor":[109,109,109,122,122,122,141,141,141,174,174,211,211,239,239,336,386,422,459,161,161,196,196,196,196,221,221,256,256,289,289,289],"floor_reached":31,"language":"ENG","playtime":648,"items_purged":[],"score":354,"play_id":"7a468678-e308-499b-b994-086aba412fef","local_time":"20210122203536","daily_mods":["Specialized","Vintage","Allstar","Colorless Cards","Heirloom","Time Dilation","Flight","Elite Swarm","Lethality"],"is_ascension_mode":false,"campfire_choices":[{"data":"Echo Form","floor":6,"key":"SMITH"},{"data":"DevaForm","floor":8,"key":"SMITH"},{"floor":11,"key":"REST"},{"data":"HandOfGreed","floor":11,"key":"SMITH"},{"data":"infinitespire:SevenWalls","floor":13,"key":"SMITH"},{"floor":15,"key":"REST"},{"data":"Feed","floor":15,"key":"SMITH"},{"data":"Juggernaut","floor":23,"key":"SMITH"},{"data":"Bash","floor":24,"key":"SMITH"},{"data":"Master of Strategy","floor":25,"key":"SMITH"},{"data":"Good Instincts","floor":27,"key":"SMITH"},{"data":"Transmutation","floor":29,"key":"SMITH"}],"circlet_count":0,"master_deck":["Demon Form+1","Wraith Form v2+1","Echo Form+1","DevaForm+1","Strike_R","Strike_R","Strike_R","Strike_R","Strike_R","Defend_R","Defend_R","Defend_R","Defend_R","Bash+1","Perfected Strike","Perfected Strike","Perfected Strike","Perfected Strike","Perfected Strike+1","Bandage Up","Good Instincts+1","HandOfGreed+1","Chrysalis+1","Transmutation+1","infinitespire:SevenWalls+1","Feed+1","Master of Strategy+1","Juggernaut+1","Twin Strike+1","Master of Strategy","Double Tap"],"relics":["Unceasing Top","infinitespire:Magic Flask","Art of War","hubris:ChampionShield","Potion Belt","infinitespire:CheckeredPen","hubris:DeckOfHolding","Torii","Ornamental Fan","Tiny House","hubris:SphereOfDissonance","infinitespire:Lucky Rock","Akabeko","hubris:HerbalPaste","hubris:Metronome","infinitespire:BottledMercury","Whetstone","hubris:DisguiseKit","Regal Pillow"],"acts_visited":["Exordium","TheCity"],"potions_floor_usage":[28],"damage_taken":[{"damage":9,"enemies":"Small Slimes","floor":1,"turns":3},{"damage":12,"enemies":"2 Louse","floor":4,"turns":2},{"damage":0,"enemies":"Cultist","floor":7,"turns":3},{"damage":24,"enemies":"3 Sentries","floor":10,"turns":5},{"damage":7,"enemies":"Lots of Slimes","floor":12,"turns":3},{"damage":0,"enemies":"Lagavulin","floor":14,"turns":5},{"damage":35,"enemies":"The Guardian","floor":16,"turns":8},{"damage":13,"enemies":"2 Thieves","floor":18,"turns":2},{"damage":16,"enemies":"Chosen","floor":19,"turns":2},{"damage":25,"enemies":"Centurion and Healer","floor":22,"turns":3},{"damage":25,"enemies":"Slavers","floor":28,"turns":3},{"damage":47,"enemies":"Book of Stabbing","floor":30,"turns":5},{"damage":16,"enemies":"Colosseum Slavers","floor":31,"turns":1}],"seed_played":"-7163407141551501336","potions_obtained":[{"floor":4,"key":"PowerPotion"},{"floor":7,"key":"Strength Potion"},{"floor":10,"key":"Dexterity Potion"},{"floor":16,"key":"Fruit Juice"},{"floor":17,"key":"SneckoOil"},{"floor":28,"key":"infinitespire:BlackPotion"}],"is_trial":true,"path_per_floor":["M","?","?","M","?","R","M","R","T","E","R","M","R","E","R","B",null,"M","M","$","?","M","R","R","R","T","R","E","R","E","?"],"character_chosen":"IRONCLAD","items_purchased":["Akabeko","hubris:HerbalPaste"],"campfire_rested":2,"item_purchase_floors":[20,20],"current_hp_per_floor":[71,71,50,42,42,42,46,46,46,26,50,50,50,50,74,47,92,83,67,67,67,51,51,51,51,51,51,40,40,3,0,0],"gold":289,"neow_bonus":"","is_daily":false,"chose_seed":false,"campfire_upgraded":10,"win_rate":0.0,"timestamp":1611344136,"path_taken":["M","?","?","M","?","R","?","R","T","E","R","M","R","E","R","BOSS","M","M","?","?","?","R","R","R","T","R","E","R","E","?"],"items_purchased_type":["Relic","Relic"],"build_version":"2020-12-22","purchased_purges":0,"victory":false,"max_hp_per_floor":[80,80,80,80,80,80,80,80,80,80,80,83,83,83,83,87,92,96,96,96,96,100,100,100,100,100,100,109,109,109,109,109],"card_choices":[{"not_picked":["hubris:Rewind","infinitespire:TheBestDefense"],"picked":"infinitespire:SevenWalls","floor":3},{"not_picked":["Apotheosis","Thinking Ahead"],"picked":"Feed","floor":10},{"not_picked":["Secret Technique","Berserk"],"picked":"Master of Strategy","floor":14},{"not_picked":["Offering","Immolate"],"picked":"Juggernaut","floor":16},{"not_picked":["Pommel Strike","Panacea"],"picked":"Twin Strike","floor":17},{"not_picked":["Impervious","Berserk"],"picked":"Master of Strategy","floor":28},{"not_picked":["Berserk","Barricade","Establishment"],"picked":"Double Tap","floor":30}],"player_experience":1904888,"relics_obtained":[{"floor":1,"key":"Art of War"},{"floor":4,"key":"hubris:ChampionShield"},{"floor":7,"key":"Potion Belt"},{"floor":9,"key":"infinitespire:CheckeredPen"},{"floor":10,"key":"hubris:DeckOfHolding"},{"floor":12,"key":"Torii"},{"floor":14,"key":"Ornamental Fan"},{"floor":18,"key":"hubris:SphereOfDissonance"},{"floor":19,"key":"infinitespire:Lucky Rock"},{"floor":22,"key":"infinitespire:BottledMercury"},{"floor":26,"key":"Whetstone"},{"floor":28,"key":"hubris:DisguiseKit"},{"floor":30,"key":"Regal Pillow"}],"event_choices":[{"damage_healed":0,"gold_gain":0,"player_choice":"Grow","damage_taken":0,"max_hp_gain":0,"max_hp_loss":0,"event_name":"Living Wall","floor":2,"gold_loss":0,"cards_upgraded":["Demon Form"]},{"damage_healed":0,"gold_gain":0,"player_choice":"Forge","damage_taken":0,"max_hp_gain":0,"max_hp_loss":0,"event_name":"Accursed Blacksmith","floor":5,"gold_loss":0,"cards_upgraded":["Wraith Form v2"]},{"damage_healed":0,"gold_gain":0,"player_choice":"Opened","damage_taken":0,"relics_obtained":["hubris:Metronome"],"max_hp_gain":0,"max_hp_loss":0,"event_name":"The Mausoleum","floor":21,"gold_loss":0},{"damage_healed":0,"gold_gain":0,"player_choice":"Fight","damage_taken":0,"max_hp_gain":0,"max_hp_loss":0,"event_name":"Colosseum","floor":31,"gold_loss":0}],"is_beta":false,"boss_relics":[{"not_picked":["energizedSpire:TabascoSauce","energizedSpire:SpiderWeb"],"picked":"Tiny House"}],"items_purged_floors":[],"is_endless":false,"potions_floor_spawned":[4,7,10,16,28,30],"killed_by":"Colosseum Slavers","ascension_level":0}}