{"host":"323inwdaz59hfocs","time":1611308467,"event":{"mods":["AchievementEnabler","BaseMod","BetterRewards","Colored Powertips","Conspire","Good Game Mod","Minty Spire (QoL Compilation)","Relic Stats","Replay The Spire","Shop Mod","StSLib","SuperFastMode","The Construct","The Cursed","The Gatherer","The Poker Player","Thieving Mod","[GremlinLeader]The Maniac","óô»ðÖ¸ÄÏ"],"gold_per_floor":[119,119,130,141,48,48,21,55,55,55,90,90,104,121,121,220,220,235,253,266,298,298,298,313,313,313,313,326,352,363,363,363,461,461,478,478,490,0,0,0,31,48,48,76,89,117,167,182,182,182,182,182,97,126,126],"floor_reached":56,"language":"ZHS","playtime":2444,"items_purged":["Strike_B","Strike_B","Defend_B","Defend_B","Defend_B","Strike_B","Zap","Defend_B","Dualcast","Strike_B"],"score":1934,"play_id":"a159f940-c60d-4be2-8b92-9d4a616ca949","local_time":"20210122174107","is_ascension_mode":true,"campfire_choices":[{"data":"Panache+1","floor":6,"key":"SMITH"},{"data":"Panache+2","floor":6,"key":"SMITH"},{"data":"Panache+3","floor":12,"key":"SMITH"},{"data":"Panache+4","floor":12,"key":"SMITH"},{"data":"Panache+5","floor":15,"key":"SMITH"},{"data":"Panache+6","floor":15,"key":"SMITH"},{"floor":23,"key":"RECALL"},{"data":"Panache+7","floor":27,"key":"SMITH"},{"data":"Panache+8","floor":27,"key":"SMITH"},{"data":"Panache+9","floor":32,"key":"SMITH"},{"data":"Panache+10","floor":32,"key":"SMITH"},{"data":"Panache+11","floor":40,"key":"SMITH"},{"data":"Panache+12","floor":40,"key":"SMITH"},{"data":"Panache+13","floor":49,"key":"SMITH"},{"data":"Panache+14","floor":49,"key":"SMITH"},{"data":"Panache+15","floor":52,"key":"SMITH"},{"data":"Panache+16","floor":52,"key":"SMITH"}],"circlet_count":0,"master_deck":["Go for the Eyes+1","Beam Cell+1","Panache+17","Beam Cell+1","Go for the Eyes+1","Gash+1","Skim+1","Go for the Eyes+1","Gash+1","ReplayGash+1","Master of Strategy+1","Scrape+1","Secret Technique+1","Rebound+1","Melter+1","Streamline+1","Master of Strategy+1","Violence+1","All For One+1","Violence+2","All For One+1","Rebound+1","Seek+2","Seek+1","Master of Strategy+1","Scrape+1","All For One+1","Gash+1","Gash+1","Scrape+1","Chill+1","Double Energy+1","Gash+1","Turbo+1","Scrape+1","Gash+1","Coolheaded+1","Finesse+1","Conserve Battery+1","Turbo+1","Panache+1","Gash+1","Hologram+1","Turbo+1","Hologram+1","Reboot+1","Gash+1","Gash+1","Scrape+1","Hologram+1","Skim+1","Stack+1","Stack+1","Core Surge+1","Reinforced Body+1","ReplayUltimateDefense+1","Hologram+1"],"relics":["Cracked Core","REME:ComplimentaryCards","Medical Kit","Molten Egg 2","PreservedInsect","Golden Egg","MerchantsRug","Anchor","ReplayFunnel","Quantum Egg","Torii","Blood Vial","Omamori","Potion Belt","Lee\u0027s Waffle","Mango","Replay:Bottled Eggs","Orrery","Replay:Towering Pillar of Hats","Matryoshka","Whetstone","DollysMirror","Replay:Accelerometer","MealTicket","Durian","Sling","Bottled Tornado","Meat on the Bone","HandDrill","Replay:Baseball","Strange Spoon","Lantern","Pen Nib","Ancient Tea Set","Toxic Egg 2","TheAbacus","Guide Book","Geode","ReplayTheSpireMod:Lightbulb","Turnip","Frozen Eye","Strawberry","Membership Card","StoneCalendar","Replay:Rubber Ducky","Kunai","Ginger","ClockworkSouvenir","Vajra","conspire:InfiniteJournal","Oddly Smooth Stone","Snack Pack","Happy Flower","Garlic","Juzu Bracelet","Onion Ring","Replay:Arrowhead","Bag of Marbles","Shuriken","construct:FoamFinger","Counterbalance","conspire:DeflatedDodgeball","Orichalcum","Nunchaku","Toy Ornithopter","FossilizedHelix","Ice Cream","Unceasing Top","Runic Capacitor","Ornamental Fan","War Paint","Mercury Hourglass","Prayer Wheel","conspire:DecoderRing","InkBottle","Mirror","Pantograph","Gremlin Food","Replay:Bottled Steam","White Beast Statue","Nuclear Battery","Red Mask","Replay:Mystery Machine","Replay:Bottled Flurry","conspire:TopHat","Bronze Scales","Replay:Multitool","Bottled Flame"],"acts_visited":["Exordium","TheCity","TheBeyond","TheEnding"],"potions_floor_usage":[3,55],"damage_taken":[{"damage":0,"enemies":"Small Slimes","floor":1,"turns":1},{"damage":0,"enemies":"Cultist","floor":3,"turns":1},{"damage":0,"enemies":"Jaw Worm","floor":4,"turns":1},{"damage":0,"enemies":"3 Sentries","floor":8,"turns":1},{"damage":0,"enemies":"Gremlin Nob","floor":11,"turns":1},{"damage":0,"enemies":"2 Fungi Beasts","floor":13,"turns":1},{"damage":0,"enemies":"Blue Slaver","floor":14,"turns":1},{"damage":0,"enemies":"The Guardian","floor":16,"turns":1},{"damage":0,"enemies":"conspire:FuzzyDice","floor":18,"turns":1},{"damage":0,"enemies":"3 Byrds","floor":19,"turns":1},{"damage":0,"enemies":"Snake Plant","floor":20,"turns":1},{"damage":0,"enemies":"conspire:MimicChest","floor":21,"turns":1},{"damage":0,"enemies":"Cultist and Chosen","floor":24,"turns":1},{"damage":0,"enemies":"Shelled Parasite and Fungi","floor":28,"turns":1},{"damage":0,"enemies":"Slavers","floor":29,"turns":1},{"damage":0,"enemies":"3 Cultists","floor":30,"turns":1},{"damage":0,"enemies":"Collector","floor":33,"turns":1},{"damage":0,"enemies":"Orb Walker","floor":35,"turns":1},{"damage":0,"enemies":"3 Shapes","floor":37,"turns":1},{"damage":0,"enemies":"Giant Head","floor":41,"turns":1},{"damage":0,"enemies":"Jaw Worm Horde","floor":42,"turns":1},{"damage":0,"enemies":"Reptomancer","floor":44,"turns":1},{"damage":0,"enemies":"4 Shapes","floor":45,"turns":1},{"damage":0,"enemies":"R_Hoarder","floor":46,"turns":1},{"damage":0,"enemies":"Mind Bloom Boss Battle","floor":47,"turns":1},{"damage":0,"enemies":"Spire Growth","floor":48,"turns":1},{"damage":0,"enemies":"Time Eater","floor":50,"turns":2},{"damage":0,"enemies":"Shield and Spear","floor":54,"turns":1},{"damage":0,"enemies":"The Heart","floor":55,"turns":3}],"seed_played":"-3770312114118855683","potions_obtained":[{"floor":3,"key":"EntropicBrew"},{"floor":16,"key":"Dexterity Potion"},{"floor":20,"key":"Elixir"},{"floor":35,"key":"FearPotion"},{"floor":42,"key":"Elixir"},{"floor":44,"key":"BlessingOfTheForge"}],"is_trial":false,"path_per_floor":["M","?","M","M","$","R","$","E","T","T","E","R","M","M","R","B",null,"M","M","M","?","?","R","M","$","T","R","M","E","M","$","R","B",null,"M","?","M","?","?","R","E","M","T","E","M","E","?","M","R","B",null,"R","$","E","B",null],"character_chosen":"DEFECT","items_purchased":["Go for the Eyes","Beam Cell","Medical Kit","Panache","Molten Egg 2","PreservedInsect","Golden Egg","MerchantsRug","Beam Cell+1","Go for the Eyes+1","Anchor","Gash+1","Skim","ReplayFunnel","Quantum Egg","Go for the Eyes+1","Torii","Blood Vial","Gash+1","ReplayGash+1","Master of Strategy","Omamori","Scrape+1","Potion Belt","Lee\u0027s Waffle","Secret Technique","Mango","Replay:Bottled Eggs","Orrery","Replay:Towering Pillar of Hats","Matryoshka","Whetstone","DollysMirror","Replay:Accelerometer","MealTicket","Durian","Violence","All For One+1","Sling","Bottled Tornado","Meat on the Bone","HandDrill","Replay:Baseball","Strange Spoon","Lantern","Pen Nib","Ancient Tea Set","Toxic Egg 2","TheAbacus","Violence+1","Guide Book","Geode","ReplayTheSpireMod:Lightbulb","Turnip","Frozen Eye","All For One+1","Strawberry","Membership Card","StoneCalendar","Rebound+1","Seek+1","Master of Strategy+1","Replay:Rubber Ducky","Kunai","Ginger","ClockworkSouvenir","Vajra","conspire:InfiniteJournal","Oddly Smooth Stone","Snack Pack","Happy Flower","Garlic","Juzu Bracelet","Scrape+1","All For One+1","Onion Ring","Replay:Arrowhead","Bag of Marbles","Shuriken","construct:FoamFinger","Counterbalance","Gash+1","conspire:DeflatedDodgeball","Orichalcum","Nunchaku","Toy Ornithopter","Gash+1","Scrape+1","FossilizedHelix","Ice Cream","Unceasing Top","Runic Capacitor","Ornamental Fan","Chill+1","War Paint","Double Energy+1","Gash+1","Turbo+1","Scrape+1","Gash+1","Mercury Hourglass","Coolheaded+1","Finesse+1","Panache","Gash+1","ReplayUltimateDefense"],"campfire_rested":0,"item_purchase_floors":[0,0,0,0,0,0,0,0,0,0,0,0,0,0,0,0,0,0,0,0,0,0,0,0,0,0,0,0,0,0,0,0,0,0,0,0,0,0,0,0,0,0,0,0,0,0,0,0,0,0,0,0,0,0,0,0,0,0,0,0,0,0,0,0,0,0,0,0,0,0,0,0,0,0,0,0,0,0,0,0,0,0,0,0,0,0,0,0,0,0,0,0,0,0,0,0,0,0,0,0,0,0,0,5,7,53],"current_hp_per_floor":[108,108,108,108,108,108,108,108,108,108,108,108,108,108,108,108,108,108,108,108,108,92,92,96,108,108,108,108,108,108,108,108,108,108,108,108,108,108,108,108,108,108,108,108,108,108,108,108,108,108,108,108,108,108,108],"gold":126,"neow_bonus":"","is_daily":false,"chose_seed":false,"campfire_upgraded":16,"win_rate":0.0,"timestamp":1611308467,"path_taken":["M","?","M","M","$","R","?","E","T","?","E","R","M","M","R","BOSS","M","M","M","?","?","R","M","$","T","R","M","E","M","$","R","BOSS","M","?","M","?","?","R","E","M","T","E","M","E","?","M","R","BOSS","R","$","E","BOSS"],"items_purchased_type":["Card","Card","Relic","Card","Relic","Relic","Relic","Relic","Card","Card","Relic","Card","Card","Relic","Relic","Card","Relic","Relic","Card","Card","Card","Relic","Card","Relic","Relic","Card","Relic","Relic","Relic","Relic","Relic","Relic","Relic","Relic","Relic","Relic","Card","Card","Relic","Relic","Relic","Relic","Relic","Relic","Relic","Relic","Relic","Relic","Relic","Card","Relic","Relic","Relic","Relic","Relic","Card","Relic","Relic","Relic","Card","Card","Card","Relic","Relic","Relic","Relic","Relic","Relic","Relic","Relic","Relic","Relic","Relic","Card","Card","Relic","Relic","Relic","Relic","Relic","Relic","Card","Relic","Relic","Relic","Relic","Card","Card","Relic","Relic","Relic","Relic","Relic","Card","Relic","Card","Card","Card","Card","Card","Relic","Card","Card","Card","Card","Card"],"build_version":"2020-12-22","purchased_purges":10,"victory":true,"max_hp_per_floor":[108,108,108,108,108,108,108,108,108,108,108,108,108,108,108,108,108,108,108,108,108,108,108,108,108,108,108,108,108,108,108,108,108,108,108,108,108,108,108,108,108,108,108,108,108,108,108,108,108,108,108,108,108,108,108],"relic_stats":{"Torii":1,"StoneCalendar":[0],"Juzu Bracelet":2,"Whetstone":["Beam Cell","Go for the Eyes"],"Ginger":[2],"Blood Vial":2,"Nunchaku":[14],"TheAbacus":[6],"Pantograph":0,"MealTicket":12,"Prayer Wheel":13,"HandDrill":[16],"Kunai":[40],"InkBottle":[22],"Lee\u0027s Waffle":7,"Happy Flower":[10],"counters":[50,108],"PreservedInsect":423,"Pen Nib":[14],"Orichalcum":[6],"War Paint":["Violence","Seek"],"Medical Kit":[2],"Mercury Hourglass":[153],"Strange Spoon":[19],"Shuriken":[40],"Ornamental Fan":[160],"Bronze Scales":[45],"Turnip":[2],"obtain_stats":[{"Golden Egg":0,"Replay:Accelerometer":0,"construct:FoamFinger":15,"Whetstone":0,"Ginger":0,"Bottled Tornado":0,"Boot":7,"Sling":0,"FrozenCore":0,"Blood Vial":0,"MealTicket":0,"HandDrill":34,"Replay:Bottled Flurry":43,"Kunai":0,"Replay:Bottled Steam":26,"MerchantsRug":3,"Counterbalance":0,"Pen Nib":0,"ReplayTheSpireMod:Ring of Collecting":30,"Abe\u0027s Treasure":0,"Unceasing Top":0,"conspire:Flyswatter":21,"Lantern":0,"Torii":0,"StoneCalendar":0,"Bag of Preparation":0,"Replay:Multitool":0,"Ancient Tea Set":32,"conspire:InfiniteJournal":12,"Replay:Rubber Ducky":0,"Matryoshka":0,"Chemical X":29,"Replay:Bottled Eggs":0,"InkBottle":10,"Potion Belt":0,"Lee\u0027s Waffle":23,"construct:WeddingRing":17,"PreservedInsect":0,"Omamori":0,"Geode":0,"Frozen Egg 2":3,"Replay:Arrowhead":0,"Nuclear Battery":34,"Ornamental Fan":0,"Orrery":0,"Ectoplasm":0,"Turnip":0,"Art of War":2,"Durian":39,"Garlic":0,"conspire:DeflatedDodgeball":6,"ReplayTheSpireMod:Lightbulb":0,"Toy Ornithopter":0,"Ice Cream":0,"Vajra":6,"Runic Capacitor":0,"Lizard Tail":15,"DollysMirror":21,"Strawberry":0,"conspire:DecoderRing":9,"Prayer Wheel":32,"Toxic Egg 2":0,"Girya":0,"Happy Flower":43,"Oddly Smooth Stone":0,"War Paint":9,"Replay:Baseball":23,"Bottled Flame":54,"Shuriken":0,"Bronze Scales":10,"Onion Ring":0,"Molten Egg 2":0,"Mirror":10,"conspire:IceCreamScoop":23,"Pocketwatch":46,"Meat on the Bone":0,"ReplayFunnel":0,"ReplayTheSpireMod:Ring of Exchange":30,"Mango":0,"Juzu Bracelet":3,"Incense Burner":0,"Replay:Mystery Machine":41,"conspire:TopHat":7,"ClockworkSouvenir":0,"Frozen Eye":7,"Nunchaku":27,"Chameleon Ring":22,"TheAbacus":0,"Mummified Hand":10,"Pantograph":11,"Red Mask":38,"Cracked Core":0,"Gremlin Food":21,"Replay:Towering Pillar of Hats":0,"Quantum Egg":31,"Guide Book":0,"Orichalcum":27,"Medical Kit":10,"White Beast Statue":29,"Mercury Hourglass":0,"Strange Spoon":32,"REME:ComplimentaryCards":0,"Anchor":26,"Snack Pack":21,"Bag of Marbles":0,"Membership Card":3,"FossilizedHelix":0},{"Golden Egg":21,"Replay:Accelerometer":21,"construct:FoamFinger":5,"Whetstone":21,"Ginger":21,"Bottled Tornado":21,"Boot":3,"Sling":21,"FrozenCore":21,"Blood Vial":21,"MealTicket":21,"HandDrill":12,"Replay:Bottled Flurry":42,"Kunai":21,"Replay:Bottled Steam":34,"MerchantsRug":1,"Counterbalance":21,"Pen Nib":21,"ReplayTheSpireMod:Ring of Collecting":10,"Abe\u0027s Treasure":0,"Unceasing Top":21,"conspire:Flyswatter":8,"Lantern":21,"Torii":21,"StoneCalendar":21,"Bag of Preparation":21,"Replay:Multitool":21,"Ancient Tea Set":11,"conspire:InfiniteJournal":3,"Replay:Rubber Ducky":21,"Matryoshka":21,"Chemical X":10,"Replay:Bottled Eggs":21,"InkBottle":25,"Potion Belt":21,"Lee\u0027s Waffle":8,"construct:WeddingRing":6,"PreservedInsect":21,"Omamori":21,"Geode":21,"Frozen Egg 2":1,"Replay:Arrowhead":21,"Nuclear Battery":38,"Ornamental Fan":21,"Orrery":21,"Ectoplasm":21,"Turnip":21,"Art of War":1,"Durian":16,"Garlic":21,"conspire:DeflatedDodgeball":3,"ReplayTheSpireMod:Lightbulb":21,"Toy Ornithopter":21,"Ice Cream":21,"Vajra":3,"Runic Capacitor":21,"Lizard Tail":5,"DollysMirror":8,"Strawberry":21,"conspire:DecoderRing":25,"Prayer Wheel":11,"Toxic Egg 2":21,"Girya":21,"Happy Flower":16,"Oddly Smooth Stone":21,"War Paint":3,"Replay:Baseball":8,"Bottled Flame":49,"Shuriken":21,"Bronze Scales":3,"Onion Ring":21,"Molten Egg 2":21,"Mirror":25,"conspire:IceCreamScoop":8,"Pocketwatch":18,"Meat on the Bone":21,"ReplayFunnel":21,"ReplayTheSpireMod:Ring of Exchange":10,"Mango":21,"Juzu Bracelet":1,"Incense Burner":21,"Replay:Mystery Machine":41,"conspire:TopHat":3,"ClockworkSouvenir":21,"Frozen Eye":3,"Nunchaku":9,"Chameleon Ring":8,"TheAbacus":21,"Mummified Hand":3,"Pantograph":26,"Red Mask":40,"Cracked Core":0,"Gremlin Food":33,"Replay:Towering Pillar of Hats":21,"Quantum Egg":11,"Guide Book":21,"Orichalcum":9,"Medical Kit":3,"White Beast Statue":36,"Mercury Hourglass":21,"Strange Spoon":11,"REME:ComplimentaryCards":0,"Anchor":9,"Snack Pack":8,"Bag of Marbles":21,"Membership Card":1,"FossilizedHelix":21},{"Golden Egg":76,"Replay:Accelerometer":76,"construct:FoamFinger":22,"Whetstone":76,"Ginger":76,"Bottled Tornado":76,"Boot":12,"Sling":76,"FrozenCore":76,"Blood Vial":76,"MealTicket":76,"HandDrill":51,"Replay:Bottled Flurry":97,"Kunai":76,"Replay:Bottled Steam":89,"MerchantsRug":4,"Counterbalance":76,"Pen Nib":76,"ReplayTheSpireMod:Ring of Collecting":44,"Abe\u0027s Treasure":0,"Unceasing Top":76,"conspire:Flyswatter":33,"Lantern":76,"Torii":76,"StoneCalendar":76,"Bag of Preparation":76,"Replay:Multitool":76,"Ancient Tea Set":47,"conspire:InfiniteJournal":12,"Replay:Rubber Ducky":76,"Matryoshka":76,"Chemical X":44,"Replay:Bottled Eggs":76,"InkBottle":80,"Potion Belt":76,"Lee\u0027s Waffle":33,"construct:WeddingRing":28,"PreservedInsect":76,"Omamori":76,"Geode":76,"Frozen Egg 2":4,"Replay:Arrowhead":76,"Nuclear Battery":93,"Ornamental Fan":76,"Orrery":76,"Ectoplasm":76,"Turnip":76,"Art of War":4,"Durian":61,"Garlic":76,"conspire:DeflatedDodgeball":12,"ReplayTheSpireMod:Lightbulb":76,"Toy Ornithopter":76,"Ice Cream":76,"Vajra":12,"Runic Capacitor":76,"Lizard Tail":22,"DollysMirror":33,"Strawberry":76,"conspire:DecoderRing":80,"Prayer Wheel":47,"Toxic Egg 2":76,"Girya":76,"Happy Flower":61,"Oddly Smooth Stone":76,"War Paint":12,"Replay:Baseball":33,"Bottled Flame":105,"Shuriken":76,"Bronze Scales":12,"Onion Ring":76,"Molten Egg 2":76,"Mirror":80,"conspire:IceCreamScoop":33,"Pocketwatch":67,"Meat on the Bone":76,"ReplayFunnel":76,"ReplayTheSpireMod:Ring of Exchange":44,"Mango":76,"Juzu Bracelet":4,"Incense Burner":76,"Replay:Mystery Machine":96,"conspire:TopHat":12,"ClockworkSouvenir":76,"Frozen Eye":12,"Nunchaku":39,"Chameleon Ring":33,"TheAbacus":76,"Mummified Hand":12,"Pantograph":81,"Red Mask":95,"Cracked Core":0,"Gremlin Food":88,"Replay:Towering Pillar of Hats":76,"Quantum Egg":47,"Guide Book":76,"Orichalcum":39,"Medical Kit":12,"White Beast Statue":91,"Mercury Hourglass":76,"Strange Spoon":47,"REME:ComplimentaryCards":0,"Anchor":39,"Snack Pack":33,"Bag of Marbles":76,"Membership Card":4,"FossilizedHelix":76}],"Toy Ornithopter":0,"Unceasing Top":[1],"Meat on the Bone":0},"card_choices":[{"not_picked":["Leap","Ball Lightning+1"],"picked":"Rebound+1","floor":0},{"not_picked":["Cold Snap+1","Recycle"],"picked":"Melter+1","floor":0},{"not_picked":["Compile Driver+1","Redo"],"picked":"Streamline+1","floor":0},{"not_picked":["Streamline+1","Lockon+1","Rainbow+1"],"picked":"SKIP","floor":1},{"not_picked":["Redo+1","Genetic Algorithm+1"],"picked":"Conserve Battery+1","floor":3},{"not_picked":["Sweeping Beam+1","Capacitor"],"picked":"Turbo+1","floor":4},{"not_picked":["ReplayTheSpireMod:Calculation Training+1","Redo+1"],"picked":"Hologram+1","floor":8},{"not_picked":["conspire:Rain+1","Conserve Battery+1"],"picked":"Turbo+1","floor":11},{"not_picked":["Lockon+1","Glacier+1"],"picked":"Hologram+1","floor":13},{"not_picked":["ReplayGash+1","Time Bomb+1","Streamline+1"],"picked":"SKIP","floor":13},{"not_picked":["Stack+1","Panic Button+1","Glacier+1"],"picked":"SKIP","floor":14},{"not_picked":["ReplayGash+1","Leap+1","Stack+1"],"picked":"SKIP","floor":14},{"not_picked":["Core Surge+1","Creative AI"],"picked":"Reboot+1","floor":16},{"not_picked":["Beam Cell+1","Ball Lightning+1"],"picked":"Gash+1","floor":18},{"not_picked":["Beam Cell+1","Darkness+1","Time Bomb+1"],"picked":"SKIP","floor":18},{"not_picked":["Compile Driver+1","Ball Lightning+1"],"picked":"Gash+1","floor":19},{"not_picked":["Streamline+1","Aggregate+1"],"picked":"Scrape+1","floor":19},{"not_picked":["Static Discharge","Stack+1","Rebound+1"],"picked":"SKIP","floor":20},{"not_picked":["Ball Lightning+1","ReplayTheSpireMod:Fabricate Wheel+1","Leap+1"],"picked":"SKIP","floor":20},{"not_picked":["Streamline+1","FTL+1","Compile Driver+1"],"picked":"SKIP","floor":24},{"not_picked":["Beam Cell+1","Fission+1","ReplaySort+1"],"picked":"SKIP","floor":24},{"not_picked":["Reinforced Body+1","Undo+1"],"picked":"Hologram+1","floor":28},{"not_picked":["Cold Snap+1","Compile Driver+1","Hologram+1"],"picked":"SKIP","floor":28},{"not_picked":["Core Surge+1","Scrape+1"],"picked":"Skim+1","floor":29},{"not_picked":["Hologram+1","Steam Power+1"],"picked":"Stack+1","floor":30},{"not_picked":["Compile Driver+1","Time Bomb+1","Auto Shields+1"],"picked":"SKIP","floor":30},{"not_picked":["Panic Button+1","Coolheaded+1"],"picked":"Stack+1","floor":35},{"not_picked":["Go for the Eyes+1","Compile Driver+1","Turbo+1"],"picked":"SKIP","floor":35},{"not_picked":["Undo+1","ReplayTheSpireMod:GoodbyeWorld+1","Barrage+1"],"picked":"SKIP","floor":37},{"not_picked":["Chaos+1","Beam Cell+1","Hyperbeam+1"],"picked":"SKIP","floor":37},{"not_picked":["Ball Lightning+1","Go for the Eyes+1"],"picked":"Reinforced Body+1","floor":41},{"not_picked":["Conserve Battery+1","Capacitor","ReplayTheSpireMod:Repulse+1"],"picked":"SKIP","floor":42},{"not_picked":["Force Field+1","Sweeping Beam+1","Hologram+1"],"picked":"SKIP","floor":42},{"not_picked":["Glacier+1","ReplaySort+1","Rip and Tear+1"],"picked":"SKIP","floor":44},{"not_picked":["Hello World+1","Steam+1","Crystallizer"],"picked":"SKIP","floor":45},{"not_picked":["Beam Cell+1","BasicCrystalCard+1","Sweeping Beam+1"],"picked":"SKIP","floor":45},{"not_picked":["FTL+1","ReplayGash+1","White Noise+1"],"picked":"SKIP","floor":46},{"not_picked":["Crystallizer+1","FTL+1","Conserve Battery+1"],"picked":"SKIP","floor":48},{"not_picked":["Consume+1","Rip and Tear+1","BootSequence+1"],"picked":"SKIP","floor":48},{"not_picked":["Reprogram+1","Cold Snap+1"],"picked":"Hologram+1","floor":54}],"player_experience":160925,"relics_obtained":[{"floor":8,"key":"Prayer Wheel"},{"floor":9,"key":"conspire:DecoderRing"},{"floor":10,"key":"InkBottle"},{"floor":10,"key":"Mirror"},{"floor":11,"key":"Pantograph"},{"floor":21,"key":"Gremlin Food"},{"floor":26,"key":"Replay:Bottled Steam"},{"floor":29,"key":"White Beast Statue"},{"floor":41,"key":"Replay:Mystery Machine"},{"floor":43,"key":"Replay:Bottled Flurry"},{"floor":44,"key":"conspire:TopHat"},{"floor":46,"key":"Bronze Scales"},{"floor":47,"key":"Replay:Multitool"},{"floor":54,"key":"Bottled Flame"}],"event_choices":[{"damage_healed":0,"gold_gain":0,"player_choice":"Ignored","damage_taken":0,"max_hp_gain":0,"max_hp_loss":0,"event_name":"Purifier","floor":2,"gold_loss":0},{"damage_healed":0,"gold_gain":0,"player_choice":"Obtained Book","damage_taken":16,"max_hp_gain":0,"max_hp_loss":0,"event_name":"Cursed Tome","floor":22,"gold_loss":0},{"damage_healed":0,"gold_gain":0,"player_choice":"1 cards matched","damage_taken":0,"max_hp_gain":0,"max_hp_loss":0,"event_name":"Match and Keep!","floor":36,"gold_loss":0,"cards_obtained":["Core Surge"]},{"damage_healed":0,"gold_gain":0,"player_choice":"Paid","damage_taken":0,"relics_obtained":["Red Mask"],"max_hp_gain":0,"max_hp_loss":0,"event_name":"Tomb of Lord Red Mask","floor":38,"gold_loss":490},{"damage_healed":0,"gold_gain":0,"player_choice":"Fight","damage_taken":0,"max_hp_gain":0,"max_hp_loss":0,"event_name":"MindBloom","floor":47,"gold_loss":0}],"is_beta":false,"boss_relics":[{"not_picked":["Snecko Eye","Empty Cage","Velvet Choker"]},{"not_picked":["Replay:Ancient Bell","Calling Bell"],"picked":"Nuclear Battery"}],"items_purged_floors":[0,0,0,0,0,0,0,0,0,0],"is_endless":false,"potions_floor_spawned":[3,4,13,16,19,20,29,30,33,35,37,41,42,44,45,46,47,48,54],"ascension_level":1}}