{"host":"axuns55dzq466eei","time":1611323236,"event":{"mods":["BaseMod","Colored Map","Keyboard Shortcuts","Minty Spire (QoL Compilation)","StSLib","SuperFastMode"],"gold_per_floor":[10,10,10,29,49,92,111,125,152,177,177,215,229,229,229,229,229],"floor_reached":16,"language":"KOR","playtime":374,"items_purged":[],"score":228,"play_id":"b59f721e-b230-4959-bc1d-9124e195d231","local_time":"20210122224716","is_ascension_mode":true,"campfire_choices":[{"floor":11,"key":"REST"},{"data":"Biased Cognition","floor":15,"key":"SMITH"}],"circlet_count":0,"master_deck":["AscendersBane","Strike_B","Strike_B","Strike_B","Strike_B","Defend_B","Defend_B","Defend_B","Defend_B","Zap","Dualcast","Biased Cognition+1","Coolheaded","Conserve Battery","Cold Snap","White Noise","Hologram","Recycle","Coolheaded"],"relics":["Cracked Core","Golden Idol","Ancient Tea Set","PreservedInsect","Nunchaku","Ornamental Fan"],"acts_visited":["Exordium"],"potions_floor_usage":[12,13,16],"damage_taken":[{"damage":1,"enemies":"2 Louse","floor":1,"turns":2},{"damage":7,"enemies":"Cultist","floor":4,"turns":4},{"damage":4,"enemies":"Small Slimes","floor":5,"turns":3},{"damage":31,"enemies":"Lagavulin","floor":6,"turns":10},{"damage":1,"enemies":"Blue Slaver","floor":7,"turns":4},{"damage":2,"enemies":"Looter","floor":8,"turns":4},{"damage":0,"enemies":"2 Fungi Beasts","floor":10,"turns":4},{"damage":3,"enemies":"Gremlin Nob","floor":12,"turns":3},{"damage":6,"enemies":"Lots of Slimes","floor":13,"turns":2},{"damage":33,"enemies":"Slime Boss","floor":16,"turns":11}],"seed_played":"3686020378318065762","potions_obtained":[{"floor":1,"key":"Explosive Potion"},{"floor":3,"key":"Swift Potion"},{"floor":4,"key":"FearPotion"},{"floor":13,"key":"SkillPotion"}],"is_trial":false,"path_per_floor":["M","?","?","M","M","E","M","M","T","M","R","E","M","T","R","B"],"character_chosen":"DEFECT","items_purchased":[],"campfire_rested":1,"item_purchase_floors":[],"current_hp_per_floor":[63,63,63,56,52,21,20,18,18,18,37,34,28,28,28,0,0],"gold":229,"neow_bonus":"THREE_RARE_CARDS","is_daily":false,"chose_seed":false,"campfire_upgraded":1,"win_rate":0.0,"timestamp":1611323236,"path_taken":["M","?","?","M","M","E","M","M","T","?","R","E","M","?","R","BOSS"],"items_purchased_type":[],"build_version":"2020-12-22","purchased_purges":0,"victory":false,"max_hp_per_floor":[71,64,64,64,64,64,64,64,64,64,64,64,64,64,64,64,64],"card_choices":[{"not_picked":["Meteor Strike","Reboot"],"picked":"Biased Cognition","floor":0},{"not_picked":["Scrape","Hello World","Rebound"],"picked":"SKIP","floor":1},{"not_picked":["FTL","Redo"],"picked":"Coolheaded","floor":4},{"not_picked":["Genetic Algorithm","Redo"],"picked":"Conserve Battery","floor":5},{"not_picked":["Sweeping Beam","Streamline"],"picked":"Cold Snap","floor":6},{"not_picked":["Leap","Steam"],"picked":"White Noise","floor":7},{"not_picked":["Force Field","Compile Driver"],"picked":"Hologram","floor":8},{"not_picked":["Stack","Gash"],"picked":"Recycle","floor":10},{"not_picked":["Fission","Leap"],"picked":"Coolheaded","floor":12},{"not_picked":["Turbo","Gash","Go for the Eyes"],"picked":"SKIP","floor":13}],"player_experience":1098167,"relics_obtained":[{"floor":6,"key":"Ancient Tea Set"},{"floor":9,"key":"PreservedInsect"},{"floor":12,"key":"Nunchaku"},{"floor":14,"key":"Ornamental Fan"}],"event_choices":[{"damage_healed":0,"gold_gain":0,"player_choice":"Lose Max HP","damage_taken":0,"relics_obtained":["Golden Idol"],"max_hp_gain":0,"max_hp_loss":7,"event_name":"Golden Idol","floor":2,"gold_loss":0},{"damage_healed":0,"gold_gain":0,"player_choice":"Got Potions","damage_taken":0,"max_hp_gain":0,"max_hp_loss":0,"event_name":"Lab","floor":3,"gold_loss":0}],"is_beta":false,"boss_relics":[],"items_purged_floors":[],"is_endless":false,"potions_floor_spawned":[1,4,8,13],"killed_by":"Slime Boss","ascension_level":20}}