{"host":"y76clbnovzmw9ubx","time":1611323699,"event":{"mods":["AchievementEnabler","BaseMod","Minty Spire (QoL Compilation)","Permanent Neow","Relic Stats"],"gold_per_floor":[111,111,123,138,151,178,194,220,220,238,238,238],"floor_reached":11,"language":"ENG","playtime":628,"items_purged":[],"score":174,"play_id":"6ab06c75-5631-4bff-8e4b-5fae4d4b4414","local_time":"20210122085459","is_ascension_mode":true,"campfire_choices":[],"circlet_count":0,"master_deck":["AscendersBane","Strike_G","Strike_G","Strike_G","Strike_G","Defend_G","Defend_G","Defend_G","Defend_G","Defend_G","Survivor","Neutralize+1","Slice","Dagger Throw","Deflect","Finisher","Venomology","Dagger Spray","Backflip","Acrobatics"],"relics":["Ring of the Snake","MealTicket","Question Card","Ice Cream"],"acts_visited":["Exordium"],"potions_floor_usage":[8,8,8,8,11,11],"damage_taken":[{"damage":1,"enemies":"2 Louse","floor":1,"turns":3},{"damage":0,"enemies":"Cultist","floor":3,"turns":3},{"damage":0,"enemies":"Small Slimes","floor":4,"turns":5},{"damage":1,"enemies":"Looter","floor":5,"turns":4},{"damage":24,"enemies":"Gremlin Nob","floor":6,"turns":4},{"damage":0,"enemies":"2 Fungi Beasts","floor":7,"turns":3},{"damage":13,"enemies":"Lagavulin","floor":8,"turns":6},{"damage":18,"enemies":"Exordium Thugs","floor":10,"turns":7},{"damage":2,"enemies":"Gremlin Nob","floor":11,"turns":3}],"seed_played":"6401588366348346288","potions_obtained":[{"floor":5,"key":"SpeedPotion"},{"floor":6,"key":"FairyPotion"},{"floor":7,"key":"SteroidPotion"}],"is_trial":false,"path_per_floor":["M","?","M","M","M","E","M","E","T","M","E"],"character_chosen":"THE_SILENT","items_purchased":[],"campfire_rested":0,"item_purchase_floors":[],"current_hp_per_floor":[58,58,58,58,57,33,33,20,20,2,0,0],"gold":238,"neow_bonus":"TRANSFORM_CARD","is_daily":false,"chose_seed":false,"campfire_upgraded":0,"win_rate":0.0,"timestamp":1611323699,"path_taken":["M","?","M","M","?","E","M","E","T","M","E"],"items_purchased_type":[],"build_version":"2020-12-22","purchased_purges":0,"victory":false,"max_hp_per_floor":[66,66,66,66,66,66,66,66,66,66,66,66],"relic_stats":{"counters":[9,38],"MealTicket":0,"Question Card":1,"obtain_stats":[{"Ice Cream":9,"MealTicket":6,"Question Card":8,"Ring of the Snake":0},{"Ice Cream":7,"MealTicket":5,"Question Card":7,"Ring of the Snake":0},{"Ice Cream":28,"MealTicket":19,"Question Card":28,"Ring of the Snake":0}],"Ring of the Snake":[18]},"card_choices":[{"not_picked":["Deflect","Slice"],"picked":"Dagger Throw","floor":1},{"not_picked":["Crippling Poison","Eviscerate"],"picked":"Deflect","floor":3},{"not_picked":["Tactician","Distraction","Slice"],"picked":"SKIP","floor":4},{"not_picked":["Dodge and Roll","Distraction"],"picked":"Finisher","floor":5},{"not_picked":["PiercingWail","Deadly Poison"],"picked":"Venomology","floor":6},{"not_picked":["Skewer","PiercingWail"],"picked":"Dagger Spray","floor":7},{"not_picked":["Grand Finale","Acrobatics"],"picked":"Backflip","floor":8},{"not_picked":["Deadly Poison","Catalyst","Prepared"],"picked":"Acrobatics","floor":10}],"player_experience":3100450,"relics_obtained":[{"floor":6,"key":"MealTicket"},{"floor":8,"key":"Question Card"},{"floor":9,"key":"Ice Cream"}],"event_choices":[{"damage_healed":0,"gold_gain":0,"player_choice":"Forge","damage_taken":0,"max_hp_gain":0,"max_hp_loss":0,"event_name":"Accursed Blacksmith","floor":2,"gold_loss":0,"cards_upgraded":["Neutralize"]}],"is_beta":false,"boss_relics":[],"items_purged_floors":[],"is_endless":false,"potions_floor_spawned":[5,6,7],"killed_by":"Gremlin Nob","ascension_level":20}}