{"host":"qxeepl7ydvsgmfdb","time":1611324259,"event":{"mods":["AchievementEnabler","BaseMod","Colored Powertips","Minty Spire (QoL Compilation)","Quick Restart","slay the spire mod where everything is the same but ironclad has a cowboy hat"],"gold_per_floor":[115,115,65,65,65,65,96,96,96,112,137,172,172,85,85,187,187,197,5,5,5,20,20,20],"floor_reached":23,"language":"ENG","playtime":589,"items_purged":[],"score":352,"play_id":"9022d4a2-9324-492f-904b-e6fecf65cd90","local_time":"20210122090419","is_ascension_mode":true,"campfire_choices":[{"data":"Survivor","floor":6.0,"key":"SMITH"},{"data":"Slice","floor":8.0,"key":"SMITH"},{"floor":13.0,"key":"REST"},{"data":"Blade Dance","floor":15.0,"key":"SMITH"}],"circlet_count":0,"master_deck":["AscendersBane","Strike_G","Strike_G","Strike_G","Defend_G","Defend_G","Defend_G","Defend_G","Defend_G","Survivor+1","Neutralize+1","Slice+1","Slice","Blade Dance+1","Accuracy","Phantasmal Killer","CurseOfTheBell"],"relics":["Ring of the Snake","NeowsBlessing","Orichalcum","Singing Bowl","Dream Catcher","Snake Skull","Calling Bell","Smiling Mask","Matryoshka","CaptainsWheel","Strawberry"],"acts_visited":["Exordium","TheCity"],"potions_floor_usage":[23,23],"damage_taken":[{"damage":0.0,"enemies":"2 Louse","floor":1.0,"turns":1.0},{"damage":0.0,"enemies":"3 Sentries","floor":7.0,"turns":2.0},{"damage":0.0,"enemies":"Jaw Worm","floor":10.0,"turns":1.0},{"damage":27.0,"enemies":"Gremlin Nob","floor":12.0,"turns":5.0},{"damage":28.0,"enemies":"The Guardian","floor":16.0,"turns":18.0},{"damage":15.0,"enemies":"Shell Parasite","floor":18.0,"turns":6.0},{"damage":1,"enemies":"Spheric Guardian","floor":22,"turns":4},{"damage":43,"enemies":"Book of Stabbing","floor":23,"turns":6}],"seed_played":"-1376589198635151714","potions_obtained":[{"floor":10.0,"key":"Fire Potion"},{"floor":12.0,"key":"AttackPotion"},{"floor":16.0,"key":"EssenceOfSteel"}],"is_trial":false,"path_per_floor":["M","?","?","?","$","R","E","R","T","M","T","E","R","$","R","B",null,"M","$","?","?","M","E"],"character_chosen":"THE_SILENT","items_purchased":["Blade Dance","Accuracy","Strawberry","SkillPotion"],"campfire_rested":1,"item_purchase_floors":[14,14,19,19],"current_hp_per_floor":[63,56,56,56,56,56,56,56,56,58,58,33,55,55,55,27,62,49,56,56,40,41,0,0],"gold":20,"neow_bonus":"THREE_ENEMY_KILL","is_daily":false,"chose_seed":false,"campfire_upgraded":3,"win_rate":0.0,"timestamp":1611324259,"path_taken":["M","?","?","?","$","R","E","R","T","M","?","E","R","?","R","BOSS","M","$","?","?","M","E"],"items_purchased_type":["Card","Card","Relic","Potion"],"build_version":"2020-12-22","purchased_purges":0,"victory":false,"max_hp_per_floor":[70,70,70,70,70,70,70,70,70,72,72,74,74,74,74,74,74,76,83,83,83,85,85,85],"card_choices":[{"not_picked":["Bane","Quick Slash","PiercingWail"],"picked":"SKIP","floor":1.0},{"not_picked":["Bane","Prepared"],"picked":"Slice","floor":7.0},{"not_picked":["Underhanded Strike","Escape Plan","Prepared"],"picked":"Singing Bowl","floor":10.0},{"not_picked":["Riddle With Holes","Sucker Punch","Dodge and Roll"],"picked":"Singing Bowl","floor":12.0},{"not_picked":["Escape Plan","Tools of the Trade"],"picked":"Slice","floor":13.0},{"not_picked":["Wraith Form v2","Unload"],"picked":"Phantasmal Killer","floor":16.0},{"not_picked":["Bane","Bouncing Flask","Riddle With Holes"],"picked":"Singing Bowl","floor":18.0},{"not_picked":["Well Laid Plans+1","PiercingWail","Dodge and Roll"],"picked":"Singing Bowl","floor":22}],"player_experience":202797,"relics_obtained":[{"floor":7.0,"key":"Orichalcum"},{"floor":9.0,"key":"Singing Bowl"},{"floor":11.0,"key":"Dream Catcher"},{"floor":12.0,"key":"Snake Skull"},{"floor":17.0,"key":"Smiling Mask"},{"floor":17.0,"key":"Matryoshka"},{"floor":17.0,"key":"CaptainsWheel"}],"event_choices":[{"cards_removed":["Strike_G"],"damage_healed":0.0,"max_hp_gain":0.0,"max_hp_loss":0.0,"gold_gain":0.0,"event_name":"Golden Wing","player_choice":"Card Removal","floor":2.0,"gold_loss":0.0,"damage_taken":7.0},{"cards_removed":["Strike_G"],"damage_healed":0.0,"max_hp_gain":0.0,"max_hp_loss":0.0,"gold_gain":0.0,"event_name":"The Cleric","player_choice":"Card Removal","floor":3.0,"gold_loss":50.0,"damage_taken":0.0},{"damage_healed":0.0,"max_hp_gain":0.0,"max_hp_loss":0.0,"gold_gain":0.0,"event_name":"Living Wall","player_choice":"Grow","floor":4.0,"gold_loss":0.0,"damage_taken":0.0,"cards_upgraded":["Neutralize"]},{"damage_healed":0.0,"max_hp_gain":0.0,"max_hp_loss":0.0,"gold_gain":0.0,"event_name":"Ghosts","player_choice":"Ignored","floor":20.0,"gold_loss":0.0,"damage_taken":0.0},{"damage_healed":0.0,"max_hp_gain":0.0,"max_hp_loss":0.0,"gold_gain":0.0,"event_name":"Cursed Tome","player_choice":"Obtained Book","floor":21.0,"gold_loss":0.0,"damage_taken":16.0}],"is_beta":false,"boss_relics":[{"not_picked":["Philosopher\u0027s Stone","Sozu"],"picked":"Calling Bell"}],"items_purged_floors":[],"is_endless":false,"potions_floor_spawned":[10,12,16],"killed_by":"Book of Stabbing","ascension_level":10}}