{"host":"sc0o2qwpf9j16a4i","time":1611277239,"event":{"mods":["AchievementEnabler","BaseMod","BetterRewards","Block Reminder","Colored Map","Colored Powertips","Custom Start","Highlight Path","Minty Spire (QoL Compilation)","Relic Stats"],"gold_per_floor":[117,128,147,147,159,159,194,194,194,194,194,225,250,250,250,345,345,384,400,37,76,76,76,76,76],"floor_reached":24,"language":"ENG","playtime":827,"items_purged":[],"score":662,"play_id":"b8115f5b-dfba-4ceb-8f9c-fef317a37cbd","local_time":"20210122030039","is_ascension_mode":true,"campfire_choices":[{"floor":6,"key":"REST"},{"floor":8,"key":"REST"},{"data":"Blasphemy","floor":10,"key":"SMITH"},{"floor":15,"key":"REST"},{"floor":23,"key":"REST"}],"circlet_count":0,"master_deck":["AscendersBane","Strike_P","Strike_P","Strike_P","Strike_P","Defend_P","Defend_P","Defend_P","Defend_P","Eruption","Vigilance","CutThroughFate","Prostrate","Wireheading","Prostrate","WindmillStrike","Protect","Blasphemy+1","MasterReality","WaveOfTheHand","Wish","CarveReality","MentalFortress","Ragnarok","TalkToTheHand"],"relics":["PureWater","Damaru","Strawberry","Pantograph","Medical Kit","Potion Belt","Regal Pillow","Golden Idol","Blue Candle","MealTicket","Snecko Eye","Kunai"],"acts_visited":["Exordium","TheCity"],"potions_floor_usage":[7,16,16,16,18,24],"damage_taken":[{"damage":12,"enemies":"Small Slimes","floor":1,"turns":4},{"damage":5,"enemies":"2 Louse","floor":2,"turns":4},{"damage":0,"enemies":"Jaw Worm","floor":3,"turns":2},{"damage":11,"enemies":"3 Louse","floor":5,"turns":4},{"damage":0,"enemies":"Lagavulin","floor":7,"turns":3},{"damage":24,"enemies":"Gremlin Nob","floor":12,"turns":4},{"damage":0,"enemies":"2 Fungi Beasts","floor":13,"turns":3},{"damage":18,"enemies":"Hexaghost","floor":16,"turns":11},{"damage":11,"enemies":"Shell Parasite","floor":18,"turns":5},{"damage":15,"enemies":"Chosen","floor":19,"turns":4},{"damage":19,"enemies":"Snecko","floor":21,"turns":5},{"damage":100055,"enemies":"Slavers","floor":24,"turns":5}],"seed_played":"873902224713025819","potions_obtained":[{"floor":1,"key":"ColorlessPotion"},{"floor":2,"key":"Block Potion"},{"floor":7,"key":"Block Potion"},{"floor":13,"key":"SteroidPotion"},{"floor":16,"key":"Weak Potion"},{"floor":21,"key":"AttackPotion"}],"is_trial":false,"path_per_floor":["M","M","M","?","M","R","E","R","T","R","?","E","M","?","R","B",null,"M","M","$","M","?","R","E"],"character_chosen":"WATCHER","items_purchased":["Damaru","Strawberry","CutThroughFate","Prostrate","Pantograph","Medical Kit","Kunai","Ragnarok"],"campfire_rested":4,"item_purchase_floors":[0,0,0,0,0,0,20,20],"current_hp_per_floor":[25,20,20,20,9,31,31,53,53,53,53,29,29,18,53,50,64,53,38,53,34,34,68,0,0],"gold":76,"neow_bonus":"","is_daily":false,"chose_seed":false,"campfire_upgraded":1,"win_rate":0.0,"timestamp":1611277239,"path_taken":["M","M","M","?","M","R","E","R","T","R","?","E","M","?","R","BOSS","M","M","$","M","?","R","E"],"items_purchased_type":["Relic","Relic","Card","Card","Relic","Relic","Relic","Card"],"build_version":"2020-12-22","purchased_purges":0,"victory":false,"max_hp_per_floor":[75,75,75,75,75,75,75,75,75,75,68,68,68,68,68,68,68,68,68,68,68,68,68,68,68],"relic_stats":{"Regal Pillow":29,"counters":[12,53],"Golden Idol":39,"Pantograph":15,"Blue Candle":[0],"Snecko Eye":[35,29,33,22],"MealTicket":15,"Kunai":[3],"Medical Kit":[7],"obtain_stats":[{"Potion Belt":7,"Regal Pillow":9,"Golden Idol":11,"Strawberry":0,"Pantograph":0,"Blue Candle":12,"Damaru":0,"Snecko Eye":17,"MealTicket":14,"Kunai":20,"PureWater":0,"Medical Kit":0},{"Potion Belt":5,"Regal Pillow":5,"Golden Idol":5,"Strawberry":0,"Pantograph":0,"Blue Candle":6,"Damaru":0,"Snecko Eye":8,"MealTicket":7,"Kunai":10,"PureWater":0,"Medical Kit":0},{"Potion Belt":17,"Regal Pillow":17,"Golden Idol":17,"Strawberry":0,"Pantograph":0,"Blue Candle":21,"Damaru":0,"Snecko Eye":35,"MealTicket":24,"Kunai":44,"PureWater":0,"Medical Kit":0}]},"card_choices":[{"not_picked":["JustLucky","FollowUp"],"picked":"Wireheading","floor":1},{"not_picked":["PathToVictory","CrushJoints"],"picked":"Prostrate","floor":2},{"not_picked":["Weave","EmptyBody"],"picked":"WindmillStrike","floor":3},{"not_picked":["LikeWater","CutThroughFate"],"picked":"Protect","floor":5},{"not_picked":["Evaluate","DeceiveReality"],"picked":"Blasphemy","floor":7},{"not_picked":["ReachHeaven","Evaluate"],"picked":"MasterReality","floor":12},{"not_picked":["InnerPeace","Vengeance"],"picked":"WaveOfTheHand","floor":13},{"not_picked":["DevaForm","Establishment"],"picked":"Wish","floor":16},{"not_picked":["Protect","Fasting2"],"picked":"CarveReality","floor":18},{"not_picked":["EmptyFist","Prostrate"],"picked":"MentalFortress","floor":19},{"not_picked":["SashWhip","CutThroughFate","CrushJoints"],"picked":"SKIP","floor":21}],"player_experience":875548,"relics_obtained":[{"floor":7,"key":"Potion Belt"},{"floor":9,"key":"Regal Pillow"},{"floor":12,"key":"Blue Candle"}],"event_choices":[{"damage_healed":0,"gold_gain":0,"player_choice":"Ignored","damage_taken":0,"max_hp_gain":0,"max_hp_loss":0,"event_name":"Liars Game","floor":4,"gold_loss":0},{"damage_healed":0,"gold_gain":0,"player_choice":"Lose Max HP","damage_taken":0,"relics_obtained":["Golden Idol"],"max_hp_gain":0,"max_hp_loss":7,"event_name":"Golden Idol","floor":11,"gold_loss":0},{"damage_healed":0,"gold_gain":0,"player_choice":"Success","damage_taken":11,"relics_obtained":["MealTicket"],"max_hp_gain":0,"max_hp_loss":0,"event_name":"Scrap Ooze","floor":14,"gold_loss":0},{"damage_healed":0,"gold_gain":0,"player_choice":"Read","damage_taken":0,"max_hp_gain":0,"max_hp_loss":0,"event_name":"The Library","floor":22,"gold_loss":0,"cards_obtained":["TalkToTheHand"]}],"is_beta":false,"boss_relics":[{"not_picked":["Astrolabe","SlaversCollar"],"picked":"Snecko Eye"}],"items_purged_floors":[],"is_endless":false,"potions_floor_spawned":[1,2,7,13,16,21],"killed_by":"Slavers","ascension_level":20}}