{"host":"sc0o2qwpf9j16a4i","time":1611346458,"event":{"mods":["AchievementEnabler","BaseMod","BetterRewards","Block Reminder","Colored Map","Colored Powertips","Custom Start","Highlight Path","Minty Spire (QoL Compilation)","Relic Stats"],"gold_per_floor":[118,193,118,118,118,147,147,175,175,187,207,12,39,51,51,128,128,140,54,0,0,11,44,44,58,58,76,76,1,13,13,13,84,84,104,117,117,117,137,137,151,186,186,186,186,197,226,243,243,243,243,243],"floor_reached":51,"language":"ENG","playtime":1899,"items_purged":["Rupture"],"score":1615,"play_id":"65cbc00e-ba45-4051-b25c-af318906ee66","local_time":"20210122221418","is_ascension_mode":true,"campfire_choices":[{"data":"Bash","floor":7.0,"key":"SMITH"},{"data":"Apotheosis","floor":15.0,"key":"SMITH"},{"floor":24.0,"key":"REST"},{"floor":28.0,"key":"REST"},{"floor":32.0,"key":"REST"},{"floor":40.0,"key":"RECALL"},{"floor":44,"key":"REST"},{"floor":49,"key":"REST"}],"circlet_count":0,"master_deck":["AscendersBane","Strike_R","Strike_R","Strike_R+1","Defend_R","Defend_R","Defend_R","Bash+1","Fire Breathing+1","Power Through","Wild Strike","Twin Strike","Uppercut","Flame Barrier","Apotheosis+1","Headbutt","Disarm","Barricade","True Grit","Body Slam","Impervious","Inflame+1","Shrug It Off","Havoc","Fiend Fire","Sentinel+1","Havoc","Master of Strategy","Dark Shackles","Secret Technique","Shrug It Off","Shockwave","Pommel Strike","Pommel Strike+1","Sentinel"],"relics":["Burning Blood","NeowsBlessing","Question Card","Paper Frog","Mercury Hourglass","Regal Pillow","Fusion Hammer","Lantern","Self Forming Clay","SlaversCollar","Bottled Tornado","Pear"],"acts_visited":["Exordium","TheCity","TheBeyond"],"potions_floor_usage":[51,51],"damage_taken":[{"damage":0.0,"enemies":"Jaw Worm","floor":1.0,"turns":1.0},{"damage":0.0,"enemies":"3 Sentries","floor":6.0,"turns":2.0},{"damage":0.0,"enemies":"Lagavulin","floor":8.0,"turns":2.0},{"damage":0.0,"enemies":"2 Louse","floor":10.0,"turns":3.0},{"damage":0.0,"enemies":"Small Slimes","floor":11.0,"turns":2.0},{"damage":5.0,"enemies":"3 Sentries","floor":13.0,"turns":4.0},{"damage":7.0,"enemies":"Exordium Thugs","floor":14.0,"turns":4.0},{"damage":10.0,"enemies":"Hexaghost","floor":16.0,"turns":8.0},{"damage":0.0,"enemies":"Chosen","floor":18.0,"turns":4.0},{"damage":17.0,"enemies":"Spheric Guardian","floor":22.0,"turns":6.0},{"damage":60.0,"enemies":"Slavers","floor":23.0,"turns":7.0},{"damage":25.0,"enemies":"Snake Plant","floor":25.0,"turns":5.0},{"damage":0.0,"enemies":"Snecko","floor":27.0,"turns":5.0},{"damage":8.0,"enemies":"Sentry and Sphere","floor":30.0,"turns":6.0},{"damage":20.0,"enemies":"Champ","floor":33.0,"turns":10.0},{"damage":3.0,"enemies":"3 Shapes","floor":35.0,"turns":7.0},{"damage":13.0,"enemies":"Orb Walker","floor":36.0,"turns":5.0},{"damage":0.0,"enemies":"3 Darklings","floor":39.0,"turns":6.0},{"damage":7.0,"enemies":"Sphere and 2 Shapes","floor":41.0,"turns":4.0},{"damage":47.0,"enemies":"Reptomancer","floor":42.0,"turns":8.0},{"damage":23,"enemies":"4 Shapes","floor":46,"turns":11},{"damage":0,"enemies":"Giant Head","floor":47,"turns":6},{"damage":0,"enemies":"3 Darklings","floor":48,"turns":6},{"damage":13,"enemies":"Awakened One","floor":50,"turns":16},{"damage":76,"enemies":"Time Eater","floor":51,"turns":15}],"seed_played":"-3073663249815712566","potions_obtained":[{"floor":1.0,"key":"ColorlessPotion"},{"floor":10.0,"key":"AttackPotion"},{"floor":16.0,"key":"EssenceOfSteel"},{"floor":25.0,"key":"LiquidMemories"},{"floor":27.0,"key":"ElixirPotion"},{"floor":33.0,"key":"EntropicBrew"},{"floor":39.0,"key":"BlessingOfTheForge"},{"floor":46,"key":"LiquidMemories"},{"floor":47,"key":"Weak Potion"}],"is_trial":false,"path_per_floor":["M","?","?","?","?","E","R","E","T","M","M","$","E","M","R","B",null,"M","$","$","?","M","E","R","M","T","M","R","$","M","$","R","B",null,"M","M","?","?","M","R","M","E","T","R","?","M","E","M","R","B","B"],"character_chosen":"IRONCLAD","items_purchased":["Apotheosis","Rupture","ColorlessPotion"],"campfire_rested":5,"item_purchase_floors":[12,19,20],"current_hp_per_floor":[74,63,63,40,40,46,46,52,52,58,64,64,65,64,64,60,71,75,75,75,75,64,10,47,28,28,34,71,71,69,69,75,61,72,75,68,58,58,64,64,63,22,22,59,59,42,58,64,81,74,0,0],"gold":243,"neow_bonus":"THREE_ENEMY_KILL","is_daily":false,"chose_seed":false,"campfire_upgraded":2,"win_rate":0.0,"timestamp":1611346458,"path_taken":["M","?","?","?","?","E","R","E","T","?","M","$","E","M","R","BOSS","M","?","$","?","M","E","R","M","T","M","R","$","?","$","R","BOSS","M","M","?","?","M","R","M","E","T","R","?","M","E","M","R","BOSS","BOSS"],"items_purchased_type":["Card","Card","Potion"],"build_version":"2020-12-22","purchased_purges":1,"victory":false,"max_hp_per_floor":[75,75,75,75,75,75,75,75,75,75,75,75,75,75,75,75,75,75,75,75,75,75,75,75,75,75,75,75,75,75,75,75,75,75,75,75,75,75,75,75,75,75,75,75,71,71,81,81,81,81,81,81],"relic_stats":{"Regal Pillow":45,"counters":[25,152],"Self Forming Clay":[75],"Question Card":25,"obtain_stats":[{"SlaversCollar":34,"Regal Pillow":13,"Lantern":23,"Pear":47,"NeowsBlessing":0,"Self Forming Clay":26,"Fusion Hammer":17,"Bottled Tornado":42,"Question Card":6,"Burning Blood":0,"Paper Frog":8,"Mercury Hourglass":9},{"SlaversCollar":15,"Regal Pillow":6,"Lantern":11,"Pear":22,"NeowsBlessing":0,"Self Forming Clay":12,"Fusion Hammer":8,"Bottled Tornado":20,"Question Card":2,"Burning Blood":0,"Paper Frog":3,"Mercury Hourglass":3},{"SlaversCollar":68,"Regal Pillow":14,"Lantern":43,"Pear":115,"NeowsBlessing":0,"Self Forming Clay":47,"Fusion Hammer":26,"Bottled Tornado":98,"Question Card":3,"Burning Blood":0,"Paper Frog":5,"Mercury Hourglass":5}],"Burning Blood":142,"Mercury Hourglass":[614]},"card_choices":[{"not_picked":["Ghostly Armor","Warcry"],"picked":"Fire Breathing","floor":1.0},{"not_picked":["Headbutt","Second Wind"],"picked":"Wild Strike","floor":6.0},{"not_picked":["Second Wind","Sentinel","Cleave"],"picked":"Twin Strike","floor":8.0},{"not_picked":["Heavy Blade","Burning Pact","Body Slam"],"picked":"Uppercut","floor":10.0},{"not_picked":["Warcry","Cleave","Pummel"],"picked":"Flame Barrier","floor":11.0},{"not_picked":["Pommel Strike","Perfected Strike","Bloodletting"],"picked":"Headbutt","floor":13.0},{"not_picked":["Headbutt","Flame Barrier","Body Slam"],"picked":"Disarm","floor":14.0},{"not_picked":["Juggernaut","Exhume","Bludgeon"],"picked":"Barricade","floor":16.0},{"not_picked":["Thunderclap","Twin Strike","Headbutt"],"picked":"True Grit","floor":18.0},{"not_picked":["Pommel Strike","Dropkick","Warcry"],"picked":"Body Slam","floor":22.0},{"not_picked":["Disarm","Seeing Red","Heavy Blade"],"picked":"Impervious","floor":23.0},{"not_picked":["Sword Boomerang","Armaments+1","Clothesline"],"picked":"Inflame+1","floor":25.0},{"not_picked":["Thunderclap","Pommel Strike","Wild Strike+1"],"picked":"Shrug It Off","floor":27.0},{"not_picked":["Body Slam","Thunderclap","Headbutt"],"picked":"Havoc","floor":30.0},{"not_picked":["Offering","Barricade","Demon Form"],"picked":"Fiend Fire","floor":33.0},{"not_picked":["Rage","Havoc","Iron Wave"],"picked":"Sentinel+1","floor":35.0},{"not_picked":["Iron Wave","Thunderclap+1","Reckless Charge"],"picked":"Havoc","floor":36.0},{"not_picked":["Magnetism","Transmutation","Trip"],"picked":"Master of Strategy","floor":37.0},{"not_picked":["Deep Breath","Mind Blast","Trip"],"picked":"Dark Shackles","floor":37.0},{"not_picked":["Panacea","Good Instincts","Madness"],"picked":"Secret Technique","floor":37.0},{"not_picked":["Sever Soul","Inflame","Searing Blow"],"picked":"Shrug It Off","floor":39.0},{"not_picked":["Seeing Red","Burning Pact","Twin Strike+1"],"picked":"Shockwave","floor":41.0},{"not_picked":["Blood for Blood","Clothesline","Cleave","Pummel"],"picked":"SKIP","floor":42},{"not_picked":["Flex+1","Clothesline","Thunderclap"],"picked":"Pommel Strike","floor":46},{"not_picked":["Flex","Rage+1","Clothesline"],"picked":"Pommel Strike+1","floor":47},{"not_picked":["Combust","Heavy Blade","Berserk"],"picked":"Sentinel","floor":48}],"player_experience":904329,"relics_obtained":[{"floor":6.0,"key":"Question Card"},{"floor":8.0,"key":"Paper Frog"},{"floor":9.0,"key":"Mercury Hourglass"},{"floor":13.0,"key":"Regal Pillow"},{"floor":23.0,"key":"Lantern"},{"floor":26.0,"key":"Self Forming Clay"},{"floor":42,"key":"Bottled Tornado"},{"floor":47,"key":"Pear"}],"event_choices":[{"damage_healed":0.0,"max_hp_gain":0.0,"max_hp_loss":0.0,"gold_gain":75.0,"event_name":"World of Goop","player_choice":"Gather Gold","floor":2.0,"gold_loss":0.0,"damage_taken":11.0},{"cards_removed":["Strike_R"],"damage_healed":0.0,"max_hp_gain":0.0,"max_hp_loss":0.0,"gold_gain":0.0,"event_name":"The Cleric","player_choice":"Card Removal","floor":3.0,"gold_loss":75.0,"damage_taken":0.0},{"damage_healed":0.0,"max_hp_gain":0.0,"max_hp_loss":0.0,"gold_gain":0.0,"event_name":"Shining Light","player_choice":"Entered Light","floor":4.0,"gold_loss":0.0,"damage_taken":23.0,"cards_upgraded":["Fire Breathing","Strike_R"]},{"damage_healed":0.0,"max_hp_gain":0.0,"max_hp_loss":0.0,"gold_gain":0.0,"cards_transformed":["Strike_R"],"event_name":"Transmorgrifier","player_choice":"Transformed","floor":5.0,"gold_loss":0.0,"damage_taken":0.0,"cards_obtained":["Power Through"]},{"damage_healed":0.0,"max_hp_gain":0.0,"max_hp_loss":0.0,"gold_gain":0.0,"event_name":"Lab","player_choice":"Got Potions","floor":21.0,"gold_loss":0.0,"damage_taken":0.0},{"damage_healed":0.0,"max_hp_gain":0.0,"max_hp_loss":0.0,"gold_gain":0.0,"event_name":"SensoryStone","player_choice":"Memory 3","floor":37.0,"gold_loss":0.0,"damage_taken":10.0},{"cards_removed":["Defend_R"],"damage_healed":0.0,"max_hp_gain":0.0,"max_hp_loss":0.0,"gold_gain":0.0,"event_name":"Falling","player_choice":"Removed Skill","floor":38.0,"gold_loss":0.0,"damage_taken":0.0},{"damage_healed":0,"gold_gain":0,"player_choice":"Max HP","damage_taken":0,"max_hp_gain":0,"max_hp_loss":4,"event_name":"Winding Halls","floor":45,"gold_loss":0}],"is_beta":false,"boss_relics":[{"not_picked":["Runic Dome","Busted Crown"],"picked":"Fusion Hammer"},{"not_picked":["Mark of Pain","Runic Pyramid"],"picked":"SlaversCollar"}],"items_purged_floors":[29],"is_endless":false,"potions_floor_spawned":[1,10,16,25,27,33,39,46,47,48],"killed_by":"Time Eater","ascension_level":20}}