{"host":"mal0jdk4f6ubgyb8","time":1611294766,"event":{"mods":["100% Spire Juice","Act Like it!","Arknights The Spire","Aspiration","BaseMod","Gensokyo","Hallownest","Koishi","Luminous","Marisa£®ÏF”Í°°ƒß¿Ì…≥£©","Minty Spire (QoL Compilation)","Quick Restart","Reimu£®≤©¿ˆ¡È√Œ£©","Relic Stats","Remilia£®¿Ÿ√◊¿Ú—«£©","StSLib","The Bug Knight","WarShipGirlsR/’ΩΩ¢…Ÿ≈ÆR mod","Yakumo Yukari mod","Youmu£®ªÍ∆«—˝√Œ£©","Yuri Mod","Yuyuko"],"gold_per_floor":[118,108,108,118,130,160,160,180,204,229,229,105,30,60,60,464,464,676,696,696,132,146,146,181,181,205,216,273,293,311,321,321,424,424,439,439,450,467,478,512,524,570,663,704,734,777,789,829,841,853,865,877,98,129,129],"floor_reached":56,"language":"ZHS","playtime":3476,"items_purged":["Strike_RM","Defend_RM","Strike_RM"],"score":1638,"play_id":"3e953aea-adb7-4448-8a83-20a8d40ad6d0","local_time":"20210122135246","is_ascension_mode":true,"campfire_choices":[{"data":"BatForm","floor":7.0,"key":"SMITH"},{"data":"TransientEternity","floor":15.0,"key":"SMITH"},{"floor":23.0,"key":"DIG"},{"floor":25.0,"key":"DIG"},{"floor":32.0,"key":"RECALL"},{"floor":49,"key":"DIG"},{"floor":52,"key":"DIG"}],"circlet_count":0,"master_deck":["Strike_RM","Strike_RM","Defend_RM","Defend_RM","Defend_RM","RedMoon","ScarletShoot","RedRainbow","TransientEternity+1","RedMagic+1","HunterOfTheNight","BatForm+1","ScarletDevil","BloodyCatastrophe","StarOfDavid+1","ForecastOfChange","ScarletDream","MiserableFate+1","ScarletImprint+1","NightDance+1","DiffusionOfMisfortune+1","MillenniumVampire","TransientEternity","MillenniumVampire","ScarletDevil+1","ScarletCoffin","RedMagic","BloodHunter+1","TwelveNightmare+1","TricksterDevil","ScarletNetherworld+1","HunterOfTheNight+1","ScarletDevil+1","Mayhem+1","EternalNight+1"],"relics":["ScarletHat","NeowsBlessing","Gremlin Horn","Bird Faced Urn","aspiration:HummingbirdHeart","aspiration:HiddenCompartment","ScarletEmblem","Shovel","FairyMaid","aspiration:ChemicalBlood","Bag of Preparation","Bronze Scales","Anchor","Omamori","APieceOfRedMist","Art of War","Whetstone","aspiration:Lifesprig","MawBank","Hallownest:BeastSealRelic","Lantern","Singing Bowl","Orichalcum","RuthlessExorcism:ReiMu","Akabeko","Centennial Puzzle","Vajra","Smiling Mask","HollowMod:StagPassRelic","Pantograph","War Paint","Torii","Lizard Tail"],"acts_visited":["Exordium","Gensokyo:Gensokyo","Hallownest:CityofTears","TheEnding"],"potions_floor_usage":[44,45,46,50,50,50,55,55,55],"damage_taken":[{"damage":0.0,"enemies":"Gensokyo:3_Fairies","floor":1.0,"turns":1.0},{"damage":0.0,"enemies":"Gensokyo:Python","floor":4.0,"turns":1.0},{"damage":0.0,"enemies":"Gensokyo:2_Kodama","floor":5.0,"turns":1.0},{"damage":48.0,"enemies":"Gensokyo:Aya","floor":6.0,"turns":10.0},{"damage":0.0,"enemies":"Gensokyo:LivingMonolith","floor":8.0,"turns":3.0},{"damage":7.0,"enemies":"Gensokyo:Cirno","floor":10.0,"turns":6.0},{"damage":4.0,"enemies":"Gensokyo:Aya","floor":14.0,"turns":6.0},{"damage":19.0,"enemies":"Gensokyo:Kokoro","floor":16.0,"turns":6.0},{"damage":12.0,"enemies":"Hallownest:2_Mistakes","floor":18.0,"turns":6.0},{"damage":10.0,"enemies":"Hallownest:Guard_and_Sentry","floor":19.0,"turns":7.0},{"damage":4.0,"enemies":"Hallownest:2_Flukemon","floor":22.0,"turns":4.0},{"damage":36.0,"enemies":"Hallownest:eliteWatcherKnight","floor":24.0,"turns":10.0},{"damage":8.0,"enemies":"Hallownest:monsterShrumalOgre","floor":27.0,"turns":2.0},{"damage":4.0,"enemies":"Hallownest:Glutton_and_Coward","floor":28.0,"turns":1.0},{"damage":0.0,"enemies":"Hallownest:2_Flukemon","floor":29.0,"turns":2.0},{"damage":4.0,"enemies":"Hallownest:monsterMisterMushroom","floor":30.0,"turns":3.0},{"damage":0.0,"enemies":"Hallownest:Master_and_Novice","floor":31.0,"turns":2.0},{"damage":8.0,"enemies":"Hallownest:BossSoulMaster","floor":33.0,"turns":4.0},{"damage":0.0,"enemies":"Hallownest:Shield_Heavy","floor":35.0,"turns":3.0},{"damage":4.0,"enemies":"Hallownest:3_Siblings","floor":37.0,"turns":3.0},{"damage":0.0,"enemies":"Hallownest:2_Great","floor":38.0,"turns":3.0},{"damage":4.0,"enemies":"Hallownest:monsterPrimalAspid","floor":39.0,"turns":4.0},{"damage":4.0,"enemies":"Hallownest:eliteCollector","floor":40.0,"turns":4.0},{"damage":4.0,"enemies":"Hallownest:eliteHiveKnight","floor":42.0,"turns":5.0},{"damage":9,"enemies":"Hallownest:eliteCollector","floor":44,"turns":5},{"damage":4,"enemies":"Hallownest:Shield_Sturdy","floor":45,"turns":4},{"damage":0,"enemies":"Hallownest:eliteHiveKnight","floor":46,"turns":2},{"damage":8,"enemies":"Hallownest:eliteCollector","floor":48,"turns":4},{"damage":77,"enemies":"Hallownest:Radiance","floor":50,"turns":6},{"damage":9,"enemies":"Shield and Spear","floor":54,"turns":4},{"damage":69,"enemies":"The Heart","floor":55,"turns":5}],"seed_played":"2837161890727535794","potions_obtained":[{"floor":5.0,"key":"ColorlessPotion"},{"floor":6.0,"key":"Dexterity Potion"},{"floor":14.0,"key":"Energy Potion"},{"floor":16.0,"key":"Dexterity Potion"},{"floor":18.0,"key":"SteroidPotion"},{"floor":27.0,"key":"Energy Potion"},{"floor":28.0,"key":"GrandPatriotsElixir:ReiMu"},{"floor":29.0,"key":"Fruit Juice"},{"floor":33.0,"key":"SkillPotion"},{"floor":37.0,"key":"LiquidMemories"},{"floor":39.0,"key":"FairyPotion"},{"floor":44,"key":"Fruit Juice"},{"floor":45,"key":"Fruit Juice"},{"floor":50,"key":"PowerPotion"},{"floor":55,"key":"FearPotion"}],"is_trial":false,"path_per_floor":["M","?","?","M","M","E","R","M","T","?","?","COS","$","E","R","B",null,"M","M","?","$","M","R","E","R","T","M","M","M","M","M","R","B",null,"M","?","M","M","M","E","?","E","T","E","M","E","?","E","R","B",null,"R","$","E","B",null],"character_chosen":"REMILIA","items_purchased":["FairyMaid","aspiration:ChemicalBlood","War Paint","Torii","SkillPotion","ScarletDevil","Mayhem"],"campfire_rested":0,"item_purchase_floors":[21,21,53,53,53,53,53],"current_hp_per_floor":[75,75,75,75,75,33,33,35,35,30,15,15,15,21,21,18,75,71,67,75,75,72,72,62,62,62,64,65,75,80,80,80,80,80,80,80,80,80,80,80,80,80,80,87,94,94,94,94,94,65,94,94,94,90,85],"gold":129,"neow_bonus":"THREE_ENEMY_KILL","is_daily":false,"chose_seed":false,"campfire_upgraded":2,"win_rate":0.0,"timestamp":1611294766,"path_taken":["M","?","?","M","?","E","R","M","T","?","?","COS","?","E","R","BOSS","M","M","?","$","M","R","E","R","T","M","M","?","M","M","R","BOSS","M","?","M","M","?","E","?","E","T","E","M","E","?","E","R","BOSS","R","$","E","BOSS"],"items_purchased_type":["Relic","Relic","Relic","Relic","Potion","Card","Card"],"build_version":"2020-12-22","purchased_purges":3,"victory":true,"max_hp_per_floor":[75,75,75,75,75,75,75,75,75,75,75,75,75,75,75,75,75,75,75,75,75,75,75,75,75,75,75,75,80,80,80,80,80,80,80,80,80,80,80,80,80,80,80,87,94,94,94,94,94,94,94,94,94,94,94],"relic_stats":{"Gremlin Horn":[29,29],"Singing Bowl":4,"Torii":2,"counters":[31,127],"Bag of Preparation":[40],"Whetstone":["ScarletImprint","NightDance"],"Orichalcum":[42],"War Paint":["RedMagic","MiserableFate"],"MawBank":156,"Smiling Mask":75,"Centennial Puzzle":[12],"Lizard Tail":0,"Shovel":4,"Bird Faced Urn":[73],"Bronze Scales":[172],"Pantograph":4,"Art of War":[1],"obtain_stats":[{"aspiration:Lifesprig":40,"Lantern":42,"Gremlin Horn":6,"Singing Bowl":43,"Torii":53,"Vajra":48,"FairyMaid":21,"Bag of Preparation":23,"Whetstone":38,"Smiling Mask":48,"HollowMod:StagPassRelic":49,"ScarletHat":0,"Centennial Puzzle":46,"Lizard Tail":54,"Shovel":19,"Pantograph":52,"aspiration:ChemicalBlood":21,"Hallownest:BeastSealRelic":41,"NeowsBlessing":0,"aspiration:HummingbirdHeart":11,"Omamori":26,"ScarletEmblem":17,"Orichalcum":44,"War Paint":53,"aspiration:HiddenCompartment":14,"MawBank":40,"Akabeko":46,"Anchor":25,"APieceOfRedMist":34,"Bird Faced Urn":10,"Bronze Scales":24,"Art of War":35,"RuthlessExorcism:ReiMu":45},{"aspiration:Lifesprig":23,"Lantern":24,"Gremlin Horn":4,"Singing Bowl":24,"Torii":29,"Vajra":28,"FairyMaid":10,"Bag of Preparation":11,"Whetstone":21,"Smiling Mask":28,"HollowMod:StagPassRelic":28,"ScarletHat":0,"Centennial Puzzle":27,"Lizard Tail":30,"Shovel":10,"Pantograph":29,"aspiration:ChemicalBlood":10,"Hallownest:BeastSealRelic":23,"NeowsBlessing":0,"aspiration:HummingbirdHeart":6,"Omamori":12,"ScarletEmblem":8,"Orichalcum":25,"War Paint":29,"aspiration:HiddenCompartment":7,"MawBank":23,"Akabeko":27,"Anchor":12,"APieceOfRedMist":18,"Bird Faced Urn":6,"Bronze Scales":12,"Art of War":19,"RuthlessExorcism:ReiMu":26},{"aspiration:Lifesprig":92,"Lantern":97,"Gremlin Horn":13,"Singing Bowl":97,"Torii":118,"Vajra":112,"FairyMaid":47,"Bag of Preparation":51,"Whetstone":84,"Smiling Mask":112,"HollowMod:StagPassRelic":112,"ScarletHat":0,"Centennial Puzzle":108,"Lizard Tail":122,"Shovel":42,"Pantograph":118,"aspiration:ChemicalBlood":47,"Hallownest:BeastSealRelic":92,"NeowsBlessing":0,"aspiration:HummingbirdHeart":22,"Omamori":61,"ScarletEmblem":34,"Orichalcum":102,"War Paint":118,"aspiration:HiddenCompartment":28,"MawBank":92,"Akabeko":108,"Anchor":61,"APieceOfRedMist":75,"Bird Faced Urn":22,"Bronze Scales":61,"Art of War":78,"RuthlessExorcism:ReiMu":106}]},"card_choices":[{"not_picked":["BloodHunter","Maim"],"picked":"RedRainbow","floor":1.0},{"not_picked":[],"picked":"TransientEternity","floor":2.0},{"not_picked":["UltimateOffering","VampireSweep"],"picked":"RedMagic","floor":4.0},{"not_picked":["UltimateOffering","ScarletDevilSign"],"picked":"HunterOfTheNight","floor":5.0},{"not_picked":["RedRainbow","EndlessAdversity"],"picked":"BatForm","floor":6.0},{"not_picked":["RedRainbow","BloodHunter"],"picked":"ScarletDevil","floor":8.0},{"not_picked":["VampireKiss","StarOfDavid"],"picked":"BloodyCatastrophe","floor":10.0},{"not_picked":["ScarletGensokyo","ChainGang"],"picked":"StarOfDavid","floor":14.0},{"not_picked":["BloodySeventeenLaser","KillingBlow"],"picked":"ForecastOfChange","floor":16.0},{"not_picked":["NightDance","BadLadyScramble"],"picked":"ScarletDream","floor":18.0},{"not_picked":["Ultimatum","UnstableMagic"],"picked":"MiserableFate","floor":19.0},{"not_picked":["BloodyTrap","RedRainbow"],"picked":"ScarletImprint","floor":22.0},{"not_picked":["FitfulNightmare","VampireKiss"],"picked":"NightDance","floor":24.0},{"not_picked":["MastersStateliness","EndlessAdversity"],"picked":"DiffusionOfMisfortune+1","floor":27.0},{"not_picked":["BombardNight","EndlessAdversity"],"picked":"MillenniumVampire","floor":28.0},{"not_picked":["ScarletDevil","EndlessAdversity"],"picked":"TransientEternity","floor":29.0},{"not_picked":["BloodHunter","FavorOfDestiny"],"picked":"MillenniumVampire","floor":30.0},{"not_picked":["Stigmanizer","BloodHunter"],"picked":"ScarletDevil","floor":31.0},{"not_picked":["TricksterDevil","ChaoticDestiny"],"picked":"ScarletCoffin","floor":33.0},{"not_picked":["VampireKiss","ScarletGensokyo"],"picked":"RedMagic","floor":35.0},{"not_picked":["FavorOfDestiny+1","FitfulNightmare+1","GlobalNightmare+1"],"picked":"SKIP","floor":37.0},{"not_picked":["UltimateOffering","DiffusionOfMisfortune+1"],"picked":"BloodHunter+1","floor":38.0},{"not_picked":["MastersStateliness+1","UnstableMagic"],"picked":"TwelveNightmare+1","floor":39.0},{"not_picked":["UnstableMagic+1","KillingBlow","VampireSweep+1"],"picked":"SKIP","floor":40.0},{"not_picked":["BadLadyScramble+1","Maim"],"picked":"TricksterDevil","floor":42.0},{"not_picked":["CharismaGuard","UnstableMagic","NightDance"],"picked":"Singing Bowl","floor":44},{"not_picked":["StarOfDavid+1","Stigmanizer","EndlessAdversity"],"picked":"Singing Bowl","floor":45},{"not_picked":["FitfulNightmare","BombardNight+1"],"picked":"ScarletNetherworld+1","floor":46},{"not_picked":["ForbiddenFruit","UnstableMagic"],"picked":"HunterOfTheNight+1","floor":48},{"not_picked":["VampireKiss","Septette+1"],"picked":"EternalNight+1","floor":54}],"player_experience":326885,"relics_obtained":[{"floor":6.0,"key":"Gremlin Horn"},{"floor":10.0,"key":"Bird Faced Urn"},{"floor":14.0,"key":"aspiration:HiddenCompartment"},{"floor":23.0,"key":"Bag of Preparation"},{"floor":24.0,"key":"Bronze Scales"},{"floor":25.0,"key":"Anchor"},{"floor":26.0,"key":"Omamori"},{"floor":35.0,"key":"Art of War"},{"floor":38.0,"key":"Whetstone"},{"floor":40.0,"key":"aspiration:Lifesprig"},{"floor":40.0,"key":"MawBank"},{"floor":42.0,"key":"Lantern"},{"floor":43.0,"key":"Singing Bowl"},{"floor":44,"key":"Orichalcum"},{"floor":45,"key":"RuthlessExorcism:ReiMu"},{"floor":46,"key":"Akabeko"},{"floor":46,"key":"Centennial Puzzle"},{"floor":48,"key":"Vajra"},{"floor":48,"key":"Smiling Mask"},{"floor":49,"key":"HollowMod:StagPassRelic"},{"floor":52,"key":"Pantograph"},{"floor":54,"key":"Lizard Tail"}],"event_choices":[],"is_beta":false,"boss_relics":[{"not_picked":["Ectoplasm","Runic Dome"],"picked":"ScarletEmblem"},{"not_picked":["aspiration:SilentSkillbook","aspiration:SecretTechniqueScroll"],"picked":"APieceOfRedMist"}],"items_purged_floors":[13,21,53],"is_endless":false,"potions_floor_spawned":[5,6,14,16,18,27,28,29,33,37,39,44,45],"ascension_level":1}}