{"host":"aewhn2fld106mlky","time":1611331108,"event":{"mods":["Act Like it!","BaseMod","Downfall","Koishi","KomeijiMod","Minty Spire (QoL Compilation)","Quick Restart","Relic Stats","Spicy Shops","StSLib","The Jungle","The Mystic"],"gold_per_floor":[99,117,117,133,43,43,43,59,59,84,103,181,81,81,100,203,203,203,203,323,338,352,352,404,404,107,133,133,133,44,54,66,66,66,66],"floor_reached":33,"language":"ZHS","playtime":1357,"items_purged":[],"score":263,"play_id":"6fbfaa62-00d7-4122-9bab-f06f3986af0a","local_time":"20210122235828","is_ascension_mode":false,"campfire_choices":[{"floor":1,"key":"RECALL"},{"data":"hexamod:ThermalTransfer","floor":9,"key":"SMITH"},{"data":"hexamod:RadiantFlame","floor":13,"key":"SMITH"},{"data":"hexamod:HexaLevel","floor":18,"key":"SMITH"},{"floor":23,"key":"REST"},{"data":"hexamod:GhostOfSpireFuture","floor":25,"key":"SMITH"},{"data":"hexamod:RadiantFlame","floor":28,"key":"SMITH"}],"circlet_count":0,"master_deck":["hexamod:Strike","hexamod:Strike","hexamod:Strike","hexamod:Strike","hexamod:Defend","hexamod:Defend","hexamod:Defend","hexamod:Defend","hexamod:Sear+1","hexamod:Float","hexamod:ThermalTransfer+1","hexamod:FastForward","hexamod:RadiantFlame+1","hexamod:AdvancingGuard+1","hexamod:NecessarySacrifice+1","hexamod:GhostflameBarrier+1","hexamod:HexaLevel+1","hexamod:GhostOfSpireFuture","hexamod:GhostOfSpireFuture+1","hexamod:RadiantFlame+1","hexamod:EtherealExpedition+1","hexamod:HexaLevel+1","hexamod:BurningTouch+1","hexamod:Incineration+1"],"relics":["hexamod:SpiritBrand","CaptainsWheel","downfall:BrokenWingStatue","Toy Ornithopter","Mercury Hourglass","Toxic Egg 2","Gremlin Horn","downfall:HeartBlessingRed","hexamod:IceCube","Happy Flower","Shuriken","TungstenRod","DollysMirror"],"acts_visited":["Exordium","Exordium"],"potions_floor_usage":[11,15,32,32],"damage_taken":[{"damage":0,"enemies":"Small Slimes","floor":2,"turns":3},{"damage":0,"enemies":"Jaw Worm","floor":4,"turns":3},{"damage":5,"enemies":"downfall:FleeingMerchant","floor":5,"turns":4},{"damage":0,"enemies":"2 Louse","floor":8,"turns":2},{"damage":4,"enemies":"Lagavulin","floor":10,"turns":6},{"damage":13,"enemies":"Exordium Thugs","floor":11,"turns":4},{"damage":7,"enemies":"Blue Slaver","floor":15,"turns":3},{"damage":10,"enemies":"WA_ARCHETYPE_RETAIN","floor":16,"turns":6},{"damage":0,"enemies":"theJungle:GiantWrat","floor":21,"turns":4},{"damage":21,"enemies":"theJungle:Flameango_and_Byrd","floor":22,"turns":7},{"damage":2,"enemies":"downfall:FleeingMerchant","floor":26,"turns":4},{"damage":24,"enemies":"theJungle:Cassacara","floor":27,"turns":8},{"damage":2,"enemies":"downfall:FleeingMerchant","floor":30,"turns":4},{"damage":19,"enemies":"theJungle:2_Snecko_Cultists","floor":31,"turns":5},{"damage":20,"enemies":"theJungle:JungleHuntersEncounter","floor":32,"turns":6},{"damage":12,"enemies":"SI_MIRROR_ARCHETYPE","floor":33,"turns":2}],"seed_played":"8376008103543567227","potions_obtained":[{"floor":4,"key":"FearPotion"},{"floor":15,"key":"Fruit Juice"},{"floor":22,"key":"FearPotion"},{"floor":27,"key":"CalmPotion"},{"floor":31,"key":"Fire Potion"}],"is_trial":false,"path_per_floor":["R","M","?","M","$","?","T","M","R","E","M","T","R","?","M","B",null,"R","?","?","M","M","R","T","R","$","E","R","?","$","M","M","B"],"character_chosen":"THE_SPIRIT","items_purchased":["DistilledChaos","Shuriken","hexamod:RadiantFlame","DollysMirror"],"campfire_rested":1,"item_purchase_floors":[5,26,26,30],"current_hp_per_floor":[63,63,63,63,58,55,55,55,55,51,43,43,43,43,46,36,68,68,68,58,58,37,57,57,57,55,31,31,40,38,19,9,0,0,0],"gold":66,"neow_bonus":"ONE_RARE_RELIC","is_daily":false,"chose_seed":false,"campfire_upgraded":5,"win_rate":0.0,"timestamp":1611331108,"path_taken":["R","M","?","M","$","?","T","M","R","E","M","?","R","?","M","BOSS","R","?","?","M","M","R","T","R","$","E","R","?","$","?","M","BOSS"],"items_purchased_type":["Potion","Relic","Card","Relic"],"build_version":"2020-12-22","purchased_purges":0,"victory":false,"max_hp_per_floor":[63,63,63,63,63,63,63,63,63,63,63,63,63,63,68,68,68,68,68,68,68,68,68,68,68,68,68,68,68,68,68,68,68,68,68],"relic_stats":{"Gremlin Horn":[8,8],"Happy Flower":[9],"counters":[16,71],"Shuriken":[4],"obtain_stats":[{"Gremlin Horn":12,"downfall:HeartBlessingRed":13,"Happy Flower":24,"Mercury Hourglass":7,"CaptainsWheel":0,"downfall:BrokenWingStatue":3,"Shuriken":26,"DollysMirror":30,"Toxic Egg 2":10,"hexamod:SpiritBrand":0,"Toy Ornithopter":6,"hexamod:IceCube":17,"TungstenRod":27},{"Gremlin Horn":6,"downfall:HeartBlessingRed":6,"Happy Flower":10,"Mercury Hourglass":3,"CaptainsWheel":0,"downfall:BrokenWingStatue":1,"Shuriken":11,"DollysMirror":13,"Toxic Egg 2":5,"hexamod:SpiritBrand":0,"Toy Ornithopter":3,"hexamod:IceCube":8,"TungstenRod":12},{"Gremlin Horn":22,"downfall:HeartBlessingRed":22,"Happy Flower":42,"Mercury Hourglass":10,"CaptainsWheel":0,"downfall:BrokenWingStatue":3,"Shuriken":46,"DollysMirror":58,"Toxic Egg 2":18,"hexamod:SpiritBrand":0,"Toy Ornithopter":10,"hexamod:IceCube":31,"TungstenRod":54}],"Toy Ornithopter":20,"TungstenRod":15,"Mercury Hourglass":[189]},"card_choices":[{"not_picked":["hexamod:GhostShield","hexamod:InspiringFlames"],"picked":"hexamod:ThermalTransfer","floor":2},{"not_picked":["hexamod:SwordOfDarkness","hexamod:AdvancingGuard"],"picked":"hexamod:FastForward","floor":4},{"not_picked":["hexamod:GhostLash","hexamod:SwordOfDarkness","hexamod:NightmareStrike"],"picked":"SKIP","floor":5},{"not_picked":["hexamod:PhantomFireball","hexamod:GhostOfSpirePast"],"picked":"hexamod:RadiantFlame","floor":8},{"not_picked":["hexamod:RecurringNightmare+1","hexamod:SwordOfDarkness"],"picked":"hexamod:AdvancingGuard+1","floor":10},{"not_picked":["hexamod:GhostLash","hexamod:GhostShield+1"],"picked":"hexamod:NecessarySacrifice+1","floor":11},{"not_picked":["hexamod:HauntingEcho","hexamod:SoulSteal+1"],"picked":"hexamod:GhostflameBarrier+1","floor":15},{"not_picked":["hexamod:TimeWarp","hexamod:TurnItUp+1"],"picked":"hexamod:HexaLevel","floor":16},{"not_picked":["hexamod:FastForward+1","hexamod:NightmareStrike+1"],"picked":"hexamod:GhostOfSpireFuture","floor":21},{"not_picked":["hexamod:Again+1","hexamod:GhostLash"],"picked":"hexamod:GhostOfSpireFuture","floor":22},{"not_picked":["hexamod:InspiringFlames+1","hexamod:ChargedBarrage+1","hexamod:StepThrough+1"],"picked":"SKIP","floor":26},{"not_picked":["hexamod:SpectersWail","hexamod:ThermalTransfer","hexamod:StepThrough+1"],"picked":"SKIP","floor":27},{"not_picked":["hexamod:NightmareStrike+1","hexamod:Rewind+1"],"picked":"hexamod:EtherealExpedition+1","floor":30},{"not_picked":["hexamod:GhostShield+1","hexamod:BacktrackSmack+1"],"picked":"hexamod:BurningTouch+1","floor":31},{"not_picked":["hexamod:SecondSeal","hexamod:ExtraCrispy"],"picked":"hexamod:Incineration+1","floor":32}],"player_experience":36466,"relics_obtained":[{"floor":7,"key":"Mercury Hourglass"},{"floor":10,"key":"Toxic Egg 2"},{"floor":12,"key":"Gremlin Horn"},{"floor":24,"key":"Happy Flower"},{"floor":27,"key":"TungstenRod"}],"event_choices":[{"damage_healed":0,"gold_gain":0,"player_choice":"Success","damage_taken":3,"relics_obtained":["Toy Ornithopter"],"max_hp_gain":0,"max_hp_loss":0,"event_name":"Scrap Ooze","floor":6,"gold_loss":0},{"damage_healed":0,"gold_gain":0,"player_choice":"Forge","damage_taken":0,"max_hp_gain":0,"max_hp_loss":0,"event_name":"Accursed Blacksmith","floor":14,"gold_loss":0,"cards_upgraded":["hexamod:Sear"]}],"is_beta":false,"boss_relics":[{"not_picked":["Cursed Key","Runic Dome"],"picked":"hexamod:IceCube"}],"items_purged_floors":[],"is_endless":false,"potions_floor_spawned":[4,15,22,27,31],"killed_by":"SI_MIRROR_ARCHETYPE","ascension_level":0}}