{"host":"0ulgfg5uyx5zlmwg","time":1611320741,"event":{"mods":["Act Like it!","BaseMod","BetterRewards","Challenge The Spire","Grow up Mod","Marked Mod","Minty Spire (QoL Compilation)","RumiaBox-露米娅的神秘盒子","Shop Mod","Spicy Shops","StSLib","TestMod","Transform Curses","vexMod","【功能Mod】混沌之环修复补丁","【遗物卡牌】REMEMod","篝火指南"],"gold_per_floor":[111,111,111,111,8,8,8,23,46,46,46,62,62,75,75,176,176,176],"floor_reached":17,"language":"ZHS","playtime":813,"items_purged":[],"score":200,"play_id":"a281e518-6fa4-4404-b8e2-d5ea268a441f","local_time":"20210122210541","is_ascension_mode":true,"campfire_choices":[{"data":"FlyingSleeves","floor":6,"key":"SMITH"},{"data":"TalkToTheHand","floor":10,"key":"SMITH"},{"data":"Prostrate","floor":13,"key":"SMITH"},{"data":"DeceiveReality","floor":15,"key":"SMITH"}],"circlet_count":0,"master_deck":["Strike_P","Strike_P","Strike_P","Strike_P","Defend_P","Defend_P","Defend_P+1","Defend_P","Eruption","Vigilance","TalkToTheHand+1","Devotion+1","FlyingSleeves+1","Prostrate+1","DeceiveReality+1","JustLucky","MarkedMod:NorthStar"],"relics":["PureWater","testmod-TestBox","REME_ComplimentaryCards","testmod-CardMagician","AddBug","SecretRecord"],"acts_visited":["Exordium","TheCity"],"potions_floor_usage":[14],"damage_taken":[{"damage":3,"enemies":"Jaw Worm","floor":1,"turns":4},{"damage":0,"enemies":"Small Slimes","floor":8,"turns":3},{"damage":0,"enemies":"Cultist","floor":12,"turns":3},{"damage":3,"enemies":"Looter","floor":14,"turns":2},{"damage":13,"enemies":"Slime Boss","floor":16,"turns":9}],"seed_played":"7874455935175743811","potions_obtained":[{"floor":1,"key":"CultistPotion"},{"floor":3,"key":"Dexterity Potion"},{"floor":12,"key":"Dexterity Potion"}],"is_trial":false,"path_per_floor":["M","?","?","?","$","R","?","M","T","R","?","M","R","M","R","B",null],"character_chosen":"WATCHER","items_purchased":["FlyingSleeves","Prostrate"],"campfire_rested":0,"item_purchase_floors":[5,5],"current_hp_per_floor":[82,75,85,95,105,115,125,135,145,155,185,195,205,212,222,219,235,235],"gold":176,"neow_bonus":"THREE_RARE_CARDS","is_daily":false,"chose_seed":false,"campfire_upgraded":4,"win_rate":0.0,"timestamp":1611320741,"path_taken":["M","?","?","?","$","R","?","?","T","R","?","M","R","M","R","BOSS"],"items_purchased_type":["Card","Card"],"build_version":"2020-12-22","purchased_purges":0,"victory":false,"max_hp_per_floor":[85,95,105,115,125,135,145,155,165,175,185,195,205,215,225,235,235,235],"card_choices":[{"not_picked":["Ragnarok","Brilliance"],"picked":"Devotion","floor":0},{"not_picked":["Protect","MarkedMod:Acupuncture","WreathOfFlame"],"picked":"SKIP","floor":1},{"not_picked":["Evaluate","FearNoEvil","ThirdEye"],"picked":"SKIP","floor":8},{"not_picked":["CutThroughFate","Protect"],"picked":"JustLucky","floor":12},{"not_picked":["Indignation","EmptyBody","MarkedMod:FirstStrike"],"picked":"SKIP","floor":14},{"not_picked":["DevaForm","DeusExMachina"],"picked":"MarkedMod:NorthStar","floor":16}],"player_experience":502609,"relics_obtained":[{"floor":1,"key":"AddBug"}],"event_choices":[{"damage_healed":0,"gold_gain":0,"player_choice":"Entered Light","damage_taken":17,"max_hp_gain":0,"max_hp_loss":0,"event_name":"Shining Light","floor":2,"gold_loss":0,"cards_upgraded":["Devotion","Defend_P"]},{"damage_healed":0,"gold_gain":0,"player_choice":"Leave","damage_taken":0,"max_hp_gain":0,"max_hp_loss":0,"event_name":"The Cleric","floor":4,"gold_loss":0},{"damage_healed":0,"gold_gain":0,"player_choice":"1 cards matched","damage_taken":0,"max_hp_gain":0,"max_hp_loss":0,"event_name":"Match and Keep!","floor":7,"gold_loss":0,"cards_obtained":["DeceiveReality"]},{"damage_healed":58,"gold_gain":0,"player_choice":"Banana","damage_taken":0,"max_hp_gain":0,"max_hp_loss":0,"event_name":"Big Fish","floor":11,"gold_loss":0}],"is_beta":false,"boss_relics":[{"not_picked":["vexMod:DeviousBotling","REME_LowDesire"],"picked":"vexMod:RockOfEvil"}],"items_purged_floors":[],"is_endless":false,"potions_floor_spawned":[1,12],"ascension_level":1}}