{"host":"a5v7x5tmlr5iccdt","time":1611330122,"event":{"mods":["100% Spire Juice","Act Like it!","Aspiration","BaseMod","BetterRewards","Colored Map","Colored Powertips","Energized Spire","Highlight Path","Marisa£®ÏF”Í°°ƒß¿Ì…≥£©","Mimic Mod","Minty Spire (QoL Compilation)","Quick Restart","StSLib","The Bug Knight"],"gold_per_floor":[119,15,33,33,13,46,46,57,57,73,73,73,73,99,99,203,83,100,110,3,3,20,20,55,65,65,82,119,130,45,89,89,201,81,104,127,149,168,168,168,208,208,208,251,278,302,302,321,321,321],"floor_reached":51,"language":"ZHS","playtime":1925,"items_purged":[],"score":913,"play_id":"b5d2f988-db29-4a65-b437-20ab9485947b","local_time":"20210122234202","is_ascension_mode":false,"campfire_choices":[{"data":"Moonworks:Ambush","floor":7.0,"key":"SMITH"},{"data":"Moonworks:NicePresent","floor":15.0,"key":"SMITH"},{"data":"Moonworks:SweetBattle","floor":23.0,"key":"SMITH"},{"data":"Moonworks:CookingTime","floor":32.0,"key":"SMITH"},{"data":"Moonworks:GoAway","floor":40,"key":"SMITH"},{"data":"Moonworks:NicePresent","floor":47,"key":"SMITH"},{"data":"Moonworks:Wanted","floor":49,"key":"SMITH"}],"circlet_count":0,"master_deck":["Moonworks:Strike","Moonworks:Defend+1","Moonworks:Defend","Moonworks:Defend","Moonworks:Defend+1","Moonworks:Ambush+1","Moonworks:LongDistanceShot","Moonworks:JonathanRush","Moonworks:NicePresent+1","Moonworks:CloudOfSeagulls","Moonworks:JonathanRush","Moonworks:JonathanRush","Moonworks:JonathanRush","Quick Slash","Masterful Stab","Glass Knife","Moonworks:CookingTime+1","Moonworks:GoAway+1","Moonworks:CloudOfSeagulls+1","Moonworks:JonathanRush","Moonworks:ReproductionOfRecords","Moonworks:SweetBattle+1","Moonworks:Dinner+1","Moonworks:EvilSpyWorkPreparation","Moonworks:NicePresent+1","Moonworks:AwakeningOfTalent+1","Moonworks:MiracleWalker","Moonworks:StarBlastingFuse","Moonworks:CloudOfSeagulls+1","Moonworks:NicePresent+1","Moonworks:FullSpeedAlicianrone+1","Moonworks:Wanted+1","Moonworks:Dash","Moonworks:NicePresent+1","Moonworks:JonathanRush+1"],"relics":["Moonworks:BrokenBomb","Moonworks:Homemark","NeowsBlessing","aspiration:ChemicalBlood","Gremlin Horn","Bag of Preparation","Smiling Mask","energizedSpire:DeadBattery","HollowMod:PaleOreRelic","Moonworks:LittleGull","Meat on the Bone","Blue Candle","CeramicFish","aspiration:PoetsPen_weak","Bronze Scales","Ornamental Fan","Eternal Feather"],"acts_visited":["Exordium","TheCity","TheBeyond"],"potions_floor_usage":[50,50,50,50,50],"damage_taken":[{"damage":0.0,"enemies":"Small Slimes","floor":1.0,"turns":1.0},{"damage":0.0,"enemies":"Jaw Worm","floor":2.0,"turns":1.0},{"damage":0.0,"enemies":"Cultist","floor":3.0,"turns":1.0},{"damage":27.0,"enemies":"Lagavulin","floor":6.0,"turns":6.0},{"damage":2.0,"enemies":"Large Slime","floor":8.0,"turns":4.0},{"damage":0.0,"enemies":"Exordium Thugs","floor":10.0,"turns":3.0},{"damage":3.0,"enemies":"3 Sentries","floor":14.0,"turns":4.0},{"damage":14.0,"enemies":"Slime Boss","floor":16.0,"turns":5.0},{"damage":7.0,"enemies":"Shell Parasite","floor":18.0,"turns":3.0},{"damage":0.0,"enemies":"3 Byrds","floor":19.0,"turns":3.0},{"damage":1.0,"enemies":"Centurion and Healer","floor":20.0,"turns":4.0},{"damage":0.0,"enemies":"Snecko","floor":22.0,"turns":4.0},{"damage":9.0,"enemies":"Slavers","floor":24.0,"turns":3.0},{"damage":2.0,"enemies":"3 Cultists","floor":25.0,"turns":4.0},{"damage":0.0,"enemies":"Snake Plant","floor":27.0,"turns":2.0},{"damage":1.0,"enemies":"Centurion and Healer","floor":28.0,"turns":6.0},{"damage":0.0,"enemies":"Centurion and Healer","floor":29.0,"turns":3.0},{"damage":2.0,"enemies":"Gremlin Leader","floor":31.0,"turns":2.0},{"damage":9.0,"enemies":"Collector","floor":33.0,"turns":5.0},{"damage":0.0,"enemies":"3 Shapes","floor":35.0,"turns":2.0},{"damage":0.0,"enemies":"Orb Walker","floor":36.0,"turns":2.0},{"damage":0.0,"enemies":"4 Shapes","floor":37.0,"turns":1.0},{"damage":7.0,"enemies":"Writhing Mass","floor":38.0,"turns":4.0},{"damage":0,"enemies":"Nemesis","floor":41,"turns":3},{"damage":0,"enemies":"Reptomancer","floor":44,"turns":2},{"damage":0,"enemies":"Sphere and 2 Shapes","floor":45,"turns":1},{"damage":3,"enemies":"Spire Growth","floor":46,"turns":2},{"damage":2,"enemies":"Maw","floor":48,"turns":3},{"damage":43,"enemies":"Time Eater","floor":50,"turns":5}],"seed_played":"8359429246321550266","potions_obtained":[{"floor":2.0,"key":"LiquidMemories"},{"floor":3.0,"key":"ColorlessPotion"},{"floor":6.0,"key":"SteroidPotion"},{"floor":22.0,"key":"SmokeBomb"},{"floor":31.0,"key":"DistilledChaos"},{"floor":33.0,"key":"Explosive Potion"},{"floor":35.0,"key":"Explosive Potion"},{"floor":37.0,"key":"ColorlessPotion"},{"floor":46,"key":"Regen Potion"},{"floor":50,"key":"Ancient Potion"}],"is_trial":false,"path_per_floor":["M","M","M","?","?","E","R","M","T","M","?","$","?","E","R","B",null,"M","M","M","?","M","R","E","M","T","M","MIM","M","?","E","R","B",null,"M","M","M","M","?","R","E","?","T","E","M","M","R","M","R","B",null],"character_chosen":"THE_STARBREAKER","items_purchased":[],"campfire_rested":0,"item_purchase_floors":[],"current_hp_per_floor":[60,60,60,48,48,21,21,19,19,19,19,19,19,16,16,5,60,55,55,60,60,60,60,51,59,59,60,59,60,60,60,60,60,60,60,60,60,60,60,60,60,60,60,60,60,57,60,60,60,42],"gold":321,"neow_bonus":"THREE_ENEMY_KILL","is_daily":false,"chose_seed":false,"campfire_upgraded":7,"win_rate":0.0,"timestamp":1611330122,"path_taken":["M","M","M","?","?","E","R","M","T","?","?","?","?","E","R","BOSS","M","?","M","?","M","R","E","M","T","M","?","?","?","E","R","BOSS","M","M","M","M","?","R","E","?","T","E","?","M","R","M","R","BOSS"],"items_purchased_type":[],"build_version":"2020-12-22","purchased_purges":0,"victory":true,"max_hp_per_floor":[60,60,60,60,60,60,60,60,60,60,60,60,60,60,60,60,60,60,60,60,60,60,60,60,60,60,60,60,60,60,60,60,60,60,60,60,60,60,60,60,60,60,60,60,60,60,60,60,60,60],"card_choices":[{"not_picked":["Moonworks:IndiscriminateFireSupport","Moonworks:SakisCookie"],"picked":"Moonworks:JonathanRush","floor":1.0},{"not_picked":["Moonworks:BigBangBell","Moonworks:CompletionReward"],"picked":"Moonworks:NicePresent","floor":2.0},{"not_picked":["Moonworks:LulusLuckyEgg","Moonworks:ReproductionOfRecords"],"picked":"Moonworks:CloudOfSeagulls","floor":3.0},{"not_picked":["Moonworks:ExtendedPhotonRifle","Moonworks:CloudOfSeagulls"],"picked":"Moonworks:JonathanRush","floor":6.0},{"not_picked":["Moonworks:BigBangBell","Moonworks:RedAndBlue"],"picked":"Moonworks:JonathanRush","floor":8.0},{"not_picked":["Moonworks:UnpaidWork","Moonworks:IndiscriminateFireSupport"],"picked":"Moonworks:JonathanRush","floor":10.0},{"not_picked":["Moonworks:BigBangBell","Moonworks:Assault"],"picked":"Moonworks:CookingTime","floor":14.0},{"not_picked":["Moonworks:SinkOrSwim","Moonworks:LeapThroughSpace"],"picked":"Moonworks:GoAway","floor":16.0},{"not_picked":["Moonworks:LulusLuckyEgg+1","Moonworks:Assault"],"picked":"Moonworks:CloudOfSeagulls+1","floor":18.0},{"not_picked":["Moonworks:IntelligenceOfficer","Moonworks:BigMagnum"],"picked":"Moonworks:JonathanRush","floor":19.0},{"not_picked":["Moonworks:BeyondHell","Moonworks:IndiscriminateFireSupport"],"picked":"Moonworks:ReproductionOfRecords","floor":20.0},{"not_picked":["Moonworks:NicePresent","Moonworks:DeployBits"],"picked":"Moonworks:SweetBattle","floor":22.0},{"not_picked":["Moonworks:x16BigRocket+1","Moonworks:IndiscriminateFireSupport"],"picked":"Moonworks:Dinner+1","floor":24.0},{"not_picked":["Moonworks:LulusLuckyEgg","Moonworks:ImOnFire"],"picked":"Moonworks:EvilSpyWorkPreparation","floor":25.0},{"not_picked":["Moonworks:DeployBits","Moonworks:AngelHand"],"picked":"Moonworks:NicePresent","floor":27.0},{"not_picked":["Moonworks:EvilSpyWorkPreparation","Moonworks:ReflectiveShell"],"picked":"Moonworks:AwakeningOfTalent+1","floor":28.0},{"not_picked":["Moonworks:IndiscriminateFireSupport","Moonworks:UnpaidWork"],"picked":"Moonworks:JonathanRush","floor":29.0},{"not_picked":["Moonworks:RagingMadness","Moonworks:SakisCookie"],"picked":"Moonworks:MiracleWalker","floor":31.0},{"not_picked":["Moonworks:EvilMastermind","Moonworks:SubspaceTunnel"],"picked":"Moonworks:StarBlastingFuse","floor":33.0},{"not_picked":["Moonworks:ImOnFire+1","Moonworks:NicePresent"],"picked":"Moonworks:CloudOfSeagulls+1","floor":35.0},{"not_picked":["Moonworks:ImOnFire+1","Moonworks:EvilSpyWorkPreparation"],"picked":"Moonworks:NicePresent","floor":36.0},{"not_picked":["Moonworks:UnpaidWork","Moonworks:EvilSpyWorkPreparation+1"],"picked":"Moonworks:FullSpeedAlicianrone+1","floor":37.0},{"not_picked":["Moonworks:EvilSpyWorkPreparation","Moonworks:Assault+1","Moonworks:StiffCrystal"],"picked":"SKIP","floor":38.0},{"not_picked":["Moonworks:CompletionReward+1","Moonworks:LulusLuckyEgg"],"picked":"Moonworks:Wanted","floor":41},{"not_picked":["Moonworks:CastOff","Moonworks:IndiscriminateFireSupport"],"picked":"Moonworks:Dash","floor":44},{"not_picked":["Moonworks:EvilSpyWorkPreparation+1","Moonworks:LulusLuckyEgg+1"],"picked":"Moonworks:NicePresent+1","floor":45},{"not_picked":["Moonworks:MeltingMemories","Moonworks:Assault+1"],"picked":"Moonworks:JonathanRush+1","floor":46},{"not_picked":["Moonworks:ImOnFire+1","Moonworks:FullSpeedAlicianrone+1","Moonworks:CookingTime+1"],"picked":"SKIP","floor":48}],"player_experience":83596,"relics_obtained":[{"floor":6.0,"key":"aspiration:ChemicalBlood"},{"floor":9.0,"key":"Gremlin Horn"},{"floor":13.0,"key":"Bag of Preparation"},{"floor":14.0,"key":"Smiling Mask"},{"floor":24.0,"key":"HollowMod:PaleOreRelic"},{"floor":26.0,"key":"Moonworks:LittleGull"},{"floor":28.0,"key":"Meat on the Bone"},{"floor":31.0,"key":"CeramicFish"},{"floor":41,"key":"Bronze Scales"},{"floor":43,"key":"Ornamental Fan"},{"floor":44,"key":"Eternal Feather"}],"event_choices":[{"damage_healed":0.0,"max_hp_gain":0.0,"max_hp_loss":0.0,"gold_gain":0.0,"event_name":"Shining Light","player_choice":"Entered Light","floor":4.0,"gold_loss":0.0,"damage_taken":12.0,"cards_upgraded":["Moonworks:Defend","Moonworks:Defend"]},{"damage_healed":0.0,"max_hp_gain":0.0,"max_hp_loss":0.0,"gold_gain":100.0,"event_name":"Golden Shrine","player_choice":"Pray","floor":5.0,"gold_loss":0.0,"damage_taken":0.0},{"damage_healed":0.0,"max_hp_gain":0.0,"max_hp_loss":0.0,"gold_gain":0.0,"event_name":"Wheel of Change","player_choice":"Relic","floor":13.0,"gold_loss":0.0,"damage_taken":0.0},{"damage_healed":0.0,"max_hp_gain":0.0,"max_hp_loss":0.0,"gold_gain":0.0,"event_name":"Vampires","player_choice":"Ignored","floor":21.0,"gold_loss":0.0,"damage_taken":0.0},{"damage_healed":0.0,"max_hp_gain":0.0,"max_hp_loss":0.0,"gold_gain":0.0,"event_name":"Addict","player_choice":"Obtained Relic","floor":30.0,"gold_loss":85.0,"damage_taken":0.0,"relics_obtained":["Blue Candle"]},{"cards_removed":["Moonworks:JonathanRush"],"damage_healed":0,"gold_gain":0,"player_choice":"Removed Attack","damage_taken":0,"max_hp_gain":0,"max_hp_loss":0,"event_name":"Falling","floor":39,"gold_loss":0},{"damage_healed":0,"gold_gain":0,"player_choice":"Upgraded","damage_taken":0,"max_hp_gain":0,"max_hp_loss":0,"event_name":"Upgrade Shrine","floor":42,"gold_loss":0,"cards_upgraded":["Moonworks:NicePresent"]}],"is_beta":false,"boss_relics":[{"not_picked":["energizedSpire:StickyHand","SacredBark"],"picked":"energizedSpire:DeadBattery"},{"not_picked":["Fusion Hammer","aspiration:FutureDiary"],"picked":"aspiration:PoetsPen_weak"}],"items_purged_floors":[],"is_endless":false,"potions_floor_spawned":[2,3,6,16,18,20,22,31,33,35,37,41],"ascension_level":0}}