{"host":"d8hh7rr4yzitjeuj","time":1611303810,"event":{"mods":["2.2 Compatiblity","AchievementEnabler","Act Like it!","BaseMod","Colored Map","Colored Powertips","Highlight Path","Keyboard Shortcuts","Minty Spire (QoL Compilation)","Permanent Neow","Quick Restart","StSLib","SuperFastMode"],"gold_per_floor":[114,114,127,141,157,185,185,185,212,231,245,274,0,32,32,32,32],"floor_reached":16,"language":"KOR","playtime":466,"items_purged":[],"score":244,"play_id":"d7f5c87b-fbbe-47b9-8905-63a0b1ce4673","local_time":"20210122172330","is_ascension_mode":true,"campfire_choices":[{"data":"Bludgeon","floor":7,"key":"SMITH"},{"floor":15,"key":"REST"}],"circlet_count":0,"master_deck":["AscendersBane","Strike_R","Strike_R","Strike_R","Strike_R","Strike_R","Defend_R","Defend_R","Defend_R","Defend_R","Bash","Bludgeon+1","Iron Wave","Wild Strike","Shrug It Off","Evolve","Shrug It Off","True Grit","Juggernaut","Clothesline","Iron Wave"],"relics":["Burning Blood","Blood Vial","GremlinMask","Oddly Smooth Stone","Toxic Egg 2","Boot"],"acts_visited":["Exordium"],"potions_floor_usage":[12,12,16],"damage_taken":[{"damage":0,"enemies":"Small Slimes","floor":1,"turns":3},{"damage":0,"enemies":"Cultist","floor":3,"turns":3},{"damage":0,"enemies":"2 Louse","floor":4,"turns":3},{"damage":14,"enemies":"Lots of Slimes","floor":5,"turns":5},{"damage":35,"enemies":"3 Sentries","floor":6,"turns":7},{"damage":0,"enemies":"Looter","floor":10,"turns":2},{"damage":17,"enemies":"3 Louse","floor":11,"turns":4},{"damage":3,"enemies":"Gremlin Nob","floor":12,"turns":3},{"damage":34,"enemies":"Lagavulin","floor":14,"turns":7},{"damage":47,"enemies":"Slime Boss","floor":16,"turns":8}],"seed_played":"-5246764440288672130","potions_obtained":[{"floor":3,"key":"DistilledChaos"},{"floor":4,"key":"Fire Potion"},{"floor":12,"key":"SkillPotion"}],"is_trial":false,"path_per_floor":["M","?","M","M","M","E","R","?","T","M","M","E","$","E","R","B"],"character_chosen":"IRONCLAD","items_purchased":["Toxic Egg 2"],"campfire_rested":1,"item_purchase_floors":[13],"current_hp_per_floor":[74,79,80,80,72,43,43,43,43,51,42,47,47,21,45,0,0],"gold":32,"neow_bonus":"ONE_RANDOM_RARE_CARD","is_daily":false,"chose_seed":false,"campfire_upgraded":1,"win_rate":0.0,"timestamp":1611303810,"path_taken":["M","?","M","M","M","E","R","?","T","M","?","E","$","E","R","BOSS"],"items_purchased_type":["Relic"],"build_version":"2020-12-22","purchased_purges":0,"victory":false,"max_hp_per_floor":[75,80,80,80,80,80,80,80,80,80,80,80,80,80,80,80,80],"card_choices":[{"not_picked":["Anger","Feel No Pain"],"picked":"Iron Wave","floor":1},{"not_picked":["Thunderclap","Warcry"],"picked":"Wild Strike","floor":3},{"not_picked":["Headbutt","Spot Weakness"],"picked":"Shrug It Off","floor":4},{"not_picked":["True Grit","Brutality"],"picked":"Evolve","floor":5},{"not_picked":["Perfected Strike","Disarm"],"picked":"Shrug It Off","floor":6},{"not_picked":["Armaments","Flex"],"picked":"True Grit","floor":10},{"not_picked":["Headbutt","Infernal Blade"],"picked":"Juggernaut","floor":11},{"not_picked":["Inflame","Rupture"],"picked":"Clothesline","floor":12},{"not_picked":["Clash","Warcry+1"],"picked":"Iron Wave","floor":14}],"player_experience":1451902,"relics_obtained":[{"floor":6,"key":"Blood Vial"},{"floor":12,"key":"Oddly Smooth Stone"},{"floor":14,"key":"Boot"}],"event_choices":[{"damage_healed":0,"gold_gain":0,"player_choice":"Donut","damage_taken":0,"max_hp_gain":5,"max_hp_loss":0,"event_name":"Big Fish","floor":2,"gold_loss":0},{"damage_healed":0,"gold_gain":0,"player_choice":"Trade","damage_taken":0,"relics_obtained":["GremlinMask"],"max_hp_gain":0,"max_hp_loss":0,"event_name":"FaceTrader","floor":8,"gold_loss":0}],"is_beta":false,"boss_relics":[],"items_purged_floors":[],"is_endless":false,"potions_floor_spawned":[3,4,11,12],"killed_by":"Slime Boss","ascension_level":20}}