{"host":"yqveedbda5h7irme","time":1611344782,"event":{"mods":["AchievementEnabler","Aspiration","BaseMod","BetterRewards","Colored Powertips","Conspire","Downfall","GifTheSpireLib","Hermit","Hubris","Infinite Spire","Marked Mod","Minty Spire (QoL Compilation)","Replay The Spire","StSLib","Stuff the Spire","The Jungle","The Necromancer","The Servant 0.9.4"],"gold_per_floor":[99,109,122,122,132,165,165,165,177,177,14,14,114,134,148,148,148,148],"floor_reached":16,"language":"ENG","playtime":1106,"items_purged":[],"score":102,"play_id":"2aa52763-2475-4fa7-bea1-9eb8111af428","local_time":"20210122204622","is_ascension_mode":false,"campfire_choices":[{"data":"Slimebound:Split","floor":1,"key":"SMITH"},{"floor":8,"key":"REST"},{"data":"Slimebound:Equalize","floor":10,"key":"SMITH"}],"circlet_count":0,"master_deck":["Slimebound:Strike_Slimebound","Slimebound:Strike_Slimebound","Slimebound:Strike_Slimebound","Slimebound:Tackle","Slimebound:Defend_Slimebound","Slimebound:Defend_Slimebound","Slimebound:Defend_Slimebound","Slimebound:Defend_Slimebound","Slimebound:Split+1","Slimebound:CorrosiveSpit","Slimebound:FlameTackle","Slimebound:Equalize+1","Slimebound:SplitMire","Slimebound:LivingWall","Slimebound:Repurpose","Slimebound:AcidTongue","Slimebound:AcidTongue","Injury","Slimebound:Nibble","Slimebound:HauntingLick+1","Slimebound:SplitMire+1"],"relics":["Slimebound:AbsorbEndCombat","PreservedInsect","aspiration:FrozenJewel","DollysMirror","Toxic Egg 2","White Beast Statue"],"acts_visited":["Exordium"],"potions_floor_usage":[15],"damage_taken":[{"damage":11,"enemies":"2 Louse","floor":2,"turns":3},{"damage":15,"enemies":"Small Slimes","floor":3,"turns":4},{"damage":7,"enemies":"Cultist","floor":5,"turns":3},{"damage":32,"enemies":"Gremlin Nob","floor":6,"turns":4},{"damage":0,"enemies":"conspire:2 RoseBushes","floor":9,"turns":5},{"damage":12,"enemies":"downfall:FleeingMerchant","floor":11,"turns":4},{"damage":31,"enemies":"downfall:LadyInBlue","floor":13,"turns":8},{"damage":15,"enemies":"Large Slime","floor":14,"turns":5},{"damage":0,"enemies":"Blue Slaver","floor":15,"turns":2},{"damage":84,"enemies":"IC_STATUS_ARCHETYPE","floor":16,"turns":8}],"seed_played":"4962928632183091610","potions_obtained":[{"floor":6,"key":"Toxic Potion"},{"floor":13,"key":"Reflective Coating"},{"floor":13,"key":"Death Potion"},{"floor":15,"key":"Venom Potion"}],"is_trial":false,"path_per_floor":["R","M","M","?","M","E","T","R","M","R","$","?","?","M","M","B"],"character_chosen":"SLIMEBOUND","items_purchased":["DollysMirror"],"campfire_rested":1,"item_purchase_floors":[11],"current_hp_per_floor":[71,62,51,51,48,28,28,49,61,61,53,53,42,45,61,0,0,0],"gold":148,"neow_bonus":"TEN_PERCENT_HP_BONUS","is_daily":false,"chose_seed":false,"campfire_upgraded":2,"win_rate":0.0,"timestamp":1611344782,"path_taken":["R","M","M","?","M","E","T","R","M","R","$","?","?","?","M","BOSS"],"items_purchased_type":["Relic"],"build_version":"2020-12-22","purchased_purges":0,"victory":false,"max_hp_per_floor":[71,71,71,71,71,71,71,71,71,71,71,71,71,71,71,71,71,71],"card_choices":[{"not_picked":["Slimebound:Replication","Slimebound:TongueLash"],"picked":"Slimebound:FlameTackle","floor":2},{"not_picked":["Slimebound:RollThrough","Slimebound:Schlurp"],"picked":"Slimebound:Equalize","floor":3},{"not_picked":["Slimebound:SplitBruiser","Slimebound:OneTwoCombo"],"picked":"Slimebound:SplitMire","floor":5},{"not_picked":["Slimebound:Grow","Slimebound:SlimeBrawl"],"picked":"Slimebound:LivingWall","floor":6},{"not_picked":["Slimebound:SplitAcid","Slimebound:Chomp"],"picked":"Slimebound:Repurpose","floor":9},{"not_picked":["Slimebound:Replication","Slimebound:SplitMire"],"picked":"Slimebound:AcidTongue","floor":11},{"not_picked":["Slimebound:Chomp","Slimebound:Repurpose+1"],"picked":"Slimebound:Nibble","floor":13},{"not_picked":["Slimebound:SplitMire+1","Slimebound:PressTheAttack"],"picked":"Slimebound:HauntingLick+1","floor":14},{"not_picked":["Slimebound:FlameTackle","Slimebound:SlimeBrawl+1"],"picked":"Slimebound:SplitMire+1","floor":15}],"player_experience":139490,"relics_obtained":[{"floor":6,"key":"PreservedInsect"},{"floor":7,"key":"aspiration:FrozenJewel"},{"floor":13,"key":"White Beast Statue"}],"event_choices":[{"damage_healed":0,"gold_gain":0,"player_choice":"Disagree","damage_taken":0,"max_hp_gain":0,"max_hp_loss":0,"event_name":"conspire:LoneGhost","floor":4,"gold_loss":0}],"is_beta":false,"boss_relics":[],"items_purged_floors":[],"is_endless":false,"potions_floor_spawned":[6,13,14,15],"killed_by":"IC_STATUS_ARCHETYPE","ascension_level":0}}