{"host":"y9jgkjnf95sujozk","time":1611322518,"event":{"mods":["2.2 Compatiblity","AchievementEnabler","Act Like it!","BaseMod","BetterRewards","Block Reminder","Colored Map","Colored Powertips","Decade(王小明)","Downfall","Friendly Minions","Gensokyo","GifTheSpireLib","Hallownest","Hermit","Highlight Path","HololiveMod","Hubris","Infinite Spire","Jorbs\u0027s Wanderer Trilogy","Koishi","Marisa（霧雨　魔理沙）","Minty Spire (QoL Compilation)","Quick Restart","Random Character Button","Rare Cards Sparkle","Reimu（博??梦）","Remilia（蕾米莉?）","Shop Mod","StSLib","SuperFastMode","The Animator","The Bug Knight","The Cursed","The Disciple","The Hierophant","The Jungle","The Runesmith","The Senshi","The Servant 0.9.4"],"gold_per_floor":[110,127,74,74,74,74,125,165,177,200,212,224,236,248,260,373,385,413,441,482,494,525,537,572,584,511,523,535,547,559,559],"floor_reached":33,"language":"ENG","playtime":1778,"items_purged":["Clumsy"],"score":395,"play_id":"3fcdc70a-88af-4fc7-92c7-693acf8895c1","local_time":"20210122143518","is_ascension_mode":true,"campfire_choices":[{"floor":6,"key":"REST"},{"floor":15,"key":"REST"},{"floor":25,"key":"REST"},{"floor":30,"key":"REST"},{"data":"Ghostly","floor":32,"key":"SMITH"}],"circlet_count":0,"master_deck":["Strike_G","Strike_G","Strike_G","Strike_G","Strike_G","Defend_G","Defend_G","Defend_G","Defend_G","Defend_G","Survivor","Neutralize","Noxious Fumes","Heel Hook","Bane","infinitespire:Fortify","Backflip","Deflect","Deadly Poison","Calculated Gamble","Venomology","Deflect+1","Choke+1","Cloak And Dagger+1","Noxious Fumes","Ghostly+1","Ghostly","Ghostly","Ghostly+1","Ghostly+1"],"relics":["Ring of the Snake","ClockworkSouvenir","Gensokyo:PortableGap","MawBank","Pocketwatch","infinitespire:Lucky Rock","Gensokyo:NagashiBinaDoll","Ninja Scroll","RedLine:ReiMu","Red Mask","Toy Ornithopter","theSenshi:SailorFukuRelic","War Paint","Hololive_Finger"],"acts_visited":["Exordium","TheCity"],"potions_floor_usage":[16,20,20,20,22,22,33,33],"damage_taken":[{"damage":3,"enemies":"Gensokyo:Gryphon","floor":1,"turns":6},{"damage":3,"enemies":"Gensokyo:2_Kodama","floor":2,"turns":4},{"damage":7,"enemies":"Gensokyo:Cirno","floor":8,"turns":9},{"damage":4,"enemies":"Gensokyo:3_Fairies","floor":10,"turns":5},{"damage":3,"enemies":"Gensokyo:Kokoro","floor":16,"turns":10},{"damage":9,"enemies":"3 Byrds","floor":18,"turns":5},{"damage":4,"enemies":"Spheric Guardian","floor":19,"turns":7},{"damage":34,"enemies":"Masked Bandits","floor":20,"turns":6},{"damage":11,"enemies":"Snecko","floor":22,"turns":5},{"damage":32,"enemies":"Champ","floor":33,"turns":10}],"seed_played":"4609588335783729094","potions_obtained":[{"floor":8,"key":"LiquidMemories"},{"floor":16,"key":"Block Potion"},{"floor":22,"key":"Dexterity Potion"}],"is_trial":false,"path_per_floor":["M","M","$","?","?","R","T","E","T","M","COS","?","?","T","R","B",null,"M","M","?","?","M","R","T","?","?","R","AVR","R","B"],"character_chosen":"THE_SILENT","items_purchased":["ClockworkSouvenir","Bane"],"campfire_rested":4,"item_purchase_floors":[0,3],"current_hp_per_floor":[67,64,64,63,49,63,63,56,56,52,52,52,52,52,63,60,63,54,50,16,16,5,23,23,23,23,27,27,27,0,0],"gold":559,"neow_bonus":"","is_daily":false,"chose_seed":false,"campfire_upgraded":1,"win_rate":0.0,"timestamp":1611322518,"path_taken":["M","M","$","?","?","R","?","E","T","?","COS","?","?","?","R","BOSS","M","M","?","?","?","R","T","?","?","R","AVR","R","BOSS"],"items_purchased_type":["Relic","Card"],"build_version":"2020-12-22","purchased_purges":1,"victory":false,"max_hp_per_floor":[70,70,70,63,63,63,63,63,63,63,63,63,63,63,63,63,63,63,63,63,63,60,60,60,30,27,27,27,27,27,27],"card_choices":[{"not_picked":["Sucker Punch","Slice"],"picked":"Noxious Fumes","floor":1},{"not_picked":["Blade Dance","Deflect"],"picked":"Heel Hook","floor":2},{"not_picked":["infinitespire:Punishment","infinitespire:Menacing"],"picked":"infinitespire:Fortify","floor":5},{"not_picked":["Cloak And Dagger","hubris:SlightOfHand"],"picked":"Backflip","floor":8},{"not_picked":["Choke","hubris:SlightOfHand"],"picked":"Deflect","floor":10},{"not_picked":["Infinite Blades","All Out Attack"],"picked":"Deadly Poison","floor":13},{"not_picked":["Dagger Spray","Underhanded Strike"],"picked":"Calculated Gamble","floor":13},{"not_picked":["Grand Finale","Tools of the Trade"],"picked":"Venomology","floor":16},{"not_picked":["Expertise+1","Cloak And Dagger+1"],"picked":"Deflect+1","floor":18},{"not_picked":["Dagger Spray","Underhanded Strike"],"picked":"Choke","floor":19},{"not_picked":["Deflect","hubris:SlightOfHand"],"picked":"Cloak And Dagger+1","floor":20},{"not_picked":["Terror","Finisher"],"picked":"Noxious Fumes","floor":22}],"player_experience":161517,"relics_obtained":[{"floor":7,"key":"MawBank"},{"floor":8,"key":"Pocketwatch"},{"floor":9,"key":"infinitespire:Lucky Rock"},{"floor":14,"key":"Ninja Scroll"},{"floor":20,"key":"Red Mask"},{"floor":26,"key":"Toy Ornithopter"}],"event_choices":[{"damage_healed":0,"gold_gain":0,"player_choice":"Fought Bandits","damage_taken":0,"max_hp_gain":0,"max_hp_loss":0,"event_name":"Masked Bandits","floor":20,"gold_loss":0},{"damage_healed":0,"gold_gain":0,"player_choice":"Upgraded","damage_taken":0,"max_hp_gain":0,"max_hp_loss":0,"event_name":"Upgrade Shrine","floor":21,"gold_loss":0,"cards_upgraded":["Choke"]},{"damage_healed":0,"gold_gain":0,"player_choice":"Became a Ghost","damage_taken":0,"max_hp_gain":0,"max_hp_loss":30,"event_name":"Ghosts","floor":27,"gold_loss":0,"cards_obtained":["Ghostly","Ghostly","Ghostly","Ghostly","Ghostly"]},{"damage_healed":0,"gold_gain":0,"player_choice":"Obtained Relic","damage_taken":0,"relics_obtained":["theSenshi:SailorFukuRelic"],"max_hp_gain":0,"max_hp_loss":0,"event_name":"Addict","floor":28,"gold_loss":85}],"is_beta":false,"boss_relics":[{"not_picked":["Snecko Eye","Runic Dome"],"picked":"RedLine:ReiMu"}],"items_purged_floors":[31],"is_endless":false,"potions_floor_spawned":[8,16,22],"killed_by":"Champ","ascension_level":2}}