{"host":"cy2xqrw0a4jjdcnp","time":1611281758,"event":{"mods":["AchievementEnabler","BaseMod","Colored Map","Minty Spire (QoL Compilation)","Permanent Neow"],"gold_per_floor":[361,379,404,20,30,30,59,76,102,102,119,119,148,168,168,267,267,278,309,7,7,25,25,60,60,60,60,60],"floor_reached":27,"language":"ENG","playtime":1451,"items_purged":["Strike_P"],"score":335,"play_id":"ee788a98-ca69-4488-9a67-c7f5ef0e4f27","local_time":"20210122001558","is_ascension_mode":true,"campfire_choices":[{"data":"Eruption","floor":6.0,"key":"SMITH"},{"data":"Study","floor":10.0,"key":"SMITH"},{"data":"MentalFortress","floor":12.0,"key":"SMITH"},{"data":"Vigilance","floor":15.0,"key":"SMITH"},{"floor":23,"key":"REST"},{"data":"Judgement","floor":25,"key":"SMITH"}],"circlet_count":0,"master_deck":["Defend_P","Defend_P","Eruption+1","Vigilance+1","Injury","Tantrum","Study+1","MentalFortress+1","Prostrate","Sanctity","DevaForm","SignatureMove","Judgement+1","Nirvana+1","CarveReality+1","LikeWater+1","Crescendo+1","CarveReality+1","Establishment","ForeignInfluence","Pray","SandsOfTime"],"relics":["PureWater","Pen Nib","Chemical X","Orichalcum","Letter Opener","Oddly Smooth Stone","Gremlin Horn","Astrolabe","Red Mask","Bottled Tornado","Centennial Puzzle","Sundial"],"acts_visited":["Exordium","TheCity"],"potions_floor_usage":[18,24],"damage_taken":[{"damage":0.0,"enemies":"Cultist","floor":1.0,"turns":4.0},{"damage":0.0,"enemies":"Small Slimes","floor":2.0,"turns":2.0},{"damage":3.0,"enemies":"2 Louse","floor":5.0,"turns":2.0},{"damage":0.0,"enemies":"Lagavulin","floor":7.0,"turns":4.0},{"damage":0.0,"enemies":"Large Slime","floor":8.0,"turns":5.0},{"damage":0.0,"enemies":"Blue Slaver","floor":11.0,"turns":1.0},{"damage":0.0,"enemies":"Gremlin Nob","floor":13.0,"turns":3.0},{"damage":17.0,"enemies":"3 Louse","floor":14.0,"turns":2.0},{"damage":42.0,"enemies":"The Guardian","floor":16.0,"turns":7.0},{"damage":19,"enemies":"Chosen","floor":18,"turns":5},{"damage":45,"enemies":"Masked Bandits","floor":19,"turns":4},{"damage":0,"enemies":"Spheric Guardian","floor":22,"turns":1},{"damage":24,"enemies":"Gremlin Leader","floor":24,"turns":5},{"damage":5,"enemies":"Slavers","floor":27,"turns":1}],"seed_played":"7711577852153704648","potions_obtained":[{"floor":2.0,"key":"AttackPotion"},{"floor":7.0,"key":"ColorlessPotion"},{"floor":8.0,"key":"AttackPotion"},{"floor":11.0,"key":"BlessingOfTheForge"},{"floor":14.0,"key":"FearPotion"}],"is_trial":false,"path_per_floor":["M","M","T","$","M","R","E","M","T","R","M","R","E","M","R","B",null,"M","?","$","?","M","R","E","R","T","E"],"character_chosen":"WATCHER","items_purchased":["Chemical X","Orichalcum","Bottled Tornado","SkillPotion"],"campfire_rested":1,"item_purchase_floors":[4,4,20,20],"current_hp_per_floor":[72,72,72,72,69,69,69,69,69,69,69,69,69,52,52,10,72,53,8,8,8,8,29,5,5,5,0,0],"gold":60,"neow_bonus":"TWO_FIFTY_GOLD","is_daily":false,"chose_seed":false,"campfire_upgraded":5,"win_rate":0.0,"timestamp":1611281758,"path_taken":["M","?","?","$","M","R","E","M","T","R","M","R","E","?","R","BOSS","M","?","$","?","M","R","E","R","T","E"],"items_purchased_type":["Relic","Relic","Relic","Potion"],"build_version":"2020-12-22","purchased_purges":1,"victory":false,"max_hp_per_floor":[72,72,72,72,72,72,72,72,72,72,72,72,72,72,72,72,72,72,72,72,72,72,72,72,72,72,72,72],"card_choices":[{"not_picked":["Fasting2","CrushJoints"],"picked":"Tantrum","floor":1.0},{"not_picked":["DeceiveReality","Worship"],"picked":"Study","floor":2.0},{"not_picked":["Weave","PathToVictory"],"picked":"MentalFortress","floor":5.0},{"not_picked":["CutThroughFate","SashWhip"],"picked":"Prostrate","floor":7.0},{"not_picked":["WreathOfFlame","EmptyBody","ThirdEye"],"picked":"SKIP","floor":8.0},{"not_picked":["SashWhip","FlurryOfBlows"],"picked":"Sanctity","floor":11.0},{"not_picked":["Crescendo","Evaluate"],"picked":"DevaForm","floor":13.0},{"not_picked":["BattleHymn","Tantrum"],"picked":"SignatureMove","floor":14.0},{"not_picked":["Brilliance","Wish"],"picked":"Judgement","floor":16.0},{"not_picked":["WindmillStrike","EmptyFist"],"picked":"Crescendo+1","floor":18},{"not_picked":["Sanctity","Crescendo"],"picked":"CarveReality+1","floor":19},{"not_picked":["FearNoEvil","Crescendo"],"picked":"Pray","floor":22},{"not_picked":["BowlingBash","Crescendo+1"],"picked":"SandsOfTime","floor":24}],"player_experience":1463110,"relics_obtained":[{"floor":3.0,"key":"Pen Nib"},{"floor":7.0,"key":"Letter Opener"},{"floor":9.0,"key":"Oddly Smooth Stone"},{"floor":13.0,"key":"Gremlin Horn"},{"floor":19,"key":"Red Mask"},{"floor":24,"key":"Centennial Puzzle"},{"floor":26,"key":"Sundial"}],"event_choices":[{"damage_healed":0,"gold_gain":0,"player_choice":"Fought Bandits","damage_taken":0,"max_hp_gain":0,"max_hp_loss":0,"event_name":"Masked Bandits","floor":19,"gold_loss":0},{"damage_healed":0,"gold_gain":0,"cards_transformed":["Defend_P","Defend_P"],"player_choice":"Became Test Subject","damage_taken":0,"max_hp_gain":0,"max_hp_loss":0,"event_name":"Drug Dealer","floor":21,"gold_loss":0,"cards_obtained":["Establishment","ForeignInfluence"]}],"is_beta":false,"boss_relics":[{"not_picked":["Runic Pyramid","SacredBark"],"picked":"Astrolabe"}],"items_purged_floors":[4],"is_endless":false,"potions_floor_spawned":[2,7,8,11,14],"killed_by":"Slavers","ascension_level":3}}