{"host":"l0i0y1oyvm6rmxxu","time":1611307504,"event":{"mods":["BaseMod","Minty Spire (QoL Compilation)","Quick Restart","Replay The Spire","RumiaBox-露米娅的神秘盒子","StSLib","TestMod","vexMod"],"gold_per_floor":[114,39,103,115,115,115,145,145,168,186,215,228,128,157,157,254,254,274,274,294,294,209,237,257,13,40,50,61,90,107,120,120,215,215,231,231,231,243,255,255,266,266,291,291,90,119,132,162,162,162,162,162,89,123,123],"floor_reached":56,"language":"ZHS","playtime":3686,"items_purged":["Strike_P","Strike_P","Strike_P+1"],"score":1917,"play_id":"9ba02360-bb51-4ed9-a1a4-c31107bc7fd2","local_time":"20210122172504","is_ascension_mode":false,"campfire_choices":[{"data":"Eruption","floor":6.0,"key":"SMITH"},{"data":"WheelKick","floor":8.0,"key":"SMITH"},{"data":"Defend_P","floor":15.0,"key":"PURGE"},{"floor":32.0,"key":"DIG"},{"floor":40.0,"key":"RECALL"},{"floor":42.0,"key":"REST"},{"floor":44.0,"key":"REST"},{"floor":49.0,"key":"REST"},{"floor":52.0,"key":"REST"}],"circlet_count":0,"master_deck":["Defend_P+1","Defend_P+1","Eruption+1","Vigilance+1","TalkToTheHand+1","FearNoEvil+1","WheelKick+1","Devotion+1","Tantrum+1","LessonLearned+1","Necronomicurse","Scrawl+1","MasterReality+1","testmod-Illusory+1","Fasting2+1","Adaptation+1"],"relics":["PureWater","testmod-TestBox","NeowsBlessing","testmod-GiftOfSatan","Boot","Ancient Tea Set","Centennial Puzzle","FossilizedHelix","Philosopher\u0027s Stone","Necronomicon","Replay:Bottled Eggs","LastBattle","Shuriken","Art of War","Golden Egg","GodSword5","VioletLotus","Potion Belt","SSSystem","Juzu Bracelet","Damaru"],"acts_visited":["Exordium","TheCity","TheBeyond","TheEnding"],"potions_floor_usage":[55,55,55,55],"damage_taken":[{"damage":0.0,"enemies":"Cultist","floor":1.0,"turns":1.0},{"damage":0.0,"enemies":"Jaw Worm","floor":4.0,"turns":1.0},{"damage":0.0,"enemies":"Gremlin Nob","floor":7.0,"turns":1.0},{"damage":0.0,"enemies":"Small Slimes","floor":10.0,"turns":2.0},{"damage":4.0,"enemies":"3 Sentries","floor":11.0,"turns":4.0},{"damage":0.0,"enemies":"Gremlin Gang","floor":12.0,"turns":1.0},{"damage":0.0,"enemies":"Gremlin Nob","floor":14.0,"turns":2.0},{"damage":0.0,"enemies":"Fading Forest","floor":16.0,"turns":10.0},{"damage":0.0,"enemies":"Spheric Guardian","floor":18.0,"turns":2.0},{"damage":0.0,"enemies":"Chosen","floor":20.0,"turns":4.0},{"damage":0.0,"enemies":"Book of Stabbing","floor":23.0,"turns":2.0},{"damage":0.0,"enemies":"3 Cultists","floor":24.0,"turns":4.0},{"damage":0.0,"enemies":"Snake Plant","floor":27.0,"turns":2.0},{"damage":0.0,"enemies":"Cultist and Chosen","floor":28.0,"turns":3.0},{"damage":6.0,"enemies":"Replay:Snechameleon","floor":29.0,"turns":2.0},{"damage":0.0,"enemies":"3 Cultists","floor":30.0,"turns":2.0},{"damage":0.0,"enemies":"Snake Plant","floor":31.0,"turns":2.0},{"damage":0.0,"enemies":"Pondfish","floor":33.0,"turns":5.0},{"damage":0.0,"enemies":"3 Darklings","floor":35.0,"turns":2.0},{"damage":0.0,"enemies":"Orb Walker","floor":38.0,"turns":1.0},{"damage":6.0,"enemies":"3 Darklings","floor":39.0,"turns":3.0},{"damage":0.0,"enemies":"4 Shapes","floor":41.0,"turns":1.0},{"damage":0.0,"enemies":"Giant Head","floor":46.0,"turns":5.0},{"damage":0.0,"enemies":"Spire Growth","floor":47.0,"turns":2.0},{"damage":0.0,"enemies":"R_Hoarder","floor":48.0,"turns":3.0},{"damage":53.0,"enemies":"Time Eater","floor":50.0,"turns":7.0},{"damage":0.0,"enemies":"Shield and Spear","floor":54.0,"turns":3.0},{"damage":75,"enemies":"The Heart","floor":55,"turns":6}],"seed_played":"8701443444872885576","potions_obtained":[{"floor":3.0,"key":"DistilledChaos"},{"floor":4.0,"key":"AttackPotion"},{"floor":7.0,"key":"Explosive Potion"},{"floor":11.0,"key":"PowerPotion"},{"floor":12.0,"key":"Strength Potion"},{"floor":18.0,"key":"Elixir"},{"floor":24.0,"key":"Strength Potion"},{"floor":47.0,"key":"SpeedPotion"},{"floor":48.0,"key":"DistilledChaos"}],"is_trial":false,"path_per_floor":["M","$","?","M","?","R","E","R","T","M","E","M","$","E","R","B",null,"M","?","M","?","?","E","M","$","T","M","M","E","M","M","R","B",null,"M","?","?","M","M","R","M","R","T","R","$","E","M","E","R","B",null,"R","$","E","B",null],"character_chosen":"WATCHER","items_purchased":["Shuriken","Fasting2","Adaptation"],"campfire_rested":4,"item_purchase_floors":[25,45,53],"current_hp_per_floor":[72,72,54,54,54,54,54,54,54,65,67,67,67,73,73,82,82,82,66,79,79,79,79,79,79,79,79,79,73,73,82,82,82,82,82,82,82,82,89,89,89,89,89,89,89,89,89,96,96,53,96,96,96,96,96],"gold":123,"neow_bonus":"THREE_ENEMY_KILL","is_daily":false,"chose_seed":false,"campfire_upgraded":2,"win_rate":0.0,"timestamp":1611307504,"path_taken":["M","?","?","?","?","R","E","R","T","M","E","M","?","E","R","BOSS","M","?","M","?","?","E","M","$","T","M","M","E","M","M","R","BOSS","M","?","?","M","M","R","M","R","T","R","$","E","M","E","R","BOSS","R","$","E","BOSS"],"items_purchased_type":["Relic","Card","Card"],"build_version":"2020-12-22","purchased_purges":3,"victory":true,"max_hp_per_floor":[72,72,72,72,72,72,72,72,72,77,82,82,82,82,82,82,82,82,82,82,82,82,82,82,82,82,82,82,82,82,82,82,82,82,82,82,82,82,89,89,89,89,89,89,89,89,89,96,96,96,96,96,96,96,96],"card_choices":[{"not_picked":["ThirdEye","FlyingSleeves"],"picked":"TalkToTheHand","floor":1.0},{"not_picked":["Perseverance","Sanctity"],"picked":"FearNoEvil","floor":3.0},{"not_picked":["Replay:AtTheReady","FollowUp"],"picked":"WheelKick","floor":3.0},{"not_picked":["EmptyBody","Consecrate","Halt"],"picked":"SKIP","floor":4.0},{"not_picked":["Replay:DivineShield","Replay:Hum","ClearTheMind"],"picked":"SKIP","floor":7.0},{"not_picked":["Replay:BluntJabs","Study"],"picked":"Tantrum","floor":10.0},{"not_picked":["Replay:BluntJabs","CrushJoints","Devotion"],"picked":"SKIP","floor":11.0},{"not_picked":["Replay:ManipulateFuture","WreathOfFlame","Prostrate"],"picked":"SKIP","floor":12.0},{"not_picked":["FollowUp","EmptyFist","FearNoEvil"],"picked":"SKIP","floor":14.0},{"not_picked":["Vault","Replay:AllIn"],"picked":"LessonLearned","floor":16.0},{"not_picked":["FollowUp","Replay:AtTheReady","Study"],"picked":"SKIP","floor":18.0},{"not_picked":["Replay:Vibes","EmptyFist","EmptyBody"],"picked":"SKIP","floor":20.0},{"not_picked":["Replay:Cycle","CarveReality","Replay:ManipulateFuture+1"],"picked":"SKIP","floor":23.0},{"not_picked":["Replay:Cycle","CarveReality","Replay:ManipulateFuture+1"],"picked":"SKIP","floor":23.0},{"not_picked":["CrushJoints+1","PathToVictory","Replay:BluntJabs"],"picked":"SKIP","floor":24.0},{"not_picked":["FlyingSleeves+1","EmptyBody","Pray"],"picked":"SKIP","floor":27.0},{"not_picked":["Halt+1","WaveOfTheHand","BowlingBash"],"picked":"SKIP","floor":28.0},{"not_picked":["Halt+1","WaveOfTheHand","BowlingBash"],"picked":"SKIP","floor":28.0},{"not_picked":["BowlingBash","Devotion"],"picked":"Scrawl","floor":29.0},{"not_picked":["Evaluate","SandsOfTime","Replay:ManipulateFuture+1"],"picked":"SKIP","floor":30.0},{"not_picked":["PathToVictory","ThirdEye","FlyingSleeves"],"picked":"SKIP","floor":31.0},{"not_picked":["Replay:AllIn","DeusExMachina"],"picked":"MasterReality","floor":33.0},{"not_picked":["Protect","CutThroughFate","FlurryOfBlows"],"picked":"SKIP","floor":35.0},{"not_picked":["ReplayTheSpireMod:Trickstab","Madness"],"picked":"testmod-Illusory","floor":36.0},{"not_picked":["Prostrate","Replay:BluntJabs+1","EmptyFist"],"picked":"SKIP","floor":38.0},{"not_picked":["ThirdEye","TalkToTheHand","LikeWater"],"picked":"SKIP","floor":39.0},{"not_picked":["EmptyBody+1","JustLucky+1","FollowUp+1"],"picked":"SKIP","floor":41.0},{"not_picked":["CutThroughFate","Replay:Hum+1","Tantrum"],"picked":"SKIP","floor":46.0},{"not_picked":["Indignation+1","JustLucky+1","BowlingBash+1"],"picked":"SKIP","floor":47.0},{"not_picked":["WaveOfTheHand","ThirdEye+1","MasterReality"],"picked":"SKIP","floor":48.0},{"not_picked":["SandsOfTime+1","FollowUp","BowlingBash+1"],"picked":"SKIP","floor":54.0}],"player_experience":507517,"relics_obtained":[{"floor":3.0,"key":"Boot"},{"floor":7.0,"key":"Ancient Tea Set"},{"floor":11.0,"key":"Centennial Puzzle"},{"floor":14.0,"key":"FossilizedHelix"},{"floor":19.0,"key":"Necronomicon"},{"floor":23.0,"key":"LastBattle"},{"floor":26.0,"key":"Art of War"},{"floor":29.0,"key":"Golden Egg"},{"floor":32.0,"key":"GodSword5"},{"floor":43.0,"key":"Potion Belt"},{"floor":46.0,"key":"SSSystem"},{"floor":48.0,"key":"Juzu Bracelet"},{"floor":54.0,"key":"Damaru"}],"event_choices":[{"damage_healed":0.0,"max_hp_gain":0.0,"max_hp_loss":0.0,"gold_gain":0.0,"cards_transformed":["Strike_P"],"event_name":"Transmorgrifier","player_choice":"Transformed","floor":5.0,"gold_loss":0.0,"damage_taken":0.0,"cards_obtained":["Devotion"]},{"damage_healed":0.0,"max_hp_gain":0.0,"max_hp_loss":0.0,"gold_gain":0.0,"event_name":"Cursed Tome","player_choice":"Obtained Book","floor":19.0,"gold_loss":0.0,"damage_taken":16.0},{"damage_healed":0.0,"max_hp_gain":0.0,"max_hp_loss":0.0,"gold_gain":0.0,"event_name":"Addict","player_choice":"Obtained Relic","floor":22.0,"gold_loss":85.0,"damage_taken":0.0,"relics_obtained":["Replay:Bottled Eggs"]},{"damage_healed":0.0,"max_hp_gain":0.0,"max_hp_loss":0.0,"gold_gain":0.0,"event_name":"SensoryStone","player_choice":"Memory 1","floor":36.0,"gold_loss":0.0,"damage_taken":0.0}],"is_beta":false,"boss_relics":[{"not_picked":["vexMod:RockOfEvil","Sozu"],"picked":"Philosopher\u0027s Stone"},{"not_picked":["Abe\u0027s Treasure","Replay:Bronze Core"],"picked":"VioletLotus"}],"items_purged_floors":[2,13,45],"is_endless":false,"potions_floor_spawned":[4,7,10,11,12,18,24,28,29,30,47,48],"ascension_level":0}}