{"host":"c1oza4x7xlyuasvd","time":1611309051,"event":{"mods":["ATMod(°¢èªMod)","BaseMod","Better Vampires","Colored Powertips","Downfall","Marisa£¨ìFÓê¡¡Ä§ÀíÉ³£©","Minty Spire (QoL Compilation)","MostiFishMod","StSLib","TestMod","Waifu the Spire","¡¾ÒÅÎï¿¨ÅÆ¡¿REMEMod"],"gold_per_floor":[99,99,99,150,6,6,32,48,64,90,90,90,123,58,78,173,173,73,91,107,107,107,107],"floor_reached":21,"language":"ZHS","playtime":877,"items_purged":["Guardian:Defend_Guardian"],"score":219,"play_id":"dd309294-e8d7-4d3c-bbd2-af657448201c","local_time":"20210122175051","is_ascension_mode":true,"campfire_choices":[{"data":"Guardian:CurlUp","floor":1.0,"key":"SMITH"},{"data":"Guardian:ExploitGems","floor":12,"key":"SMITH"},{"floor":18,"key":"RECALL"}],"circlet_count":0,"master_deck":["Guardian:Strike_Guardian","Guardian:Strike_Guardian","Guardian:Strike_Guardian","Guardian:Defend_Guardian","Guardian:Defend_Guardian","Guardian:Defend_Guardian","Guardian:CurlUp+1","Guardian:TwinSlam","AT_ChampionStep","MostiFishMod:Galeforce","Guardian:FloatingOrbs","Guardian:EvasiveProtocol","Guardian:ShieldCharger","Guardian:ExploitGems+1","Guardian:AncientConstruct","Guardian:MultiBeam","Guardian:StasisEngine","Guardian:Repulse","Guardian:Orbwalk"],"relics":["Guardian:ModeShifter","testmod-TestBox","AT_ATBox","DaveBox","REME_ComplimentaryCards","testmod-Muramasa","ImprovedEquipment","downfall:HeartsMalice","Guardian:BottledStasis","Smiling Mask","AT_LudenTempest","Ornamental Fan","testmod-Fanaticism","downfall:HeartBlessingBlue"],"acts_visited":["Exordium","TheCity"],"potions_floor_usage":[20],"damage_taken":[{"damage":0.0,"enemies":"Cultist","floor":2.0,"turns":1.0},{"damage":0.0,"enemies":"2 Louse","floor":3.0,"turns":1.0},{"damage":0.0,"enemies":"downfall:FleeingMerchant","floor":5.0,"turns":1.0},{"damage":7.0,"enemies":"Small Slimes","floor":8.0,"turns":4.0},{"damage":12.0,"enemies":"Blue Slaver","floor":9.0,"turns":5.0},{"damage":10.0,"enemies":"3 Sentries","floor":10.0,"turns":10.0},{"damage":6,"enemies":"Gremlin Nob","floor":13,"turns":4},{"damage":0,"enemies":"downfall:FleeingMerchant","floor":14,"turns":4},{"damage":5,"enemies":"Lots of Slimes","floor":15,"turns":4},{"damage":9,"enemies":"WA_ARCHETYPE_RETAIN","floor":16,"turns":6},{"damage":22,"enemies":"Shell Parasite","floor":19,"turns":3},{"damage":6,"enemies":"Spheric Guardian","floor":20,"turns":3},{"damage":0,"enemies":"Cultist and Chosen","floor":21,"turns":1}],"seed_played":"4279771401578121013","potions_obtained":[{"floor":9.0,"key":"AttackPotion"},{"floor":10.0,"key":"testmod-EscapePotion"},{"floor":15,"key":"AttackPotion"}],"is_trial":false,"path_per_floor":["R","M","M","T","$","?","T","M","M","E","?","R","E","$","M","B",null,"R","M","M","M"],"character_chosen":"GUARDIAN","items_purchased":["Guardian:BottledStasis"],"campfire_rested":0,"item_purchase_floors":[5],"current_hp_per_floor":[80,80,80,80,80,80,80,73,61,51,56,56,50,50,45,36,85,95,95,90,90,90,90],"gold":107,"neow_bonus":"THREE_ENEMY_KILL","is_daily":false,"chose_seed":false,"campfire_upgraded":2,"win_rate":0.0,"timestamp":1611309051,"path_taken":["R","M","M","?","?","?","T","?","M","E","?","R","E","$","M","BOSS","R","M","M","M"],"items_purchased_type":["Relic"],"build_version":"2020-12-22","purchased_purges":1,"victory":false,"max_hp_per_floor":[80,80,80,80,80,80,80,80,80,80,85,85,85,85,85,85,85,95,95,95,95,95,95],"card_choices":[{"not_picked":["Guardian:PrimingBeam","Guardian:Gem_Purple"],"picked":"Guardian:FloatingOrbs","floor":2.0},{"not_picked":["Guardian:FuturePlans","Guardian:ChargeCore"],"picked":"Guardian:EvasiveProtocol","floor":3.0},{"not_picked":["Guardian:Recover","Guardian:VentSteam","Guardian:Emergency"],"picked":"SKIP","floor":5.0},{"not_picked":["Guardian:TemporalShield","Guardian:EvasiveProtocol","Guardian:Gem_Green"],"picked":"SKIP","floor":8.0},{"not_picked":["Guardian:SpikerProtocol","Guardian:TemporalShield"],"picked":"Guardian:ExploitGems","floor":9.0},{"not_picked":["Guardian:Gem_Yellow","Guardian:VentSteam"],"picked":"Guardian:AncientConstruct","floor":10.0},{"not_picked":["Guardian:Planning","Guardian:Recover"],"picked":"Guardian:Gem_Blue","floor":13},{"not_picked":["Guardian:FuturePlans","Guardian:Gem_Red"],"picked":"Guardian:MultiBeam","floor":14},{"not_picked":["Guardian:ShieldCharger","Guardian:Planning","Guardian:GuardianWhirl"],"picked":"SKIP","floor":15},{"not_picked":["Guardian:GatlingBeam","Guardian:StasisField"],"picked":"Guardian:StasisEngine","floor":16},{"not_picked":["Guardian:EvasiveProtocol","Guardian:Gem_Purple"],"picked":"Guardian:Repulse","floor":19},{"not_picked":["Guardian:SpikerProtocol+1","Guardian:Planning+1"],"picked":"Guardian:Orbwalk","floor":20}],"player_experience":216434,"relics_obtained":[{"floor":7.0,"key":"Smiling Mask"},{"floor":10.0,"key":"AT_LudenTempest"},{"floor":13,"key":"Ornamental Fan"}],"event_choices":[{"damage_healed":0,"gold_gain":0,"player_choice":"Donut","damage_taken":0,"max_hp_gain":5,"max_hp_loss":0,"event_name":"Big Fish","floor":11,"gold_loss":0}],"is_beta":false,"boss_relics":[{"not_picked":["bronze:MakeshiftBattery","SlaversCollar"],"picked":"testmod-Fanaticism"}],"items_purged_floors":[14],"is_endless":false,"potions_floor_spawned":[9,10,15,19],"killed_by":"Cultist and Chosen","ascension_level":1}}