{"host":"urvvf8749ekcxo1a","time":1611358795,"event":{"mods":["AchievementEnabler","BaseMod","Better Sensory Stone","BetterRewards","Colored Powertips","Evolution","Gold Saver","Marisa????????","Minty Spire (QoL Compilation)","Quick Restart","StSLib","SuperFastMode","The Cursed","The Hierophant","The Saiyan","The Servant 0.9.4","The Wild Card"],"gold_per_floor":[1204,976,926,1001,1176,1176,1207,1207,1207,1207,877,889,889,921,921,1025,1025,1342,1342,986,475,475,475,504,515,590,624,624,624,624,638,638,738,738,749,749,765,765,819,819,819,819,842,842,270,270,311,278,278,383,392,409,409,409,419,270,270,270,270,270,270,270,270,119,134,134,240,240,256,256,227,199,211,211,211,253,294,294,333,349,386,430,430,539,598,611,631,642,567,552,552,552,585,624,428,461,479,523,537,537,643,643,660,671,680,489,521,521,533,548,574,574,614,642,567,599,599,699,699,712,724,649,683,696,715,758,670,713,683,583,625,436,471,471,576,576,576],"floor_reached":136,"language":"ENG","playtime":4927,"items_purged":["Saiyan:SuperSaiyanThree","Doubt","Electrodynamics+1","Electrodynamics+1","Compile Driver+1","Consume+1","Coolheaded+1"],"score":4365,"play_id":"54304b17-0082-4168-90d1-e7e0eb6319d0","local_time":"20210122183955","daily_mods":["SealedDeck","Vintage","Allstar","Heirloom","Time Dilation","Flight","DeadlyEvents","Elite Swarm"],"is_ascension_mode":false,"campfire_choices":[{"data":"FlawlessForm","floor":6,"key":"SMITH"},{"data":"DevaForm","floor":8,"key":"SMITH"},{"data":"Genetic Algorithm","floor":10,"key":"SMITH"},{"data":"Consume","floor":13,"key":"SMITH"},{"data":"Creative AI","floor":15,"key":"SMITH"},{"data":"Fission","floor":23,"key":"SMITH"},{"floor":28,"key":"REST"},{"data":"Recycle","floor":29,"key":"SMITH"},{"data":"Seek","floor":30,"key":"SMITH"},{"data":"Echo Form","floor":32,"key":"SMITH"},{"data":"Saiyan:SuperSaiyanForm","floor":40,"key":"SMITH"},{"data":"Wraith Form v2","floor":41,"key":"SMITH"},{"data":"Hello World","floor":42,"key":"SMITH"},{"data":"Buffer","floor":44,"key":"SMITH"},{"data":"Finesse","floor":46,"key":"SMITH"},{"data":"Coolheaded","floor":49,"key":"SMITH"},{"data":"Biased Cognition","floor":57,"key":"SMITH"},{"data":"Reboot","floor":58,"key":"SMITH"},{"data":"1","floor":59,"key":"LIFT"},{"data":"2","floor":61,"key":"LIFT"},{"data":"3","floor":62,"key":"LIFT"},{"data":"Redo","floor":63,"key":"SMITH"},{"data":"Go for the Eyes","floor":66,"key":"SMITH"},{"data":"BootSequence","floor":74,"key":"SMITH"},{"data":"Beam Cell","floor":75,"key":"SMITH"},{"data":"Undo","floor":83,"key":"SMITH"},{"floor":91,"key":"REST"},{"floor":92,"key":"REST"},{"floor":100,"key":"REST"},{"floor":108,"key":"REST"},{"floor":112,"key":"REST"},{"floor":117,"key":"REST"},{"floor":134,"key":"REST"}],"circlet_count":0,"master_deck":["Wraith Form v2+1","Echo Form+1","DevaForm+1","Saiyan:SuperSaiyanForm+1","FlawlessForm+1","Hello World+1","Go for the Eyes+1","Beam Cell+1","Recycle+1","Redo+1","Sweeping Beam+1","BootSequence+1","Genetic Algorithm+1","Creative AI+1","Fission+1","Seek+1","Meteor Strike+1","Buffer+1","Finesse+1","Reboot+1","Biased Cognition+1","CurseOfTheBell","Seek+1","Capacitor+1","Chill+1","Seek+1","Meteor Strike+1","Seek+1","Fission+1","Machine Learning+1","White Noise+1","Turbo+1","Fission+1","Secret Technique+1","Enlightenment+1","Buffer+1","Impatience+1","Reboot+1","Meteor Strike+1","Amplify+1","Capacitor+1","Buffer+1","Seek+1"],"relics":["Cracked Core","EVO:Axolotl","Girya","CaptainsWheel","PreservedInsect","Bronze Scales","Shuriken","Pear","DataDisk","Gremlin Horn","Inserter","Old Coin","Matryoshka","Bottled Tornado","Eternal Feather","Molten Egg 2","Regal Pillow","MealTicket","Ornamental Fan","Kunai","Meat on the Bone","Philosopher\u0027s Stone","Nunchaku","Cables","White Beast Statue","Pen Nib","CeramicFish","Strawberry","Bottled Flame","MawBank","Calling Bell","Omamori","Frozen Egg 2","Ginger","Bag of Preparation","WarpedTongs","Ice Cream","Potion Belt","Toxic Egg 2","Membership Card","Singing Bowl","Black Star","Letter Opener","Symbiotic Virus","Whetstone","Tiny House","Boot","Lantern","Pantograph","Strange Spoon","Bottled Lightning","Medical Kit","Darkstone Periapt","Sozu","Orichalcum","InkBottle","Blue Candle","Question Card","Mercury Hourglass","SlaversCollar","HornCleat","Mummified Hand","Akabeko","Art of War","Runic Capacitor","Fusion Hammer"],"acts_visited":["Exordium","TheCity","TheBeyond","Exordium","TheCity","TheBeyond","Exordium","TheCity","TheBeyond"],"potions_floor_usage":[16,24,24,27,37,69,69,69,69,79,86,87,87,135,135],"damage_taken":[{"damage":4,"enemies":"Cultist","floor":1,"turns":4},{"damage":0,"enemies":"Lagavulin","floor":7,"turns":7},{"damage":0,"enemies":"Small Slimes","floor":12,"turns":4},{"damage":4,"enemies":"Gremlin Nob","floor":14,"turns":5},{"damage":5,"enemies":"Hexaghost","floor":16,"turns":8},{"damage":38,"enemies":"3 Byrds","floor":18,"turns":5},{"damage":44,"enemies":"Slavers","floor":24,"turns":4},{"damage":0,"enemies":"Spheric Guardian","floor":25,"turns":7},{"damage":10,"enemies":"Gremlin Leader","floor":27,"turns":6},{"damage":6,"enemies":"Centurion and Healer","floor":31,"turns":6},{"damage":33,"enemies":"Automaton","floor":33,"turns":8},{"damage":0,"enemies":"3 Shapes","floor":35,"turns":5},{"damage":20,"enemies":"Orb Walker","floor":37,"turns":4},{"damage":10,"enemies":"Reptomancer","floor":47,"turns":6},{"damage":23,"enemies":"Time Eater","floor":50,"turns":13},{"damage":22,"enemies":"Small Slimes","floor":52,"turns":4},{"damage":0,"enemies":"Jaw Worm","floor":55,"turns":2},{"damage":0,"enemies":"Cultist","floor":65,"turns":2},{"damage":41,"enemies":"Hexaghost","floor":67,"turns":5},{"damage":27,"enemies":"Shell Parasite","floor":69,"turns":4},{"damage":0,"enemies":"3 Byrds","floor":73,"turns":3},{"damage":0,"enemies":"Gremlin Leader","floor":76,"turns":4},{"damage":15,"enemies":"Book of Stabbing","floor":77,"turns":3},{"damage":0,"enemies":"Gremlin Leader","floor":79,"turns":2},{"damage":0,"enemies":"Snecko","floor":80,"turns":2},{"damage":0,"enemies":"Slavers","floor":81,"turns":3},{"damage":0,"enemies":"Gremlin Leader","floor":82,"turns":2},{"damage":0,"enemies":"Collector","floor":84,"turns":3},{"damage":0,"enemies":"Orb Walker","floor":86,"turns":1},{"damage":10,"enemies":"3 Shapes","floor":87,"turns":2},{"damage":0,"enemies":"Spire Growth","floor":88,"turns":3},{"damage":0,"enemies":"Reptomancer","floor":93,"turns":3},{"damage":0,"enemies":"Nemesis","floor":94,"turns":1},{"damage":0,"enemies":"Giant Head","floor":96,"turns":3},{"damage":0,"enemies":"Nemesis","floor":98,"turns":3},{"damage":0,"enemies":"3 Darklings","floor":99,"turns":1},{"damage":12,"enemies":"Awakened One","floor":101,"turns":13},{"damage":0,"enemies":"2 Louse","floor":103,"turns":1},{"damage":0,"enemies":"Cultist","floor":104,"turns":1},{"damage":0,"enemies":"Gremlin Nob","floor":107,"turns":3},{"damage":0,"enemies":"Jaw Worm","floor":109,"turns":1},{"damage":0,"enemies":"Gremlin Gang","floor":110,"turns":1},{"damage":0,"enemies":"3 Sentries","floor":111,"turns":2},{"damage":0,"enemies":"Lagavulin","floor":113,"turns":1},{"damage":0,"enemies":"3 Sentries","floor":114,"turns":2},{"damage":0,"enemies":"Lagavulin","floor":116,"turns":2},{"damage":0,"enemies":"The Guardian","floor":118,"turns":6},{"damage":0,"enemies":"Shell Parasite","floor":120,"turns":1},{"damage":2,"enemies":"3 Byrds","floor":121,"turns":2},{"damage":0,"enemies":"Gremlin Leader","floor":123,"turns":4},{"damage":0,"enemies":"Centurion and Healer","floor":124,"turns":3},{"damage":42,"enemies":"Shelled Parasite and Fungi","floor":125,"turns":3},{"damage":0,"enemies":"Slavers","floor":126,"turns":3},{"damage":22,"enemies":"Book of Stabbing","floor":128,"turns":2},{"damage":0,"enemies":"Gremlin Leader","floor":131,"turns":4},{"damage":0,"enemies":"Slavers","floor":133,"turns":2},{"damage":0,"enemies":"Champ","floor":135,"turns":6}],"seed_played":"4126813382708523801","potions_obtained":[{"floor":14,"key":"SkillPotion"},{"floor":16,"key":"LiquidBronze"},{"floor":18,"key":"Regen Potion"},{"floor":25,"key":"FearPotion"},{"floor":33,"key":"AttackPotion"},{"floor":37,"key":"Regen Potion"},{"floor":47,"key":"AttackPotion"},{"floor":52,"key":"EntropicBrew"},{"floor":65,"key":"Weak Potion"},{"floor":67,"key":"LiquidBronze"},{"floor":79,"key":"ColorlessPotion"},{"floor":86,"key":"Regen Potion"},{"floor":98,"key":"Regen Potion"},{"floor":99,"key":"DistilledChaos"},{"floor":101,"key":"Fire Potion"}],"is_trial":true,"path_per_floor":["M","$","?","?","?","R","E","R","T","R","$","M","R","E","R","B",null,"M","?","$","$","?","R","E","M","T","E","R","R","R","M","R","B",null,"M","?","M","?","T","R","R","R","T","R","$","R","E","$","R","B",null,"M","?","$","M","$","R","R","R","T","R","R","R","$","M","R","B",null,"M","?","$","$","M","R","R","E","E","$","E","M","E","E","R","B",null,"M","M","M","$","$","R","R","E","E","$","E","?","E","M","R","B",null,"M","M","?","$","E","R","M","M","E","R","E","E","$","E","R","B",null,"M","M","?","E","M","M","E","$","E","$","$","E","$","E","R","B",null],"character_chosen":"DEFECT","items_purchased":["PreservedInsect","Pear","Consume","Matryoshka","Bottled Tornado","Eternal Feather","Finesse","EntropicBrew","Strawberry","Bottled Flame","Coolheaded","Potion Belt","Membership Card","Capacitor+1","Chill+1","Strange Spoon","Turbo+1","Bottled Lightning","Medical Kit","Blue Candle","Capacitor+1","Runic Capacitor"],"campfire_rested":8,"item_purchase_floors":[2,11,11,20,21,21,45,45,45,45,48,56,64,71,72,89,90,95,95,106,129,132],"current_hp_per_floor":[79,79,79,68,68,68,68,68,68,68,78,78,78,74,74,69,93,55,37,37,37,37,46,14,14,14,4,60,72,84,78,90,57,98,98,98,78,78,78,90,98,98,98,98,105,105,95,105,105,82,105,83,83,98,98,105,105,105,105,105,105,105,105,105,105,105,64,105,87,87,102,105,105,105,105,105,90,105,105,105,105,105,105,105,110,110,100,100,110,110,110,110,112,112,112,114,114,114,114,114,102,114,114,114,114,114,116,116,116,116,118,118,118,120,120,122,122,124,124,124,122,122,124,124,82,82,97,75,90,105,105,120,122,128,128,128,128],"gold":576,"neow_bonus":"","is_daily":false,"chose_seed":false,"campfire_upgraded":22,"win_rate":0.0,"timestamp":1611358795,"path_taken":["M","$","?","?","?","R","E","R","T","R","$","M","R","E","R","BOSS","M","?","$","$","?","R","E","M","T","E","R","R","R","M","R","BOSS","M","?","?","?","?","R","R","R","T","R","$","R","E","$","R","BOSS","M","?","$","?","$","R","R","R","T","R","R","R","?","M","R","BOSS","M","?","?","$","?","R","R","?","E","$","E","?","E","E","R","BOSS","M","M","M","$","$","R","R","E","E","$","E","?","E","M","R","BOSS","M","M","?","$","?","R","M","?","E","R","E","?","$","E","R","BOSS","M","?","?","?","M","?","E","$","E","?","$","E","$","E","R","BOSS"],"items_purchased_type":["Relic","Relic","Card","Relic","Relic","Relic","Card","Potion","Relic","Relic","Card","Relic","Relic","Card","Card","Relic","Card","Relic","Relic","Relic","Card","Relic"],"build_version":"2020-12-22","purchased_purges":7,"victory":false,"max_hp_per_floor":[83,83,83,83,83,83,83,83,83,83,93,93,93,93,93,93,93,93,98,98,98,98,98,98,98,98,98,98,98,98,98,98,98,98,98,98,98,98,98,98,98,98,98,98,105,105,105,105,105,105,105,105,105,105,105,105,105,105,105,105,105,105,105,105,105,105,105,105,105,105,105,105,105,105,105,105,105,105,105,105,105,105,105,105,110,110,110,110,110,110,110,110,112,112,112,114,114,114,114,114,114,114,114,114,114,114,116,116,116,116,118,118,118,120,120,122,122,124,124,124,124,124,126,126,126,126,126,126,126,126,126,126,128,128,128,128,128],"card_choices":[{"not_picked":["Seek","Buffer"],"picked":"Amplify","floor":7},{"not_picked":["All For One","Core Surge"],"picked":"Creative AI","floor":14},{"not_picked":["Creative AI","Hyperbeam"],"picked":"Fission","floor":16},{"not_picked":["Biased Cognition","Multi-Cast"],"picked":"Seek","floor":24},{"not_picked":["Electrodynamics","Creative AI"],"picked":"Meteor Strike+1","floor":27},{"not_picked":["Multi-Cast","Echo Form"],"picked":"Buffer","floor":33},{"not_picked":["Core Surge+1","Multi-Cast"],"picked":"Reboot","floor":47},{"not_picked":["Machine Learning","Electrodynamics"],"picked":"Biased Cognition","floor":50},{"not_picked":["Fission+1","Buffer+1"],"picked":"Seek+1","floor":67},{"not_picked":["All For One+1","Electrodynamics+1"],"picked":"Seek+1","floor":76},{"not_picked":["Multi-Cast+1","Machine Learning+1"],"picked":"Meteor Strike+1","floor":77},{"not_picked":["Hyperbeam+1","Core Surge+1"],"picked":"Seek+1","floor":79},{"not_picked":["Hyperbeam+1","Echo Form+1"],"picked":"Electrodynamics+1","floor":81},{"not_picked":["Creative AI+1","Core Surge+1"],"picked":"Fission+1","floor":82},{"not_picked":["Biased Cognition+1","Amplify+1"],"picked":"Machine Learning+1","floor":84},{"not_picked":["Defragment+1","Steam Power+1"],"picked":"White Noise+1","floor":85},{"not_picked":["Echo Form+1","Multi-Cast+1","Amplify+1"],"picked":"Singing Bowl","floor":93},{"not_picked":["Reboot+1","Seek+1"],"picked":"Fission+1","floor":94},{"not_picked":["Fission+1","Amplify+1","Buffer+1"],"picked":"Singing Bowl","floor":96},{"not_picked":["Forethought+1","Good Instincts+1"],"picked":"Secret Technique+1","floor":97},{"not_picked":["Dramatic Entrance+1","HandOfGreed+1"],"picked":"Enlightenment+1","floor":97},{"not_picked":["Biased Cognition+1","Core Surge+1"],"picked":"Electrodynamics+1","floor":98},{"not_picked":["Machine Learning+1","Fission+1"],"picked":"Buffer+1","floor":101},{"not_picked":["Biased Cognition+1","Electrodynamics+1","Multi-Cast+1"],"picked":"Singing Bowl","floor":107},{"not_picked":["All For One+1","Buffer+1","Fission+1","Machine Learning+1"],"picked":"Singing Bowl","floor":111},{"not_picked":["Core Surge+1","Biased Cognition+1","Multi-Cast+1"],"picked":"Reboot+1","floor":113},{"not_picked":["Biased Cognition+1","Electrodynamics+1","Fission+1","Buffer+1"],"picked":"Singing Bowl","floor":114},{"not_picked":["Creative AI+1","Reboot+1","Multi-Cast+1","Amplify+1"],"picked":"Singing Bowl","floor":116},{"not_picked":["Thunder Strike+1","Reboot+1","Fission+1","Echo Form+1"],"picked":"Singing Bowl","floor":118},{"not_picked":["Core Surge+1","Echo Form+1","Electrodynamics+1","Biased Cognition+1"],"picked":"Singing Bowl","floor":123},{"not_picked":["Reboot+1","Amplify+1","Core Surge+1"],"picked":"Meteor Strike+1","floor":126},{"not_picked":["Seek+1","Electrodynamics+1","Reboot+1"],"picked":"Amplify+1","floor":128},{"not_picked":["Thunder Strike+1","All For One+1","Amplify+1"],"picked":"Buffer+1","floor":131},{"not_picked":["All For One+1","Buffer+1","Amplify+1","Rainbow+1"],"picked":"Singing Bowl","floor":133},{"not_picked":["Machine Learning+1","Core Surge+1","Fission+1"],"picked":"Seek+1","floor":135}],"player_experience":137065,"relics_obtained":[{"floor":1,"key":"CaptainsWheel"},{"floor":7,"key":"Bronze Scales"},{"floor":9,"key":"Shuriken"},{"floor":12,"key":"DataDisk"},{"floor":14,"key":"Gremlin Horn"},{"floor":18,"key":"Old Coin"},{"floor":24,"key":"Molten Egg 2"},{"floor":25,"key":"Regal Pillow"},{"floor":26,"key":"MealTicket"},{"floor":26,"key":"Ornamental Fan"},{"floor":27,"key":"Kunai"},{"floor":31,"key":"Meat on the Bone"},{"floor":35,"key":"Nunchaku"},{"floor":37,"key":"Cables"},{"floor":39,"key":"White Beast Statue"},{"floor":39,"key":"Pen Nib"},{"floor":43,"key":"CeramicFish"},{"floor":47,"key":"MawBank"},{"floor":51,"key":"Omamori"},{"floor":51,"key":"Frozen Egg 2"},{"floor":51,"key":"Ginger"},{"floor":52,"key":"Bag of Preparation"},{"floor":55,"key":"Ice Cream"},{"floor":60,"key":"Toxic Egg 2"},{"floor":65,"key":"Singing Bowl"},{"floor":69,"key":"Letter Opener"},{"floor":73,"key":"Symbiotic Virus"},{"floor":80,"key":"Whetstone"},{"floor":86,"key":"Boot"},{"floor":87,"key":"Lantern"},{"floor":88,"key":"Pantograph"},{"floor":99,"key":"Darkstone Periapt"},{"floor":103,"key":"Orichalcum"},{"floor":104,"key":"InkBottle"},{"floor":109,"key":"Question Card"},{"floor":110,"key":"Mercury Hourglass"},{"floor":120,"key":"HornCleat"},{"floor":121,"key":"Mummified Hand"},{"floor":124,"key":"Akabeko"},{"floor":125,"key":"Art of War"}],"event_choices":[{"cards_removed":["Demon Form"],"damage_healed":0,"gold_gain":0,"player_choice":"Card Removal","damage_taken":0,"max_hp_gain":0,"max_hp_loss":0,"event_name":"The Cleric","floor":3,"gold_loss":50},{"damage_healed":0,"gold_gain":75,"player_choice":"Gather Gold","damage_taken":11,"max_hp_gain":0,"max_hp_loss":0,"event_name":"World of Goop","floor":4,"gold_loss":0},{"damage_healed":0,"gold_gain":175,"player_choice":"AGREE","damage_taken":0,"max_hp_gain":0,"max_hp_loss":0,"event_name":"Liars Game","floor":5,"gold_loss":0,"cards_obtained":["Doubt"]},{"damage_healed":0,"gold_gain":0,"player_choice":"Shed Blood","damage_taken":23,"max_hp_gain":5,"max_hp_loss":0,"event_name":"Forgotten Altar","floor":19,"gold_loss":0},{"damage_healed":0,"gold_gain":0,"player_choice":"Ignored","damage_taken":0,"max_hp_gain":0,"max_hp_loss":0,"event_name":"Ghosts","floor":22,"gold_loss":0},{"cards_removed":["Amplify"],"damage_healed":0,"gold_gain":0,"player_choice":"Removed Skill","damage_taken":0,"max_hp_gain":0,"max_hp_loss":0,"event_name":"Falling","floor":36,"gold_loss":0},{"damage_healed":0,"gold_gain":0,"player_choice":"Ignored","damage_taken":0,"max_hp_gain":0,"max_hp_loss":0,"event_name":"Tomb of Lord Red Mask","floor":38,"gold_loss":0},{"damage_healed":0,"gold_gain":0,"player_choice":"Rummage","damage_taken":0,"relics_obtained":["WarpedTongs"],"max_hp_gain":0,"max_hp_loss":0,"event_name":"Accursed Blacksmith","floor":53,"gold_loss":0,"cards_obtained":["Pain"]},{"damage_healed":0,"gold_gain":0,"player_choice":"Ignored","damage_taken":0,"max_hp_gain":0,"max_hp_loss":0,"event_name":"Ghosts","floor":70,"gold_loss":0},{"damage_healed":0,"gold_gain":6,"player_choice":"1","damage_taken":0,"max_hp_gain":0,"max_hp_loss":0,"event_name":"betterStone:BetterStone","floor":97,"gold_loss":0},{"damage_healed":0,"gold_gain":0,"player_choice":"1 cards matched","damage_taken":0,"max_hp_gain":0,"max_hp_loss":0,"event_name":"Match and Keep!","floor":105,"gold_loss":0,"cards_obtained":["Impatience"]},{"cards_removed":["Undo"],"damage_healed":0,"gold_gain":0,"player_choice":"Gave Gold","damage_taken":0,"max_hp_gain":0,"max_hp_loss":0,"event_name":"Beggar","floor":122,"gold_loss":75}],"is_beta":false,"boss_relics":[{"not_picked":["Runic Pyramid","Busted Crown"],"picked":"Inserter"},{"not_picked":["Velvet Choker","Fusion Hammer"],"picked":"Philosopher\u0027s Stone"},{"not_picked":["Coffee Dripper","SacredBark"],"picked":"Calling Bell"},{"not_picked":["SacredBark","SlaversCollar"],"picked":"Black Star"},{"not_picked":["Astrolabe","Velvet Choker"],"picked":"Tiny House"},{"not_picked":["Coffee Dripper","FrozenCore"],"picked":"Sozu"},{"not_picked":["Runic Pyramid","SacredBark"],"picked":"SlaversCollar"},{"not_picked":["FrozenCore","Empty Cage"],"picked":"Fusion Hammer"}],"items_purged_floors":[2,20,106,115,127,130,132],"is_endless":true,"potions_floor_spawned":[14,16,18,25,33,37,47,50,52,55,65,67,69,73,76,77,79,80,81,82,84,86,87,88,93,94,96,98,99,101,103,104,107,109,110,111,113,114,116,118,120,121,123,124,125,126,128,131,133,135],"ascension_level":0}}