{"host":"9jkzatiwan7o33sr","time":1611330022,"event":{"mods":["AchievementEnabler","Act Like it!","Aspiration","BaseMod","Colored Map","Colored Powertips","Conspire","Downfall","GifTheSpireLib","Hallownest","Hermit","Hubris","Infinite Spire","Jorbs\u0027s Wanderer Trilogy","Mad Scientist","Mimic Mod","Minty Spire (QoL Compilation)","Permanent Neow","Shade Mod","StSLib","Stuff the Spire","Td1madao Mod","The Bladedancer","The Bug Knight","The Cursed","The Forsaken","The Hierophant","The Jungle","The Mystic","The Necromancer","The Poker Player","The Servant 0.9.4","The Witch","[IsaacMod]????"],"gold_per_floor":[118,134,134,47,60,86,86,115,115,127,127,152,152,169,169,169,169],"floor_reached":16,"language":"ENG","playtime":1145,"items_purged":[],"score":132,"play_id":"b9b553bd-fdf2-4c24-ac8f-d1d0ac15608c","local_time":"20210122164022","is_ascension_mode":true,"campfire_choices":[{"data":"Scrawl","floor":7,"key":"SMITH"},{"floor":11,"key":"REST"},{"floor":15,"key":"REST"}],"circlet_count":0,"master_deck":["Strike_P","Strike_P","Strike_P","Strike_P","Defend_P","Defend_P","Defend_P","Defend_P","Eruption","Vigilance","Consecrate","JustLucky","Conclude","EmptyBody","BowlingBash","Scrawl+1","Worship","EmptyMind","DeceiveReality","Injury","BattleHymn+1"],"relics":["HushsDoor","NineVolt","Runic Pyramid","hubris:Icosahedron","StuffTheSpire:OldFever","DoctorsRemote","Centennial Puzzle","hubris:TinFlute","Frozen Egg 2"],"acts_visited":["Exordium"],"potions_floor_usage":[12],"damage_taken":[{"damage":0,"enemies":"Cultist","floor":1,"turns":2},{"damage":0,"enemies":"Small Slimes","floor":2,"turns":2},{"damage":0,"enemies":"2 Louse","floor":5,"turns":1},{"damage":5,"enemies":"3 Sentries","floor":6,"turns":4},{"damage":16,"enemies":"Lagavulin","floor":8,"turns":6},{"damage":9,"enemies":"Blue Slaver","floor":10,"turns":4},{"damage":8,"enemies":"Gremlin Nob","floor":12,"turns":3},{"damage":5,"enemies":"Lots of Slimes","floor":14,"turns":2},{"damage":33,"enemies":"Slime Boss","floor":16,"turns":7}],"seed_played":"7216099278373860581","potions_obtained":[{"floor":2,"key":"BlessingOfTheForge"},{"floor":5,"key":"PowerPotion"},{"floor":8,"key":"SmokeBomb"}],"is_trial":false,"path_per_floor":["M","M","?","$","M","E","R","E","T","M","R","E","?","M","R","B"],"character_chosen":"WATCHER","items_purchased":["Conclude","EmptyBody"],"campfire_rested":2,"item_purchase_floors":[4,4],"current_hp_per_floor":[72,72,72,72,72,67,67,51,51,42,63,55,55,50,71,38,38],"gold":169,"neow_bonus":"BOSS_RELIC","is_daily":false,"chose_seed":false,"campfire_upgraded":1,"win_rate":0.0,"timestamp":1611330022,"path_taken":["M","M","?","$","M","E","R","E","T","M","R","E","?","?","R","BOSS"],"items_purchased_type":["Card","Card"],"build_version":"2020-12-22","purchased_purges":0,"victory":false,"max_hp_per_floor":[72,72,72,72,72,72,72,72,72,72,72,72,72,72,72,72,72],"card_choices":[{"not_picked":["SashWhip","CutThroughFate"],"picked":"Consecrate","floor":1},{"not_picked":["Wireheading","Bomb"],"picked":"JustLucky","floor":2},{"not_picked":["Swivel","Crescendo"],"picked":"BowlingBash","floor":5},{"not_picked":["WheelKick","ClearTheMind"],"picked":"Scrawl","floor":6},{"not_picked":["CrushJoints","Prostrate"],"picked":"Worship","floor":8},{"not_picked":["Swivel","FollowUp"],"picked":"EmptyMind","floor":10},{"not_picked":["MasterReality","Meditate"],"picked":"DeceiveReality","floor":12},{"not_picked":["Conclude","ThirdEye"],"picked":"BattleHymn+1","floor":14}],"player_experience":603640,"relics_obtained":[{"floor":6,"key":"StuffTheSpire:OldFever"},{"floor":8,"key":"DoctorsRemote"},{"floor":9,"key":"Centennial Puzzle"},{"floor":12,"key":"hubris:TinFlute"}],"event_choices":[],"is_beta":false,"boss_relics":[],"items_purged_floors":[],"is_endless":false,"potions_floor_spawned":[2,5,8,10],"killed_by":"Slime Boss","ascension_level":2}}