{"host":"bfy0v40d66x18ipe","time":1611281583,"event":{"mods":["AchievementEnabler","BaseMod","Bestiary","Colored Map","Curses Come First","Googly Eyes","Minty Spire (QoL Compilation)","Relic Stats","StSLib","SuperFastMode"],"gold_per_floor":[99,99,24,24,24,24,24,24,24,24,24,24,24,24,24,24,24],"floor_reached":16,"language":"ENG","playtime":840,"items_purged":["Injury"],"score":198,"play_id":"d6e32abb-dc88-457d-b02c-8acc2dd7eba6","local_time":"20210121201303","is_ascension_mode":true,"campfire_choices":[{"floor":6,"key":"REST"},{"data":"Cold Snap","floor":8,"key":"SMITH"},{"data":"Zap","floor":15,"key":"SMITH"}],"circlet_count":0,"master_deck":["AscendersBane","Strike_B","Strike_B","Strike_B","Strike_B","Defend_B","Defend_B","Defend_B","Defend_B","Zap+1","Dualcast","Genetic Algorithm","Go for the Eyes","Cold Snap+1","Chill","Glacier"],"relics":["Ectoplasm","Golden Idol","Ginger","HornCleat","Blood Vial","Kunai","Emotion Chip"],"acts_visited":["Exordium"],"potions_floor_usage":[7,10,16],"damage_taken":[{"damage":13,"enemies":"Jaw Worm","floor":1,"turns":4},{"damage":6,"enemies":"Cultist","floor":4,"turns":4},{"damage":0,"enemies":"2 Louse","floor":5,"turns":4},{"damage":22,"enemies":"Gremlin Nob","floor":7,"turns":4},{"damage":10,"enemies":"3 Sentries","floor":10,"turns":11},{"damage":1,"enemies":"Lots of Slimes","floor":11,"turns":5},{"damage":0,"enemies":"Exordium Wildlife","floor":12,"turns":6},{"damage":41,"enemies":"Hexaghost","floor":16,"turns":16}],"seed_played":"-7052929269295117469","potions_obtained":[{"floor":5,"key":"SneckoOil"},{"floor":7,"key":"DistilledChaos"},{"floor":11,"key":"SkillPotion"}],"is_trial":false,"path_per_floor":["M","?","$","M","M","R","E","R","T","E","M","M","?","T","R","B"],"character_chosen":"DEFECT","items_purchased":[],"campfire_rested":1,"item_purchase_floors":[],"current_hp_per_floor":[51,51,51,45,45,66,44,44,44,34,35,37,37,37,37,0,0],"gold":24,"neow_bonus":"BOSS_RELIC","is_daily":false,"chose_seed":false,"campfire_upgraded":2,"win_rate":0.0,"timestamp":1611281583,"path_taken":["M","?","$","M","M","R","E","R","T","E","M","M","?","?","R","BOSS"],"items_purchased_type":[],"build_version":"2020-12-22","purchased_purges":1,"victory":false,"max_hp_per_floor":[71,71,71,71,71,71,71,71,71,71,71,71,71,71,71,71,71],"relic_stats":{"Blood Vial":6,"Emotion Chip":[8,2,6,0,0],"counters":[8,54],"Golden Idol":32,"Ectoplasm":172,"Ginger":[5],"Kunai":[4],"obtain_stats":[{"Blood Vial":10,"Emotion Chip":14,"HornCleat":9,"Golden Idol":2,"Ectoplasm":0,"Ginger":7,"Kunai":13,"Cracked Core":0},{"Blood Vial":5,"Emotion Chip":7,"HornCleat":4,"Golden Idol":1,"Ectoplasm":0,"Ginger":4,"Kunai":7,"Cracked Core":0},{"Blood Vial":27,"Emotion Chip":38,"HornCleat":16,"Golden Idol":4,"Ectoplasm":0,"Ginger":16,"Kunai":38,"Cracked Core":0}]},"card_choices":[{"not_picked":["Sweeping Beam","Darkness"],"picked":"Genetic Algorithm","floor":1},{"not_picked":["Hologram","Rebound"],"picked":"Go for the Eyes","floor":4},{"not_picked":["Barrage","Gash"],"picked":"Cold Snap","floor":5},{"not_picked":["Auto Shields","Loop"],"picked":"Chill","floor":7},{"not_picked":["Beam Cell","Go for the Eyes"],"picked":"Glacier","floor":10},{"not_picked":["Cold Snap","Go for the Eyes","Blizzard"],"picked":"SKIP","floor":11},{"not_picked":["Double Energy","Force Field","Aggregate"],"picked":"SKIP","floor":12}],"player_experience":454554,"relics_obtained":[{"floor":7,"key":"Ginger"},{"floor":9,"key":"HornCleat"},{"floor":10,"key":"Blood Vial"},{"floor":14,"key":"Emotion Chip"}],"event_choices":[{"damage_healed":0,"gold_gain":0,"player_choice":"Take Wound","damage_taken":0,"relics_obtained":["Golden Idol"],"max_hp_gain":0,"max_hp_loss":0,"event_name":"Golden Idol","floor":2,"gold_loss":0,"cards_obtained":["Injury"]},{"damage_healed":0,"gold_gain":0,"player_choice":"Searched \u00271\u0027 times","damage_taken":0,"relics_obtained":["Kunai"],"max_hp_gain":0,"max_hp_loss":0,"event_name":"Dead Adventurer","floor":13,"gold_loss":0}],"is_beta":false,"boss_relics":[],"items_purged_floors":[3],"is_endless":false,"potions_floor_spawned":[5,7,11],"killed_by":"Hexaghost","ascension_level":16}}