{"host":"hi7fki77kkmhrce8","time":1611353217,"event":{"mods":["AchievementEnabler","BaseMod","Colored Map","Colored Powertips","Downfall","Minty Spire (QoL Compilation)","Relic Stats","StSLib","SuperFastMode"],"gold_per_floor":[99,118,134,23,43,43,111,123,123,151,151,162,162,180,191,288,288,288,303,321,321,321,356,356,375,409,426,426,426,426,426],"floor_reached":29,"language":"ENG","playtime":1702,"items_purged":[],"score":317,"play_id":"2dad2d36-d5f3-4b88-a103-c3bb17f3e8b7","local_time":"20210122170657","is_ascension_mode":false,"campfire_choices":[{"data":"bronze:Virus","floor":1,"key":"SMITH"},{"data":"bronze:Goto","floor":6,"key":"SMITH"},{"data":"bronze:CleanCode","floor":11,"key":"SMITH"},{"floor":13,"key":"REST"},{"data":"bronze:Iterate","floor":18,"key":"SMITH"}],"circlet_count":0,"master_deck":["bronze:Strike","bronze:Strike","bronze:Strike","bronze:Strike","bronze:Defend","bronze:Defend","bronze:Defend","bronze:Defend","bronze:Replicate","bronze:Goto+1","bronze:FineTuning","bronze:Separator","bronze:NullPointer","bronze:Overheat","bronze:ForceShield","bronze:Deprecate","bronze:CleanCode+1","bronze:OilSpill","bronze:Constructor","bronze:Iterate+1","bronze:Invalidate","bronze:FollowUp","bronze:DigitalCarnage","bronze:GetLatest+1","bronze:BronzeArmor+1","bronze:Shell","bronze:Verify","Ghostly","Ghostly","Ghostly","Ghostly","Ghostly"],"relics":["bronze:PlatinumCore","White Beast Statue","CaptainsWheel","Ancient Tea Set","InkBottle","Strawberry"],"acts_visited":["Exordium","TheCity"],"potions_floor_usage":[10,10,16,16,23,26,29,29],"damage_taken":[{"damage":0,"enemies":"Cultist","floor":2,"turns":2},{"damage":8,"enemies":"Small Slimes","floor":3,"turns":2},{"damage":0,"enemies":"downfall:FleeingMerchant","floor":4,"turns":4},{"damage":0,"enemies":"Jaw Worm","floor":5,"turns":2},{"damage":8,"enemies":"Red Slaver","floor":8,"turns":3},{"damage":0,"enemies":"Gremlin Nob","floor":10,"turns":4},{"damage":9,"enemies":"Gremlin Gang","floor":12,"turns":4},{"damage":11,"enemies":"Exordium Wildlife","floor":14,"turns":3},{"damage":7,"enemies":"Exordium Thugs","floor":15,"turns":4},{"damage":16,"enemies":"IC_STATUS_ARCHETYPE","floor":16,"turns":7},{"damage":0,"enemies":"Shell Parasite","floor":19,"turns":5},{"damage":7,"enemies":"3 Byrds","floor":20,"turns":4},{"damage":26,"enemies":"Slavers","floor":23,"turns":6},{"damage":12,"enemies":"Shelled Parasite and Fungi","floor":25,"turns":5},{"damage":25,"enemies":"Book of Stabbing","floor":26,"turns":6},{"damage":9,"enemies":"Cultist and Chosen","floor":27,"turns":8},{"damage":20,"enemies":"Slavers","floor":29,"turns":5}],"seed_played":"649521444979894193","potions_obtained":[{"floor":5,"key":"BlessingOfTheForge"},{"floor":8,"key":"Fire Potion"},{"floor":10,"key":"SteroidPotion"},{"floor":12,"key":"BlessingOfTheForge"},{"floor":14,"key":"Regen Potion"},{"floor":16,"key":"SpeedPotion"},{"floor":19,"key":"Fire Potion"},{"floor":23,"key":"Swift Potion"},{"floor":26,"key":"SpeedPotion"},{"floor":27,"key":"champ:CounterPotion"}],"is_trial":false,"path_per_floor":["R","M","M","$","M","R","T","M","?","E","R","M","R","M","M","B",null,"R","M","M","?","?","E","T","M","E","M","?","E"],"character_chosen":"THE_AUTOMATON","items_purchased":["bronze:Overheat","Block Potion"],"campfire_rested":1,"item_purchase_floors":[4,4],"current_hp_per_floor":[49,49,41,41,41,41,41,33,33,33,33,24,45,34,27,26,70,70,70,63,63,80,54,54,42,24,15,15,0,0,0],"gold":426,"neow_bonus":"THREE_RARE_CARDS","is_daily":false,"chose_seed":false,"campfire_upgraded":4,"win_rate":0.0,"timestamp":1611353217,"path_taken":["R","M","M","$","?","R","T","M","?","E","R","M","R","M","M","BOSS","R","M","M","?","?","E","T","?","E","?","?","E"],"items_purchased_type":["Card","Potion"],"build_version":"2020-12-22","purchased_purges":0,"victory":false,"max_hp_per_floor":[70,70,70,70,70,70,70,70,70,70,70,70,70,70,70,70,70,70,70,70,70,80,80,80,80,87,87,43,43,43,43],"relic_stats":{"counters":[17,74],"obtain_stats":[{"bronze:PlatinumCore":17,"CaptainsWheel":10,"bronze:BronzeCore":0,"Strawberry":26,"Ancient Tea Set":23,"White Beast Statue":7,"InkBottle":24},{"bronze:PlatinumCore":10,"CaptainsWheel":6,"bronze:BronzeCore":0,"Strawberry":15,"Ancient Tea Set":13,"White Beast Statue":4,"InkBottle":13},{"bronze:PlatinumCore":35,"CaptainsWheel":17,"bronze:BronzeCore":0,"Strawberry":61,"Ancient Tea Set":50,"White Beast Statue":10,"InkBottle":50}],"InkBottle":[9]},"card_choices":[{"not_picked":["bronze:RecursiveStrike","bronze:Format"],"picked":"bronze:Virus","floor":0},{"not_picked":["bronze:CutThrough","bronze:ForLoop"],"picked":"bronze:FineTuning","floor":2},{"not_picked":["bronze:BitShift","bronze:WildBeam"],"picked":"bronze:Separator","floor":3},{"not_picked":["bronze:Invalidate","bronze:Frontload"],"picked":"bronze:NullPointer","floor":4},{"not_picked":["bronze:Invalidate","bronze:BitShift"],"picked":"bronze:ForceShield","floor":5},{"not_picked":["bronze:FineTuning","bronze:DelayedSlice"],"picked":"bronze:Deprecate","floor":8},{"not_picked":["bronze:DarkDash","bronze:WildBeam"],"picked":"bronze:CleanCode","floor":10},{"not_picked":["bronze:ClassDefault","bronze:CutThrough"],"picked":"bronze:OilSpill","floor":12},{"not_picked":["bronze:BuggyMess","bronze:Frontload"],"picked":"bronze:Constructor","floor":14},{"not_picked":["bronze:Separator","bronze:BuggyMess"],"picked":"bronze:Iterate","floor":15},{"not_picked":["bronze:WildBeam+1","bronze:Branch+1"],"picked":"bronze:Invalidate","floor":19},{"not_picked":["bronze:FineTuning","bronze:Iterate"],"picked":"bronze:FollowUp","floor":20},{"not_picked":["bronze:Boost+1","bronze:CutThrough+1"],"picked":"bronze:GetLatest+1","floor":23},{"not_picked":["bronze:Frontload+1","bronze:Shield"],"picked":"bronze:BronzeArmor+1","floor":25},{"not_picked":["bronze:BugBarrage+1","bronze:DelayedSlice"],"picked":"bronze:Shell","floor":26},{"not_picked":["bronze:Turbo","bronze:FineTuning"],"picked":"bronze:Verify","floor":27}],"player_experience":142301,"relics_obtained":[{"floor":7,"key":"White Beast Statue"},{"floor":10,"key":"CaptainsWheel"},{"floor":23,"key":"Ancient Tea Set"},{"floor":24,"key":"InkBottle"},{"floor":26,"key":"Strawberry"}],"event_choices":[{"damage_healed":0,"gold_gain":0,"player_choice":"Read","damage_taken":0,"max_hp_gain":0,"max_hp_loss":0,"event_name":"The Library","floor":21,"gold_loss":0,"cards_obtained":["bronze:DigitalCarnage"]},{"cards_removed":["bronze:Virus"],"damage_healed":7,"gold_gain":0,"player_choice":"Offered Rare","damage_taken":0,"max_hp_gain":10,"max_hp_loss":0,"event_name":"Bonfire Elementals","floor":22,"gold_loss":0},{"damage_healed":0,"gold_gain":0,"player_choice":"Became a Ghost","damage_taken":0,"max_hp_gain":0,"max_hp_loss":44,"event_name":"Ghosts","floor":28,"gold_loss":0,"cards_obtained":["Ghostly","Ghostly","Ghostly","Ghostly","Ghostly"]}],"is_beta":false,"boss_relics":[{"not_picked":["Velvet Choker","Runic Dome"],"picked":"bronze:PlatinumCore"}],"items_purged_floors":[],"is_endless":false,"potions_floor_spawned":[5,8,10,12,14,15,16,19,20,23,25,26,27],"killed_by":"Slavers","ascension_level":0}}