{"host":"C","time":1611322077,"event":{"mods":["AchievementEnabler","BaseMod","Colored Map","Colored Powertips","Highlight Path","Minty Spire (QoL Compilation)","Quick Restart","StSLib","SuperFastMode"],"gold_per_floor":[115,132,132,132,146,146,157,157,157,157,173,173,28,40,40,145,145,164,164,145,158,169,169,187,197,197,29,47,47,0,0,0,103,103,117,117,117,117,137,137,151,151,151,151,164,46,46,59,59,59,59],"floor_reached":50,"language":"ENG","playtime":2545,"items_purged":["Strike_G","Strike_G"],"score":436,"play_id":"cdb91fd5-2437-42a2-88dc-71f1f7ae4ce4","local_time":"20210122152757","is_ascension_mode":false,"campfire_choices":[{"data":"Dash","floor":6.0,"key":"SMITH"},{"data":"Blade Dance","floor":8.0,"key":"SMITH"},{"data":"Outmaneuver","floor":10.0,"key":"SMITH"},{"data":"Adrenaline","floor":12.0,"key":"SMITH"},{"data":"Accuracy","floor":15.0,"key":"SMITH"},{"floor":23.0,"key":"REST"},{"floor":29.0,"key":"REST"},{"floor":32.0,"key":"REST"},{"floor":40.0,"key":"RECALL"},{"floor":42.0,"key":"REST"},{"floor":44.0,"key":"REST"},{"data":"Accuracy","floor":49,"key":"SMITH"}],"circlet_count":0,"master_deck":["Strike_G+1","Strike_G+1","Defend_G+1","Defend_G+1","Defend_G+1","Defend_G+1","Defend_G+1","Survivor+1","Neutralize+1","Dagger Spray+1","Dash+1","Footwork+1","Outmaneuver+1","Blade Dance+1","Adrenaline+1","Accuracy+1","Finisher+1","After Image+1","Calculated Gamble+1","Storm of Steel+1","Neutralize+1","Escape Plan+1","Flying Knee+1","Blade Dance+1","Tools of the Trade+1","Well Laid Plans+1","Infinite Blades+1","Acrobatics+1","Phantasmal Killer+1","Accuracy+1","Blur"],"relics":["Ring of the Snake","Mark of the Bloom"],"acts_visited":["Exordium","TheCity","TheBeyond"],"potions_floor_usage":[50,50,50],"damage_taken":[{"damage":0.0,"enemies":"2 Louse","floor":1.0,"turns":3.0},{"damage":0.0,"enemies":"Jaw Worm","floor":2.0,"turns":4.0},{"damage":0.0,"enemies":"Cultist","floor":5.0,"turns":3.0},{"damage":0.0,"enemies":"Exordium Wildlife","floor":7.0,"turns":6.0},{"damage":1.0,"enemies":"Red Slaver","floor":11.0,"turns":5.0},{"damage":0.0,"enemies":"Blue Slaver","floor":14.0,"turns":3.0},{"damage":28.0,"enemies":"Slime Boss","floor":16.0,"turns":15.0},{"damage":9.0,"enemies":"Shell Parasite","floor":18.0,"turns":6.0},{"damage":12.0,"enemies":"2 Thieves","floor":20.0,"turns":5.0},{"damage":17.0,"enemies":"Centurion and Healer","floor":21.0,"turns":5.0},{"damage":11.0,"enemies":"Chosen and Byrds","floor":22.0,"turns":7.0},{"damage":25.0,"enemies":"Snake Plant","floor":24.0,"turns":6.0},{"damage":4.0,"enemies":"Centurion and Healer","floor":25.0,"turns":5.0},{"damage":3.0,"enemies":"Shelled Parasite and Fungi","floor":28.0,"turns":4.0},{"damage":7.0,"enemies":"Automaton","floor":33.0,"turns":9.0},{"damage":0.0,"enemies":"Orb Walker","floor":35.0,"turns":2.0},{"damage":13.0,"enemies":"3 Darklings","floor":39.0,"turns":7.0},{"damage":5.0,"enemies":"Spire Growth","floor":41.0,"turns":4.0},{"damage":1.0,"enemies":"Maw","floor":45.0,"turns":6.0},{"damage":11.0,"enemies":"Jaw Worm Horde","floor":48.0,"turns":5.0},{"damage":34,"enemies":"Donu and Deca","floor":50,"turns":3}],"seed_played":"-4322776347208655115","potions_obtained":[{"floor":11.0,"key":"GamblersBrew"},{"floor":14.0,"key":"PowerPotion"},{"floor":16.0,"key":"Regen Potion"},{"floor":20.0,"key":"SpeedPotion"},{"floor":21.0,"key":"DuplicationPotion"},{"floor":25.0,"key":"Fire Potion"}],"is_trial":false,"path_per_floor":["M","M","?","?","M","R","M","R","T","R","M","R","$","M","R","B",null,"M","?","M","M","M","R","M","M","T","$","M","R","?","T","R","B",null,"M","?","?","?","M","R","M","R","T","R","M","$","?","M","R","B"],"character_chosen":"THE_SILENT","items_purchased":["Accuracy","Infinite Blades","Accuracy","Blur"],"campfire_rested":5,"item_purchase_floors":[13,27,46,46],"current_hp_per_floor":[70,70,70,70,70,70,70,70,70,70,69,69,69,69,69,41,70,61,61,49,32,21,42,17,13,13,13,10,31,31,31,52,45,70,70,70,70,63,50,50,45,45,45,45,44,44,44,33,33,0,0],"gold":59,"neow_bonus":"UPGRADE_CARD","is_daily":false,"chose_seed":false,"campfire_upgraded":6,"win_rate":0.0,"timestamp":1611322077,"path_taken":["M","M","?","?","?","R","M","R","T","R","M","R","$","M","R","BOSS","M","?","?","M","M","R","M","M","T","$","M","R","?","?","R","BOSS","M","?","?","?","M","R","?","R","T","R","M","$","?","M","R","BOSS"],"items_purchased_type":["Card","Card","Card","Card"],"build_version":"2020-12-18","purchased_purges":2,"victory":false,"max_hp_per_floor":[70,70,70,70,70,70,70,70,70,70,70,70,70,70,70,70,70,70,70,70,70,70,70,70,70,70,70,70,70,70,70,70,70,70,70,70,70,70,70,70,70,70,70,70,70,70,70,70,70,70,70],"card_choices":[{"not_picked":["Blade Dance","Poisoned Stab"],"picked":"Dagger Spray","floor":1.0},{"not_picked":["Tactician","Dagger Throw"],"picked":"Dash","floor":2.0},{"not_picked":["PiercingWail","Dagger Spray"],"picked":"Outmaneuver","floor":5.0},{"not_picked":["Reflex","Cloak And Dagger"],"picked":"Blade Dance","floor":7.0},{"not_picked":["Poisoned Stab","Escape Plan"],"picked":"Adrenaline","floor":11.0},{"not_picked":["Underhanded Strike","Noxious Fumes"],"picked":"Finisher","floor":14.0},{"not_picked":["Die Die Die","Doppelganger"],"picked":"After Image","floor":16.0},{"not_picked":["Underhanded Strike","Outmaneuver"],"picked":"Calculated Gamble","floor":18.0},{"not_picked":["Backflip","Dagger Spray"],"picked":"Escape Plan+1","floor":20.0},{"not_picked":["Underhanded Strike","Outmaneuver"],"picked":"Flying Knee+1","floor":21.0},{"not_picked":["Sucker Punch","Dodge and Roll"],"picked":"Blade Dance+1","floor":22.0},{"not_picked":["Underhanded Strike+1","Quick Slash"],"picked":"Tools of the Trade","floor":24.0},{"not_picked":["Dagger Spray","Quick Slash"],"picked":"Well Laid Plans","floor":25.0},{"not_picked":["Deadly Poison","Dagger Spray+1"],"picked":"Acrobatics","floor":28.0},{"not_picked":["Corpse Explosion","Unload"],"picked":"Phantasmal Killer","floor":33.0},{"not_picked":["Dagger Throw+1","Riddle With Holes+1"],"picked":"Underhanded Strike+1","floor":35.0},{"not_picked":["Outmaneuver+1","Flying Knee+1","Sucker Punch+1"],"picked":"SKIP","floor":39.0},{"not_picked":["Finisher+1","Backflip","Caltrops"],"picked":"SKIP","floor":41.0},{"not_picked":["Slice","Poisoned Stab","Dodge and Roll+1"],"picked":"SKIP","floor":45.0},{"not_picked":["Deflect+1","Underhanded Strike","Predator"],"picked":"SKIP","floor":48.0}],"player_experience":26913,"relics_obtained":[],"event_choices":[{"damage_healed":0.0,"max_hp_gain":0.0,"max_hp_loss":0.0,"gold_gain":0.0,"cards_transformed":["Strike_G"],"event_name":"Living Wall","player_choice":"Change","floor":3.0,"gold_loss":0.0,"damage_taken":0.0,"cards_obtained":["Footwork"]},{"damage_healed":0.0,"max_hp_gain":0.0,"max_hp_loss":0.0,"gold_gain":0.0,"event_name":"WeMeetAgain","player_choice":"Ignored","floor":4.0,"gold_loss":0.0,"damage_taken":0.0},{"damage_healed":0.0,"max_hp_gain":0.0,"max_hp_loss":0.0,"gold_gain":0.0,"event_name":"Match and Keep!","player_choice":"2 cards matched","floor":19.0,"gold_loss":0.0,"damage_taken":0.0,"cards_obtained":["Storm of Steel","Neutralize"]},{"damage_healed":0.0,"max_hp_gain":0.0,"max_hp_loss":0.0,"gold_gain":0.0,"event_name":"Masked Bandits","player_choice":"Paid Fearfully","floor":30.0,"gold_loss":47.0,"damage_taken":0.0},{"cards_removed":["Underhanded Strike"],"damage_healed":0.0,"max_hp_gain":0.0,"max_hp_loss":0.0,"gold_gain":0.0,"event_name":"Falling","player_choice":"Removed Attack","floor":36.0,"gold_loss":0.0,"damage_taken":0.0},{"damage_healed":0.0,"max_hp_gain":0.0,"max_hp_loss":0.0,"gold_gain":0.0,"event_name":"MindBloom","player_choice":"Upgrade","floor":37.0,"gold_loss":0.0,"damage_taken":0.0,"cards_upgraded":["Strike_G","Strike_G","Defend_G","Defend_G","Defend_G","Defend_G","Defend_G","Survivor","Dagger Spray","Footwork","Finisher","After Image","Calculated Gamble","Storm of Steel","Neutralize","Tools of the Trade","Well Laid Plans","Infinite Blades","Acrobatics","Phantasmal Killer"],"relics_obtained":["Mark of the Bloom"]},{"damage_healed":0.0,"max_hp_gain":0.0,"max_hp_loss":0.0,"gold_gain":0.0,"event_name":"Wheel of Change","player_choice":"Damaged","floor":38.0,"gold_loss":0.0,"damage_taken":7.0},{"damage_healed":0.0,"max_hp_gain":0.0,"max_hp_loss":0.0,"gold_gain":0.0,"event_name":"Mysterious Sphere","player_choice":"Ignored","floor":47.0,"gold_loss":0.0,"damage_taken":0.0}],"is_beta":true,"boss_relics":[{"not_picked":["Sozu","Busted Crown","Astrolabe"]},{"not_picked":["Sozu","Busted Crown","Astrolabe"]}],"items_purged_floors":[13,27],"is_endless":false,"potions_floor_spawned":[11,14,16,20,21,25,28,33,39,41,48],"killed_by":"Donu and Deca","ascension_level":0}}