{"host":"a89ncddexmxn0qqm","time":1611294477,"event":{"mods":["AchievementEnabler","BaseMod","Colored Map","Minty Spire (QoL Compilation)","Rare Cards Sparkle","StSLib","SuperFastMode"],"gold_per_floor":[115,132,147,162,178,178,204,204,204,136,136,136,203,215,215,215,215],"floor_reached":16,"language":"KOR","playtime":486,"items_purged":[],"score":208,"play_id":"369370f3-4d8c-4547-9f56-9678abbcbf38","local_time":"20210122144757","is_ascension_mode":true,"campfire_choices":[{"data":"Barricade","floor":6,"key":"SMITH"},{"data":"Whirlwind","floor":8,"key":"SMITH"},{"data":"Fire Breathing","floor":11,"key":"SMITH"},{"floor":15,"key":"REST"}],"circlet_count":0,"master_deck":["AscendersBane","Strike_R","Strike_R","Strike_R","Strike_R","Strike_R","Defend_R","Defend_R","Defend_R","Defend_R","Bash","Fire Breathing+1","Anger","Whirlwind+1","Barricade+1","Wild Strike","Wild Strike","Sever Soul","Second Wind"],"relics":["Burning Blood","Ice Cream","StoneCalendar","Sundial","SsserpentHead"],"acts_visited":["Exordium"],"potions_floor_usage":[16],"damage_taken":[{"damage":9.0,"enemies":"Jaw Worm","floor":1.0,"turns":4.0},{"damage":7.0,"enemies":"Small Slimes","floor":2.0,"turns":3.0},{"damage":7.0,"enemies":"Cultist","floor":3.0,"turns":4.0},{"damage":6,"enemies":"3 Louse","floor":4,"turns":2},{"damage":17,"enemies":"Lots of Slimes","floor":5,"turns":3},{"damage":25,"enemies":"3 Sentries","floor":7,"turns":5},{"damage":16,"enemies":"Exordium Wildlife","floor":13,"turns":5},{"damage":18,"enemies":"Large Slime","floor":14,"turns":5},{"damage":33,"enemies":"Slime Boss","floor":16,"turns":3}],"seed_played":"2434710590117991466","potions_obtained":[{"floor":1.0,"key":"CultistPotion"},{"floor":13,"key":"LiquidBronze"}],"is_trial":false,"path_per_floor":["M","M","M","M","M","R","E","R","T","?","R","?","M","M","R","B"],"character_chosen":"IRONCLAD","items_purchased":[],"campfire_rested":1,"item_purchase_floors":[],"current_hp_per_floor":[65,64,63,63,52,52,33,33,33,33,33,33,23,11,31,0,0],"gold":215,"neow_bonus":"ONE_RARE_RELIC","is_daily":false,"chose_seed":false,"campfire_upgraded":3,"win_rate":0.0,"timestamp":1611294477,"path_taken":["M","M","M","M","M","R","E","R","T","?","R","?","?","M","R","BOSS"],"items_purchased_type":[],"build_version":"2020-12-22","purchased_purges":0,"victory":false,"max_hp_per_floor":[68,68,68,68,68,68,68,68,68,68,68,68,68,68,68,68,68],"card_choices":[{"not_picked":["Armaments","Twin Strike"],"picked":"Fire Breathing","floor":1.0},{"not_picked":["True Grit","Warcry"],"picked":"Anger","floor":2.0},{"not_picked":["Headbutt","Perfected Strike"],"picked":"Whirlwind","floor":3},{"not_picked":["Armaments","Searing Blow"],"picked":"Barricade","floor":4},{"not_picked":["Whirlwind","Reckless Charge"],"picked":"Wild Strike","floor":5},{"not_picked":["Combust","Pummel"],"picked":"Wild Strike","floor":7},{"not_picked":["Iron Wave","Thunderclap"],"picked":"Sever Soul","floor":13},{"not_picked":["Rage","Clash"],"picked":"Second Wind","floor":14}],"player_experience":1839535,"relics_obtained":[{"floor":7,"key":"StoneCalendar"},{"floor":9,"key":"Sundial"}],"event_choices":[{"damage_healed":0,"gold_gain":0,"player_choice":"Left Gold","damage_taken":0,"max_hp_gain":0,"max_hp_loss":0,"event_name":"World of Goop","floor":10,"gold_loss":68},{"damage_healed":0,"gold_gain":0,"player_choice":"Trade","damage_taken":0,"relics_obtained":["SsserpentHead"],"max_hp_gain":0,"max_hp_loss":0,"event_name":"FaceTrader","floor":12,"gold_loss":0}],"is_beta":false,"boss_relics":[],"items_purged_floors":[],"is_endless":false,"potions_floor_spawned":[1,13],"killed_by":"Slime Boss","ascension_level":20}}