{"host":"6drv1qzpbnls60z2","time":1611325439,"event":{"mods":["ATMod(°¢èªMod)","Act Like it!","Arknights The Spire","BaseMod","Hallownest","Minty Spire (QoL Compilation)","Reimu£¨²©ÀöÁéÃÎ£©","Replay The Spire","Shop Mod","Spicy Shops","StSLib","The Dragon Tamer","Uncapped","¡¾ÒÅÎï¿¨ÅÆ¡¿REMEMod","óô»ðÖ¸ÄÏ"],"gold_per_floor":[116,129,140,26,26,26,41,41,41,70,110,122,140,155,155,229,229,243,255,31,31,49,82,82,93,119,149,71,89,89,124,124,195,195,215,215,97,143,143,143],"floor_reached":39,"language":"ZHS","playtime":4070,"items_purged":[],"score":1236,"play_id":"3e51e345-e3a0-42a3-ac34-08293f210305","local_time":"20210122222359","daily_mods":["SealedDeck"],"is_ascension_mode":true,"campfire_choices":[{"data":"AT_RealColorLess","floor":6,"key":"SMITH"},{"data":"ats:Encircling Forest","floor":8,"key":"SMITH"},{"data":"YinYangSange:ReiMu","floor":24,"key":"SMITH"},{"data":"ats:Phantom","floor":30,"key":"SMITH"},{"data":"MikOfLucky:ReiMu","floor":32,"key":"SMITH"}],"circlet_count":0,"master_deck":["AscendersBane","AT_RealColorLess+1","REME_SelfUpgrade","ats:Spore Proliferation","ats:Hammer On","Meditation:ReiMu","RainPray2:ReiMu","YinYangSange:ReiMu+1","SpreadBorder2:ReiMu","ats:Chain Hook","Gathering:ReiMu","SubAcupoint:ReiMu","ats:Revitalization","ats:Shell Defense","ats:Directed Diagnosis+1","SubAcupoint:ReiMu","ats:Encircling Forest+1","ats:Apocalypse+1","ats:Counter Healing Mode","SafetyPray:ReiMu","FineLineFantasy:ReiMu","ats:Encircling Forest","Amulet:ReiMu","REME_ProfessionalPlagiarism","SafetyPray:ReiMu","ats:Assault Order","ats:Healing Strengthening","ats:Phantom+1","MikOfLucky:ReiMu+1","Determination:ReiMu","UniversalSpiritual:ReiMu+1","ats:Apocalypse","ats:Very Hot Blade"],"relics":["ats:Sanity","AT_ATBox","REME_ComplimentaryCards","Mummified Hand","ats:Originium","AT_RedNoBalance","AT_TrinityForce","ReplayTheSpireMod:TigerMarble","Tiny Chest","Ancient Tea Set","AT_SunfireAegis","MerchantsRug","ats:Gyao"],"acts_visited":["Exordium","TheCity","TheBeyond"],"potions_floor_usage":[10,10,14,27,33],"damage_taken":[{"damage":6,"enemies":"Cultist","floor":1,"turns":4},{"damage":18,"enemies":"Jaw Worm","floor":2,"turns":4},{"damage":0,"enemies":"Small Slimes","floor":3,"turns":4},{"damage":7,"enemies":"Red Slaver","floor":7,"turns":6},{"damage":16,"enemies":"Replay:BlueRogue","floor":10,"turns":7},{"damage":16,"enemies":"3 Louse","floor":11,"turns":4},{"damage":19,"enemies":"Large Slime","floor":12,"turns":7},{"damage":9,"enemies":"2 Fungi Beasts","floor":13,"turns":7},{"damage":19,"enemies":"Exordium Thugs","floor":14,"turns":6},{"damage":21,"enemies":"Fading Forest","floor":16,"turns":13},{"damage":4,"enemies":"Spheric Guardian","floor":18,"turns":4},{"damage":15,"enemies":"2 Thieves","floor":19,"turns":4},{"damage":12,"enemies":"Centurion and Healer","floor":22,"turns":4},{"damage":44,"enemies":"Slavers","floor":23,"turns":5},{"damage":3,"enemies":"Snake Plant","floor":25,"turns":2},{"damage":9,"enemies":"Book of Stabbing","floor":27,"turns":2},{"damage":0,"enemies":"3 Cultists","floor":29,"turns":3},{"damage":63,"enemies":"Slavers","floor":31,"turns":9},{"damage":7,"enemies":"Champ","floor":33,"turns":6},{"damage":0,"enemies":"3 Shapes","floor":35,"turns":2},{"damage":45,"enemies":"2 Orb Walkers","floor":38,"turns":4},{"damage":33,"enemies":"3 Darklings","floor":39,"turns":2}],"seed_played":"8034863038862666834","potions_obtained":[{"floor":1,"key":"Weak Potion"},{"floor":10,"key":"REME_GoldPotion"},{"floor":11,"key":"LifebloodPotion"},{"floor":22,"key":"SteroidPotion"},{"floor":25,"key":"Strength Potion"},{"floor":27,"key":"Strength Potion"},{"floor":33,"key":"SteroidPotion"}],"is_trial":true,"path_per_floor":["M","M","M","$","?","R","M","R","T","E","M","M","M","M","R","B",null,"M","M","$","?","M","E","R","M","T","E","$","M","R","E","R","B",null,"M","?","$","?","M"],"character_chosen":"DOCTOR_CLASS","items_purchased":["ats:Directed Diagnosis+1","SubAcupoint:ReiMu","REME_ProfessionalPlagiarism","ats:Apocalypse","ats:Healing Strengthening","MerchantsRug","ats:Apocalypse"],"campfire_rested":0,"item_purchase_floors":[4,4,20,20,28,37,37],"current_hp_per_floor":[59,41,46,46,36,36,37,37,37,49,34,55,49,50,71,72,72,72,66,66,71,65,42,42,44,44,45,45,48,48,38,38,50,53,54,54,54,15,0,0],"gold":143,"neow_bonus":"","is_daily":false,"chose_seed":false,"campfire_upgraded":5,"win_rate":0.0,"timestamp":1611325439,"path_taken":["M","?","M","$","?","R","M","R","T","E","M","M","M","M","R","BOSS","M","?","$","?","?","E","R","M","T","E","$","M","R","E","R","BOSS","M","?","$","?","M"],"items_purchased_type":["Card","Card","Card","Card","Card","Relic","Card"],"build_version":"2020-12-22","purchased_purges":0,"victory":false,"max_hp_per_floor":[72,72,72,72,72,72,72,72,72,72,72,72,72,72,72,72,72,72,72,72,72,72,72,72,72,72,72,72,72,72,72,72,72,54,54,54,54,54,54,54],"card_choices":[{"not_picked":["TightArray:ReiMu","ats:Neurotoxin","ats:Assault Order"],"picked":"SubAcupoint:ReiMu","floor":1},{"not_picked":["NineCharacters:ReiMu","CareerPray:ReiMu","FantasyBorder:ReiMu"],"picked":"ats:Revitalization","floor":2},{"not_picked":["AirStrike:ReiMu","Free:ReiMu","Meditation:ReiMu"],"picked":"ats:Shell Defense","floor":3},{"not_picked":["ats:Poison Spread","WonderfulDomain:ReiMu","OrbThrow:ReiMu"],"picked":"ats:Encircling Forest","floor":7},{"not_picked":["LearningPray:ReiMu","ats:Shadow Raid","PassingAway:ReiMu"],"picked":"ats:Apocalypse","floor":10},{"not_picked":["ats:Overload","Intuition:ReiMu","ats:Poison Spread"],"picked":"ats:Counter Healing Mode","floor":11},{"not_picked":["WonderfulDomain:ReiMu","ats:Guardian Obelisk","ats:Poison Spread"],"picked":"SafetyPray:ReiMu","floor":12},{"not_picked":["Dreaming:ReiMu","ats:Ignite","AlertArray:ReiMu"],"picked":"FineLineFantasy:ReiMu","floor":13},{"not_picked":["AirStrike:ReiMu","DoubleButterfly:ReiMu","ats:Flexible Camouflage"],"picked":"ats:Encircling Forest","floor":14},{"not_picked":["Crusade:ReiMu","ats:Leaping Hammer","RainPray2:ReiMu"],"picked":"Amulet:ReiMu","floor":18},{"not_picked":["ats:Explosion Area Strengthen","ats:Durian","Revelation:ReiMu"],"picked":"ats:Flexible Camouflage","floor":19},{"not_picked":["ats:Curse Doll","Conquer:ReiMu","SpreadBorder2:ReiMu"],"picked":"SafetyPray:ReiMu","floor":22},{"not_picked":["ats:Sashimi Platter","ats:Sunburst","ats:Flexible Camouflage"],"picked":"ats:Collapsing Strike","floor":23},{"not_picked":["SpreadBorder2:ReiMu","EmergencyTakeOff:ReiMu","ats:Revitalization"],"picked":"SKIP","floor":25},{"not_picked":["ats:Poison Spread","BarrageOfMoneybags:ReiMu","LovePray:ReiMu"],"picked":"ats:Assault Order","floor":27},{"not_picked":["SpringWay:ReiMu","ats:Hammer On","ats:Powerful Strike+1"],"picked":"ats:Phantom","floor":29},{"not_picked":["ats:Magnetic Hammer","ats:Assault Order+1","ats:Sashimi Platter"],"picked":"MikOfLucky:ReiMu","floor":31},{"not_picked":["Authority:ReiMu","ats:Soul Rend"],"picked":"Determination:ReiMu","floor":33},{"not_picked":["SafetyPray:ReiMu","ats:Flexible Camouflage+1","ats:Ignite+1"],"picked":"UniversalSpiritual:ReiMu+1","floor":35},{"not_picked":["ats:Red Shift+1","ats:Flexible Camouflage","FineLineFantasy:ReiMu"],"picked":"ats:Very Hot Blade","floor":38}],"player_experience":108177,"relics_obtained":[{"floor":9,"key":"Mummified Hand"},{"floor":10,"key":"ats:Originium"},{"floor":10,"key":"AT_SilverBalance"},{"floor":23,"key":"ats:Originium"},{"floor":23,"key":"ReplayTheSpireMod:TigerMarble"},{"floor":26,"key":"Tiny Chest"},{"floor":27,"key":"ats:Originium"},{"floor":27,"key":"Ancient Tea Set"},{"floor":31,"key":"ats:Originium"},{"floor":31,"key":"AT_SunfireAegis"},{"floor":38,"key":"ats:Gyao"}],"event_choices":[{"damage_healed":0,"gold_gain":0,"player_choice":"Damaged","damage_taken":10,"max_hp_gain":0,"max_hp_loss":0,"event_name":"Wheel of Change","floor":5,"gold_loss":0},{"cards_removed":["ats:Apocalypse"],"damage_healed":5,"gold_gain":0,"player_choice":"Offered Common","damage_taken":0,"max_hp_gain":0,"max_hp_loss":0,"event_name":"Bonfire Elementals","floor":21,"gold_loss":0},{"cards_removed":["ats:Apocalypse"],"damage_healed":5,"gold_gain":0,"player_choice":"Offered Special","damage_taken":0,"max_hp_gain":0,"max_hp_loss":0,"event_name":"Bonfire Elementals","floor":21,"gold_loss":0},{"cards_removed":["ats:Collapsing Strike"],"damage_healed":0,"gold_gain":0,"player_choice":"Removed Attack","damage_taken":0,"max_hp_gain":0,"max_hp_loss":0,"event_name":"Falling","floor":36,"gold_loss":0},{"damage_healed":0,"gold_gain":0,"player_choice":"Fight","damage_taken":0,"max_hp_gain":0,"max_hp_loss":0,"event_name":"Mysterious Sphere","floor":38,"gold_loss":0}],"is_beta":false,"boss_relics":[{"not_picked":["AT_MortalBlade","Coffee Dripper"],"picked":"AT_TrinityForce"},{"not_picked":["Calling Bell","Abe\u0027s Treasure"],"picked":"Replay:Drink Me"}],"items_purged_floors":[],"is_endless":true,"potions_floor_spawned":[1,10,11,22,25,27,33,38],"killed_by":"3 Darklings","ascension_level":20}}