{"host":"m5bsg12zcyqnofur","time":1611275110,"event":{"mods":["AchievementEnabler","BaseMod","BetterRewards","Colored Powertips","Hermit","Highlight Path","Minty Spire (QoL Compilation)","Quick Restart","Replay The Spire","Shop Mod","StSLib","The Bug Knight"],"gold_per_floor":[118,134,153,153,165,190,190,219,219,219,394,394,245,273,273,371,371,386,397,407,407,357,357,387,337,337,337,355,370,370,403,457,556,556,570,584,11,0,12,45,45,45,45,74,88,103,103,150,150,150,150,201,10,43,43],"floor_reached":56,"language":"ENG","playtime":2971,"items_purged":["Strike_G","Strike_G","Strike_G","Strike_G","Strike_G","Defend_G","Defend_G","Doubt","Defend_G","Defend_G","Survivor+1","Dodge and Roll"],"score":2743,"play_id":"9092e477-f0f1-4b5b-8454-b0536152625f","local_time":"20210121182510","is_ascension_mode":true,"campfire_choices":[{"data":"Calculated Gamble","floor":7,"key":"SMITH"},{"data":"ReplayTheSpireMod:Scrap Shanks","floor":12,"key":"SMITH"},{"data":"Accuracy","floor":15,"key":"SMITH"},{"data":"Tools of the Trade","floor":23,"key":"SMITH"},{"data":"Blade Dance","floor":27,"key":"SMITH"},{"floor":30,"key":"RECALL"},{"floor":42,"key":"DIG"},{"floor":49,"key":"DIG"}],"circlet_count":0,"master_deck":["Quick Slash+1","ReplayTheSpireMod:Scrap Shanks+1","Calculated Gamble+1","Blade Dance+1","Accuracy+1","Adrenaline+1","Tools of the Trade+1","Prepared+1"],"relics":["Ring of the Snake","Ornamental Fan","ReplayTheSpireMod:Ninjato","Boot","Smiling Mask","Quantum Egg","Black Star","Blue Candle","Bottled Lightning","SacredBark","Basket Of Snakes","MerchantsRug","Tough Bandages","Red Mask","CaptainsWheel","Replay:Multitool","Sundial","Ice Cream","Ginger","Durian","Garlic","InkBottle","Happy Flower","Nunchaku","Vajra"],"acts_visited":["TheCity","TheBeyond","TheEnding"],"potions_floor_usage":[55,55],"damage_taken":[{"damage":0,"enemies":"Cultist","floor":1,"turns":2},{"damage":0,"enemies":"Jaw Worm","floor":2,"turns":1},{"damage":0,"enemies":"Small Slimes","floor":3,"turns":1},{"damage":0,"enemies":"2 Fungi Beasts","floor":5,"turns":1},{"damage":0,"enemies":"Lagavulin","floor":6,"turns":2},{"damage":0,"enemies":"Replay:BlueRogue","floor":8,"turns":1},{"damage":0,"enemies":"Gremlin Nob","floor":14,"turns":1},{"damage":0,"enemies":"Fading Forest","floor":16,"turns":1},{"damage":0,"enemies":"3 Byrds","floor":18,"turns":1},{"damage":0,"enemies":"Spheric Guardian","floor":19,"turns":1},{"damage":0,"enemies":"Centurion and Healer","floor":20,"turns":1},{"damage":0,"enemies":"Gremlin Leader","floor":24,"turns":1},{"damage":0,"enemies":"Cultist and Chosen","floor":28,"turns":1},{"damage":0,"enemies":"Shelled Parasite and Fungi","floor":29,"turns":1},{"damage":0,"enemies":"Slavers","floor":31,"turns":1},{"damage":0,"enemies":"Automaton","floor":33,"turns":1},{"damage":0,"enemies":"3 Darklings","floor":35,"turns":1},{"damage":4,"enemies":"3 Shapes","floor":36,"turns":1},{"damage":0,"enemies":"Writhing Mass","floor":39,"turns":1},{"damage":0,"enemies":"HollowMod:StalkingDevout","floor":40,"turns":1},{"damage":0,"enemies":"Giant Head","floor":44,"turns":1},{"damage":0,"enemies":"Maw","floor":45,"turns":1},{"damage":0,"enemies":"3 Darklings","floor":46,"turns":1},{"damage":0,"enemies":"2 Orb Walkers","floor":48,"turns":1},{"damage":0,"enemies":"Donu and Deca","floor":50,"turns":1},{"damage":0,"enemies":"Shield and Spear","floor":54,"turns":1},{"damage":5,"enemies":"The Heart","floor":55,"turns":2}],"seed_played":"6072908373019447418","potions_obtained":[{"floor":2,"key":"SpeedPotion"},{"floor":5,"key":"PowerPotion"},{"floor":6,"key":"SkillPotion"},{"floor":16,"key":"PowerPotion"},{"floor":29,"key":"PowerPotion"},{"floor":39,"key":"Weak Potion"},{"floor":46,"key":"Adrenaline Potion"}],"is_trial":false,"path_per_floor":["M","M","M","?","M","E","R","E","T","?","?","R","$","E","R","B",null,"M","M","M","?","$","R","E","$","T","R","M","M","R","E","R","B",null,"M","M","$","?","M","E","?","R","T","E","M","M","?","?","R","B",null,"R","$","E","B",null],"character_chosen":"THE_SILENT","items_purchased":["Ornamental Fan","Blue Doll","Quick Slash+1","ReplayTheSpireMod:Scrap Shanks","Calculated Gamble","ReplayTheSpireMod:Ninjato","Adrenaline+1","Basket Of Snakes","MerchantsRug","Tough Bandages","Happy Flower","Adrenaline Potion"],"campfire_rested":0,"item_purchase_floors":[0,0,0,0,0,0,13,37,37,37,53,53],"current_hp_per_floor":[21,21,21,14,14,14,14,14,14,7,7,7,7,7,7,7,54,54,54,54,54,54,54,54,54,54,54,54,54,54,54,54,54,66,66,62,62,62,62,62,62,62,62,62,62,62,62,67,67,67,70,53,53,53,48],"gold":43,"neow_bonus":"","is_daily":false,"chose_seed":false,"campfire_upgraded":5,"win_rate":0.0,"timestamp":1611275110,"path_taken":["M","M","M","?","M","E","R","E","T","?","?","R","$","E","R","BOSS","M","M","M","?","$","R","E","$","T","R","?","M","R","E","R","BOSS","M","M","$","?","M","E","?","R","T","E","?","M","?","?","R","BOSS","R","$","E","BOSS"],"items_purchased_type":["Relic","Relic","Card","Card","Card","Relic","Card","Relic","Relic","Relic","Relic","Potion"],"build_version":"2020-12-22","purchased_purges":12,"victory":true,"max_hp_per_floor":[70,70,70,70,70,70,70,70,70,70,70,70,70,70,70,70,70,70,70,70,70,70,70,70,70,70,70,70,70,70,70,70,70,70,70,70,70,70,70,70,70,70,70,70,70,70,66,71,71,71,71,71,71,71,71],"card_choices":[{"not_picked":["Bane","Slice","Dagger Spray"],"picked":"SKIP","floor":1},{"not_picked":["Terror","Hidden Blade","Sneak Up"],"picked":"SKIP","floor":2},{"not_picked":["Backflip","Bane"],"picked":"Blade Dance","floor":3},{"not_picked":["Quick Slash","Toxin Wave","Well Laid Plans"],"picked":"SKIP","floor":5},{"not_picked":["Cloak And Dagger","Quick Slash"],"picked":"Accuracy","floor":6},{"not_picked":["Toxin Wave","Finisher","Terror"],"picked":"SKIP","floor":8},{"not_picked":["Atom Bomb","Catalyst","Dagger Throw"],"picked":"SKIP","floor":14},{"not_picked":["Poison Darts","Malaise"],"picked":"Tools of the Trade","floor":16},{"not_picked":["Noxious Fumes","Cloak And Dagger+1","Blade Dance"],"picked":"SKIP","floor":18},{"not_picked":["Poisoned Stab","Hidden Blade","Bane+1"],"picked":"SKIP","floor":19},{"not_picked":["Backflip","Slice","Sucker Punch+1"],"picked":"SKIP","floor":20},{"not_picked":["Deflect","All Out Attack+1","Atom Bomb"],"picked":"SKIP","floor":24},{"not_picked":["Backflip+1","Deflect+1","Dash"],"picked":"SKIP","floor":28},{"not_picked":["Calculated Gamble","Quick Slash","Catalyst"],"picked":"SKIP","floor":29},{"not_picked":["Outmaneuver","Sucker Punch+1","Poisoned Stab+1"],"picked":"SKIP","floor":31},{"not_picked":["Hidden Blade+1","Concentrate+1","Dagger Throw+1"],"picked":"SKIP","floor":35},{"not_picked":["Quick Slash","Crippling Poison+1"],"picked":"Prepared+1","floor":36},{"not_picked":["Slice+1","Deflect+1","Calculated Gamble"],"picked":"SKIP","floor":39},{"not_picked":["PiercingWail","Underhanded Strike","Riddle With Holes"],"picked":"SKIP","floor":40},{"not_picked":["Reflex+1","Dagger Spray","Flying Knee+1"],"picked":"SKIP","floor":44},{"not_picked":["Bane","Cloak And Dagger+1","Slice"],"picked":"SKIP","floor":45},{"not_picked":["Burst","Backflip+1","Setup+1"],"picked":"SKIP","floor":46},{"not_picked":["Quick Slash+1","PiercingWail+1","Flying Knee+1"],"picked":"SKIP","floor":54}],"player_experience":261804,"relics_obtained":[{"floor":6,"key":"Boot"},{"floor":8,"key":"Smiling Mask"},{"floor":14,"key":"Quantum Egg"},{"floor":24,"key":"Darkstone Periapt"},{"floor":26,"key":"Mirror"},{"floor":31,"key":"War Paint"},{"floor":31,"key":"Bottled Lightning"},{"floor":40,"key":"CaptainsWheel"},{"floor":40,"key":"Replay:Multitool"},{"floor":42,"key":"Sundial"},{"floor":43,"key":"Ice Cream"},{"floor":44,"key":"Ginger"},{"floor":48,"key":"Durian"},{"floor":49,"key":"Garlic"},{"floor":52,"key":"InkBottle"},{"floor":54,"key":"Nunchaku"},{"floor":54,"key":"Vajra"}],"event_choices":[{"cards_removed":["Defend_G"],"damage_healed":0,"gold_gain":0,"player_choice":"Card Removal","damage_taken":7,"max_hp_gain":0,"max_hp_loss":0,"event_name":"Golden Wing","floor":4,"gold_loss":0},{"damage_healed":0,"gold_gain":0,"player_choice":"Success","damage_taken":7,"relics_obtained":["Replay:Bottled Flurry"],"max_hp_gain":0,"max_hp_loss":0,"event_name":"Scrap Ooze","floor":10,"gold_loss":0},{"damage_healed":0,"gold_gain":175,"player_choice":"AGREE","damage_taken":0,"max_hp_gain":0,"max_hp_loss":0,"event_name":"Liars Game","floor":11,"gold_loss":0,"cards_obtained":["Doubt"]},{"damage_healed":0,"gold_gain":0,"player_choice":"Gave Potion","damage_taken":0,"relics_obtained":["Blue Candle"],"max_hp_gain":0,"max_hp_loss":0,"event_name":"WeMeetAgain","floor":21,"gold_loss":0},{"damage_healed":0,"gold_gain":0,"player_choice":"Paid","damage_taken":0,"relics_obtained":["Red Mask"],"max_hp_gain":0,"max_hp_loss":0,"event_name":"Tomb of Lord Red Mask","floor":38,"gold_loss":11},{"damage_healed":0,"gold_gain":0,"cards_transformed":["Neutralize"],"player_choice":"Transformed","damage_taken":0,"max_hp_gain":0,"max_hp_loss":0,"event_name":"Transmorgrifier","floor":41,"gold_loss":0,"cards_obtained":["Dodge and Roll"]},{"damage_healed":0,"gold_gain":0,"player_choice":"Max HP","damage_taken":0,"max_hp_gain":0,"max_hp_loss":4,"event_name":"Winding Halls","floor":47,"gold_loss":0},{"damage_healed":0,"gold_gain":0,"player_choice":"Fight","damage_taken":0,"max_hp_gain":0,"max_hp_loss":0,"event_name":"Mysterious Sphere","floor":48,"gold_loss":0}],"is_beta":false,"boss_relics":[{"not_picked":["Ring of the Serpent","Abe\u0027s Treasure"],"picked":"Black Star"},{"not_picked":["Snecko Eye","Runic Pyramid"],"picked":"SacredBark"}],"items_purged_floors":[0,0,0,0,0,0,0,13,22,25,37,53],"is_endless":false,"potions_floor_spawned":[2,5,6,14,16,20,29,31,39,44,46],"ascension_level":8}}