{"host":"80x1ozqd5wpd4nvo","time":1611356199,"event":{"mods":["2.2 Compatiblity","Aspiration","BaseMod","Better Altar","Better Match","Better Note","Better Sensory Stone","Better Skull","Better Third Choice","BetterRewards","Card Forge","Custom Start","DNKmod","Defuse TimeMaze Blight","Dota2Spire","Duelist Mod","Energized Spire","Friendly Minions","GifTheSpireLib","Hubris","Infinite Spire","Minty Spire (QoL Compilation)","Permanent Neow","Poor People Problems","Shop Mod","Spicy Shops","StS++","StSLib","The Blue Laboratory","??????REMEMod"],"gold_per_floor":[1210,600,600,600,550,550,580,512,538,571,581,611,671,686,686,781,781,796,796,796,815,825,851,868,895,920,920,920,954,968,987,987,1089,1089,1104,1104,1121,502,514,514,542,542,542,487,519,529,529,563,563,563,563,563,88,114,114],"floor_reached":56,"language":"ENG","playtime":3617,"items_purged":["theDuelist:Sparks"],"score":1917,"play_id":"35b32f23-51ac-4ae9-800c-99fb21a630f9","local_time":"20210122235639","is_ascension_mode":true,"campfire_choices":[{"data":"theDuelist:BirdParadise","floor":6,"key":"SMITH"},{"floor":15,"key":"REST"},{"data":"theDuelist:Zektarrow","floor":28,"key":"SMITH"},{"data":"theDuelist:Raigeki","floor":32,"key":"SMITH"},{"data":"theDuelist:CorrosiveScales","floor":40,"key":"SMITH"},{"data":"theDuelist:PoisonousWinds","floor":42,"key":"SMITH"},{"floor":47,"key":"RECALL"},{"data":"theDuelist:CocoonUltraEvolution","floor":49,"key":"SMITH"},{"data":"theDuelist:RedMedicine+1","floor":52,"key":"SMITH"}],"circlet_count":0,"master_deck":["theDuelist:CastleWalls","theDuelist:CastleWalls","theDuelist:CrossSwordBeetle","theDuelist:EmpressMantis","theDuelist:InsectKnight","theDuelist:RazorLizard","theDuelist:Sparks","theDuelist:Sparks","theDuelist:SpiderWeb","theDuelist:BirdParadise+1","infinitespire:Punishment","theDuelist:BrainCrusher","theDuelist:Inzektron","theDuelist:Parasite","theDuelist:Forest","theDuelist:DrillBug","theDuelist:Zektahawk","theDuelist:ZefraMetaltron","theDuelist:GroundSpider","theDuelist:Invigoration","theDuelist:RedMedicine+2","theDuelist:BugEmergency","theDuelist:Suanni","theDuelist:SpiritualForest","theDuelist:DarkBug","theDuelist:ReptiliannePoison","infinitespire:UltimateForm","theDuelist:HundredFootHorror","theDuelist:ReptiliannePoison","theDuelist:Raigeki+1","theDuelist:CorrosiveScales+1","theDuelist:Zektarrow+1","theDuelist:MillenniumScorpion+1","theDuelist:PoisonOldMan","theDuelist:GigaCricket","theDuelist:TornadoDragon","theDuelist:HowlingInsect","theDuelist:PoisonousWinds+1","theDuelist:MetalArmoredBug+1","REME_ShortnessOfBreath","Finesse","theDuelist:Forest+1","theDuelist:Gandora","theDuelist:CocoonUltraEvolution+1","theDuelist:RelinquishedSpider+1","theDuelist:MetamorphInsectQueen+1","theDuelist:HowlingInsect"],"relics":["theDuelist:MillenniumPuzzle","theDuelist:CardPoolRelic","theDuelist:CardPoolBasicRelic","theDuelist:BoosterPackPoolRelic","theDuelist:CardPoolAddRelic","theDuelist:CardPoolMinusRelic","theDuelist:CardPoolSaveRelic","theDuelist:CardPoolOptionsRelic","Hammer of Thor","Seething Fire","Anvil of the Gods","REME_ComplimentaryCards","aspiration:Nostalgia","Ring of the Snake","Sling","infinitespire:EmpoweringShard","hubris:Towel","Bag of Marbles","betterAltar:BloodRelic","Lantern","Dota2Spire:EyeOfSkadi","StSpp:TwinEgg","Snecko Eye","aspiration:VileToxins","Red Skull","aspiration:RitualStick","theDuelist:ZoneToken","hubris:Backtick","theDuelist:InsectRelic","theDuelist:CursedHealer","Medical Kit","Dota2Spire:Butterfly","TwistedFunnel","Dota2Spire:BattleFury","Bag of Preparation","theDuelist:NamelessPowerRelicA","infinitespire:WardingShard","aspiration:StickyExplosives_weak","Bronze Scales","infinitespire:Freezer","Dota2Spire:LinkenSphere"],"acts_visited":["Exordium","TheCity","TheBeyond","TheEnding"],"potions_floor_usage":[2,13,16,16,31,33,33,39,45,46,50,55,55],"damage_taken":[{"damage":0,"enemies":"Jaw Worm","floor":1,"turns":2},{"damage":11,"enemies":"Lagavulin","floor":7,"turns":4},{"damage":10,"enemies":"3 Sentries","floor":10,"turns":4},{"damage":0,"enemies":"2 Louse","floor":11,"turns":1},{"damage":15,"enemies":"Gremlin Nob","floor":12,"turns":3},{"damage":0,"enemies":"3 Sentries","floor":13,"turns":4},{"damage":0,"enemies":"Small Slimes","floor":14,"turns":2},{"damage":0,"enemies":"Slime Boss","floor":16,"turns":6},{"damage":0,"enemies":"3 Byrds","floor":18,"turns":2},{"damage":0,"enemies":"Shell Parasite","floor":21,"turns":2},{"damage":0,"enemies":"Centurion and Healer","floor":22,"turns":3},{"damage":14,"enemies":"Slavers","floor":23,"turns":2},{"damage":0,"enemies":"Snake Plant","floor":24,"turns":2},{"damage":0,"enemies":"Nightmare","floor":25,"turns":5},{"damage":0,"enemies":"theDuelist:KaibaA2","floor":29,"turns":1},{"damage":0,"enemies":"3 Cultists","floor":30,"turns":3},{"damage":8,"enemies":"Cultist and Chosen","floor":31,"turns":3},{"damage":0,"enemies":"Automaton","floor":33,"turns":6},{"damage":0,"enemies":"Orb Walker","floor":35,"turns":2},{"damage":8,"enemies":"3 Darklings","floor":37,"turns":2},{"damage":9,"enemies":"Spire Growth","floor":39,"turns":5},{"damage":10,"enemies":"Nemesis","floor":41,"turns":3},{"damage":0,"enemies":"Reptomancer","floor":45,"turns":4},{"damage":6,"enemies":"Writhing Mass","floor":46,"turns":2},{"damage":3,"enemies":"Giant Head","floor":48,"turns":7},{"damage":22,"enemies":"hubris:GrandSnecko","floor":50,"turns":7},{"damage":8,"enemies":"Shield and Spear","floor":54,"turns":3},{"damage":30,"enemies":"The Heart","floor":55,"turns":6}],"seed_played":"3632777875986083820","potions_obtained":[{"floor":7,"key":"blueLaboratory:Moonshine"},{"floor":12,"key":"theDuelist:SealedPack"},{"floor":13,"key":"Ancient Potion"},{"floor":22,"key":"BlessingOfTheForge"},{"floor":23,"key":"blueLaboratory:BottleOfRum"},{"floor":31,"key":"Dexterity Potion"},{"floor":39,"key":"Dota2Spire:Clarity"},{"floor":48,"key":"EssenceOfSteel"}],"is_trial":false,"path_per_floor":["M","$","?","?","?","R","E","$","T","E","M","E","?","M","R","B",null,"M","?","AVR","M","M","E","M","NM","T","?","R","E","M","M","R","B",null,"M","?","M","$","M","R","E","R","T","?","E","M","R","E","R","B",null,"R","$","E","B",null],"character_chosen":"THE_DUELIST","items_purchased":["Sling","infinitespire:EmpoweringShard","theDuelist:BirdParadise","Fruit Juice","theDuelist:Parasite","Medical Kit","Dota2Spire:Butterfly","TwistedFunnel","REME_ShortnessOfBreath","blueLaboratory:FruitPunch","Bronze Scales","infinitespire:Freezer","Fire Potion","theDuelist:StunPotion"],"campfire_rested":1,"item_purchase_floors":[2,2,2,2,8,38,38,38,38,38,53,53,53,53],"current_hp_per_floor":[100,105,80,80,80,80,69,69,69,61,63,55,57,59,92,94,106,108,102,102,106,110,96,100,104,104,82,82,86,90,86,86,90,105,110,110,102,102,100,100,95,95,95,95,102,101,101,103,103,86,107,107,107,105,81],"gold":114,"neow_bonus":"NOSTALGIA","is_daily":false,"chose_seed":false,"campfire_upgraded":7,"win_rate":0.0,"timestamp":1611356199,"path_taken":["M","$","?","?","?","R","E","?","T","E","M","E","?","?","R","BOSS","M","?","AVR","M","M","E","M","NM","T","?","R","E","M","M","R","BOSS","M","?","M","$","M","R","E","R","T","?","E","?","R","E","R","BOSS","R","$","E","BOSS"],"items_purchased_type":["Relic","Relic","Card","Potion","Card","Relic","Relic","Relic","Card","Potion","Relic","Relic","Potion","Potion"],"build_version":"2020-12-22","purchased_purges":1,"victory":true,"max_hp_per_floor":[100,105,105,105,105,105,105,105,105,105,105,110,110,110,110,110,110,110,110,110,110,110,110,110,110,110,110,110,110,110,110,110,110,110,110,110,110,110,112,112,112,112,112,112,114,114,114,114,114,114,114,114,114,114,114],"card_choices":[{"not_picked":["theDuelist:TornadoDragon","theDuelist:ReptiliannePoison","theDuelist:CocoonEvolution","theDuelist:InsectPrincess"],"picked":"theDuelist:SpiderWeb","floor":1},{"not_picked":["theDuelist:DragonDowser","theDuelist:Gagagigo","theDuelist:EmpressMantis"],"picked":"SKIP","floor":1},{"not_picked":["hubris:Fate","hubris:Rewind"],"picked":"infinitespire:Punishment","floor":3},{"not_picked":["theDuelist:BeakedSnake","theDuelist:Gagagigo","theDuelist:DrillBug","theDuelist:HundredFootHorror"],"picked":"theDuelist:BrainCrusher","floor":7},{"not_picked":["theDuelist:PetitMoth","theDuelist:PinchHopper"],"picked":"theDuelist:Inzektron","floor":7},{"not_picked":["theDuelist:CorrosiveScales","theDuelist:BugMatrix","theDuelist:Anteater"],"picked":"theDuelist:Forest","floor":10},{"not_picked":["theDuelist:Parasite","theDuelist:PoisonousMayakashi"],"picked":"theDuelist:DrillBug","floor":10},{"not_picked":["theDuelist:Zektkaliber","theDuelist:PoisonOldMan","theDuelist:PoisonChain","theDuelist:PoisonFangs"],"picked":"theDuelist:Zektahawk","floor":11},{"not_picked":["theDuelist:DigitalBug","theDuelist:AtomicFirefly"],"picked":"theDuelist:ZefraMetaltron","floor":11},{"not_picked":["theDuelist:EmpressMantis","theDuelist:MotherSpider","theDuelist:BeakedSnake","theDuelist:BigInsect"],"picked":"theDuelist:GroundSpider","floor":12},{"not_picked":["theDuelist:DrillBug","theDuelist:Forest"],"picked":"theDuelist:Invigoration","floor":12},{"not_picked":["theDuelist:Cloning","theDuelist:FuryFire+1","theDuelist:LightningDarts","theDuelist:SphereKuriboh"],"picked":"theDuelist:RedMedicine+1","floor":13},{"not_picked":["theDuelist:NeoBug","theDuelist:InsectKnight"],"picked":"theDuelist:BugEmergency","floor":13},{"not_picked":["theDuelist:PetitMoth","theDuelist:KarakuriSpider"],"picked":"theDuelist:Suanni","floor":14},{"not_picked":["theDuelist:CorrosiveScales","theDuelist:BugSignal","theDuelist:BugEmergency","theDuelist:Cloning","theDuelist:UltimateOffering"],"picked":"SKIP","floor":14},{"not_picked":["theDuelist:Zektahawk","theDuelist:WallThorns","theDuelist:SpiderEgg","theDuelist:HowlingInsect"],"picked":"theDuelist:SpiritualForest","floor":16},{"not_picked":["theDuelist:PoisonousMayakashi","theDuelist:PoisonChain"],"picked":"theDuelist:DarkBug","floor":16},{"not_picked":["theDuelist:BugSignal","theDuelist:Grasschopper"],"picked":"theDuelist:ReptiliannePoison","floor":18},{"not_picked":["theDuelist:NeoBug","theDuelist:FirestormProminence","theDuelist:RelinquishedSpider","theDuelist:Gagagigo+1","theDuelist:ZefraMetaltron"],"picked":"SKIP","floor":18},{"not_picked":["theDuelist:Yazi","theDuelist:MareMare","theDuelist:PetitMoth","theDuelist:Suanni"],"picked":"theDuelist:HundredFootHorror","floor":21},{"not_picked":["theDuelist:Yazi","theDuelist:JiraiGumo"],"picked":"theDuelist:ReptiliannePoison","floor":21},{"not_picked":["theDuelist:EarthquakeGiant","theDuelist:FuryFire+1","theDuelist:MudragonSwamp","theDuelist:WormWarlord"],"picked":"theDuelist:Raigeki","floor":22},{"not_picked":["theDuelist:BugEmergency","theDuelist:DigitalBug","theDuelist:RazorLizard+1"],"picked":"SKIP","floor":22},{"not_picked":["theDuelist:ArmoredBee+1","theDuelist:Gagagigo","theDuelist:HunterSpider","theDuelist:PoisonMummy"],"picked":"theDuelist:CorrosiveScales","floor":23},{"not_picked":["theDuelist:EmpressMantis+1","theDuelist:NeoBug","theDuelist:AtomicFirefly"],"picked":"SKIP","floor":23},{"not_picked":["theDuelist:WallThorns","theDuelist:PoisonousWinds+1","theDuelist:IgnisHeat","theDuelist:Denglong"],"picked":"theDuelist:Zektarrow","floor":24},{"not_picked":["theDuelist:EmpressMantis","theDuelist:CobraJar","theDuelist:RelinquishedSpider+1"],"picked":"SKIP","floor":24},{"not_picked":["theDuelist:AtomicFirefly","theDuelist:Suanni"],"picked":"theDuelist:MillenniumScorpion+1","floor":25},{"not_picked":["theDuelist:EarthquakeGiant","theDuelist:PowerGiant","theDuelist:LightningVortex","theDuelist:Mudora+1","theDuelist:MudragonSwamp"],"picked":"SKIP","floor":25},{"not_picked":["theDuelist:DrillBug","theDuelist:BeeListSoldier","theDuelist:MareMare","theDuelist:DigitalBug"],"picked":"theDuelist:PoisonOldMan","floor":29},{"not_picked":["theDuelist:EmpressMantis+1","theDuelist:KarakuriSpider","theDuelist:BirdParadise"],"picked":"SKIP","floor":29},{"not_picked":["theDuelist:PinchHopper","theDuelist:InsectKing+1","theDuelist:ArsenalBug","theDuelist:HowlingInsect"],"picked":"theDuelist:GigaCricket","floor":30},{"not_picked":["theDuelist:Invigoration","theDuelist:SpiderEgg"],"picked":"theDuelist:TornadoDragon","floor":30},{"not_picked":["theDuelist:HerculesBeetle","theDuelist:ArsenalBug","theDuelist:Grasschopper","theDuelist:InsectQueen"],"picked":"theDuelist:HowlingInsect","floor":31},{"not_picked":["theDuelist:Invigoration","theDuelist:CorrosiveScales+1","theDuelist:AtomicFirefly+1"],"picked":"SKIP","floor":31},{"not_picked":["theDuelist:Invigoration","theDuelist:CorrosiveScales+1","theDuelist:AtomicFirefly+1"],"picked":"SKIP","floor":31},{"not_picked":["theDuelist:PoisonChain","theDuelist:InsectKing","theDuelist:GigaMantis","theDuelist:CocoonUltraEvolution"],"picked":"theDuelist:PoisonousWinds","floor":33},{"not_picked":["theDuelist:HundredFootHorror","theDuelist:Parasite+1"],"picked":"theDuelist:MetalArmoredBug+1","floor":35},{"not_picked":["theDuelist:EarthquakeGiant","theDuelist:DarklordSuperbia","theDuelist:LightningDarts+1","theDuelist:Fissure","theDuelist:Sangan"],"picked":"SKIP","floor":35},{"not_picked":["theDuelist:EmpressMantis","theDuelist:GroundSpider+1","theDuelist:Parasite","theDuelist:DarkBug","theDuelist:MetalArmoredBug+1"],"picked":"SKIP","floor":37},{"not_picked":["theDuelist:ArmoredBee+1","theDuelist:UndergroundArachnid","theDuelist:CobraJar+1"],"picked":"SKIP","floor":37},{"not_picked":["Enlightenment+1","HandOfGreed+1","PanicButton"],"picked":"Finesse","floor":39},{"not_picked":["theDuelist:MotherSpider+1","theDuelist:SpiderWeb+1","theDuelist:BrainCrusher+1"],"picked":"SKIP","floor":39},{"not_picked":["theDuelist:BugMatrix+1","theDuelist:Anteater+1","theDuelist:PoisonFangs+1","theDuelist:IgnisHeat+1"],"picked":"theDuelist:Forest+1","floor":41},{"not_picked":["theDuelist:Suanni+1","theDuelist:Invigoration","theDuelist:UndergroundArachnid+1"],"picked":"SKIP","floor":41},{"not_picked":["theDuelist:ManEaterBug+1","theDuelist:HunterSpider","theDuelist:DragonDowser","theDuelist:ArmoredBee","theDuelist:UndergroundArachnid+1"],"picked":"SKIP","floor":45},{"not_picked":["theDuelist:SpiderWeb+1","theDuelist:RazorLizard+1","theDuelist:Invigoration"],"picked":"SKIP","floor":45},{"not_picked":["theDuelist:SpiritualForest","theDuelist:LinkSpider+1"],"picked":"theDuelist:CocoonUltraEvolution","floor":46},{"not_picked":["theDuelist:BugEmergency+1","theDuelist:PoisonOldMan+1"],"picked":"theDuelist:RelinquishedSpider+1","floor":46},{"not_picked":["theDuelist:GigaCricket","theDuelist:DestructionCyclone"],"picked":"theDuelist:MetamorphInsectQueen+1","floor":48},{"not_picked":["theDuelist:ManEaterBug","theDuelist:DrillBug+1"],"picked":"theDuelist:HowlingInsect","floor":48},{"not_picked":["theDuelist:NeoBug+1","theDuelist:InsectKnight+1","theDuelist:CrossSwordBeetle+1","theDuelist:BiteBug+1","theDuelist:Yazi+1"],"picked":"SKIP","floor":54},{"not_picked":["theDuelist:BlockSpider+1","theDuelist:SpiderWeb","theDuelist:ManEaterBug"],"picked":"SKIP","floor":54}],"player_experience":394313,"relics_obtained":[{"floor":7,"key":"Bag of Marbles"},{"floor":9,"key":"Blood Vial"},{"floor":10,"key":"Lantern"},{"floor":12,"key":"Dota2Spire:EyeOfSkadi"},{"floor":13,"key":"StSpp:TwinEgg"},{"floor":23,"key":"aspiration:VileToxins"},{"floor":25,"key":"Red Skull"},{"floor":29,"key":"theDuelist:ZoneToken"},{"floor":41,"key":"Dota2Spire:BattleFury"},{"floor":43,"key":"Bag of Preparation"},{"floor":45,"key":"infinitespire:WardingShard"},{"floor":48,"key":"aspiration:StickyExplosives_weak"},{"floor":54,"key":"Dota2Spire:LinkenSphere"}],"event_choices":[{"cards_removed":["theDuelist:RazorLizard"],"damage_healed":0,"gold_gain":0,"player_choice":"Card Removal","damage_taken":0,"max_hp_gain":0,"max_hp_loss":0,"event_name":"The Cleric","floor":5,"gold_loss":50},{"damage_healed":0,"gold_gain":0,"player_choice":"Searched \u00272\u0027 times","damage_taken":0,"max_hp_gain":0,"max_hp_loss":0,"event_name":"Dead Adventurer","floor":13,"gold_loss":0},{"damage_healed":0,"gold_gain":0,"player_choice":" RottenVial ","damage_taken":6,"relics_obtained":["betterAltar:BloodRelic"],"max_hp_gain":108,"max_hp_loss":102,"event_name":"betterAltar:BetterAltar","floor":19,"potions_obtained":[],"relics_lost":["Blood Vial"],"gold_loss":0},{"damage_healed":0,"gold_gain":0,"player_choice":"Succumb - +25HP/Cursed Relic","duelist":true,"damage_taken":0,"max_hp_gain":0,"max_hp_loss":0,"event_name":"Tomb of the Nameless","floor":36,"gold_loss":0},{"power_reward":2,"total_magic_score":165,"gold_gain":0,"duelist":true,"damage_taken":0,"relics_obtained":["theDuelist:NamelessPowerRelicA"],"points":6,"war_reward":4,"max_hp_gain":0,"max_hp_loss":0,"spent_points":{"magic":0,"greed":0,"war":4,"power":2,"hunger":0},"event_name":"Nameless Tomb","floor":44,"gold_loss":55,"cards_obtained":["theDuelist:Gandora"]}],"is_beta":false,"boss_relics":[{"not_picked":["Runic Dome","hubris:BlackHole"],"picked":"Snecko Eye"},{"not_picked":["StSpp:PileOfSugar","aspiration:FutureDiary"],"picked":"hubris:Backtick"}],"items_purged_floors":[53],"is_endless":false,"potions_floor_spawned":[7,12,13,22,23,30,31,39,41,48],"ascension_level":6}}