{"host":"0o06o4i1vxmsfh8c","time":1611312572,"event":{"mods":["Bard","BaseMod","BetterRewards","Blackmage（黑魔法师）","Decade(王小明)","Dota2Spire","Downfall","Friendly Minions","FutureSeer","GifTheSpireLib","Hubris","Hunter 猎人","Infinite Spire","KinomotoSakuraMod(木之本樱)","Kiyohime（清姬）","KomeijiMod","LagranYue(拉格朗・月)","Marisa（F雨　魔理沙）","Mimic Mod","Minty Spire (QoL Compilation)","Permanent Neow","RumiaBox-露米娅的神秘盒子","SOS（斯巴达之子）","Shop Mod","StSLib","TestMod","The Administrix","The Bug Knight","The Cursed","The Mystic","The Runesmith","Youmu（魂魄妖梦）","Yuri Mod","[IsaacMod]以撒尖塔","vexMod","【功能Mod】混沌之环修复补丁","【遗物卡牌】REMEMod","篝火指南"],"gold_per_floor":[190,213,213,49,58,83,102,30,54,92,163,163,163,197,197,323,323,340,340,255,218,264,308,308,452,452,136,118,118,181,181,181,280,280,320,393,393,318,368,368,422,422,447,290,317,317,317,327,327,41],"floor_reached":51,"language":"ZHS","playtime":2574,"items_purged":[],"score":989,"play_id":"4d4fd9ca-6002-4a8d-880e-ceab381014d4","local_time":"20210122184932","is_ascension_mode":true,"campfire_choices":[{"floor":12,"key":"REST"},{"data":"StarOfDavid","floor":15,"key":"SMITH"},{"floor":24,"key":"REST"},{"data":"PartStrengthen","floor":32,"key":"SMITH"},{"floor":42,"key":"REST"},{"floor":49,"key":"REST"}],"circlet_count":0,"master_deck":["Strike_Remiria","Strike_Remiria","Strike_Remiria","Defend_Remirira","Defend_Remirira","Defend_Remirira","Absorbed","Scratch","BettingIsNotGood","DeusExMachina","StarOfDavid+1","RocketKickup","Feint","PartStrengthen+1","Cripple","Septette","TricksterDevil","DemonsDinnerFork_Remiria","BodyStrengthen","RemiliaStretch_Remiria+1","FateSonata+1","Searching","BloodCleaner+1","ServantFlier+1","CurseofVladTepes","NaturallyHealing","FierceSweep+1","Exsanguinate+1","testmod-Dream","Impregnable+1","ScarletNetherworld+1","DoubleEdge+1","Reaper_Remiria+1","FateSonata+1","DemonLordWalk+1","hubris:NaturalOne","SeparateFleshBlood+1","Madness","Madness","FastHealing"],"relics":["ThirstyCrossSpe","HushsDoor","REME_ComplimentaryCards","LagranYue:RandomDrawCardRelic","MoneyPower","testmod-Charity","hubris:Icosahedron","Membership Card","ZombieArmy","Dota2Spire:HandOfMidas","Dota2Spire:DrumOfEndurance","HollowMod:LifeEnderRelic","hubris:Spice","Molten Egg 2","LagranYue:SoulBurningRelic","Dota2Spire:ArcaneBoots","TuHaoJin","PreservedInsect","BelialBook","Oddly Smooth Stone","Happy Flower","infinitespire:Beetle Shell","Juzu Bracelet","Dota2Spire:DivineRapier","NineVolt","Empty Cage","Shuriken","Vajra","LagranYue:WskJewelryRelic","TheBean"],"acts_visited":["Exordium","TheCity","TheBeyond"],"potions_floor_usage":[7,7,25,33,33,39,50],"damage_taken":[{"damage":14,"enemies":"infinitespire:Voidling","floor":1,"turns":4},{"damage":7,"enemies":"2 Louse","floor":2,"turns":3},{"damage":8,"enemies":"Small Slimes","floor":5,"turns":3},{"damage":18,"enemies":"Gremlin Nob","floor":6,"turns":4},{"damage":23,"enemies":"Exordium Wildlife","floor":7,"turns":4},{"damage":5,"enemies":"2 Fungi Beasts","floor":10,"turns":3},{"damage":14,"enemies":"HollowMod:MossKnight","floor":11,"turns":5},{"damage":16,"enemies":"Gremlin Nob","floor":14,"turns":3},{"damage":0,"enemies":"Slime Boss","floor":16,"turns":4},{"damage":3,"enemies":"Spheric Guardian","floor":18,"turns":3},{"damage":3,"enemies":"Chosen","floor":22,"turns":2},{"damage":52,"enemies":"REME_1_Revenger","floor":23,"turns":4},{"damage":27,"enemies":"Gremlin Leader","floor":25,"turns":4},{"damage":1,"enemies":"3 Cultists","floor":28,"turns":2},{"damage":12,"enemies":"Slavers","floor":30,"turns":3},{"damage":17,"enemies":"Automaton","floor":33,"turns":4},{"damage":8,"enemies":"3 Darklings","floor":35,"turns":3},{"damage":36,"enemies":"2 Orb Walkers","floor":36,"turns":4},{"damage":41,"enemies":"Mind Bloom Boss Battle","floor":39,"turns":3},{"damage":14,"enemies":"Giant Head","floor":41,"turns":3},{"damage":18,"enemies":"Nemesis","floor":45,"turns":3},{"damage":0,"enemies":"3 Shapes","floor":48,"turns":1},{"damage":16,"enemies":"hubris:GrandSnecko","floor":50,"turns":3}],"seed_played":"218527883553568107","potions_obtained":[{"floor":6,"key":"EntropicBrew"},{"floor":7,"key":"JyouchiReiPotion"},{"floor":18,"key":"Strength Potion"},{"floor":25,"key":"JyouchiReiPotion"},{"floor":45,"key":"SneckoOil"},{"floor":48,"key":"Block Potion"}],"is_trial":false,"path_per_floor":["M","M","?","$","M","E","M","$","T","M","E","R","T","E","R","B",null,"M","?","?","$","M","E","R","E","T","R","M","?","E","?","R","B",null,"M","?","?","$","?","AVR","E","R","T","R","E","?","?","M","R","B",null],"character_chosen":"RemiriaScarlet","items_purchased":["Membership Card","PartStrengthen","Dota2Spire:HandOfMidas","Searching","CurseofVladTepes","hubris:Spice","testmod-Dream","Oddly Smooth Stone","Reaper_Remiria+1","LagranYue:WskJewelryRelic"],"campfire_rested":4,"item_purchase_floors":[4,4,8,17,21,27,27,27,38,44],"current_hp_per_floor":[88,83,83,83,76,59,51,51,52,49,38,71,79,64,64,66,119,116,116,116,116,113,61,97,74,74,81,78,78,66,66,66,49,130,122,86,86,86,45,45,34,69,69,69,50,50,35,35,71,49],"gold":41,"neow_bonus":"ONE_RANDOM_RARE_CARD","is_daily":false,"chose_seed":false,"campfire_upgraded":2,"win_rate":0.0,"timestamp":1611312572,"path_taken":["M","?","?","$","M","E","M","$","T","M","E","R","?","E","R","BOSS","M","?","?","$","M","E","R","E","T","R","?","?","E","?","R","BOSS","M","?","?","$","?","AVR","E","R","T","R","E","?","?","M","R","BOSS"],"items_purchased_type":["Relic","Card","Relic","Card","Card","Relic","Card","Relic","Card","Relic"],"build_version":"2020-12-22","purchased_purges":0,"victory":true,"max_hp_per_floor":[102,104,104,104,105,106,107,107,108,110,113,113,121,122,122,124,119,120,120,120,120,122,124,124,126,126,134,135,135,137,137,137,138,130,132,134,134,134,119,119,121,121,122,122,123,123,123,124,124,125],"card_choices":[{"not_picked":[],"picked":"BettingIsNotGood","floor":0},{"not_picked":["Rewrite","VampirishNight"],"picked":"RocketKickup","floor":1},{"not_picked":["Cripple","ThePrice"],"picked":"Feint","floor":2},{"not_picked":["DemonsDinnerFork_Remiria","SealingFear"],"picked":"Cripple","floor":5},{"not_picked":["StigmaNizer","BloodySuit"],"picked":"Septette","floor":6},{"not_picked":["ScarletNetherworld","Cripple"],"picked":"TricksterDevil","floor":7},{"not_picked":["BloodCollect","Cripple"],"picked":"DemonsDinnerFork_Remiria","floor":10},{"not_picked":["Feint","DemonsDinnerFork_Remiria"],"picked":"BodyStrengthen","floor":11},{"not_picked":["PartStrengthen","TricksterDevil"],"picked":"RemiliaStretch_Remiria+1","floor":14},{"not_picked":["Septette","FateConcerto"],"picked":"FateSonata+1","floor":16},{"not_picked":["FateEnsemble","BodyStrengthen"],"picked":"BloodCleaner+1","floor":18},{"not_picked":["Feint+1","PainBurst+1"],"picked":"ServantFlier+1","floor":18},{"not_picked":["Cripple+1","RocketKickup+1"],"picked":"NaturallyHealing","floor":22},{"not_picked":["DemonsDinnerFork_Remiria","BloodCollect+1"],"picked":"FierceSweep+1","floor":23},{"not_picked":["DemonsDinnerFork_Remiria","PartStrengthen"],"picked":"Exsanguinate+1","floor":25},{"not_picked":["BloodCollect","StarOfDavid","Offensive+1"],"picked":"SKIP","floor":28},{"not_picked":["ServantFlier","BloodCollect+1"],"picked":"Impregnable+1","floor":30},{"not_picked":["DemonsDinnerFork_Remiria","hubris:SpiceAddiction"],"picked":"ScarletNetherworld+1","floor":35},{"not_picked":["BloodCleaner+1","CombatMeter+1"],"picked":"DoubleEdge+1","floor":36},{"not_picked":["StigmaNizer+1","LifeBreak+1"],"picked":"hubris:SpiceAddiction","floor":39},{"not_picked":["TricksterDevil","DamonLordCradle_Remiria"],"picked":"FateSonata+1","floor":39},{"not_picked":["DemonsDinnerFork_Remiria+1","Impregnable+1"],"picked":"DemonLordWalk+1","floor":41},{"not_picked":["hubris:SpiceAddiction","hubris:SpiceAddiction","hubris:SpiceAddiction"],"picked":"SKIP","floor":41},{"not_picked":["BadLadyScramble","RocketKickup+1"],"picked":"SeparateFleshBlood+1","floor":45},{"not_picked":["DoubleEdge+1","hubris:SpiceAddiction"],"picked":"FastHealing","floor":48}],"player_experience":355266,"relics_obtained":[{"floor":6,"key":"ZombieArmy"},{"floor":9,"key":"Dota2Spire:DrumOfEndurance"},{"floor":11,"key":"HollowMod:LifeEnderRelic"},{"floor":13,"key":"hubris:Spice"},{"floor":14,"key":"Molten Egg 2"},{"floor":23,"key":"TuHaoJin"},{"floor":25,"key":"PreservedInsect"},{"floor":26,"key":"BelialBook"},{"floor":28,"key":"Happy Flower"},{"floor":30,"key":"infinitespire:Beetle Shell"},{"floor":36,"key":"Dota2Spire:DivineRapier"},{"floor":39,"key":"hubris:Spice"},{"floor":41,"key":"Shuriken"},{"floor":43,"key":"Vajra"},{"floor":45,"key":"TheBean"}],"event_choices":[{"damage_healed":0,"gold_gain":0,"player_choice":"Obtained Relic","damage_taken":0,"relics_obtained":["Dota2Spire:ArcaneBoots"],"max_hp_gain":0,"max_hp_loss":0,"event_name":"Addict","floor":20,"gold_loss":85},{"damage_healed":0,"gold_gain":0,"player_choice":"Swap Relic","damage_taken":0,"relics_obtained":["Juzu Bracelet"],"max_hp_gain":0,"max_hp_loss":0,"event_name":"给自己的盒子","floor":31,"relics_lost":["testmod-TestBox"],"gold_loss":0},{"damage_healed":0,"gold_gain":0,"player_choice":"Fight","damage_taken":0,"max_hp_gain":0,"max_hp_loss":0,"event_name":"Mysterious Sphere","floor":36,"gold_loss":0},{"damage_healed":0,"gold_gain":0,"player_choice":"Fight","damage_taken":0,"max_hp_gain":0,"max_hp_loss":0,"event_name":"MindBloom","floor":39,"gold_loss":0},{"damage_healed":0,"gold_gain":0,"player_choice":"Embrace Madness","damage_taken":15,"max_hp_gain":0,"max_hp_loss":0,"event_name":"Winding Halls","floor":47,"gold_loss":0,"cards_obtained":["Madness","Madness"]}],"is_beta":false,"boss_relics":[{"not_picked":["SlaversCollar","Runic Pyramid"],"picked":"LagranYue:SoulBurningRelic"},{"not_picked":[]},{"not_picked":["testmod-Recursion","Astrolabe"],"picked":"hubris:Spice"},{"not_picked":[]}],"items_purged_floors":[],"is_endless":false,"potions_floor_spawned":[6,7,10,11,18,22,23,25,45,48,48],"ascension_level":1}}