{"host":"g01l53quoe6lrer0","time":1611325933,"event":{"mods":["2.2 Compatiblity","AchievementEnabler","BaseMod","Colored Map","Highlight Path","Keyboard Shortcuts","Minty Spire (QoL Compilation)","Permanent Neow","StSLib","SuperFastMode","everything is the same but u backflip on backflip"],"gold_per_floor":[109,123,123,123,123,123,166,166,190,233,233,251,264,277,277,366,366,386,0,0,50,73,107,107,147,216,216,232,232,248,373,373,471,471,491,160,191,212,212,212,251,251,274,297,320,335,356,370,370,370],"floor_reached":51,"language":"KOR","playtime":9975,"items_purged":["Strike_B","Writhe"],"score":1394,"play_id":"e3947950-39bc-43b1-b9f5-2e7d50a13bbe","local_time":"20210122233213","is_ascension_mode":true,"campfire_choices":[{"data":"Dualcast","floor":6.0,"key":"SMITH"},{"data":"Biased Cognition","floor":8.0,"key":"SMITH"},{"data":"Capacitor","floor":11.0,"key":"SMITH"},{"data":"Defragment","floor":15.0,"key":"SMITH"},{"floor":29.0,"key":"REST"},{"floor":32.0,"key":"REST"},{"floor":40.0,"key":"REST"},{"data":"Consume","floor":42.0,"key":"SMITH"},{"data":"Hologram","floor":49,"key":"SMITH"}],"circlet_count":0,"master_deck":["AscendersBane","Strike_B","Defend_B","Defend_B","Defend_B","Zap+1","Dualcast+1","Ball Lightning+1","BootSequence","Biased Cognition+1","Capacitor+1","Defragment+1","Hologram","Skim","Core Surge","Barrage","Glacier","Blizzard","Coolheaded","Echo Form","Conserve Battery","Capacitor","Conserve Battery+1","Fission","Steam","Chill","Consume+1","Multi-Cast","CurseOfTheBell","Steam","Turbo","Self Repair","Leap+1","Reinforced Body","Rebound+1","Parasite","Consume+1","Cold Snap+1","Hologram+1"],"relics":["Cracked Core","NeowsBlessing","Golden Idol","Lizard Tail","Bag of Marbles","Bottled Flame","Velvet Choker","Lee\u0027s Waffle","Eternal Feather","Pear","StrikeDummy","Question Card","Calipers","Pantograph","Calling Bell","Strawberry","Shuriken","Ginger","Runic Capacitor","Torii","Bottled Lightning","Juzu Bracelet"],"acts_visited":["Exordium","TheCity","TheBeyond"],"potions_floor_usage":[50],"damage_taken":[{"damage":0.0,"enemies":"Jaw Worm","floor":1.0,"turns":1.0},{"damage":0.0,"enemies":"2 Louse","floor":2.0,"turns":1.0},{"damage":0.0,"enemies":"3 Sentries","floor":7.0,"turns":2.0},{"damage":11.0,"enemies":"Gremlin Nob","floor":10.0,"turns":3.0},{"damage":0.0,"enemies":"Small Slimes","floor":12.0,"turns":2.0},{"damage":0.0,"enemies":"Blue Slaver","floor":13.0,"turns":2.0},{"damage":10.0,"enemies":"Large Slime","floor":14.0,"turns":4.0},{"damage":20.0,"enemies":"Hexaghost","floor":16.0,"turns":6.0},{"damage":23.0,"enemies":"Shell Parasite","floor":18.0,"turns":5.0},{"damage":2.0,"enemies":"Chosen","floor":22.0,"turns":5.0},{"damage":22.0,"enemies":"Gremlin Leader","floor":23.0,"turns":6.0},{"damage":17.0,"enemies":"Book of Stabbing","floor":25.0,"turns":6.0},{"damage":17.0,"enemies":"Shelled Parasite and Fungi","floor":28.0,"turns":5.0},{"damage":14.0,"enemies":"Sentry and Sphere","floor":30.0,"turns":4.0},{"damage":11.0,"enemies":"Colosseum Slavers","floor":31.0,"turns":6.0},{"damage":77.0,"enemies":"Colosseum Nobs","floor":31.0,"turns":5.0},{"damage":8.0,"enemies":"Automaton","floor":33.0,"turns":11.0},{"damage":26.0,"enemies":"Orb Walker","floor":35.0,"turns":4.0},{"damage":0.0,"enemies":"Mind Bloom Boss Battle","floor":37.0,"turns":8.0},{"damage":59.0,"enemies":"3 Shapes","floor":38.0,"turns":5.0},{"damage":3.0,"enemies":"Giant Head","floor":41.0,"turns":11.0},{"damage":11.0,"enemies":"Maw","floor":44.0,"turns":10.0},{"damage":12.0,"enemies":"4 Shapes","floor":45.0,"turns":9.0},{"damage":0.0,"enemies":"Writhing Mass","floor":46.0,"turns":9.0},{"damage":29.0,"enemies":"Spire Growth","floor":47.0,"turns":8.0},{"damage":0.0,"enemies":"4 Shapes","floor":48.0,"turns":5.0},{"damage":56,"enemies":"Awakened One","floor":50,"turns":18}],"seed_played":"6200895065686371260","potions_obtained":[{"floor":2.0,"key":"Fire Potion"},{"floor":7.0,"key":"GamblersBrew"},{"floor":13.0,"key":"SmokeBomb"},{"floor":14.0,"key":"PowerPotion"},{"floor":18.0,"key":"Explosive Potion"},{"floor":23.0,"key":"Explosive Potion"},{"floor":30.0,"key":"EssenceOfSteel"},{"floor":31.0,"key":"EssenceOfSteel"},{"floor":33.0,"key":"Weak Potion"},{"floor":41.0,"key":"PowerPotion"}],"is_trial":false,"path_per_floor":["M","M","?","?","?","R","E","R","T","E","R","M","M","M","R","B",null,"M","$","?","?","M","E","?","E","T","?","M","R","M","?","R","B",null,"M","$","?","M","?","R","E","R","T","M","M","M","M","M","R","B",null],"character_chosen":"DEFECT","items_purchased":["Glacier","Blizzard","Lee\u0027s Waffle","Runic Capacitor","Turbo"],"campfire_rested":3,"item_purchase_floors":[19,19,19,36,36],"current_hp_per_floor":[64,64,64,64,64,64,64,64,64,53,53,53,53,43,43,23,54,31,71,71,71,69,57,57,40,40,40,23,62,48,13,52,69,85,59,59,84,32,32,76,80,88,88,84,86,88,66,73,88,46],"gold":370,"neow_bonus":"THREE_ENEMY_KILL","is_daily":false,"chose_seed":false,"campfire_upgraded":6,"win_rate":0.0,"timestamp":1611325933,"path_taken":["M","M","?","?","?","R","E","R","T","E","R","M","?","M","R","BOSS","M","$","?","?","M","E","?","E","T","?","M","R","?","?","R","BOSS","M","$","?","M","?","R","E","R","T","M","M","M","M","M","R","BOSS"],"items_purchased_type":["Card","Card","Relic","Relic","Card"],"build_version":"2020-12-22","purchased_purges":2,"victory":true,"max_hp_per_floor":[71,71,64,64,64,64,64,64,64,64,64,64,64,64,64,64,64,64,71,71,71,71,81,81,81,81,81,81,81,81,81,81,81,88,88,88,88,88,88,88,88,88,88,88,88,88,88,88,88,88],"card_choices":[{"not_picked":["Rebound","Blizzard"],"picked":"Ball Lightning","floor":1.0},{"not_picked":["Beam Cell","Rebound"],"picked":"BootSequence","floor":2.0},{"not_picked":["Coolheaded","Creative AI"],"picked":"Biased Cognition","floor":7.0},{"not_picked":["Reinforced Body","Go for the Eyes","Capacitor"],"picked":"SKIP","floor":10.0},{"not_picked":["Reinforced Body","Go for the Eyes"],"picked":"Capacitor","floor":10.0},{"not_picked":["Recycle","Turbo"],"picked":"Defragment","floor":12.0},{"not_picked":["Hello World","Lockon"],"picked":"Hologram","floor":13.0},{"not_picked":["Compile Driver","Storm"],"picked":"Skim","floor":14.0},{"not_picked":["Amplify","Seek"],"picked":"Core Surge","floor":16.0},{"not_picked":["Fusion","Go for the Eyes"],"picked":"Barrage","floor":18.0},{"not_picked":["Fusion","Genetic Algorithm"],"picked":"Coolheaded","floor":22.0},{"not_picked":["Lockon","Barrage"],"picked":"Echo Form","floor":23.0},{"not_picked":["Heatsinks","Compile Driver"],"picked":"Conserve Battery+1","floor":25.0},{"not_picked":["Hello World","Barrage","FTL"],"picked":"Steam","floor":28.0},{"not_picked":["Leap","Force Field","Capacitor"],"picked":"Chill","floor":30.0},{"not_picked":["Static Discharge","Auto Shields","Skim"],"picked":"Consume","floor":31.0},{"not_picked":["Hyperbeam","All For One","Biased Cognition"],"picked":"Multi-Cast","floor":33.0},{"not_picked":["Compile Driver","Tempest","White Noise"],"picked":"Steam","floor":35.0},{"not_picked":["Steam+1","Go for the Eyes","Compile Driver"],"picked":"Self Repair","floor":37.0},{"not_picked":["Reprogram+1","Go for the Eyes","Compile Driver"],"picked":"Leap+1","floor":38.0},{"not_picked":["Beam Cell","Rip and Tear+1","Streamline"],"picked":"Reinforced Body","floor":41.0},{"not_picked":["Auto Shields","Leap","Compile Driver"],"picked":"Rebound+1","floor":44.0},{"not_picked":["Auto Shields+1","Barrage","Biased Cognition","Leap"],"picked":"SKIP","floor":45.0},{"not_picked":["Loop","Conserve Battery","Gash"],"picked":"Consume+1","floor":46.0},{"not_picked":["Leap+1","Darkness","Scrape+1"],"picked":"Cold Snap+1","floor":47.0},{"not_picked":["Go for the Eyes","Darkness","Barrage+1"],"picked":"Hologram","floor":48.0}],"player_experience":225759,"relics_obtained":[{"floor":7.0,"key":"Lizard Tail"},{"floor":9.0,"key":"Bag of Marbles"},{"floor":10.0,"key":"Bottled Flame"},{"floor":23.0,"key":"Pear"},{"floor":25.0,"key":"StrikeDummy"},{"floor":26.0,"key":"Question Card"},{"floor":31.0,"key":"Calipers"},{"floor":31.0,"key":"Pantograph"},{"floor":34.0,"key":"Strawberry"},{"floor":34.0,"key":"Shuriken"},{"floor":34.0,"key":"Ginger"},{"floor":37.0,"key":"Torii"},{"floor":41.0,"key":"Bottled Lightning"},{"floor":43.0,"key":"Juzu Bracelet"}],"event_choices":[{"damage_healed":0.0,"max_hp_gain":0.0,"max_hp_loss":7.0,"gold_gain":0.0,"event_name":"Golden Idol","player_choice":"Lose Max HP","floor":3.0,"gold_loss":0.0,"damage_taken":0.0,"relics_obtained":["Golden Idol"]},{"damage_healed":0.0,"max_hp_gain":0.0,"max_hp_loss":0.0,"gold_gain":0.0,"event_name":"Living Wall","player_choice":"Grow","floor":4.0,"gold_loss":0.0,"damage_taken":0.0,"cards_upgraded":["Zap"]},{"damage_healed":0.0,"max_hp_gain":0.0,"max_hp_loss":0.0,"gold_gain":0.0,"event_name":"Upgrade Shrine","player_choice":"Upgraded","floor":5.0,"gold_loss":0.0,"damage_taken":0.0,"cards_upgraded":["Ball Lightning"]},{"damage_healed":0.0,"max_hp_gain":0.0,"max_hp_loss":0.0,"gold_gain":0.0,"event_name":"The Mausoleum","player_choice":"Opened","floor":20.0,"gold_loss":0.0,"damage_taken":0.0,"relics_obtained":["Eternal Feather"],"cards_obtained":["Writhe"]},{"damage_healed":0.0,"max_hp_gain":0.0,"max_hp_loss":0.0,"gold_gain":50.0,"event_name":"Nest","player_choice":"Stole From Cult","floor":21.0,"gold_loss":0.0,"damage_taken":0.0},{"damage_healed":0.0,"max_hp_gain":0.0,"max_hp_loss":0.0,"gold_gain":0.0,"cards_transformed":["Strike_B","Strike_B"],"event_name":"Drug Dealer","player_choice":"Became Test Subject","floor":24.0,"gold_loss":0.0,"damage_taken":0.0,"cards_obtained":["Conserve Battery","Capacitor"]},{"damage_healed":0.0,"max_hp_gain":0.0,"max_hp_loss":0.0,"gold_gain":0.0,"cards_transformed":["Defend_B"],"event_name":"Transmorgrifier","player_choice":"Transformed","floor":27.0,"gold_loss":0.0,"damage_taken":0.0,"cards_obtained":["Fission"]},{"damage_healed":0.0,"max_hp_gain":0.0,"max_hp_loss":0.0,"gold_gain":0.0,"event_name":"Colosseum","player_choice":"Fight","floor":31.0,"gold_loss":0.0,"damage_taken":0.0},{"damage_healed":0.0,"max_hp_gain":0.0,"max_hp_loss":0.0,"gold_gain":0.0,"event_name":"Colosseum","player_choice":"Fought Nobs","floor":31.0,"gold_loss":0.0,"damage_taken":0.0},{"damage_healed":0.0,"max_hp_gain":0.0,"max_hp_loss":0.0,"gold_gain":0.0,"event_name":"MindBloom","player_choice":"Fight","floor":37.0,"gold_loss":0.0,"damage_taken":0.0},{"damage_healed":0.0,"max_hp_gain":0.0,"max_hp_loss":0.0,"gold_gain":0.0,"event_name":"SecretPortal","player_choice":"Ignored","floor":39.0,"gold_loss":0.0,"damage_taken":0.0}],"is_beta":false,"boss_relics":[{"not_picked":["Cursed Key","Ectoplasm"],"picked":"Velvet Choker"},{"not_picked":["Pandora\u0027s Box","Runic Pyramid"],"picked":"Calling Bell"}],"items_purged_floors":[19,36],"is_endless":false,"potions_floor_spawned":[2,7,13,14,18,23,30,31,33,35,37,41,45,46],"ascension_level":19}}