{"host":"qsusua7l529r8z9k","time":1611306834,"event":{"mods":["BaseMod","Minty Spire (QoL Compilation)","Spicy Shops","StSLib"],"gold_per_floor":[110,110,120,133,133,133,167,34,34,47,47,47],"floor_reached":11,"language":"ZHS","playtime":314,"items_purged":["Pain"],"score":124,"play_id":"de8d95f5-1025-4c89-9306-54eb0d3dbceb","local_time":"20210122171354","is_ascension_mode":true,"campfire_choices":[{"data":"Double Energy","floor":6.0,"key":"SMITH"}],"circlet_count":0,"master_deck":["AscendersBane","Strike_B","Defend_B","Defend_B","Defend_B","Defend_B","Zap","Dualcast","Creative AI","Go for the Eyes","FTL","Double Energy+1","Turbo","Genetic Algorithm"],"relics":["Cracked Core","Calipers","Cables","Medical Kit","Ornamental Fan"],"acts_visited":["Exordium"],"potions_floor_usage":[],"damage_taken":[{"damage":5.0,"enemies":"Small Slimes","floor":1.0,"turns":5.0},{"damage":4.0,"enemies":"Jaw Worm","floor":3.0,"turns":3.0},{"damage":1.0,"enemies":"Cultist","floor":4.0,"turns":4.0},{"damage":20.0,"enemies":"Lagavulin","floor":7.0,"turns":6.0},{"damage":0.0,"enemies":"2 Fungi Beasts","floor":10.0,"turns":4.0},{"damage":56,"enemies":"Gremlin Nob","floor":11,"turns":4}],"seed_played":"2030991867968408013","potions_obtained":[{"floor":1.0,"key":"AttackPotion"}],"is_trial":false,"path_per_floor":["M","?","M","M","?","R","E","$","T","M","E"],"character_chosen":"DEFECT","items_purchased":["Medical Kit"],"campfire_rested":0,"item_purchase_floors":[8],"current_hp_per_floor":[59,56,52,51,44,44,24,24,24,24,0,0],"gold":47,"neow_bonus":"TRANSFORM_TWO_CARDS","is_daily":false,"chose_seed":false,"campfire_upgraded":1,"win_rate":0.0,"timestamp":1611306834,"path_taken":["M","?","M","M","?","R","E","$","T","M","E"],"items_purchased_type":["Relic"],"build_version":"2020-12-22","purchased_purges":1,"victory":false,"max_hp_per_floor":[64,64,64,64,64,64,64,64,64,64,64,64],"card_choices":[{"not_picked":["Barrage","Stack"],"picked":"FTL","floor":1.0},{"not_picked":["Doom and Gloom","Streamline"],"picked":"Double Energy","floor":3.0},{"not_picked":["Recycle","Rip and Tear"],"picked":"Turbo","floor":4.0},{"not_picked":["Aggregate","Sweeping Beam"],"picked":"Genetic Algorithm","floor":7.0},{"not_picked":["Stack","Leap","Rip and Tear"],"picked":"SKIP","floor":10.0}],"player_experience":451361,"relics_obtained":[{"floor":7.0,"key":"Cables"},{"floor":9.0,"key":"Ornamental Fan"}],"event_choices":[{"damage_healed":0.0,"max_hp_gain":0.0,"max_hp_loss":0.0,"gold_gain":0.0,"event_name":"Scrap Ooze","player_choice":"Success","floor":2.0,"gold_loss":0.0,"damage_taken":3.0,"relics_obtained":["Calipers"]},{"cards_removed":["Strike_B"],"damage_healed":0.0,"max_hp_gain":0.0,"max_hp_loss":0.0,"gold_gain":0.0,"event_name":"Golden Wing","player_choice":"Card Removal","floor":5.0,"gold_loss":0.0,"damage_taken":7.0}],"is_beta":false,"boss_relics":[],"items_purged_floors":[8],"is_endless":false,"potions_floor_spawned":[1],"killed_by":"Gremlin Nob","ascension_level":14}}