{"host":"sav7uxregyirlf69","time":1611326077,"event":{"mods":["AchievementEnabler","BaseMod","Colored Map","DeckTracker","Keyboard Shortcuts","Minty Spire (QoL Compilation)","READ ME - Guardian Mod","StSLib","SuperFastMode"],"gold_per_floor":[117,117,117,18,32,32,72,72,72,95,115,149,168,182,182,278,278,293,306,306,306],"floor_reached":20,"language":"KOR","playtime":455,"items_purged":["Pain"],"score":372,"play_id":"a5879920-13a5-4eb4-8cbb-e223f57228a4","local_time":"20210122233437","is_ascension_mode":true,"campfire_choices":[{"data":"Entrench","floor":6.0,"key":"SMITH"},{"floor":8.0,"key":"REST"},{"data":"Spot Weakness","floor":15.0,"key":"SMITH"}],"circlet_count":0,"master_deck":["AscendersBane","Strike_R","Strike_R","Strike_R","Defend_R","Defend_R","Defend_R","Defend_R","Bash","Parasite","Entrench+1","Brutality","Sword Boomerang","Shrug It Off","Spot Weakness+1","Armaments","Heavy Blade","Limit Break","Seeing Red","Reaper","Disarm"],"relics":["Burning Blood","Golden Idol","WarpedTongs","CaptainsWheel","Bag of Marbles","Sozu"],"acts_visited":["Exordium","TheCity"],"potions_floor_usage":[16,16],"damage_taken":[{"damage":17.0,"enemies":"2 Louse","floor":1.0,"turns":5.0},{"damage":13.0,"enemies":"Cultist","floor":5.0,"turns":6.0},{"damage":35.0,"enemies":"Gremlin Nob","floor":7.0,"turns":4.0},{"damage":4.0,"enemies":"Small Slimes","floor":10.0,"turns":5.0},{"damage":3.0,"enemies":"Looter","floor":11.0,"turns":3.0},{"damage":19.0,"enemies":"3 Sentries","floor":12.0,"turns":9.0},{"damage":5.0,"enemies":"Large Slime","floor":13.0,"turns":5.0},{"damage":0.0,"enemies":"2 Fungi Beasts","floor":14.0,"turns":4.0},{"damage":39,"enemies":"Slime Boss","floor":16,"turns":12},{"damage":47,"enemies":"Chosen","floor":18,"turns":8},{"damage":16,"enemies":"Shell Parasite","floor":19,"turns":6},{"damage":43,"enemies":"3 Cultists","floor":20,"turns":5}],"seed_played":"-8756026449865527234","potions_obtained":[{"floor":1.0,"key":"Strength Potion"},{"floor":7.0,"key":"Weak Potion"},{"floor":10.0,"key":"Dexterity Potion"},{"floor":13.0,"key":"Energy Potion"}],"is_trial":false,"path_per_floor":["M","?","?","$","M","R","E","R","T","M","M","E","M","M","R","B",null,"M","M","M"],"character_chosen":"IRONCLAD","items_purchased":["Shrug It Off"],"campfire_rested":1,"item_purchase_floors":[4],"current_hp_per_floor":[57,57,57,57,50,50,21,41,41,43,46,33,34,40,40,7,53,17,7,0,0],"gold":306,"neow_bonus":"TRANSFORM_TWO_CARDS","is_daily":false,"chose_seed":false,"campfire_upgraded":2,"win_rate":0.0,"timestamp":1611326077,"path_taken":["M","?","?","$","?","R","E","R","T","M","?","E","M","M","R","BOSS","M","?","M"],"items_purchased_type":["Card"],"build_version":"2020-12-22","purchased_purges":1,"victory":false,"max_hp_per_floor":[75,68,68,68,68,68,68,68,68,68,68,68,68,68,68,68,68,68,68,68,68],"card_choices":[{"not_picked":["Warcry","Headbutt"],"picked":"Sword Boomerang","floor":1.0},{"not_picked":["Flame Barrier","Sword Boomerang"],"picked":"Spot Weakness","floor":5.0},{"not_picked":["Headbutt","Disarm"],"picked":"Armaments","floor":7.0},{"not_picked":["Dual Wield","Iron Wave"],"picked":"Heavy Blade","floor":10.0},{"not_picked":["Dropkick","Exhume","Uppercut"],"picked":"SKIP","floor":11.0},{"not_picked":["Heavy Blade","Clothesline"],"picked":"Limit Break","floor":12.0},{"not_picked":["Cleave","Shrug It Off"],"picked":"Seeing Red","floor":13.0},{"not_picked":["Metallicize","Cleave","Anger"],"picked":"SKIP","floor":14.0},{"not_picked":["Berserk","Exhume"],"picked":"Reaper","floor":16},{"not_picked":["Sever Soul+1","Intimidate"],"picked":"Disarm","floor":18},{"not_picked":["Shrug It Off","Clash","Anger"],"picked":"SKIP","floor":19}],"player_experience":1357375,"relics_obtained":[{"floor":7.0,"key":"CaptainsWheel"},{"floor":12.0,"key":"Bag of Marbles"}],"event_choices":[{"damage_healed":0.0,"max_hp_gain":0.0,"max_hp_loss":7.0,"gold_gain":0.0,"event_name":"Golden Idol","player_choice":"Lose Max HP","floor":2.0,"gold_loss":0.0,"damage_taken":0.0,"relics_obtained":["Golden Idol"]},{"damage_healed":0.0,"max_hp_gain":0.0,"max_hp_loss":0.0,"gold_gain":0.0,"event_name":"Accursed Blacksmith","player_choice":"Rummage","floor":3.0,"gold_loss":0.0,"damage_taken":0.0,"relics_obtained":["WarpedTongs"],"cards_obtained":["Pain"]}],"is_beta":false,"boss_relics":[{"not_picked":["Busted Crown","Astrolabe"],"picked":"Sozu"}],"items_purged_floors":[4],"is_endless":false,"potions_floor_spawned":[1,7,10,13,19],"killed_by":"3 Cultists","ascension_level":20}}