{"host":"jmumkimrafwvkspb","time":1611339950,"event":{"mods":["AchievementEnabler","BaseMod","Colored Map","Minty Spire (QoL Compilation)","Replay The Spire","StSLib"],"gold_per_floor":[118,133,133,133,27,57,75,125,125,151,165,165,178,178,178],"floor_reached":14,"language":"ENG","playtime":300,"items_purged":["Defend_B"],"score":250,"play_id":"def3aa17-c00d-458e-b667-ce41fd5ee6ea","local_time":"20210122192550","is_ascension_mode":true,"campfire_choices":[{"data":"Echo Form","floor":12,"key":"SMITH"}],"circlet_count":0,"master_deck":["AscendersBane","Strike_B","Strike_B","Strike_B","Strike_B","Defend_B","Defend_B","Defend_B","Zap","Dualcast","Gash","Cold Snap","Leap","Echo Form+1","Rebound","Chill"],"relics":["Cracked Core","NeowsBlessing","Smiling Mask","Replay:Baseball","Mercury Hourglass","Letter Opener"],"acts_visited":["Exordium"],"potions_floor_usage":[10,14,14],"damage_taken":[{"damage":0.0,"enemies":"2 Louse","floor":1.0,"turns":1.0},{"damage":0.0,"enemies":"Jaw Worm","floor":2.0,"turns":1.0},{"damage":0.0,"enemies":"Gremlin Nob","floor":6.0,"turns":1.0},{"damage":0.0,"enemies":"Cultist","floor":7.0,"turns":3.0},{"damage":8,"enemies":"3 Sentries","floor":10,"turns":7},{"damage":7,"enemies":"Exordium Thugs","floor":11,"turns":4},{"damage":8,"enemies":"3 Louse","floor":13,"turns":3},{"damage":24,"enemies":"Gremlin Nob","floor":14,"turns":3}],"seed_played":"7601026815411296711","potions_obtained":[{"floor":2.0,"key":"ColorlessPotion"},{"floor":10,"key":"Reflective Coating"},{"floor":13,"key":"Adrenaline Potion"}],"is_trial":false,"path_per_floor":["M","M","?","?","$","E","M","?","T","E","M","R","M","E"],"character_chosen":"DEFECT","items_purchased":["PowerPotion"],"campfire_rested":0,"item_purchase_floors":[5],"current_hp_per_floor":[64,64,69,51,51,51,51,44,44,36,29,29,21,0,0],"gold":178,"neow_bonus":"THREE_ENEMY_KILL","is_daily":false,"chose_seed":false,"campfire_upgraded":1,"win_rate":0.0,"timestamp":1611339950,"path_taken":["M","M","?","?","?","E","M","?","T","E","?","R","M","E"],"items_purchased_type":["Potion"],"build_version":"2020-12-22","purchased_purges":1,"victory":false,"max_hp_per_floor":[71,71,76,76,76,76,76,76,76,76,76,76,76,76,76],"card_choices":[{"not_picked":["Steam","Go for the Eyes"],"picked":"Gash","floor":1.0},{"not_picked":["ReplayTheSpireMod:System Scan","Compile Driver"],"picked":"Cold Snap","floor":2.0},{"not_picked":["Barrage","Aggregate","Go for the Eyes"],"picked":"SKIP","floor":6.0},{"not_picked":["Cold Snap","Redo"],"picked":"Leap","floor":7.0},{"not_picked":["Doom and Gloom","Lockon"],"picked":"Echo Form","floor":10},{"not_picked":["Turbo","Panic Button"],"picked":"Rebound","floor":11},{"not_picked":["Reprogram","FIFO Queue"],"picked":"Chill","floor":13}],"player_experience":1579700,"relics_obtained":[{"floor":6.0,"key":"Replay:Baseball"},{"floor":9,"key":"Mercury Hourglass"},{"floor":10,"key":"Letter Opener"}],"event_choices":[{"damage_healed":0.0,"max_hp_gain":5.0,"max_hp_loss":0.0,"gold_gain":0.0,"event_name":"Big Fish","player_choice":"Donut","floor":3.0,"gold_loss":0.0,"damage_taken":0.0},{"damage_healed":0.0,"max_hp_gain":0.0,"max_hp_loss":0.0,"gold_gain":0.0,"event_name":"Scrap Ooze","player_choice":"Success","floor":4.0,"gold_loss":0.0,"damage_taken":18.0,"relics_obtained":["Smiling Mask"]},{"damage_healed":0,"gold_gain":50,"player_choice":"Touch","damage_taken":7,"max_hp_gain":0,"max_hp_loss":0,"event_name":"FaceTrader","floor":8,"gold_loss":0}],"is_beta":false,"boss_relics":[],"items_purged_floors":[5],"is_endless":false,"potions_floor_spawned":[2,10,11,13],"killed_by":"Gremlin Nob","ascension_level":20}}