{"host":"l4kdldlios54gl54","time":1611285400,"event":{"mods":["AchievementEnabler","BaseMod","Colored Map","Colored Powertips","Minty Spire (QoL Compilation)","Random Character Button"],"gold_per_floor":[119,132,132,145,162,174,186,186,186,72,72,84,96,96,96,174,174,192,226,226,226],"floor_reached":20,"language":"ENG","playtime":843,"items_purged":["Strike_R"],"score":336,"play_id":"9c0ee665-665b-4d17-ab99-2a83c3489b89","local_time":"20210122041640","is_ascension_mode":true,"campfire_choices":[{"data":"Cleave","floor":8,"key":"SMITH"},{"data":"Rampage","floor":11,"key":"SMITH"},{"data":"Disarm","floor":15,"key":"SMITH"}],"circlet_count":0,"master_deck":["AscendersBane","Strike_R","Strike_R","Strike_R","Strike_R","Defend_R","Defend_R","Defend_R","Defend_R","Bash","Cleave+1","Shrug It Off","Brutality","Power Through","Pommel Strike","Rampage+1","Disarm+1","Fiend Fire"],"relics":["Burning Blood","CultistMask","Letter Opener","Snecko Eye","Red Mask"],"acts_visited":["Exordium","TheCity"],"potions_floor_usage":[5,16,16,19],"damage_taken":[{"damage":7,"enemies":"Cultist","floor":1,"turns":4},{"damage":2,"enemies":"2 Louse","floor":2,"turns":3},{"damage":3,"enemies":"Small Slimes","floor":4,"turns":3},{"damage":14,"enemies":"Red Slaver","floor":5,"turns":5},{"damage":21,"enemies":"Large Slime","floor":6,"turns":7},{"damage":9,"enemies":"2 Fungi Beasts","floor":7,"turns":4},{"damage":1,"enemies":"Looter","floor":12,"turns":3},{"damage":5,"enemies":"Blue Slaver","floor":13,"turns":5},{"damage":48,"enemies":"Hexaghost","floor":16,"turns":11},{"damage":17,"enemies":"2 Thieves","floor":18,"turns":4},{"damage":31,"enemies":"Masked Bandits","floor":19,"turns":5},{"damage":30,"enemies":"Chosen","floor":20,"turns":5}],"seed_played":"-5643783640663098359","potions_obtained":[{"floor":2,"key":"BlessingOfTheForge"},{"floor":5,"key":"HeartOfIron"},{"floor":7,"key":"Swift Potion"},{"floor":18,"key":"SkillPotion"}],"is_trial":false,"path_per_floor":["M","M","?","M","M","M","M","R","T","$","R","M","M","?","R","B",null,"M","?","M"],"character_chosen":"IRONCLAD","items_purchased":["Rampage"],"campfire_rested":0,"item_purchase_floors":[10],"current_hp_per_floor":[74,78,78,81,73,58,55,55,55,55,55,60,61,61,61,19,66,55,30,0,0],"gold":226,"neow_bonus":"TEN_PERCENT_HP_BONUS","is_daily":false,"chose_seed":false,"campfire_upgraded":3,"win_rate":0.0,"timestamp":1611285400,"path_taken":["M","M","?","M","M","M","M","R","T","$","R","M","?","?","R","BOSS","M","?","M"],"items_purchased_type":["Card"],"build_version":"2020-12-22","purchased_purges":1,"victory":false,"max_hp_per_floor":[82,82,82,82,82,82,82,82,82,82,82,82,82,82,82,82,82,82,82,82,82],"card_choices":[{"not_picked":["Warcry","Second Wind","Flex"],"picked":"SKIP","floor":1},{"not_picked":["Twin Strike","Dual Wield"],"picked":"Cleave","floor":2},{"not_picked":["Rupture","Blood for Blood"],"picked":"Shrug It Off","floor":4},{"not_picked":["Pummel","Thunderclap"],"picked":"Brutality","floor":5},{"not_picked":["Flex","Dropkick"],"picked":"Power Through","floor":6},{"not_picked":["Havoc","Clash"],"picked":"Pommel Strike","floor":7},{"not_picked":["Dual Wield","Iron Wave"],"picked":"Disarm","floor":12},{"not_picked":["Iron Wave","Power Through","True Grit"],"picked":"SKIP","floor":13},{"not_picked":["Iron Wave","Power Through","True Grit"],"picked":"SKIP","floor":13},{"not_picked":["Barricade","Corruption"],"picked":"Fiend Fire","floor":16},{"not_picked":["Iron Wave","Clash","Wild Strike"],"picked":"SKIP","floor":18}],"player_experience":888003,"relics_obtained":[{"floor":9,"key":"Letter Opener"},{"floor":19,"key":"Red Mask"}],"event_choices":[{"damage_healed":0,"gold_gain":0,"player_choice":"Trade","damage_taken":0,"relics_obtained":["CultistMask"],"max_hp_gain":0,"max_hp_loss":0,"event_name":"FaceTrader","floor":3,"gold_loss":0},{"damage_healed":0,"gold_gain":0,"player_choice":"Searched \u00270\u0027 times","damage_taken":0,"max_hp_gain":0,"max_hp_loss":0,"event_name":"Dead Adventurer","floor":14,"gold_loss":0},{"damage_healed":0,"gold_gain":0,"player_choice":"Fought Bandits","damage_taken":0,"max_hp_gain":0,"max_hp_loss":0,"event_name":"Masked Bandits","floor":19,"gold_loss":0}],"is_beta":false,"boss_relics":[{"not_picked":["Velvet Choker","Calling Bell"],"picked":"Snecko Eye"}],"items_purged_floors":[10],"is_endless":false,"potions_floor_spawned":[2,5,7,12,18],"killed_by":"Chosen","ascension_level":20}}