{"host":"22s5scuj7mu87reg","time":1611279718,"event":{"mods":["BaseMod","Better Third Choice","Colored Powertips","Dota2Spire","Downfall","Duelist Mod","GungeonMod","Halation","Hubris","Infinite Spire","Koishi","KomeijiMod","Minty Spire (QoL Compilation)","Quick Restart","Replay The Spire","Shop Mod","StSLib","SuperFastMode","The Jungle","The Mystic","The Necromancer","Wandering Minibosses"],"gold_per_floor":[360,360,38,38,52,52,52,52,79,79,104,104,117,149,149,253,253,265,9,23,23,23,23,55,55,55,71,71,96,96,249,249,351,351,365,163,183,183,198,198,198,198,247,265,293,293,293,491,491,491],"floor_reached":51,"language":"POL","playtime":2256,"items_purged":["Strike_B","Strike_B","Strike_B","Strike_B"],"score":1230,"play_id":"cca11f94-418e-43f7-aa49-556ebe1a126b","local_time":"20210122024158","is_ascension_mode":true,"campfire_choices":[{"data":"Lockon","floor":6.0,"key":"SMITH"},{"data":"Zap","floor":8.0,"key":"SMITH"},{"data":"Barrage","floor":12.0,"key":"SMITH"},{"floor":15.0,"key":"DIG"},{"floor":23.0,"key":"REST"},{"floor":28.0,"key":"REST"},{"floor":30.0,"key":"REST"},{"data":"Machine Learning","floor":32.0,"key":"SMITH"},{"floor":40.0,"key":"REST"},{"floor":42.0,"key":"REST"},{"floor":46.0,"key":"REST"},{"data":"Tempest","floor":49,"key":"SMITH"}],"circlet_count":0,"master_deck":["Defend_B","Defend_B","Defend_B","Defend_B+1","Zap+1","Dualcast","Koishi:BasicDefend","theDuelist:Sparks","Lockon+1","Barrage+1","Cold Snap","Machine Learning+1","CurseOfTheBell","Cold Snap","Thunder Strike+1","Tempest+1","Shame","Conserve Battery+1","Glacier","Skim+1","Electrodynamics","Capacitor+1","White Noise+1","Self Repair","Beam Cell+1","Defragment+1","infinitespire:Oblivion+1","Coolheaded+1","Glacier+1","Tempest+1","Hologram+1"],"relics":["Cracked Core","halation:EternalFortune","Question Card","hubris:Towel","Dota2Spire:MagicBottle","hubris:Icosahedron","Simple Rune","HoshigumaDish","halation:PromiseList","Calling Bell","hubris:BallOfYels","White Beast Statue","Replay:Towering Pillar of Hats","halation:AfternoonTea","Ornamental Fan","Philosopher\u0027s Stone","Mirror","halation:Gekota","Pear","Gremlin Food","Prayer Wheel","hubris:RunicObelisk","DataDisk","DemoMod:ResourcefulSack"],"acts_visited":["Exordium","TheCity","TheBeyond"],"potions_floor_usage":[],"damage_taken":[{"damage":5.0,"enemies":"Small Slimes","floor":1.0,"turns":3.0},{"damage":10.0,"enemies":"2 Louse","floor":5.0,"turns":3.0},{"damage":22.0,"enemies":"Gremlin Nob","floor":11.0,"turns":4.0},{"damage":2.0,"enemies":"Jaw Worm","floor":13.0,"turns":2.0},{"damage":9.0,"enemies":"Lagavulin","floor":14.0,"turns":5.0},{"damage":26.0,"enemies":"Slime Boss","floor":16.0,"turns":10.0},{"damage":23.0,"enemies":"3 Byrds","floor":18.0,"turns":5.0},{"damage":0.0,"enemies":"Chosen","floor":20.0,"turns":4.0},{"damage":58.0,"enemies":"Slavers","floor":24.0,"turns":7.0},{"damage":14.0,"enemies":"Centurion and Healer","floor":27.0,"turns":4.0},{"damage":25.0,"enemies":"Book of Stabbing","floor":29.0,"turns":4.0},{"damage":33.0,"enemies":"Shelled Parasite and Fungi","floor":31.0,"turns":6.0},{"damage":60.0,"enemies":"Pondfish","floor":33.0,"turns":10.0},{"damage":0.0,"enemies":"3 Darklings","floor":35.0,"turns":1.0},{"damage":4.0,"enemies":"Orb Walker","floor":37.0,"turns":3.0},{"damage":46.0,"enemies":"Jaw Worm Horde","floor":39.0,"turns":5.0},{"damage":0.0,"enemies":"Maw","floor":44.0,"turns":4.0},{"damage":4.0,"enemies":"Giant Head","floor":45.0,"turns":5.0},{"damage":24,"enemies":"4 Shapes","floor":48,"turns":4},{"damage":31,"enemies":"hubris:GrandSnecko","floor":50,"turns":8}],"seed_played":"7855099752133332550","potions_obtained":[{"floor":5.0,"key":"sneckomod:MuddlingPotion"},{"floor":11.0,"key":"Dota2Spire:HealingSalve"},{"floor":16.0,"key":"FocusPotion"},{"floor":18.0,"key":"Dota2Spire:HealingSalve"},{"floor":29.0,"key":"Toxic Potion"},{"floor":31.0,"key":"Strength Potion"},{"floor":33.0,"key":"AttackPotion"},{"floor":35.0,"key":"LiquidMemories"},{"floor":37.0,"key":"champ:CounterPotion"},{"floor":39.0,"key":"Languid Potion"},{"floor":44.0,"key":"AttackPotion"},{"floor":45.0,"key":"PowerPotion"}],"is_trial":false,"path_per_floor":["M","?","$","?","M","R","?","R","T","?","E","R","M","E","R","B",null,"M","$","M","AVR","?","R","E","?","T","M","R","E","R","M","R","B",null,"M","$","M","?","M","R","?","R","T","M","E","R","?","M","R","B",null],"character_chosen":"DEFECT","items_purchased":["Question Card","halation:AfternoonTea","Self Repair"],"campfire_rested":6,"item_purchase_floors":[3,19,36],"current_hp_per_floor":[63,66,66,66,56,56,71,71,71,71,55,55,53,53,53,39,68,45,45,45,45,45,68,31,31,41,27,53,49,75,75,75,36,77,77,77,73,73,34,61,39,66,66,85,88,91,91,83,83,77],"gold":491,"neow_bonus":"TWO_FIFTY_GOLD","is_daily":false,"chose_seed":false,"campfire_upgraded":5,"win_rate":0.0,"timestamp":1611279718,"path_taken":["M","?","$","?","M","R","?","R","T","?","E","R","?","E","R","BOSS","M","$","M","AVR","?","R","E","?","T","M","R","E","R","M","R","BOSS","M","$","M","?","M","R","?","R","T","M","E","R","?","M","R","BOSS"],"items_purchased_type":["Relic","Relic","Card"],"build_version":"2020-12-13","purchased_purges":4,"victory":true,"max_hp_per_floor":[75,78,78,78,78,78,78,78,78,78,78,78,78,78,78,78,78,78,78,78,78,78,78,78,78,88,88,88,88,88,88,88,91,91,91,91,91,91,91,91,91,91,91,91,91,91,91,91,91,91],"card_choices":[{"not_picked":["Double Energy","Redo","Sweeping Beam"],"picked":"SKIP","floor":1.0},{"not_picked":["Double Energy","hubris:Ukulele","Steam Power"],"picked":"Lockon","floor":5.0},{"not_picked":["Core Surge","Sweeping Beam","Steam"],"picked":"Barrage","floor":11.0},{"not_picked":["Gash","Fission","ReplaySort","Barrage"],"picked":"SKIP","floor":13.0},{"not_picked":["Hyperbeam","Compile Driver","Turbo"],"picked":"Cold Snap","floor":14.0},{"not_picked":["Rainbow","Buffer","Creative AI"],"picked":"Machine Learning","floor":16.0},{"not_picked":["Barrage+1","Rebound","Compile Driver+1"],"picked":"Cold Snap","floor":18.0},{"not_picked":["Hologram","Barrage","Streamline+1"],"picked":"Thunder Strike","floor":20.0},{"not_picked":["Compile Driver","Leap","hubris:Prefetch"],"picked":"Tempest","floor":24.0},{"not_picked":["Redo","Chaos","Ball Lightning"],"picked":"Conserve Battery+1","floor":27.0},{"not_picked":["Beam Cell+1","Reinforced Body","Melter"],"picked":"ReplayTheSpireMod:Fabricate Wheel","floor":29.0},{"not_picked":["Panic Button","Crystallizer","Ball Lightning+1"],"picked":"Glacier","floor":31.0},{"not_picked":["Ball Lightning","ReplayTheSpireMod:Reroute Power","Hello World"],"picked":"Skim+1","floor":31.0},{"not_picked":["hubris:SpecializedCircuitry","Rainbow","Multi-Cast"],"picked":"Electrodynamics","floor":33.0},{"not_picked":["Beam Cell","Compile Driver+1","ReplayTheSpireMod:GoodbyeWorld"],"picked":"Capacitor+1","floor":35.0},{"not_picked":["Fusion","FTL","Go for the Eyes"],"picked":"White Noise+1","floor":35.0},{"not_picked":["Ball Lightning","Darkness+1","Stack"],"picked":"Beam Cell+1","floor":37.0},{"not_picked":["Melter","Gash+1","ReplayTheSpireMod:GoodbyeWorld","Conserve Battery"],"picked":"SKIP","floor":37.0},{"not_picked":["Reinforced Body","Sweeping Beam","Go for the Eyes"],"picked":"Defragment+1","floor":39.0},{"not_picked":["Heatsinks+1","Cold Snap","Barrage","Rip and Tear+1"],"picked":"SKIP","floor":39.0},{"not_picked":["infinitespire:DeathsTouch","infinitespire:Fortify"],"picked":"infinitespire:Oblivion","floor":41.0},{"not_picked":["Leap+1","ReplayTheSpireMod:Repulse+1","Blizzard"],"picked":"Coolheaded+1","floor":44.0},{"not_picked":["Fusion+1","Glacier+1","Stack","Streamline+1"],"picked":"SKIP","floor":44.0},{"not_picked":["Fusion+1","Stack","Streamline+1"],"picked":"Glacier+1","floor":44.0},{"not_picked":["Rip and Tear","Stack+1","Barrage"],"picked":"Tempest","floor":45.0},{"not_picked":["Undo+1","Streamline","BasicCrystalCard+1"],"picked":"Hologram+1","floor":48},{"not_picked":["Leap+1","Conserve Battery+1","Stack+1","Auto Shields+1"],"picked":"SKIP","floor":48}],"player_experience":168298,"relics_obtained":[{"floor":9.0,"key":"Dota2Spire:MagicBottle"},{"floor":11.0,"key":"Simple Rune"},{"floor":14.0,"key":"HoshigumaDish"},{"floor":15.0,"key":"halation:PromiseList"},{"floor":17.0,"key":"hubris:BallOfYels"},{"floor":17.0,"key":"White Beast Statue"},{"floor":17.0,"key":"Replay:Towering Pillar of Hats"},{"floor":24.0,"key":"Mirror"},{"floor":26.0,"key":"Pear"},{"floor":29.0,"key":"Gremlin Food"},{"floor":33.0,"key":"halation:EternalFortune"},{"floor":43.0,"key":"DataDisk"},{"floor":45.0,"key":"DemoMod:ResourcefulSack"}],"event_choices":[{"damage_healed":0.0,"max_hp_gain":0.0,"max_hp_loss":0.0,"gold_gain":0.0,"event_name":"Ghosts","player_choice":"Ignored","floor":22.0,"gold_loss":0.0,"damage_taken":0.0},{"damage_healed":0.0,"max_hp_gain":0.0,"max_hp_loss":0.0,"gold_gain":0.0,"event_name":"Addict","player_choice":"Stole Relic","floor":25.0,"gold_loss":0.0,"damage_taken":0.0,"relics_obtained":["halation:Gekota"],"cards_obtained":["Shame"]},{"damage_healed":0.0,"max_hp_gain":0.0,"max_hp_loss":0.0,"gold_gain":0.0,"event_name":"Upgrade Shrine","player_choice":"Upgraded","floor":47.0,"gold_loss":0.0,"damage_taken":0.0,"cards_upgraded":["Thunder Strike"]}],"is_beta":false,"boss_relics":[{"not_picked":["Runic Dome","halation:PinkAlligatorPlush"],"picked":"Calling Bell"},{"not_picked":["hubris:VirtuousBlindfold","Fusion Hammer"],"picked":"hubris:RunicObelisk"}],"items_purged_floors":[3,19,21,36],"is_endless":false,"potions_floor_spawned":[5,11,16,18,20,24,27,29,31,33,35,37,39,44,45,48],"ascension_level":6}}