{"host":"uox1h4bzknqjes88","time":1611298564,"event":{"mods":["BaseMod","Colored Powertips","Downfall","Minty Spire (QoL Compilation)","Quick Restart","StSLib"],"gold_per_floor":[99,111,261,276,276,36,87,122,137,164,164,181,181,195,214,312,312,312,331,345,345,345,68,68,79,106,106,119,119,119,119,138,138,138,138],"floor_reached":33,"language":"ZHS","playtime":2171,"items_purged":["downfall:Icky","champ:Strike"],"score":277,"play_id":"f71c9202-d9f5-46c0-bd2f-ba3be75c5f74","local_time":"20210122145604","is_ascension_mode":false,"campfire_choices":[{"data":"champ:Taunt","floor":1.0,"key":"SMITH"},{"data":"Heavy Blade","floor":11.0,"key":"SMITH"},{"data":"champ:ShieldWall","floor":13.0,"key":"SMITH"},{"data":"champ:StanceDance","floor":18.0,"key":"SMITH"},{"floor":27.0,"key":"REST"},{"data":"Enlightenment","floor":30.0,"key":"SMITH"}],"circlet_count":0,"master_deck":["champ:Strike","champ:Strike","champ:Strike","champ:Defend","champ:Defend","champ:Defend","champ:Defend","champ:Execute","champ:Taunt+1","champ:StanceDance+1","champ:DefensiveShout","champ:ShieldWall+1","Heavy Blade+1","champ:GladiatorForm","Enlightenment+1","champ:EnGarde","champ:FlashCut","Pride","bronze:FineTuning+1"],"relics":["champ:ChampionCrownUpgraded","champ:LiftRelic","PrismaticShard","PreservedInsect","The Courier","Letter Opener","sneckomod:BabySnecko","OrangePellets","Prayer Wheel","Anchor","Happy Flower","Toxic Egg 2"],"acts_visited":["Exordium","TheCity"],"potions_floor_usage":[33],"damage_taken":[{"damage":27.0,"enemies":"Small Slimes","floor":2.0,"turns":4.0},{"damage":5.0,"enemies":"2 Louse","floor":4.0,"turns":2.0},{"damage":15.0,"enemies":"downfall:FleeingMerchant","floor":6.0,"turns":4.0},{"damage":32.0,"enemies":"3 Sentries","floor":8.0,"turns":7.0},{"damage":0.0,"enemies":"Cultist","floor":9.0,"turns":4.0},{"damage":20.0,"enemies":"Lagavulin","floor":10.0,"turns":6.0},{"damage":5.0,"enemies":"Large Slime","floor":12.0,"turns":6.0},{"damage":15.0,"enemies":"Exordium Wildlife","floor":14.0,"turns":3.0},{"damage":7.0,"enemies":"3 Louse","floor":15.0,"turns":3.0},{"damage":53.0,"enemies":"SI_SHIV_ARCHETYPE","floor":16.0,"turns":8.0},{"damage":15.0,"enemies":"Chosen","floor":19.0,"turns":4.0},{"damage":61.0,"enemies":"3 Byrds","floor":20.0,"turns":6.0},{"damage":35.0,"enemies":"downfall:FleeingMerchant","floor":23.0,"turns":4.0},{"damage":30.0,"enemies":"Sentry and Sphere","floor":25.0,"turns":6.0},{"damage":40.0,"enemies":"Book of Stabbing","floor":26.0,"turns":5.0},{"damage":20.0,"enemies":"Shelled Parasite and Fungi","floor":28.0,"turns":3.0},{"damage":31.0,"enemies":"Snake Plant","floor":32.0,"turns":4.0},{"damage":70,"enemies":"WA_ARCHETYPE_CALM","floor":33,"turns":5}],"seed_played":"-6763147454443402780","potions_obtained":[{"floor":2.0,"key":"Regen Potion"},{"floor":4.0,"key":"Regen Potion"},{"floor":9.0,"key":"EntropicBrew"},{"floor":14.0,"key":"champ:OpenerPotion"},{"floor":26.0,"key":"EssenceOfSteel"},{"floor":28.0,"key":"LiquidBronze"},{"floor":32.0,"key":"Regen Potion"}],"is_trial":false,"path_per_floor":["R","M","?","M","?","$","T","E","M","E","R","M","R","M","M","B",null,"R","M","M","?","?","$","T","M","E","R","M","?","R","?","M","B"],"character_chosen":"THE_CHAMP","items_purchased":["PrismaticShard","OrangePellets","champ:EnGarde","champ:FlashCut"],"campfire_rested":1,"item_purchase_floors":[6,23,23,23],"current_hp_per_floor":[99,92,92,87,87,87,87,85,85,70,70,70,70,65,58,24,99,99,89,53,53,53,38,38,28,18,47,47,47,47,47,41,0,0,0],"gold":138,"neow_bonus":"TEN_PERCENT_HP_BONUS","is_daily":false,"chose_seed":false,"campfire_upgraded":5,"win_rate":0.0,"timestamp":1611298564,"path_taken":["R","M","?","M","?","$","T","E","M","E","R","M","R","M","M","BOSS","R","M","M","?","?","$","T","M","E","R","M","?","R","?","M","BOSS"],"items_purchased_type":["Relic","Relic","Card","Card"],"build_version":"2020-12-22","purchased_purges":2,"victory":false,"max_hp_per_floor":[99,99,99,99,99,99,99,99,99,99,99,99,99,99,99,99,99,99,99,99,99,99,99,99,99,99,99,99,99,99,99,99,99,99,99],"card_choices":[{"not_picked":["champ:CalledShot","champ:Circumvent"],"picked":"champ:StanceDance","floor":2.0},{"not_picked":["champ:Circumvent","champ:AdrenalArmor"],"picked":"champ:DefensiveShout","floor":4.0},{"not_picked":["champ:SteelEdge","champ:GutPunch"],"picked":"champ:ShieldWall","floor":6.0},{"not_picked":["sneckomod:Restock","FollowUp"],"picked":"Heavy Blade","floor":8.0},{"not_picked":["hexamod:SwordOfDarkness","hexamod:ExtraCrispy","Guardian:VentSteam"],"picked":"SKIP","floor":9.0},{"not_picked":["sneckomod:QuickBite","sneckomod:DiceBlock","hexamod:Firestarter"],"picked":"SKIP","floor":10.0},{"not_picked":["Guardian:ShieldSpikes","Tactician","Slimebound:RallyTheTroops"],"picked":"SKIP","floor":12.0},{"not_picked":["Slimebound:LeechEnergy","hexamod:Firestarter","champ:BladeFlurry"],"picked":"SKIP","floor":14.0},{"not_picked":["Bane","champ:PreciseThrust","Ball Lightning"],"picked":"SKIP","floor":15.0},{"not_picked":["hexamod:ForkedFlame","Slimebound:PrepareCrush"],"picked":"champ:GladiatorForm","floor":16.0},{"not_picked":["Stack","sneckomod:DiceBlock","champ:CrownThrow+1"],"picked":"SKIP","floor":19.0},{"not_picked":["Auto Shields","bronze:Turbo","Cleave+1"],"picked":"SKIP","floor":20.0},{"not_picked":["Thunderclap","Guardian:PrismaticBarrier"],"picked":"Enlightenment","floor":23.0},{"not_picked":["sneckomod:DiceCrush","sneckomod:UnknownCommonAttack","Immolate"],"picked":"SKIP","floor":25.0},{"not_picked":["champ:Lariat","Protect","Slimebound:SlimeBarrage"],"picked":"SKIP","floor":25.0},{"not_picked":["Omniscience","Go for the Eyes","sneckomod:UnknownDraw"],"picked":"SKIP","floor":26.0},{"not_picked":["champ:GutPunch+1","Blind","Footwork"],"picked":"SKIP","floor":28.0},{"not_picked":["Guardian:BronzeOrb","Choke","Guardian:PrimingBeam+1"],"picked":"SKIP","floor":28.0},{"not_picked":["Guardian:TemporalShield+1","sneckomod:SoulDraw+1"],"picked":"bronze:FineTuning+1","floor":32.0},{"not_picked":["sneckomod:CheapStock","Slimebound:LevelUp","hexamod:AdvancingGuard+1"],"picked":"SKIP","floor":32.0}],"player_experience":322593,"relics_obtained":[{"floor":7.0,"key":"PreservedInsect"},{"floor":8.0,"key":"The Courier"},{"floor":10.0,"key":"Letter Opener"},{"floor":24.0,"key":"Prayer Wheel"},{"floor":26.0,"key":"Anchor"}],"event_choices":[{"damage_healed":0.0,"max_hp_gain":0.0,"max_hp_loss":0.0,"gold_gain":0.0,"event_name":"Addict","player_choice":"Stole Relic","floor":31.0,"gold_loss":0.0,"damage_taken":0.0,"relics_obtained":["Toxic Egg 2"],"cards_obtained":["Pride"]}],"is_beta":false,"boss_relics":[{"not_picked":["Philosopher\u0027s Stone","bronze:MakeshiftBattery"],"picked":"champ:ChampionCrownUpgraded"}],"items_purged_floors":[6,23],"is_endless":false,"potions_floor_spawned":[2,4,9,14,26,28,32],"killed_by":"WA_ARCHETYPE_CALM","ascension_level":0}}