{"host":"9jj9tzo2iym4bpat","time":1611350037,"event":{"mods":["Act Like it!","BaseMod","CapriCore","Colored Map","Dark Map","Luminous","Minty Spire (QoL Compilation)","Permanent Neow","StSLib","Td1madao Mod","The Animator","The Immortal","The Marked","The Servant 0.9.4","Yakumo Yukari mod"],"gold_per_floor":[117,117,117,71,89,89,89,124,124,90,110,9,26,38,38,141,141,161,161,177,98,117,117,117],"floor_reached":23,"language":"ENG","playtime":615,"items_purged":[],"score":254,"play_id":"4be3d5a9-a672-4757-b8b8-6fae8d1863e2","local_time":"20210122151357","is_ascension_mode":true,"campfire_choices":[{"data":"Reaper","floor":7,"key":"SMITH"},{"floor":15,"key":"REST"}],"circlet_count":0,"master_deck":["Strike_R","Strike_R","Strike_R","Strike_R","Defend_R","Defend_R","Defend_R","Defend_R","Bash","Perfected Strike+1","Reaper+1","Pommel Strike","Twin Strike","Sword Boomerang","Seeing Red","Flex","Spot Weakness","Pommel Strike","Anger","Anger","Anger","Twin Strike","Immolate","Cleave","Flex+1","Flex","Anger","Inflame","Limit Break"],"relics":["Black Blood","Champion Belt","Blood Vial","Prayer Wheel"],"acts_visited":["Exordium","TheCity"],"potions_floor_usage":[16,23,23],"damage_taken":[{"damage":1,"enemies":"Cultist","floor":1,"turns":3},{"damage":0,"enemies":"Small Slimes","floor":5,"turns":3},{"damage":30,"enemies":"Gremlin Nob","floor":8,"turns":4},{"damage":7,"enemies":"Jaw Worm","floor":11,"turns":3},{"damage":21,"enemies":"2 Fungi Beasts","floor":13,"turns":3},{"damage":8,"enemies":"Looter","floor":14,"turns":2},{"damage":41,"enemies":"Slime Boss","floor":16,"turns":9},{"damage":10,"enemies":"3 Byrds","floor":18,"turns":4},{"damage":30,"enemies":"Spheric Guardian","floor":20,"turns":4},{"damage":18,"enemies":"Snecko","floor":22,"turns":4},{"damage":61,"enemies":"Gremlin Leader","floor":23,"turns":5}],"seed_played":"-4470539213614841958","potions_obtained":[{"floor":1,"key":"LiquidBronze"},{"floor":11,"key":"PowerPotion"},{"floor":13,"key":"Swift Potion"},{"floor":22,"key":"Block Potion"}],"is_trial":false,"path_per_floor":["M","?","?","$","M","?","R","E","T","$","M","$","M","M","R","B",null,"M","?","M","$","M","E"],"character_chosen":"IRONCLAD","items_purchased":["Pommel Strike","Seeing Red","Pommel Strike","Anger","Inflame"],"campfire_rested":1,"item_purchase_floors":[4,10,12,12,21],"current_hp_per_floor":[72,72,72,72,72,72,72,53,53,53,59,59,57,57,72,37,72,72,59,43,43,47,0,0],"gold":117,"neow_bonus":"ONE_RARE_RELIC","is_daily":false,"chose_seed":false,"campfire_upgraded":1,"win_rate":0.0,"timestamp":1611350037,"path_taken":["M","?","?","$","?","?","R","E","T","$","M","?","M","M","R","BOSS","M","?","M","$","M","E"],"items_purchased_type":["Card","Card","Card","Card","Card"],"build_version":"2020-12-22","purchased_purges":0,"victory":false,"max_hp_per_floor":[72,72,72,72,72,72,72,72,72,72,72,72,72,72,72,72,72,72,77,77,77,77,77,77],"card_choices":[{"not_picked":["Shockwave","Headbutt"],"picked":"Perfected Strike","floor":1},{"not_picked":["True Grit","Evolve"],"picked":"Twin Strike","floor":5},{"not_picked":["True Grit","Battle Trance"],"picked":"Sword Boomerang","floor":8},{"not_picked":["Bloodletting","Iron Wave"],"picked":"Flex","floor":11},{"not_picked":["Clash","Battle Trance"],"picked":"Spot Weakness","floor":11},{"not_picked":["Carnage","Clash"],"picked":"Anger","floor":13},{"not_picked":["Sword Boomerang","True Grit","Clothesline"],"picked":"SKIP","floor":13},{"not_picked":["Reckless Charge","Whirlwind"],"picked":"Anger","floor":14},{"not_picked":["Rampage","Clothesline"],"picked":"Twin Strike","floor":14},{"not_picked":["Barricade","Reaper"],"picked":"Immolate","floor":16},{"not_picked":["Havoc","Dropkick"],"picked":"Cleave","floor":18},{"not_picked":["Dark Embrace","Searing Blow"],"picked":"Flex+1","floor":18},{"not_picked":["Sword Boomerang+1","Clothesline"],"picked":"Flex","floor":20},{"not_picked":["Iron Wave","Cleave"],"picked":"Anger","floor":20},{"not_picked":["Feel No Pain","Blood for Blood"],"picked":"Limit Break","floor":22},{"not_picked":["True Grit+1","Shockwave","Uppercut"],"picked":"SKIP","floor":22}],"player_experience":298889,"relics_obtained":[{"floor":8,"key":"Blood Vial"},{"floor":9,"key":"Prayer Wheel"}],"event_choices":[{"damage_healed":0,"gold_gain":0,"player_choice":"Grow","damage_taken":0,"max_hp_gain":0,"max_hp_loss":0,"event_name":"Living Wall","floor":2,"gold_loss":0,"cards_upgraded":["Perfected Strike"]},{"damage_healed":0,"gold_gain":0,"cards_transformed":["Strike_R"],"player_choice":"Transformed","damage_taken":0,"max_hp_gain":0,"max_hp_loss":0,"event_name":"Transmorgrifier","floor":3,"gold_loss":0,"cards_obtained":["Reaper"]},{"damage_healed":0,"gold_gain":0,"player_choice":"Ignored","damage_taken":0,"max_hp_gain":0,"max_hp_loss":0,"event_name":"Golden Wing","floor":6,"gold_loss":0},{"damage_healed":0,"gold_gain":0,"player_choice":"Shed Blood","damage_taken":18,"max_hp_gain":5,"max_hp_loss":0,"event_name":"Forgotten Altar","floor":19,"gold_loss":0}],"is_beta":false,"boss_relics":[{"not_picked":["SlaversCollar","Mark of Pain"],"picked":"Black Blood"}],"items_purged_floors":[],"is_endless":false,"potions_floor_spawned":[1,11,13,22],"killed_by":"Gremlin Leader","ascension_level":4}}