{"host":"1tl36azeqm6yhdgj","time":1611275608,"event":{"mods":["AchievementEnabler","BaseMod","Minty Spire (QoL Compilation)","StSLib","The IronCluck","everything is the same but u backflip on backflip"],"gold_per_floor":[119,119,44,61,80,115,0,15,15,34,67,67,67,67],"floor_reached":13,"language":"ENG","playtime":414,"items_purged":["Strike_R"],"score":240,"play_id":"dda499ee-8474-493e-9587-bcf4303803cc","local_time":"20210121193328","is_ascension_mode":true,"campfire_choices":[{"data":"Corruption","floor":12,"key":"SMITH"}],"circlet_count":0,"master_deck":["AscendersBane","Strike_R","Strike_R","Strike_R","Defend_R","Defend_R","Defend_R","Defend_R","Bash","Thunderclap","Cleave","Rampage","Corruption+1","Sentinel","Clash","Thunderclap+1"],"relics":["Burning Blood","Calipers","Centennial Puzzle","Ancient Tea Set","Molten Egg 2"],"acts_visited":["Exordium"],"potions_floor_usage":[11,11],"damage_taken":[{"damage":13.0,"enemies":"Small Slimes","floor":1.0,"turns":6.0},{"damage":14.0,"enemies":"Jaw Worm","floor":4.0,"turns":5.0},{"damage":6.0,"enemies":"Cultist","floor":5.0,"turns":3.0},{"damage":32.0,"enemies":"Gremlin Nob","floor":6.0,"turns":4.0},{"damage":6.0,"enemies":"3 Louse","floor":8.0,"turns":3.0},{"damage":11.0,"enemies":"Looter","floor":10.0,"turns":3.0},{"damage":0,"enemies":"Lagavulin","floor":11,"turns":8},{"damage":25,"enemies":"3 Sentries","floor":13,"turns":3}],"seed_played":"7024481916007824029","potions_obtained":[{"floor":1.0,"key":"Swift Potion"},{"floor":5.0,"key":"Dexterity Potion"},{"floor":10.0,"key":"PowerPotion"}],"is_trial":false,"path_per_floor":["M","?","?","M","M","E","$","M","T","M","E","R","E"],"character_chosen":"IRONCLAD","items_purchased":["Sentinel"],"campfire_rested":0,"item_purchase_floors":[7],"current_hp_per_floor":[61,54,54,46,46,20,20,20,20,15,21,21,0,0],"gold":67,"neow_bonus":"ONE_RARE_RELIC","is_daily":false,"chose_seed":false,"campfire_upgraded":1,"win_rate":0.0,"timestamp":1611275608,"path_taken":["M","?","?","M","M","E","$","M","T","M","E","R","E"],"items_purchased_type":["Card"],"build_version":"2020-12-22","purchased_purges":1,"victory":false,"max_hp_per_floor":[75,75,75,75,75,75,75,75,75,75,75,75,75,75],"card_choices":[{"not_picked":["Carnage","Intimidate"],"picked":"Thunderclap","floor":1.0},{"not_picked":["Pommel Strike","Reckless Charge"],"picked":"Cleave","floor":4.0},{"not_picked":["Twin Strike","Clothesline"],"picked":"Rampage","floor":5.0},{"not_picked":["Shockwave","Fire Breathing"],"picked":"Corruption","floor":6.0},{"not_picked":["Carnage","Reckless Charge"],"picked":"Clash","floor":8.0},{"not_picked":["Sword Boomerang","Wild Strike","Armaments"],"picked":"SKIP","floor":10.0},{"not_picked":["Sword Boomerang+1","Second Wind"],"picked":"Thunderclap+1","floor":11}],"player_experience":2010778,"relics_obtained":[{"floor":6.0,"key":"Centennial Puzzle"},{"floor":9.0,"key":"Ancient Tea Set"},{"floor":11,"key":"Molten Egg 2"}],"event_choices":[{"cards_removed":["Strike_R"],"damage_healed":0.0,"max_hp_gain":0.0,"max_hp_loss":0.0,"gold_gain":0.0,"event_name":"Golden Wing","player_choice":"Card Removal","floor":2.0,"gold_loss":0.0,"damage_taken":7.0},{"cards_removed":["Writhe"],"damage_healed":0.0,"max_hp_gain":0.0,"max_hp_loss":0.0,"gold_gain":0.0,"event_name":"The Cleric","player_choice":"Card Removal","floor":3.0,"gold_loss":75.0,"damage_taken":0.0}],"is_beta":false,"boss_relics":[],"items_purged_floors":[7],"is_endless":false,"potions_floor_spawned":[1,5,6,10],"killed_by":"3 Sentries","ascension_level":20}}