{"host":"haq22x9zdvtvc76a","time":1611289519,"event":{"mods":["BaseMod","Downfall","Minty Spire (QoL Compilation)","StSLib"],"gold_per_floor":[99,114,125,125,141,155,155,182,15,42,42,4,4,18,33,137,137,37,55,155,155,16,43,118,18,18,44,59,94,94,109,119,214,214,414,429,429,429,201,252,252,280,280,280,295,312,124,124,139,139,139,166,18,18,18,18,18,18],"floor_reached":56,"language":"ENG","playtime":4707,"items_purged":["bronze:Strike"],"score":868,"play_id":"873c1256-cc6f-4206-9043-95cc858c91fa","local_time":"20210121232519","is_ascension_mode":false,"campfire_choices":[{"data":"bronze:Goto","floor":1.0,"key":"SMITH"},{"floor":11.0,"key":"DIG"},{"floor":18,"key":"RECALL"},{"data":"bronze:Mutator","floor":25,"key":"SMITH"},{"floor":30,"key":"DIG"},{"floor":35,"key":"DIG"},{"floor":43,"key":"DIG"},{"floor":44,"key":"DIG"},{"floor":54,"key":"DIG"}],"circlet_count":0,"master_deck":["bronze:Defend","bronze:Defend","bronze:Defend","bronze:Defend","bronze:Replicate","bronze:Goto+1","bronze:Separator","bronze:Fortify","bronze:Spike","bronze:DazingPulse","bronze:DigitalCarnage","bronze:BuggyMess","bronze:OilSpill","bronze:ChildClass","bronze:InfiniteLoop","bronze:Virus","bronze:Repair","bronze:OilSpill","bronze:Return","bronze:Mutator+1","bronze:GetLatest+1","bronze:BronzeArmor+1","bronze:Backtrace+1","bronze:FollowUp","bronze:ChildClass","bronze:MaxOutput","bronze:Optimize","bronze:GetLatest+1","bronze:BronzeOrb","bronze:HardenedForm","bronze:Return","Apotheosis","bronze:OilSpill+1"],"relics":["bronze:BronzeCore","Shovel","Pantograph","Astrolabe","downfall:HeartBlessingGreen","StoneCalendar","hexamod:CandleOfCauterizing","downfall:RedIOU","InkBottle","ClockworkSouvenir","Orichalcum","Eternal Feather","downfall:HeartBlessingRed","Nunchaku","WingedGreaves","sneckomod:BlankCard","sneckomod:SneckoTalon","downfall:HeartBlessingBlue","Old Coin","Slimebound:PreparedRelic","Juzu Bracelet","Mango","Bird Faced Urn","Oddly Smooth Stone","Meat on the Bone","Kunai","Bottled Tornado","Medical Kit","Mercury Hourglass"],"acts_visited":["Exordium","TheCity","TheBeyond","TheEnding"],"potions_floor_usage":[16,16,16,20,22,27,27,28,33,33,42],"damage_taken":[{"damage":2.0,"enemies":"Small Slimes","floor":2.0,"turns":5.0},{"damage":1.0,"enemies":"Cultist","floor":3.0,"turns":3.0},{"damage":20.0,"enemies":"Cultist","floor":4.0,"turns":8.0},{"damage":0.0,"enemies":"2 Louse","floor":5.0,"turns":2.0},{"damage":0.0,"enemies":"Large Slime","floor":6.0,"turns":6.0},{"damage":11.0,"enemies":"Lagavulin","floor":8.0,"turns":4.0},{"damage":10.0,"enemies":"downfall:FleeingMerchant","floor":9.0,"turns":4.0},{"damage":0.0,"enemies":"Gremlin Nob","floor":10.0,"turns":2.0},{"damage":9.0,"enemies":"downfall:FleeingMerchant","floor":12.0,"turns":4.0},{"damage":0.0,"enemies":"Exordium Thugs","floor":14.0,"turns":3.0},{"damage":1.0,"enemies":"2 Fungi Beasts","floor":15.0,"turns":2.0},{"damage":45,"enemies":"WA_ARCHETYPE_RETAIN","floor":16,"turns":7},{"damage":0,"enemies":"Chosen","floor":19,"turns":2},{"damage":49,"enemies":"DF_ARCHETYPE_STREAMLINE","floor":20,"turns":8},{"damage":0,"enemies":"downfall:FleeingMerchant","floor":22,"turns":3},{"damage":21,"enemies":"Slavers","floor":23,"turns":5},{"damage":2,"enemies":"Book of Stabbing","floor":27,"turns":3},{"damage":0,"enemies":"3 Byrds","floor":28,"turns":3},{"damage":0,"enemies":"Gremlin Leader","floor":29,"turns":3},{"damage":0,"enemies":"Snecko","floor":31,"turns":3},{"damage":0,"enemies":"Sentry and Sphere","floor":32,"turns":3},{"damage":1,"enemies":"SI_MIRROR_ARCHETYPE","floor":33,"turns":6},{"damage":25,"enemies":"3 Shapes","floor":36,"turns":3},{"damage":23,"enemies":"2 Orb Walkers","floor":40,"turns":4},{"damage":12,"enemies":"Reptomancer","floor":42,"turns":5},{"damage":0,"enemies":"Orb Walker","floor":45,"turns":2},{"damage":0,"enemies":"Maw","floor":46,"turns":5},{"damage":32,"enemies":"Sphere and 2 Shapes","floor":49,"turns":4},{"damage":51,"enemies":"DF_ARCHETYPE_ORBS","floor":50,"turns":6},{"damage":17,"enemies":"downfall:CharBossMerchant","floor":52,"turns":7},{"damage":25,"enemies":"downfall:NeowBoss","floor":55,"turns":14},{"damage":119,"enemies":"downfall:NeowBossFinal","floor":56,"turns":8}],"seed_played":"-511867701684661953","potions_obtained":[{"floor":3.0,"key":"LiquidMemories"},{"floor":4.0,"key":"Guardian:BlockOnCardUsePotion"},{"floor":5.0,"key":"FearPotion"},{"floor":6.0,"key":"AttackPotion"},{"floor":12.0,"key":"EntropicBrew"},{"floor":14.0,"key":"CultistPotion"},{"floor":15,"key":"Ancient Potion"},{"floor":16,"key":"Energy Potion"},{"floor":20,"key":"DistilledChaos"},{"floor":28,"key":"Fruit Juice"},{"floor":31,"key":"Block Potion"},{"floor":32,"key":"Weak Potion"},{"floor":40,"key":"SneckoOil"},{"floor":49,"key":"DistilledChaos"}],"is_trial":false,"path_per_floor":["R","M","M","?","M","M","T","E","$","E","R","$","?","M","M","B",null,"R","M","?","?","$","E","T","R","?","E","M","E","R","M","M","B",null,"R","M","?","?","$","?","T","E","R","R","M","M","$","$","M","B",null,"E","$","R","B","B"],"character_chosen":"THE_AUTOMATON","items_purchased":["bronze:InfiniteLoop","bronze:OilSpill","InkBottle","ClockworkSouvenir","bronze:Optimize","Juzu Bracelet","Apotheosis","Medical Kit"],"campfire_rested":0,"item_purchase_floors":[9,12,22,22,22,39,47,53],"current_hp_per_floor":[77,75,74,54,54,54,54,43,33,33,33,24,24,31,30,17,77,77,77,35,35,42,28,28,43,43,48,53,53,71,78,82,81,82,92,67,80,80,80,78,78,81,94,94,94,94,94,94,64,58,94,77,77,94,88,0,0,0],"gold":18,"neow_bonus":"TEN_PERCENT_HP_BONUS","is_daily":false,"chose_seed":false,"campfire_upgraded":2,"win_rate":0.0,"timestamp":1611289519,"path_taken":["R","M","M","?","M","M","T","E","$","E","R","$","?","?","M","BOSS","R","M","?","?","$","E","T","R","?","E","M","E","R","?","M","BOSS","R","M","?","?","$","?","T","E","R","R","M","M","?","$","M","BOSS","E","$","R","BOSS","BOSS"],"items_purchased_type":["Card","Card","Relic","Relic","Card","Relic","Card","Relic"],"build_version":"2020-12-22","purchased_purges":1,"victory":false,"max_hp_per_floor":[77,77,77,77,77,77,77,77,77,77,77,77,77,77,77,77,77,77,77,77,77,77,77,77,77,77,77,82,82,82,82,82,82,82,92,92,80,80,80,94,94,94,94,94,94,94,94,94,94,94,94,94,94,94,94,94,94,94],"card_choices":[{"not_picked":["bronze:Turbo","bronze:BronzeArmor"],"picked":"bronze:Separator","floor":2.0},{"not_picked":["bronze:Philosophize","bronze:FineTuning"],"picked":"bronze:Fortify","floor":3.0},{"not_picked":[],"picked":"bronze:Spike","floor":4.0},{"not_picked":[],"picked":"bronze:DazingPulse","floor":4.0},{"not_picked":["bronze:BitShift","bronze:Shield"],"picked":"bronze:DigitalCarnage","floor":5.0},{"not_picked":["bronze:Invalidate","bronze:Iterate"],"picked":"bronze:BuggyMess","floor":6.0},{"not_picked":["bronze:ItsAFeature","bronze:WhirlingStrike"],"picked":"bronze:OilSpill","floor":8.0},{"not_picked":["bronze:CutThrough","bronze:DelayedSlice"],"picked":"bronze:ChildClass","floor":9.0},{"not_picked":["bronze:OilSpill","bronze:Separator"],"picked":"bronze:Virus","floor":10.0},{"not_picked":["bronze:Safeguard","bronze:DelayedGuard"],"picked":"bronze:Repair","floor":12.0},{"not_picked":["bronze:BugBarrage","bronze:Branch"],"picked":"bronze:Return","floor":14.0},{"not_picked":["bronze:Overheat","bronze:Branch","bronze:ClassDefault"],"picked":"SKIP","floor":15},{"not_picked":["bronze:ThunderWave","bronze:Assembly"],"picked":"bronze:Mutator","floor":16},{"not_picked":["bronze:Frontload+1","bronze:Shield"],"picked":"bronze:FollowUp","floor":19},{"not_picked":["bronze:Deprecate","bronze:Invalidate"],"picked":"bronze:ChildClass","floor":20},{"not_picked":["bronze:BugBarrage","bronze:Constructor+1"],"picked":"bronze:MaxOutput","floor":22},{"not_picked":["bronze:DelayedSlice","bronze:Backtrace","bronze:BuggyMess"],"picked":"SKIP","floor":23},{"not_picked":["bronze:BronzeArmor","bronze:SpaghettiCode","bronze:DigitalCarnage"],"picked":"SKIP","floor":27},{"not_picked":["bronze:Invalidate","bronze:Backtrace+1","bronze:CutThrough"],"picked":"SKIP","floor":28},{"not_picked":["bronze:Shield+1","bronze:Invalidate"],"picked":"bronze:BronzeOrb","floor":29},{"not_picked":["bronze:BitShift","bronze:Branch","bronze:Refactor"],"picked":"SKIP","floor":31},{"not_picked":["bronze:Deprecate+1","bronze:WildBeam","bronze:DelayedGuard"],"picked":"SKIP","floor":32},{"not_picked":["bronze:Break","bronze:ThunderWave"],"picked":"bronze:HardenedForm","floor":33},{"not_picked":["bronze:Invalidate+1","bronze:WhirlingStrike"],"picked":"bronze:Return","floor":36},{"not_picked":["bronze:Shield","bronze:DarkDash+1","bronze:SpaghettiCode"],"picked":"SKIP","floor":42},{"not_picked":["bronze:Iterate+1","bronze:Branch+1","bronze:Flail+1"],"picked":"SKIP","floor":45},{"not_picked":["bronze:Deprecate","bronze:BugBarrage+1","bronze:Overheat"],"picked":"SKIP","floor":46},{"not_picked":["bronze:Separator","bronze:DigitalCarnage+1","bronze:Philosophize"],"picked":"SKIP","floor":49},{"not_picked":["bronze:DigitalCarnage+1","bronze:BugBarrage+1"],"picked":"bronze:OilSpill+1","floor":52}],"player_experience":1637517,"relics_obtained":[{"floor":8.0,"key":"Shovel"},{"floor":10.0,"key":"Pantograph"},{"floor":11.0,"key":"White Beast Statue"},{"floor":20,"key":"StoneCalendar"},{"floor":20,"key":"hexamod:CandleOfCauterizing"},{"floor":23,"key":"Orichalcum"},{"floor":24,"key":"Eternal Feather"},{"floor":27,"key":"Nunchaku"},{"floor":29,"key":"WingedGreaves"},{"floor":30,"key":"sneckomod:BlankCard"},{"floor":35,"key":"Old Coin"},{"floor":38,"key":"Slimebound:PreparedRelic"},{"floor":40,"key":"Mango"},{"floor":41,"key":"Bird Faced Urn"},{"floor":42,"key":"Oddly Smooth Stone"},{"floor":43,"key":"Meat on the Bone"},{"floor":44,"key":"Kunai"},{"floor":52,"key":"Bottled Tornado"},{"floor":54,"key":"Mercury Hourglass"}],"event_choices":[{"damage_healed":0,"gold_gain":0,"player_choice":"Fight","damage_taken":0,"max_hp_gain":0,"max_hp_loss":0,"event_name":"Mysterious Sphere","floor":40,"gold_loss":0}],"is_beta":false,"boss_relics":[{"not_picked":["Fusion Hammer","Busted Crown"],"picked":"Astrolabe"},{"not_picked":["Tiny House","SacredBark"],"picked":"sneckomod:SneckoTalon"}],"items_purged_floors":[39],"is_endless":false,"potions_floor_spawned":[3,4,5,6,12,14,15,16,19,20,28,31,32,40,49],"killed_by":"downfall:NeowBossFinal","ascension_level":0}}