{"host":"3qkmyeoym75lj4wn","time":1611342310,"event":{"mods":["2.2 Compatiblity","BaseMod","Block Reminder","Colored Powertips","Highlight Path","Minty Spire (QoL Compilation)","Permanent Neow","Potion Indicator Mod","Rare Cards Sparkle","Relic Stats","StSLib","Unceasing Turn Reminder"],"gold_per_floor":[118,268,281,33,87,87,115,37,60,94,113,141,161,161,161,235,235,250,250,267,282,292,292,308,308,308,5,5,19,53,0,0,74,74,84,109,109,109,109,109,11,31,57,57,70,51,64,98,98,98,98,98,98,17,44,44,44],"floor_reached":56,"language":"ENG","playtime":2849,"items_purged":["Doubt","Strike_B"],"score":1901,"play_id":"f95bb6c4-4fd1-43b7-b127-0b7a5270fb73","local_time":"20210122190510","is_ascension_mode":true,"campfire_choices":[{"data":"Zap","floor":6.0,"key":"SMITH"},{"data":"Go for the Eyes","floor":15,"key":"SMITH"},{"floor":23,"key":"REST"},{"data":"Defragment","floor":25,"key":"SMITH"},{"floor":32,"key":"REST"},{"floor":40,"key":"RECALL"},{"data":"Biased Cognition","floor":44,"key":"SMITH"},{"data":"Seek","floor":49,"key":"SMITH"},{"data":"Defragment","floor":53,"key":"SMITH"}],"circlet_count":0,"master_deck":["AscendersBane","Strike_B","Strike_B","Strike_B","Defend_B","Defend_B","Defend_B","Defend_B","Zap+1","Dualcast","Ball Lightning","Glacier","All For One","Gash","Conserve Battery","Go for the Eyes","Ball Lightning","Defragment+1","Go for the Eyes+1","BootSequence","Glacier","Seek+1","Steam+1","Gash","Defragment+1","Chill","Self Repair","Core Surge","Steam","Go for the Eyes","Biased Cognition+1","Defragment+1","Gash","Blizzard"],"relics":["Cracked Core","Orrery","Pantograph","Bag of Marbles","Ornamental Fan","Philosopher\u0027s Stone","Bag of Preparation","White Beast Statue","Membership Card","Toy Ornithopter","Singing Bowl","Inserter","FossilizedHelix","Lee\u0027s Waffle","Happy Flower","Blue Candle","Bronze Scales","Boot"],"acts_visited":["Exordium","TheCity","TheBeyond","TheEnding"],"potions_floor_usage":[24,30,33,48,48,50],"damage_taken":[{"damage":0.0,"enemies":"Small Slimes","floor":1.0,"turns":3.0},{"damage":2.0,"enemies":"2 Louse","floor":3.0,"turns":2.0},{"damage":19.0,"enemies":"3 Sentries","floor":7.0,"turns":9.0},{"damage":37.0,"enemies":"Gremlin Nob","floor":10.0,"turns":4.0},{"damage":0.0,"enemies":"Cultist","floor":11.0,"turns":2.0},{"damage":0.0,"enemies":"3 Sentries","floor":12.0,"turns":5.0},{"damage":17.0,"enemies":"Gremlin Gang","floor":13.0,"turns":4.0},{"damage":8,"enemies":"The Guardian","floor":16,"turns":11},{"damage":2,"enemies":"Shell Parasite","floor":18,"turns":5},{"damage":0,"enemies":"Chosen","floor":20,"turns":4},{"damage":27,"enemies":"Sentry and Sphere","floor":21,"turns":7},{"damage":15,"enemies":"Snake Plant","floor":22,"turns":4},{"damage":11,"enemies":"Cultist and Chosen","floor":24,"turns":5},{"damage":0,"enemies":"3 Cultists","floor":29,"turns":5},{"damage":19,"enemies":"Slavers","floor":30,"turns":7},{"damage":63,"enemies":"Automaton","floor":33,"turns":14},{"damage":0,"enemies":"3 Darklings","floor":35,"turns":7},{"damage":0,"enemies":"Mind Bloom Boss Battle","floor":36,"turns":9},{"damage":0,"enemies":"Orb Walker","floor":42,"turns":4},{"damage":26,"enemies":"Spire Growth","floor":45,"turns":5},{"damage":9,"enemies":"3 Darklings","floor":47,"turns":7},{"damage":0,"enemies":"Reptomancer","floor":48,"turns":9},{"damage":23,"enemies":"Donu and Deca","floor":50,"turns":15},{"damage":48,"enemies":"Awakened One","floor":51,"turns":15},{"damage":55,"enemies":"Shield and Spear","floor":55,"turns":9},{"damage":120,"enemies":"The Heart","floor":56,"turns":3}],"seed_played":"1761090783880211245","potions_obtained":[{"floor":3.0,"key":"GamblersBrew"},{"floor":10.0,"key":"FocusPotion"},{"floor":12.0,"key":"Regen Potion"},{"floor":13.0,"key":"Explosive Potion"},{"floor":21,"key":"Fire Potion"},{"floor":22,"key":"Energy Potion"},{"floor":28,"key":"Block Potion"},{"floor":30,"key":"Energy Potion"},{"floor":33,"key":"Fire Potion"},{"floor":42,"key":"DistilledChaos"},{"floor":48,"key":"SpeedPotion"},{"floor":55,"key":"DuplicationPotion"}],"is_trial":false,"path_per_floor":["M","?","M","$","?","R","E","$","T","E","M","E","M","?","R","B",null,"M","?","M","M","M","R","M","R","T","$","?","M","E","$","R","B",null,"M","?","?","?","?","R","$","M","T","R","M","$","M","E","R","B","B",null,"R","$","E","B"],"character_chosen":"DEFECT","items_purchased":["Orrery","Defragment","Membership Card","Toy Ornithopter","Steam","Go for the Eyes","Defragment","Lee\u0027s Waffle","Blizzard","Bronze Scales"],"campfire_rested":2,"item_purchase_floors":[4,8,27,27,31,31,41,41,46,54],"current_hp_per_floor":[71,71,69,69,69,69,50,50,50,13,13,13,8,8,8,25,65,63,63,63,36,21,44,33,33,33,33,33,33,26,26,49,23,64,73,82,84,84,84,84,91,91,91,91,74,74,74,93,93,86,49,85,85,85,39,0,0],"gold":44,"neow_bonus":"TEN_PERCENT_HP_BONUS","is_daily":false,"chose_seed":false,"campfire_upgraded":6,"win_rate":0.0,"timestamp":1611342310,"path_taken":["M","?","M","$","?","R","E","$","T","E","M","E","M","?","R","BOSS","M","?","?","?","M","R","M","R","T","$","?","M","E","$","R","BOSS","M","?","?","?","?","R","$","M","T","R","M","?","M","E","R","BOSS","BOSS","R","$","E","BOSS"],"items_purchased_type":["Relic","Card","Relic","Relic","Card","Card","Card","Relic","Card","Relic"],"build_version":"2020-12-22","purchased_purges":2,"victory":false,"max_hp_per_floor":[78,78,78,78,78,78,78,78,78,78,78,78,78,78,78,78,78,78,78,78,78,78,78,78,78,78,78,78,78,78,78,78,78,78,80,82,84,84,84,84,91,91,91,91,93,93,95,97,97,97,97,97,97,97,99,99,99],"relic_stats":{"Lee\u0027s Waffle":7,"Inserter":[40],"Singing Bowl":14,"Happy Flower":[21],"counters":[26,174],"Blue Candle":[0],"Bag of Preparation":[34],"Boot":[3],"Ornamental Fan":[272],"Pantograph":97,"Bronze Scales":[78],"obtain_stats":[{"Lee\u0027s Waffle":41,"Inserter":34,"Singing Bowl":30,"Happy Flower":43,"Blue Candle":48,"Bag of Preparation":19,"Boot":55,"White Beast Statue":26,"Ornamental Fan":12,"Pantograph":7,"Bronze Scales":54,"Orrery":4,"Philosopher\u0027s Stone":17,"Bag of Marbles":10,"Membership Card":27,"Cracked Core":0,"Toy Ornithopter":27,"FossilizedHelix":36},{"Lee\u0027s Waffle":18,"Inserter":16,"Singing Bowl":15,"Happy Flower":19,"Blue Candle":22,"Bag of Preparation":9,"Boot":25,"White Beast Statue":13,"Ornamental Fan":6,"Pantograph":3,"Bronze Scales":24,"Orrery":2,"Philosopher\u0027s Stone":8,"Bag of Marbles":4,"Membership Card":13,"Cracked Core":0,"Toy Ornithopter":13,"FossilizedHelix":18},{"Lee\u0027s Waffle":107,"Inserter":91,"Singing Bowl":77,"Happy Flower":111,"Blue Candle":132,"Bag of Preparation":45,"Boot":171,"White Beast Statue":65,"Ornamental Fan":25,"Pantograph":14,"Bronze Scales":162,"Orrery":5,"Philosopher\u0027s Stone":40,"Bag of Marbles":18,"Membership Card":65,"Cracked Core":0,"Toy Ornithopter":65,"FossilizedHelix":107}],"Toy Ornithopter":25},"card_choices":[{"not_picked":["Stack","Rebound"],"picked":"Ball Lightning","floor":1.0},{"not_picked":["Static Discharge","Stack"],"picked":"Streamline","floor":3.0},{"not_picked":["Barrage","Capacitor"],"picked":"Glacier","floor":4.0},{"not_picked":["Rip and Tear","Gash"],"picked":"All For One","floor":4.0},{"not_picked":["Creative AI","Sweeping Beam"],"picked":"Gash","floor":4.0},{"not_picked":["Leap","Hello World"],"picked":"Conserve Battery","floor":4.0},{"not_picked":["Self Repair","Thunder Strike"],"picked":"Go for the Eyes","floor":4.0},{"not_picked":["Coolheaded","Leap"],"picked":"Ball Lightning","floor":7.0},{"not_picked":["Scrape","Lockon","Beam Cell"],"picked":"SKIP","floor":10.0},{"not_picked":["Fusion","Loop"],"picked":"Go for the Eyes","floor":11.0},{"not_picked":["Go for the Eyes","White Noise"],"picked":"BootSequence","floor":12.0},{"not_picked":["Tempest","Sunder"],"picked":"Glacier","floor":13.0},{"not_picked":["Echo Form","Meteor Strike"],"picked":"Seek","floor":16},{"not_picked":["Ball Lightning+1","Force Field"],"picked":"Steam+1","floor":18},{"not_picked":["Scrape","Hologram"],"picked":"Gash","floor":20},{"not_picked":["Consume","Leap"],"picked":"Defragment","floor":21},{"not_picked":["Streamline+1","Go for the Eyes"],"picked":"Chill","floor":22},{"not_picked":["Static Discharge","Streamline","Fusion"],"picked":"SKIP","floor":24},{"not_picked":["Aggregate","Turbo"],"picked":"Self Repair","floor":29},{"not_picked":["Sweeping Beam","Go for the Eyes"],"picked":"Core Surge","floor":30},{"not_picked":["Meteor Strike","Multi-Cast"],"picked":"Biased Cognition","floor":33},{"not_picked":["Conserve Battery+1","Static Discharge","Stack"],"picked":"Singing Bowl","floor":35},{"not_picked":["Cold Snap","Rip and Tear","Doom and Gloom"],"picked":"Singing Bowl","floor":36},{"not_picked":["Dark Shackles","Flash of Steel","Forethought"],"picked":"Singing Bowl","floor":37},{"not_picked":["Ball Lightning","Heatsinks+1"],"picked":"Gash","floor":42},{"not_picked":["Barrage","Steam+1","Storm"],"picked":"Singing Bowl","floor":45},{"not_picked":["Turbo","Cold Snap","Leap+1"],"picked":"Singing Bowl","floor":47},{"not_picked":["Compile Driver","Leap","Meteor Strike"],"picked":"Singing Bowl","floor":48},{"not_picked":["Beam Cell","Ball Lightning","Compile Driver"],"picked":"Singing Bowl","floor":55}],"player_experience":1697815,"relics_obtained":[{"floor":7.0,"key":"Pantograph"},{"floor":10.0,"key":"Bag of Marbles"},{"floor":12.0,"key":"Ornamental Fan"},{"floor":26,"key":"White Beast Statue"},{"floor":30,"key":"Singing Bowl"},{"floor":36,"key":"FossilizedHelix"},{"floor":43,"key":"Happy Flower"},{"floor":48,"key":"Blue Candle"},{"floor":55,"key":"Boot"}],"event_choices":[{"damage_healed":0.0,"max_hp_gain":0.0,"max_hp_loss":0.0,"gold_gain":150.0,"event_name":"Liars Game","player_choice":"AGREE","floor":2.0,"gold_loss":0.0,"damage_taken":0.0,"cards_obtained":["Doubt"]},{"damage_healed":0.0,"max_hp_gain":0.0,"max_hp_loss":0.0,"gold_gain":54.0,"event_name":"Golden Wing","player_choice":"Gained Gold","floor":5.0,"gold_loss":0.0,"damage_taken":0.0},{"damage_healed":0.0,"max_hp_gain":0.0,"max_hp_loss":0.0,"gold_gain":0.0,"event_name":"Living Wall","player_choice":"Grow","floor":14.0,"gold_loss":0.0,"damage_taken":0.0,"cards_upgraded":["Defragment"]},{"damage_healed":0,"gold_gain":0,"player_choice":"Gave Potion","damage_taken":0,"relics_obtained":["Bag of Preparation"],"max_hp_gain":0,"max_hp_loss":0,"event_name":"WeMeetAgain","floor":19,"gold_loss":0},{"damage_healed":0,"gold_gain":0,"player_choice":"Got Potions","damage_taken":0,"max_hp_gain":0,"max_hp_loss":0,"event_name":"Lab","floor":28,"gold_loss":0},{"damage_healed":0,"gold_gain":0,"player_choice":"Fight","damage_taken":0,"max_hp_gain":0,"max_hp_loss":0,"event_name":"MindBloom","floor":36,"gold_loss":0},{"damage_healed":0,"gold_gain":0,"player_choice":"Memory 1","damage_taken":0,"max_hp_gain":0,"max_hp_loss":0,"event_name":"SensoryStone","floor":37,"gold_loss":0},{"cards_removed":["Streamline"],"damage_healed":0,"gold_gain":0,"player_choice":"Removed Attack","damage_taken":0,"max_hp_gain":0,"max_hp_loss":0,"event_name":"Falling","floor":38,"gold_loss":0},{"damage_healed":0,"gold_gain":0,"player_choice":"Ignored","damage_taken":0,"max_hp_gain":0,"max_hp_loss":0,"event_name":"Tomb of Lord Red Mask","floor":39,"gold_loss":0}],"is_beta":false,"boss_relics":[{"not_picked":["Tiny House","Empty Cage"],"picked":"Philosopher\u0027s Stone"},{"not_picked":["Snecko Eye","Astrolabe"],"picked":"Inserter"}],"items_purged_floors":[4,27],"is_endless":false,"potions_floor_spawned":[3,10,12,13,21,22,29,30,33,35,36,42,45,47,48,55],"killed_by":"The Heart","ascension_level":20}}