{"host":"d61fcf2p3sjwe6yo","time":1611356709,"event":{"mods":["AchievementEnabler","BaseMod","Colored Map","Downfall","Minty Spire (QoL Compilation)","StSLib","SuperFastMode"],"gold_per_floor":[0,175,175,189,189,208,232,132,149,177,177,193,226,26,41,144,144,144,159,259,321,336,336,336,352,352,402,461,146,196,229,245,350,350,250,298,429,569,619,669,669,443,453,463,521,421,486,172,220,250,250,312,5,5,5,5],"floor_reached":57,"language":"ENG","playtime":4346,"items_purged":["sneckomod:Strike","Pride","sneckomod:Strike+1","Normality","Pain"],"score":2035,"play_id":"4cee2cec-7b58-412a-8e01-c5ab8d5baadb","local_time":"20210123020509","is_ascension_mode":true,"campfire_choices":[{"floor":1,"key":"RECALL"}],"circlet_count":0,"master_deck":["AscendersBane","sneckomod:Defend","sneckomod:Defend","sneckomod:SnekBite","sneckomod:Unknown","sneckomod:Unknown","sneckomod:QuickBite","sneckomod:UnknownBlock","sneckomod:UnknownStrike","Slimebound:LivingWall+1","sneckomod:MorePower","Guardian:CurlUp","sneckomod:UnknownBlock","sneckomod:UnknownRareAttack+1","sneckomod:QuickMove","sneckomod:UnknownExhaust+1","Slimebound:GoopSpray+1","sneckomod:UnknownUncommonSkill+1","sneckomod:UnknownCommonAttack+1","sneckomod:UnknownRareSkill+1","Guardian:ConstructionForm","sneckomod:UnknownDraw","Wish+1","sneckomod:UnknownWeak+1","sneckomod:UnknownRareAttack+1","sneckomod:QuickBite+1","sneckomod:SerpentMind","Slimebound:LivingWall+1","sneckomod:Unknown2Cost+1","sneckomod:UnknownClassGUARDIAN+1","sneckomod:UnknownRareAttack+1","sneckomod:SerpentIdol","sneckomod:QuickMove+1","Ragnarok+1","sneckomod:UnknownDexterity+1","sneckomod:SerpentIdol+1","sneckomod:UnknownDraw+1","sneckomod:UnknownDexterity+1","Slimebound:DuplicatedForm+1"],"relics":["sneckomod:SneckoSoul","PreservedInsect","downfall:HeartBlessingRed","Mummified Hand","Orichalcum","Membership Card","Sozu","downfall:CloakOfManyFaces","CultistMask","FaceOfCleric","NlothsMask","GremlinMask","SsserpentHead","Bag of Marbles","Nunchaku","Torii","Pocketwatch","Lantern","expansioncontent:StudyCardRelic","downfall:HeartBlessingGreen","champ:DuelingGlove","Pear","downfall:ExtraCursedKey","Bird Faced Urn","Boot","downfall:HeartBlessingBlue","Vajra","ClockworkSouvenir","InkBottle","Shuriken","sneckomod:CleanMud","Gambling Chip"],"acts_visited":["Exordium","TheCity","TheBeyond","TheEnding"],"potions_floor_usage":[10,15,16],"damage_taken":[{"damage":5,"enemies":"Small Slimes","floor":4,"turns":3},{"damage":11,"enemies":"Jaw Worm","floor":6,"turns":4},{"damage":1,"enemies":"Cultist","floor":9,"turns":3},{"damage":12,"enemies":"Gremlin Nob","floor":10,"turns":3},{"damage":9,"enemies":"Exordium Thugs","floor":12,"turns":5},{"damage":18,"enemies":"3 Sentries","floor":13,"turns":6},{"damage":0,"enemies":"downfall:FleeingMerchant","floor":14,"turns":4},{"damage":10,"enemies":"Exordium Wildlife","floor":15,"turns":6},{"damage":6,"enemies":"WA_ARCHETYPE_RETAIN","floor":16,"turns":14},{"damage":6,"enemies":"3 Byrds","floor":19,"turns":4},{"damage":0,"enemies":"downfall:FaceTrader","floor":20,"turns":12},{"damage":0,"enemies":"Chosen","floor":21,"turns":4},{"damage":10,"enemies":"Shelled Parasite and Fungi","floor":22,"turns":6},{"damage":9,"enemies":"Snecko","floor":25,"turns":5},{"damage":7,"enemies":"Book of Stabbing","floor":28,"turns":7},{"damage":0,"enemies":"downfall:FleeingMerchant","floor":29,"turns":4},{"damage":7,"enemies":"Slavers","floor":31,"turns":4},{"damage":0,"enemies":"3 Cultists","floor":32,"turns":3},{"damage":63,"enemies":"DF_ARCHETYPE_CLAW","floor":33,"turns":12},{"damage":0,"enemies":"3 Shapes","floor":36,"turns":4},{"damage":18,"enemies":"2 Orb Walkers","floor":37,"turns":4},{"damage":0,"enemies":"downfall:FleeingMerchant","floor":38,"turns":2},{"damage":15,"enemies":"3 Darklings","floor":43,"turns":3},{"damage":4,"enemies":"Jaw Worm Horde","floor":44,"turns":4},{"damage":4,"enemies":"Giant Head","floor":45,"turns":5},{"damage":4,"enemies":"Spire Growth","floor":47,"turns":4},{"damage":0,"enemies":"3 Darklings","floor":49,"turns":3},{"damage":0,"enemies":"IC_BLOCK_ARCHETYPE","floor":50,"turns":5},{"damage":15,"enemies":"downfall:CharBossMerchant","floor":52,"turns":7},{"damage":15,"enemies":"downfall:NeowBoss","floor":55,"turns":8},{"damage":0,"enemies":"downfall:NeowBossFinal","floor":56,"turns":9}],"seed_played":"-8181966504837960516","potions_obtained":[{"floor":6,"key":"Weak Potion"},{"floor":12,"key":"AttackPotion"},{"floor":13,"key":"Energy Potion"},{"floor":16,"key":"Guardian:BlockOnCardUsePotion"}],"is_trial":false,"path_per_floor":["R","?","?","M","?","M","T","R","M","E","R","M","E","$","M","B",null,"R","M","?","M","M","R","T","M","R","?","E","$","?","E","M","B",null,"R","M","?","$","?","?","T","$","M","M","E","R","M","$","M","B",null,"E","$","R","B","B",null],"character_chosen":"THE_SNECKO","items_purchased":["Membership Card","sneckomod:UnknownClassGUARDIAN","Torii","Pocketwatch","Pear","Bird Faced Urn","Vajra","ClockworkSouvenir","InkBottle","sneckomod:CleanMud","Gambling Chip"],"campfire_rested":0,"item_purchase_floors":[14,29,29,29,38,42,48,48,48,53,53],"current_hp_per_floor":[81,81,81,76,76,65,65,65,64,52,52,43,25,25,15,9,70,70,64,64,65,70,70,70,74,74,74,68,69,69,63,64,2,77,77,84,67,82,82,82,82,82,70,79,96,106,115,115,124,135,135,124,124,124,137,138],"gold":5,"neow_bonus":"TRANSFORM_TWO_CARDS","is_daily":false,"chose_seed":false,"campfire_upgraded":0,"win_rate":0.0,"timestamp":1611356709,"path_taken":["R","?","?","M","?","M","T","R","M","E","R","?","E","?","M","BOSS","R","M","?","?","M","R","T","M","R","?","E","$","?","E","M","BOSS","R","M","?","$","?","?","T","$","M","M","E","R","?","?","M","BOSS","E","$","R","BOSS","BOSS"],"items_purchased_type":["Relic","Card","Relic","Relic","Relic","Relic","Relic","Relic","Relic","Relic","Relic"],"build_version":"2020-12-22","purchased_purges":5,"victory":true,"max_hp_per_floor":[90,90,90,90,90,90,90,90,90,90,90,90,90,90,90,90,90,90,90,90,91,96,96,96,97,97,97,98,99,99,100,101,102,102,102,103,104,119,119,119,119,119,120,121,122,132,133,133,134,135,135,136,136,136,137,138],"card_choices":[{"not_picked":["sneckomod:SoulRoll","sneckomod:QuickBite"],"picked":"sneckomod:UnknownBlock","floor":4},{"not_picked":["sneckomod:SoulRoll","sneckomod:UnknownBoss"],"picked":"sneckomod:UnknownStrike","floor":6},{"not_picked":["sneckomod:UnknownDraw","sneckomod:QuickMove"],"picked":"sneckomod:Unknown1Cost","floor":9},{"not_picked":["sneckomod:IronFang","sneckomod:ImprovisedAttack"],"picked":"sneckomod:MorePower","floor":10},{"not_picked":["sneckomod:UnknownClassHEXA_GHOST_PURPLE+1","sneckomod:UnknownCommonAttack+1"],"picked":"sneckomod:UnknownWeak+1","floor":12},{"not_picked":["sneckomod:IronFang","sneckomod:Unknown1Cost","sneckomod:DiceBlock"],"picked":"SKIP","floor":12},{"not_picked":["sneckomod:Unknown+1","sneckomod:UnknownClassHEXA_GHOST_PURPLE+1"],"picked":"sneckomod:UnknownCommonSkill+1","floor":13},{"not_picked":["sneckomod:SoulDraw","sneckomod:WideSting"],"picked":"sneckomod:UnknownBlock","floor":13},{"not_picked":["sneckomod:Unknown1Cost+1","sneckomod:UnknownClassGREEN+1"],"picked":"sneckomod:UnknownRareAttack+1","floor":14},{"not_picked":["sneckomod:UnknownColorless","sneckomod:SoulRoll"],"picked":"sneckomod:QuickMove","floor":14},{"not_picked":["sneckomod:UnknownUncommonSkill+1","sneckomod:UnknownBlock+1"],"picked":"sneckomod:UnknownExhaust+1","floor":15},{"not_picked":["sneckomod:UnknownDraw","sneckomod:ImprovisedAttack","sneckomod:QuickBite"],"picked":"SKIP","floor":15},{"not_picked":["sneckomod:UnknownUncommonPower+1","sneckomod:UnknownCommonAttack+1"],"picked":"sneckomod:UnknownRareAttack+1","floor":16},{"not_picked":["sneckomod:Transmogrify","sneckomod:Unknown3Cost"],"picked":"sneckomod:UnknownRarePower","floor":16},{"not_picked":["sneckomod:Nope","sneckomod:QuickBite","sneckomod:RainOfDice"],"picked":"SKIP","floor":19},{"not_picked":["sneckomod:UnknownClassGREEN+1","sneckomod:Unknown+1"],"picked":"sneckomod:UnknownUncommonSkill+1","floor":20},{"not_picked":["sneckomod:UnknownClassSLIMEBOUND","sneckomod:UnknownCommonSkill"],"picked":"sneckomod:UnknownCommonAttack+1","floor":20},{"not_picked":["sneckomod:DiceBlock","sneckomod:SoulRoll","sneckomod:CheapStock"],"picked":"SKIP","floor":21},{"not_picked":["sneckomod:UnknownUncommonSkill+1","sneckomod:UnknownWeak+1"],"picked":"sneckomod:UnknownRareSkill+1","floor":22},{"not_picked":["sneckomod:IronFang","sneckomod:UnknownBlock","sneckomod:DiceBlock"],"picked":"SKIP","floor":22},{"not_picked":["sneckomod:UnknownUncommonSkill+1","sneckomod:UnknownBoss+1"],"picked":"sneckomod:UnknownRareSkill+1","floor":25},{"not_picked":["sneckomod:DefensiveFlair","sneckomod:DiceBlock"],"picked":"sneckomod:UnknownDraw","floor":25},{"not_picked":["sneckomod:RainOfDice","sneckomod:SoulCleanse","sneckomod:DiceBlock"],"picked":"SKIP","floor":28},{"not_picked":["sneckomod:UnknownCommonAttack","sneckomod:UnknownBlock","sneckomod:DefensiveFlair+1"],"picked":"SKIP","floor":29},{"not_picked":["sneckomod:SoulCleanse","sneckomod:ImprovisedGuard"],"picked":"sneckomod:UnknownWeak+1","floor":31},{"not_picked":["sneckomod:UnknownCommonSkill+1","sneckomod:UnknownUncommonPower+1"],"picked":"sneckomod:UnknownRareAttack+1","floor":32},{"not_picked":["sneckomod:SoulExchange","sneckomod:WideSting"],"picked":"sneckomod:QuickBite+1","floor":32},{"not_picked":["sneckomod:Restock","sneckomod:UnknownRarePower"],"picked":"sneckomod:SerpentMind","floor":33},{"not_picked":["sneckomod:UnknownCommonSkill+1","sneckomod:Unknown1Cost+1"],"picked":"sneckomod:Unknown2Cost+1","floor":36},{"not_picked":["sneckomod:DefensiveFlair","sneckomod:IronFang","sneckomod:SnekBeam"],"picked":"SKIP","floor":36},{"not_picked":["sneckomod:UnknownRareSkill+1","sneckomod:UnknownUncommonPower+1"],"picked":"sneckomod:UnknownRarePower+1","floor":37},{"not_picked":["sneckomod:Nope+1","sneckomod:RainOfDice+1"],"picked":"sneckomod:UnknownClassGUARDIAN+1","floor":37},{"not_picked":["sneckomod:UnknownStrike","sneckomod:Nope","sneckomod:UnknownClassPURPLE"],"picked":"SKIP","floor":38},{"not_picked":["sneckomod:UnknownClassPURPLE","sneckomod:UnknownUncommonPower+1","sneckomod:DefensiveFlair"],"picked":"SKIP","floor":43},{"not_picked":["sneckomod:UnknownColorless+1","sneckomod:Unknown0Cost+1"],"picked":"sneckomod:UnknownRareAttack+1","floor":44},{"not_picked":["sneckomod:WideSting+1","sneckomod:UnknownDraw+1"],"picked":"sneckomod:SerpentIdol","floor":44},{"not_picked":["sneckomod:SoulExchange","sneckomod:SlitherStrike"],"picked":"sneckomod:QuickMove+1","floor":45},{"not_picked":["sneckomod:UnknownClassRED+1","sneckomod:UnknownClassPURPLE+1"],"picked":"sneckomod:UnknownDexterity+1","floor":47},{"not_picked":["sneckomod:QuickBite","sneckomod:ImprovisedGuard"],"picked":"sneckomod:SerpentIdol+1","floor":47},{"not_picked":["sneckomod:WideSting+1","sneckomod:UnknownBlock+1"],"picked":"sneckomod:UnknownDraw+1","floor":49},{"not_picked":["sneckomod:Unknown2Cost+1","sneckomod:UnknownClassTHE_BRONZE_AUTOMATON+1"],"picked":"sneckomod:UnknownDexterity+1","floor":52},{"not_picked":["sneckomod:SoulCleanse+1","sneckomod:DangerNoodle","sneckomod:SnekBeam+1"],"picked":"SKIP","floor":52}],"player_experience":672347,"relics_obtained":[{"floor":7,"key":"PreservedInsect"},{"floor":10,"key":"Mummified Hand"},{"floor":13,"key":"Orichalcum"},{"floor":20,"key":"downfall:CloakOfManyFaces"},{"floor":28,"key":"Nunchaku"},{"floor":31,"key":"Lantern"},{"floor":37,"key":"champ:DuelingGlove"},{"floor":45,"key":"Boot"},{"floor":52,"key":"Shuriken"}],"event_choices":[{"cards_removed":["Doubt"],"damage_healed":0,"gold_gain":0,"player_choice":"Card Removal","damage_taken":0,"max_hp_gain":0,"max_hp_loss":0,"event_name":"The Cleric","floor":3,"gold_loss":0},{"cards_removed":["sneckomod:TailWhip"],"damage_healed":0,"gold_gain":0,"player_choice":"Card Removal","damage_taken":0,"max_hp_gain":0,"max_hp_loss":0,"event_name":"Wheel of Change","floor":5,"gold_loss":0},{"damage_healed":0,"gold_gain":0,"player_choice":"Stole Relic","damage_taken":0,"relics_obtained":["Bag of Marbles"],"max_hp_gain":0,"max_hp_loss":0,"event_name":"Addict","floor":27,"gold_loss":0,"cards_obtained":["Pride"]},{"damage_healed":0,"gold_gain":0,"player_choice":"Got Potions","damage_taken":0,"max_hp_gain":0,"max_hp_loss":0,"event_name":"Lab","floor":30,"gold_loss":0},{"damage_healed":0,"gold_gain":0,"player_choice":"Fight","damage_taken":0,"max_hp_gain":0,"max_hp_loss":0,"event_name":"Mysterious Sphere","floor":37,"gold_loss":0},{"cards_removed":["sneckomod:UnknownClassGUARDIAN"],"damage_healed":0,"gold_gain":0,"player_choice":"Removed Skill","damage_taken":0,"max_hp_gain":0,"max_hp_loss":0,"event_name":"Falling","floor":39,"gold_loss":0}],"is_beta":false,"boss_relics":[{"not_picked":["bronze:MakeshiftBattery","sneckomod:SuperSneckoSoul"],"picked":"Sozu"},{"not_picked":["Calling Bell","Coffee Dripper"],"picked":"expansioncontent:StudyCardRelic"}],"items_purged_floors":[14,29,38,42,48],"is_endless":false,"potions_floor_spawned":[6,12,13,16,19,20,21,25,33,43,47],"ascension_level":11}}