{"host":"351d9t7r3ml2qsdm","time":1611303372,"event":{"mods":["Act Like it!","Arknights The Spire","Ascension Reborn","BaseMod","Gensokyo","Lobotomy","LobotomyExtend","Minty Spire (QoL Compilation)","Pale of the Ancients","Spicy Shops","StSLib","TestMod","¡¾ÒÅÎï¿¨ÅÆ¡¿REMEMod"],"gold_per_floor":[113,113,113,131,131,159,224,224,224,224,224,241,184,199,199,301,301,301,142,159,159,177,207,224,538,563,563,593,593,593,613,613,725,725,736,761,761,781,781,820,820,820,900,900,919,929,929,455,455,491],"floor_reached":51,"language":"ZHS","playtime":2320,"items_purged":["ats:Strike C"],"score":836,"play_id":"752db480-0d96-458c-b4ff-d1cbdf6afbc7","local_time":"20210122161612","is_ascension_mode":true,"campfire_choices":[{"data":"ats:Mental Burst","floor":8,"key":"SMITH"},{"data":"ats:Magnetic Hammer","floor":11,"key":"SMITH"},{"data":"ats:Emotion Absorption","floor":15,"key":"SMITH"},{"floor":27,"key":"REST"},{"data":"ats:Dogmatic Field","floor":29,"key":"SMITH"},{"data":"ats:Flame Of Heaven","floor":32,"key":"SMITH"},{"data":"ats:Spore Proliferation","floor":42,"key":"SMITH"},{"data":"ats:Rat Pack","floor":44,"key":"SMITH"},{"data":"ats:Roar Of Ursus","floor":47,"key":"SMITH"},{"floor":49,"key":"REST"}],"circlet_count":0,"master_deck":["ats:Strike G","ats:Strike S","ats:Strike V","ats:Armor Crushing Shot","ats:Defend","ats:Defend","ats:Defend","Machine Learning+1","ats:Blood Oath","ats:Powerful Strike+1","ats:Mental Burst+1","ats:Magnetic Hammer+1","ats:Charging Defense","ats:Dogmatic Field+1","ats:Ignite","ats:Sword Rain","ats:Sword Rain","ats:Leaping Hammer+1","ats:Apocalypse+1","ats:Rat Pack+1","ats:Flame Of Heaven+1","ats:Wolf Pack","ats:True Silver Slash","ats:Thermite Blade","ats:Mental Burst+1","ats:Spore Proliferation+1","ats:Roar Of Ursus+1","ats:Disruption Kick+1"],"relics":["ats:Sanity Plus","testmod-TestBox","REME_ComplimentaryCards","testmod-Brilliant","LetterFromLob","REME_HourglassOfDeath","ats:Originium","ats:Military Tradition","White Beast Statue","The Courier","HandDrill","testmod-TurbochargingSystem","FossilizedHelix","Lantern","Smiling Mask","testmod-TheFather","ats:Tactical Delivery","ats:Berate","Gensokyo:DualWield","Bottled Flame","testmod-ObsoleteBoomerang","Molten Egg 2","ats:Support","Whetstone","ats:Spiritual Recovery"],"acts_visited":["Exordium","Gensokyo:Gensokyoer","Gensokyo:Gensokyoest"],"potions_floor_usage":[24,33,46,51,51],"damage_taken":[{"damage":9,"enemies":"Jaw Worm","floor":1,"turns":5},{"damage":0,"enemies":"Small Slimes","floor":4,"turns":1},{"damage":22,"enemies":"3 Sentries","floor":6,"turns":3},{"damage":9,"enemies":"3 Sentries","floor":7,"turns":2},{"damage":0,"enemies":"2 Louse","floor":12,"turns":1},{"damage":0,"enemies":"Looter","floor":14,"turns":1},{"damage":4,"enemies":"Slime Boss","floor":16,"turns":5},{"damage":18,"enemies":"Gensokyo:3_Dogs","floor":20,"turns":2},{"damage":10,"enemies":"Gensokyo:2_Gloops","floor":22,"turns":4},{"damage":20,"enemies":"Gensokyo:Reisen","floor":23,"turns":4},{"damage":21,"enemies":"Gensokyo:Wraith","floor":24,"turns":3},{"damage":2,"enemies":"Gensokyo:Chomper_and_Gloop","floor":25,"turns":2},{"damage":7,"enemies":"Gensokyo:Tenshi","floor":28,"turns":6},{"damage":0,"enemies":"Gensokyo:Slime_Group","floor":31,"turns":1},{"damage":146,"enemies":"Gensokyo:Kaguya","floor":33,"turns":12},{"damage":0,"enemies":"Gensokyo:AncientGuardian","floor":35,"turns":2},{"damage":0,"enemies":"Gensokyo:3_Bats","floor":38,"turns":1},{"damage":25,"enemies":"Gensokyo:Marisa","floor":40,"turns":4},{"damage":0,"enemies":"Gensokyo:Sharpion","floor":45,"turns":3},{"damage":0,"enemies":"Gensokyo:4_Bats","floor":46,"turns":1},{"damage":0,"enemies":"Gensokyo:Scarlet_Devils","floor":50,"turns":8}],"seed_played":"-9200464918455082934","potions_obtained":[{"floor":4,"key":"EssenceOfSteel"},{"floor":6,"key":"EssenceOfSteel"},{"floor":12,"key":"Swift Potion"},{"floor":14,"key":"ats:Emergency Sanity Potion"},{"floor":22,"key":"FairyPotion"},{"floor":24,"key":"GamblersBrew"},{"floor":33,"key":"BlessingOfTheForge"},{"floor":35,"key":"BlessingOfTheForge"},{"floor":46,"key":"REME_GoldPotion"}],"is_trial":false,"path_per_floor":["M","?","?","M","$","E","?","R","T","T","R","M","$","M","R","B",null,"M","COS","M","?","M","E","M","M","T","R","E","R","?","M","R","B",null,"M","T","?","M","COS","E","?","R","T","R","M","M","R","$","R","B",null],"character_chosen":"DOCTOR_CLASS","items_purchased":["HandDrill","ats:Disruption Kick+1","ats:Support","Whetstone","ats:Spiritual Recovery"],"campfire_rested":2,"item_purchase_floors":[13,48,48,48,48],"current_hp_per_floor":[63,60,72,72,72,53,44,44,44,44,44,44,44,44,44,40,72,66,66,48,48,38,21,3,1,1,22,28,28,28,28,28,4,72,72,72,72,72,72,47,19,19,19,19,23,23,23,23,44,44],"gold":504,"neow_bonus":"UPGRADE_CARD","is_daily":false,"chose_seed":false,"campfire_upgraded":8,"win_rate":0.0,"timestamp":1611303372,"path_taken":["M","?","?","M","$","E","?","R","T","?","R","M","?","M","R","BOSS","M","COS","M","?","M","E","M","M","T","R","E","R","?","M","R","BOSS","M","?","?","M","COS","E","?","R","T","R","?","M","R","?","R","BOSS"],"items_purchased_type":["Relic","Card","Relic","Relic","Relic"],"build_version":"2020-12-22","purchased_purges":1,"victory":true,"max_hp_per_floor":[72,72,72,72,72,72,72,72,72,72,72,72,72,72,72,72,72,72,72,72,72,72,72,72,72,72,72,72,72,72,72,72,72,72,72,72,72,72,72,72,72,72,72,72,72,72,72,72,72,72],"card_choices":[{"not_picked":["ats:Flexible Camouflage","ats:Hook Shot"],"picked":"ats:Blood Oath","floor":1},{"not_picked":["ats:Curse Doll","ats:LN2 Cannon"],"picked":"ats:Powerful Strike","floor":4},{"not_picked":["ats:Healing Drone","ats:Curse Doll"],"picked":"ats:Mental Burst","floor":6},{"not_picked":["ats:Poison Spread","ats:Shadow Raid"],"picked":"ats:Magnetic Hammer","floor":7},{"not_picked":["ats:Curse Doll","ats:Poison Spread"],"picked":"ats:Charging Defense","floor":12},{"not_picked":["ats:Consecutive Shot Auto","ats:Powerful Strike","ats:Hammer On"],"picked":"SKIP","floor":14},{"not_picked":["ats:Rat Pack","ats:Fractured Body"],"picked":"ats:Dogmatic Field","floor":16},{"not_picked":["ats:Poison Spread","ats:Burning Ground+1"],"picked":"ats:Ignite","floor":20},{"not_picked":["ats:Thermite Blade","ats:Shell Defense+1"],"picked":"ats:Sword Rain","floor":22},{"not_picked":["ats:Revitalization","ats:Very Hot Blade","ats:Cat Scratch"],"picked":"SKIP","floor":23},{"not_picked":["ats:Flexible Camouflage","ats:Revitalization+1"],"picked":"ats:Leaping Hammer","floor":24},{"not_picked":["ats:Very Hot Blade+1","ats:Cat Scratch"],"picked":"ats:Apocalypse+1","floor":25},{"not_picked":["ats:Flexible Camouflage","ats:Rapid Magazine","ats:LN2 Cannon"],"picked":"SKIP","floor":28},{"not_picked":["ats:Automatic Cover","ats:Leaping Hammer"],"picked":"ats:Flame Of Heaven","floor":31},{"not_picked":["ats:Fractured Body","ats:Rat Pack"],"picked":"ats:Wolf Pack","floor":33},{"not_picked":["ats:Dogmatic Field","ats:Echo Reverb"],"picked":"ats:True Silver Slash","floor":33},{"not_picked":["ats:Part Time Job+1","ats:Counter Healing Mode"],"picked":"ats:Thermite Blade","floor":35},{"not_picked":["ats:Poison Spread+1","ats:Leaping Hammer"],"picked":"ats:Mental Burst+1","floor":38},{"not_picked":["ats:Demon Strength","ats:Curse Doll+1"],"picked":"ats:Spore Proliferation","floor":40},{"not_picked":["ats:Powerful Strike+1","ats:Blood Oath+1","ats:Closed Bolt Burst Fire+1"],"picked":"SKIP","floor":45},{"not_picked":["ats:Curse Doll+1","ats:Consecutive Shot Auto+1"],"picked":"ats:Roar Of Ursus","floor":46}],"player_experience":159828,"relics_obtained":[{"floor":1,"key":"LetterFromLob"},{"floor":6,"key":"ats:Originium"},{"floor":6,"key":"ats:Military Tradition"},{"floor":7,"key":"White Beast Statue"},{"floor":10,"key":"The Courier"},{"floor":23,"key":"ats:Originium"},{"floor":23,"key":"FossilizedHelix"},{"floor":26,"key":"Lantern"},{"floor":28,"key":"ats:Originium"},{"floor":28,"key":"testmod-TheFather"},{"floor":36,"key":"ats:Berate"},{"floor":40,"key":"Bottled Flame"},{"floor":43,"key":"Molten Egg 2"}],"event_choices":[{"damage_healed":0,"gold_gain":0,"player_choice":"Success","damage_taken":3,"relics_obtained":["REME_HourglassOfDeath"],"max_hp_gain":0,"max_hp_loss":0,"event_name":"Scrap Ooze","floor":2,"gold_loss":0},{"damage_healed":0,"gold_gain":30,"player_choice":"Searched \u00272\u0027 times","damage_taken":0,"max_hp_gain":0,"max_hp_loss":0,"event_name":"Dead Adventurer","floor":7,"gold_loss":0}],"is_beta":false,"boss_relics":[{"not_picked":["Snecko Eye","testmod-IncinerationGenerator"],"picked":"ats:Sanity Plus"},{"not_picked":["Cursed Key","Busted Crown"],"picked":"ats:Tactical Delivery"}],"items_purged_floors":[48],"is_endless":false,"potions_floor_spawned":[4,6,12,14,16,20,22,23,24,25,28,31,33,35,38,40,45,46],"ascension_level":0}}