{"host":"qxt9611uhnemh1bn","time":1611349365,"event":{"mods":["BaseMod","Hermit","Marisa（霧雨　魔理沙）","Minty Spire (QoL Compilation)","Remilia（蕾米莉?）","StSLib","The Bug Knight","The Cursed","The Hierophant","The Servant 0.9.4"],"gold_per_floor":[118,131,131,149,168,168,180,8,8,8,26,38,38,38],"floor_reached":13,"language":"ENG","playtime":894,"items_purged":["Strike_S"],"score":79,"play_id":"d8a47dc2-3894-491a-8fd3-42cf4c370c70","local_time":"20210122150245","is_ascension_mode":false,"campfire_choices":[{"data":"Luminosity","floor":6.0,"key":"SMITH"},{"data":"BestPractice","floor":10.0,"key":"SMITH"}],"circlet_count":0,"master_deck":["Strike_S","Strike_S","Strike_S","Defend_S","Defend_S","Defend_S","Defend_S","KidneyShot","Exchange","Contraction","Luminosity+1","Rewind","Rearm","Alleviate","BestPractice+1","Revamp","Rewind"],"relics":["Uniform","NeowsBlessing","Pantograph","Girya"],"acts_visited":["Exordium"],"potions_floor_usage":[],"damage_taken":[{"damage":0.0,"enemies":"Cultist","floor":1.0,"turns":1.0},{"damage":0.0,"enemies":"Jaw Worm","floor":2.0,"turns":1.0},{"damage":0.0,"enemies":"Small Slimes","floor":4.0,"turns":1.0},{"damage":0.0,"enemies":"2 Fungi Beasts","floor":5.0,"turns":5.0},{"damage":26.0,"enemies":"Exordium Thugs","floor":7.0,"turns":13.0},{"damage":0.0,"enemies":"3 Louse","floor":11.0,"turns":12.0},{"damage":0.0,"enemies":"Large Slime","floor":12.0,"turns":13.0},{"damage":6,"enemies":"Gremlin Nob","floor":13,"turns":3}],"seed_played":"-5469211759455891980","potions_obtained":[{"floor":1.0,"key":"SmokeBomb"},{"floor":7.0,"key":"CultistPotion"}],"is_trial":false,"path_per_floor":["M","M","?","M","M","R","M","$","T","R","M","M","E"],"character_chosen":"THE_SERVANT","items_purchased":["BestPractice","Revamp"],"campfire_rested":0,"item_purchase_floors":[8,8],"current_hp_per_floor":[65,65,58,58,58,58,32,32,32,32,32,32,26,26],"gold":38,"neow_bonus":"THREE_ENEMY_KILL","is_daily":false,"chose_seed":false,"campfire_upgraded":2,"win_rate":0.0,"timestamp":1611349365,"path_taken":["M","?","?","M","M","R","M","$","T","R","M","M","E"],"items_purchased_type":["Card","Card"],"build_version":"2020-12-22","purchased_purges":1,"victory":false,"max_hp_per_floor":[65,65,65,65,65,65,65,65,65,65,65,65,65,65],"card_choices":[{"not_picked":["Sabotage","Ricochet"],"picked":"Contraction","floor":1.0},{"not_picked":["Unruled","Rewind"],"picked":"Luminosity","floor":2.0},{"not_picked":["SpecialFormula","TimeWarp"],"picked":"Rewind","floor":4.0},{"not_picked":["BottledTime","Deny"],"picked":"Rearm","floor":5.0},{"not_picked":["Sabotage","Rewind"],"picked":"Alleviate","floor":7.0},{"not_picked":["DoubleEdge","Advance"],"picked":"Rewind","floor":11.0},{"not_picked":["FastForward","Revamp","Spin"],"picked":"SKIP","floor":12.0}],"player_experience":215713,"relics_obtained":[{"floor":9.0,"key":"Girya"}],"event_choices":[{"damage_healed":0.0,"max_hp_gain":0.0,"max_hp_loss":0.0,"gold_gain":0.0,"event_name":"Scrap Ooze","player_choice":"Success","floor":3.0,"gold_loss":0.0,"damage_taken":7.0,"relics_obtained":["Pantograph"]}],"is_beta":false,"boss_relics":[],"items_purged_floors":[8],"is_endless":false,"potions_floor_spawned":[1,7],"killed_by":"Gremlin Nob","ascension_level":0}}