{"host":"ujwf7luo72v11cip","time":1611311416,"event":{"mods":["BaseMod","BetterRewards","Colored Powertips","Minty Spire (QoL Compilation)","Quick Restart","Rare Cards Sparkle","Replay The Spire","StSLib","The Animator"],"gold_per_floor":[111,5,16,16,29,42,69,69,69,97,97,114,114,135,135,135,135],"floor_reached":16,"language":"ENG","playtime":1441,"items_purged":[],"score":112,"play_id":"9c03e9ee-af53-45ba-b1f7-761aa4ce8b56","local_time":"20210122053016","is_ascension_mode":false,"campfire_choices":[{"floor":8,"key":"REST"},{"floor":11,"key":"REST"},{"floor":15,"key":"REST"}],"circlet_count":0,"master_deck":["Strike_R","Strike_R","Strike_R","Strike_R","Defend_R","Defend_R","Defend_R","Defend_R","Bash","Anger","Pummel+1","Iron Wave","Warcry","Sever Soul","Juggernaut","ReplayTheSpireMod:LeadingStrike","Dark Embrace","Impervious","Cleave","Metallicize"],"relics":["Burning Blood","Another Sword","Mummified Hand","Golden Idol"],"acts_visited":["Exordium"],"potions_floor_usage":[16],"damage_taken":[{"damage":8,"enemies":"Jaw Worm","floor":1,"turns":6},{"damage":2,"enemies":"2 Louse","floor":3,"turns":2},{"damage":0,"enemies":"Small Slimes","floor":5,"turns":2},{"damage":10,"enemies":"Looter","floor":6,"turns":2},{"damage":46,"enemies":"3 Sentries","floor":7,"turns":8},{"damage":57,"enemies":"Gremlin Nob","floor":10,"turns":6},{"damage":19,"enemies":"Large Slime","floor":12,"turns":7},{"damage":15,"enemies":"Exordium Thugs","floor":14,"turns":4},{"damage":37,"enemies":"The Guardian","floor":16,"turns":10}],"seed_played":"1778618170108291633","potions_obtained":[{"floor":1,"key":"SpeedPotion"},{"floor":5,"key":"Dexterity Potion"},{"floor":7,"key":"Elixir"},{"floor":14,"key":"Elixir"}],"is_trial":false,"path_per_floor":["M","$","M","?","M","M","E","R","T","E","R","M","?","M","R","B"],"character_chosen":"IRONCLAD","items_purchased":["Pummel+1","Iron Wave"],"campfire_rested":3,"item_purchase_floors":[2,2],"current_hp_per_floor":[78,78,80,80,80,76,36,60,60,9,33,20,20,11,33,0,0],"gold":135,"neow_bonus":"","is_daily":false,"chose_seed":false,"campfire_upgraded":0,"win_rate":0.0,"timestamp":1611311416,"path_taken":["M","$","M","?","M","M","E","R","T","E","R","M","?","M","R","BOSS"],"items_purchased_type":["Card","Card"],"build_version":"2020-12-22","purchased_purges":0,"victory":false,"max_hp_per_floor":[80,80,80,80,80,80,80,80,80,80,80,80,74,74,74,74,74],"card_choices":[{"not_picked":["Cleave","ReplayTheSpireMod:Strike From Hell"],"picked":"Anger","floor":1},{"not_picked":["Headbutt","Pommel Strike"],"picked":"Warcry","floor":3},{"not_picked":["Anger","Cleave"],"picked":"Juggernaut","floor":5},{"not_picked":["Anger","Pommel Strike"],"picked":"ReplayTheSpireMod:LeadingStrike","floor":6},{"not_picked":["Iron Wave","Ghostly Armor"],"picked":"Dark Embrace","floor":7},{"not_picked":["Thunderclap","Perfected Strike"],"picked":"Impervious","floor":10},{"not_picked":["Anger","Shrug It Off"],"picked":"Cleave","floor":12},{"not_picked":["Headbutt","Dark Embrace"],"picked":"Metallicize","floor":14}],"player_experience":0,"relics_obtained":[{"floor":7,"key":"Another Sword"},{"floor":10,"key":"Mummified Hand"}],"event_choices":[{"damage_healed":0,"gold_gain":0,"cards_transformed":["Strike_R"],"player_choice":"Change","damage_taken":0,"max_hp_gain":0,"max_hp_loss":0,"event_name":"Living Wall","floor":4,"gold_loss":0,"cards_obtained":["Sever Soul"]},{"damage_healed":0,"gold_gain":0,"player_choice":"Lose Max HP","damage_taken":0,"relics_obtained":["Golden Idol"],"max_hp_gain":0,"max_hp_loss":6,"event_name":"Golden Idol","floor":13,"gold_loss":0}],"is_beta":false,"boss_relics":[],"items_purged_floors":[],"is_endless":false,"potions_floor_spawned":[1,5,7,14],"killed_by":"The Guardian","ascension_level":0}}