{"host":"2haferq23ht5nrlk","time":1611346676,"event":{"mods":["ATMod(°¢èªMod)","BaseMod","KomeijiMod","Minty Spire (QoL Compilation)","Quick Restart","Relic Stats","Replay The Spire","Spicy Shops","StSLib","UnlockEverythingMod","¡¾ÒÅÎï¿¨ÅÆ¡¿REMEMod"],"gold_per_floor":[115,128,140,140,22,55,55,82,106,106,106,106,123,173,199,212,212,291,291,301,321,32,48,62,97,97,97,97],"floor_reached":27,"language":"ZHS","playtime":1648,"items_purged":["Strike_B"],"score":506,"play_id":"7dffed5a-886b-474f-b0f6-6c0fbbe87035","local_time":"20210123041756","is_ascension_mode":true,"campfire_choices":[{"floor":7.0,"key":"REST"},{"floor":12.0,"key":"REST"},{"floor":17.0,"key":"REST"},{"floor":26,"key":"REST"}],"circlet_count":0,"master_deck":["AscendersBane","Strike_B","Strike_B","Strike_B","Defend_B","Defend_B+1","Defend_B","Defend_B","Zap","Dualcast","AT_EMC2+1","Compile Driver","Rebound","Coolheaded+1","Barrage","Redo","Coolheaded+1","Barrage","Cold Snap+1","Defragment","AT_ThreeBodyProblem","Electrodynamics","ReplayTheSpireMod:Calculation Training","Reboot","Chaos","Coolheaded","FIFO Queue","Redo","Conserve Battery","Blizzard"],"relics":["Cracked Core","AT_ATBox","REME_ComplimentaryCards","NeowsBlessing","Dream Catcher","Bag of Marbles","Gremlin Food","Smiling Mask","AT_TrinityForce","Membership Card","Raider\u0027s Mask","AT_TimeSand"],"acts_visited":["Exordium","TheCity"],"potions_floor_usage":[27],"damage_taken":[{"damage":0.0,"enemies":"2 Louse","floor":1.0,"turns":1.0},{"damage":0.0,"enemies":"Small Slimes","floor":2.0,"turns":1.0},{"damage":0.0,"enemies":"Cultist","floor":3.0,"turns":1.0},{"damage":33.0,"enemies":"3 Sentries","floor":6.0,"turns":8.0},{"damage":14.0,"enemies":"Lagavulin","floor":8.0,"turns":7.0},{"damage":5.0,"enemies":"Red Slaver","floor":13.0,"turns":3.0},{"damage":8.0,"enemies":"3 Sentries","floor":15.0,"turns":9.0},{"damage":8.0,"enemies":"Looter","floor":16.0,"turns":4.0},{"damage":16.0,"enemies":"Slime Boss","floor":18.0,"turns":8.0},{"damage":5.0,"enemies":"Chosen","floor":20.0,"turns":3.0},{"damage":0.0,"enemies":"3 Byrds","floor":21.0,"turns":2.0},{"damage":4.0,"enemies":"Sentry and Sphere","floor":23.0,"turns":5.0},{"damage":9,"enemies":"Centurion and Healer","floor":24,"turns":8},{"damage":31,"enemies":"Gremlin Leader","floor":25,"turns":4},{"damage":31,"enemies":"Book of Stabbing","floor":27,"turns":2}],"seed_played":"8986679496990518064","potions_obtained":[{"floor":3.0,"key":"Dexterity Potion"},{"floor":6.0,"key":"DistilledChaos"},{"floor":8.0,"key":"Languid Potion"},{"floor":13.0,"key":"Block Potion"},{"floor":15.0,"key":"Energy Potion"},{"floor":25,"key":"SteroidPotion"}],"is_trial":false,"path_per_floor":["M","M","M","?","$","E","R","E","T","PTL","PTL","R","M","?","E","M","R","B",null,"M","M","$","M","M","E","R","E"],"character_chosen":"DEFECT","items_purchased":["Barrage","Membership Card","FIFO Queue","Raider\u0027s Mask"],"campfire_rested":4,"item_purchase_floors":[5,22,22,22],"current_hp_per_floor":[64,64,64,43,43,10,31,17,17,17,17,38,33,33,25,17,38,22,59,54,54,54,50,41,10,31,0,0],"gold":97,"neow_bonus":"THREE_ENEMY_KILL","is_daily":false,"chose_seed":false,"campfire_upgraded":0,"win_rate":0.0,"timestamp":1611346676,"path_taken":["M","M","M","?","$","E","R","E","T","PTL","PTL","R","M","?","E","M","R","BOSS","M","M","$","M","M","E","R","E"],"items_purchased_type":["Card","Relic","Card","Relic"],"build_version":"2020-12-22","purchased_purges":1,"victory":false,"max_hp_per_floor":[71,71,71,71,71,71,71,71,71,71,71,71,71,71,71,71,71,71,71,71,71,71,71,71,71,71,71,71],"relic_stats":{"Dream Catcher":4,"counters":[15,66],"Smiling Mask":0,"obtain_stats":[{"Gremlin Food":9,"Dream Catcher":6,"AT_ATBox":0,"NeowsBlessing":0,"AT_TrinityForce":19,"Bag of Marbles":8,"AT_TimeSand":25,"Membership Card":22,"Raider\u0027s Mask":22,"Cracked Core":0,"Smiling Mask":15,"REME_ComplimentaryCards":0},{"Gremlin Food":5,"Dream Catcher":4,"AT_ATBox":0,"NeowsBlessing":0,"AT_TrinityForce":9,"Bag of Marbles":5,"AT_TimeSand":14,"Membership Card":11,"Raider\u0027s Mask":11,"Cracked Core":0,"Smiling Mask":7,"REME_ComplimentaryCards":0},{"Gremlin Food":18,"Dream Catcher":11,"AT_ATBox":0,"NeowsBlessing":0,"AT_TrinityForce":42,"Bag of Marbles":18,"AT_TimeSand":64,"Membership Card":47,"Raider\u0027s Mask":47,"Cracked Core":0,"Smiling Mask":30,"REME_ComplimentaryCards":0}]},"card_choices":[{"not_picked":["Skim","Undo"],"picked":"Compile Driver","floor":1.0},{"not_picked":["Gash","ReplaySort"],"picked":"Rebound","floor":2.0},{"not_picked":["BootSequence","Sweeping Beam"],"picked":"Coolheaded","floor":3.0},{"not_picked":["Conserve Battery","AT_RightCognition"],"picked":"Redo","floor":6.0},{"not_picked":["Glacier","Compile Driver"],"picked":"Coolheaded","floor":7.0},{"not_picked":["Hologram","Beam Cell"],"picked":"Barrage","floor":8.0},{"not_picked":["Panic Button","Hologram"],"picked":"Cold Snap","floor":12.0},{"not_picked":["Beam Cell","REME_Compress"],"picked":"Defragment","floor":13.0},{"not_picked":["Compile Driver","FTL"],"picked":"AT_ThreeBodyProblem","floor":15.0},{"not_picked":["Go for the Eyes","AT_HeatAcrobatics"],"picked":"Electrodynamics","floor":16.0},{"not_picked":["Sweeping Beam","Compile Driver"],"picked":"ReplayTheSpireMod:Calculation Training","floor":17.0},{"not_picked":["Creative AI","All For One"],"picked":"Reboot","floor":18.0},{"not_picked":["Gash","AT_HeatAcrobatics"],"picked":"Chaos","floor":20.0},{"not_picked":["ReplayTheSpireMod:Reroute Power","Leap"],"picked":"Coolheaded","floor":21.0},{"not_picked":["REME_Compress","Meteor Strike","AT_HeatAcrobatics"],"picked":"SKIP","floor":23.0},{"not_picked":["Coolheaded","Hologram"],"picked":"Redo","floor":24},{"not_picked":["Panic Button","Steam"],"picked":"Conserve Battery","floor":25},{"not_picked":["Rebound","Turbo"],"picked":"Blizzard","floor":26}],"player_experience":5398,"relics_obtained":[{"floor":6.0,"key":"Dream Catcher"},{"floor":8.0,"key":"Bag of Marbles"},{"floor":9.0,"key":"Gremlin Food"},{"floor":15.0,"key":"Smiling Mask"},{"floor":25,"key":"AT_TimeSand"}],"event_choices":[{"damage_healed":0.0,"max_hp_gain":0.0,"max_hp_loss":0.0,"gold_gain":0.0,"event_name":"Shining Light","player_choice":"Entered Light","floor":4.0,"gold_loss":0.0,"damage_taken":21.0,"cards_upgraded":["Defend_B","Coolheaded"]},{"damage_healed":0.0,"max_hp_gain":0.0,"max_hp_loss":0.0,"gold_gain":50.0,"event_name":"Golden Shrine","player_choice":"Pray","floor":14.0,"gold_loss":0.0,"damage_taken":0.0}],"is_beta":false,"boss_relics":[{"not_picked":["Tiny House","Pandora\u0027s Box"],"picked":"AT_TrinityForce"}],"items_purged_floors":[5],"is_endless":false,"potions_floor_spawned":[3,6,8,13,15,25],"killed_by":"Book of Stabbing","ascension_level":20}}