{"host":"6rz02yiipefhcw4r","time":1611285317,"event":{"mods":["2.2 Compatiblity","BaseMod","Block Reminder","Colored Map","DeckTracker","Googly Eyes","Minty Spire (QoL Compilation)","Quick Restart","Rare Cards Sparkle","StSLib"],"gold_per_floor":[113,113,113,37,61,96,96,76,76,99,138,159,182,203,203,203,203],"floor_reached":16,"language":"ENG","playtime":437,"items_purged":[],"score":274,"play_id":"de89603c-430f-4a11-9672-4731368e6d93","local_time":"20210122011517","is_ascension_mode":true,"campfire_choices":[{"data":"Uppercut","floor":7,"key":"SMITH"},{"data":"Rupture","floor":15,"key":"SMITH"}],"circlet_count":0,"master_deck":["AscendersBane","Strike_R","Strike_R","Strike_R","Strike_R","Defend_R","Defend_R","Defend_R","Defend_R","Bash","Pommel Strike","Bloodletting","Uppercut+1","Iron Wave","Rupture+1","Shrug It Off","Anger+1"],"relics":["Burning Blood","NeowsBlessing","Golden Idol","Happy Flower","Self Forming Clay","Molten Egg 2"],"acts_visited":["Exordium"],"potions_floor_usage":[16,16,16],"damage_taken":[{"damage":0,"enemies":"Small Slimes","floor":1,"turns":1},{"damage":0,"enemies":"Jaw Worm","floor":5,"turns":1},{"damage":0,"enemies":"Lagavulin","floor":6,"turns":1},{"damage":1,"enemies":"2 Louse","floor":10,"turns":3},{"damage":24,"enemies":"3 Sentries","floor":11,"turns":8},{"damage":12,"enemies":"Red Slaver","floor":12,"turns":3},{"damage":3,"enemies":"2 Fungi Beasts","floor":13,"turns":4},{"damage":9,"enemies":"Looter","floor":14,"turns":3},{"damage":54,"enemies":"Slime Boss","floor":16,"turns":5}],"seed_played":"6348803438042913824","potions_obtained":[{"floor":6,"key":"LiquidBronze"},{"floor":8,"key":"EntropicBrew"},{"floor":12,"key":"FearPotion"}],"is_trial":false,"path_per_floor":["M","?","?","$","M","E","R","?","T","M","E","M","M","M","R","B"],"character_chosen":"IRONCLAD","items_purchased":["Bloodletting"],"campfire_rested":0,"item_purchase_floors":[4],"current_hp_per_floor":[74,67,67,67,68,68,68,68,68,68,50,44,47,44,44,0,0],"gold":203,"neow_bonus":"THREE_ENEMY_KILL","is_daily":false,"chose_seed":false,"campfire_upgraded":2,"win_rate":0.0,"timestamp":1611285317,"path_taken":["M","?","?","$","M","E","R","?","T","M","E","M","M","?","R","BOSS"],"items_purchased_type":["Card"],"build_version":"2020-12-22","purchased_purges":0,"victory":false,"max_hp_per_floor":[75,75,68,68,68,68,68,68,68,68,68,68,68,68,68,68,68],"card_choices":[{"not_picked":["Iron Wave","Thunderclap"],"picked":"Pommel Strike","floor":1},{"not_picked":["Pommel Strike","Dark Embrace"],"picked":"Uppercut","floor":5},{"not_picked":["Wild Strike","Twin Strike"],"picked":"Iron Wave","floor":6},{"not_picked":["Warcry","Pommel Strike","Havoc"],"picked":"SKIP","floor":10},{"not_picked":["Entrench","Barricade"],"picked":"Rupture","floor":11},{"not_picked":["Twin Strike+1","Dropkick+1"],"picked":"Shrug It Off","floor":12},{"not_picked":["Dark Embrace","Warcry","Armaments"],"picked":"SKIP","floor":13},{"not_picked":["Rampage+1","Evolve"],"picked":"Anger+1","floor":14}],"player_experience":716615,"relics_obtained":[{"floor":6,"key":"Happy Flower"},{"floor":9,"key":"Self Forming Clay"},{"floor":11,"key":"Molten Egg 2"}],"event_choices":[{"cards_removed":["Strike_R"],"damage_healed":0,"gold_gain":0,"player_choice":"Card Removal","damage_taken":7,"max_hp_gain":0,"max_hp_loss":0,"event_name":"Golden Wing","floor":2,"gold_loss":0},{"damage_healed":0,"gold_gain":0,"player_choice":"Lose Max HP","damage_taken":0,"relics_obtained":["Golden Idol"],"max_hp_gain":0,"max_hp_loss":7,"event_name":"Golden Idol","floor":3,"gold_loss":0},{"damage_healed":0,"gold_gain":0,"player_choice":"Bought 1 Potion","damage_taken":0,"max_hp_gain":0,"max_hp_loss":0,"event_name":"The Woman in Blue","floor":8,"gold_loss":0}],"is_beta":false,"boss_relics":[],"items_purged_floors":[],"is_endless":false,"potions_floor_spawned":[6,11,12,14],"killed_by":"Slime Boss","ascension_level":20}}