{"host":"g01l53quoe6lrer0","time":1611338986,"event":{"mods":["2.2 Compatiblity","AchievementEnabler","BaseMod","Colored Map","Highlight Path","Keyboard Shortcuts","Minty Spire (QoL Compilation)","Permanent Neow","StSLib","SuperFastMode","everything is the same but u backflip on backflip"],"gold_per_floor":[112,123,133,133,133,133,167,167,167,202,202,9,9,29,29,131,131,150,162,181,197,197,197,230,230,253,266,300,311,311,311],"floor_reached":30,"language":"KOR","playtime":8494,"items_purged":[],"score":445,"play_id":"a24a3681-5f4c-4498-ba2d-cb800aa5cf72","local_time":"20210123030946","is_ascension_mode":true,"campfire_choices":[{"floor":6.0,"key":"REST"},{"data":"Apotheosis","floor":8.0,"key":"SMITH"},{"data":"1","floor":11.0,"key":"LIFT"},{"data":"2","floor":13.0,"key":"LIFT"},{"floor":15.0,"key":"REST"},{"floor":23.0,"key":"REST"},{"floor":25,"key":"REST"}],"circlet_count":0,"master_deck":["AscendersBane","Strike_G","Strike_G","Strike_G","Strike_G","Defend_G","Defend_G","Defend_G","Defend_G","Defend_G","Survivor","Neutralize","Apotheosis+1","Dagger Throw","Leg Sweep","Poisoned Stab","Tactician","Footwork","Expertise","Storm of Steel","Quick Slash","Tactician","Slice","Bouncing Flask","Blur","Caltrops","Catalyst"],"relics":["Ring of the Snake","Mango","Girya","Singing Bowl","Oddly Smooth Stone","WristBlade","StrikeDummy","Orichalcum","The Specimen"],"acts_visited":["Exordium","TheCity"],"potions_floor_usage":[24,28,29],"damage_taken":[{"damage":6.0,"enemies":"2 Louse","floor":1.0,"turns":4.0},{"damage":4.0,"enemies":"Small Slimes","floor":2.0,"turns":4.0},{"damage":3.0,"enemies":"Cultist","floor":3.0,"turns":7.0},{"damage":18.0,"enemies":"3 Sentries","floor":7.0,"turns":10.0},{"damage":16.0,"enemies":"Lagavulin","floor":10.0,"turns":7.0},{"damage":0.0,"enemies":"Exordium Thugs","floor":14.0,"turns":5.0},{"damage":43.0,"enemies":"Slime Boss","floor":16.0,"turns":21.0},{"damage":0.0,"enemies":"Spheric Guardian","floor":18.0,"turns":1.0},{"damage":6.0,"enemies":"2 Thieves","floor":19.0,"turns":4.0},{"damage":6.0,"enemies":"Snecko","floor":20.0,"turns":6.0},{"damage":20.0,"enemies":"Sentry and Sphere","floor":21.0,"turns":7.0},{"damage":22,"enemies":"Book of Stabbing","floor":24,"turns":7},{"damage":15,"enemies":"Chosen and Byrds","floor":27,"turns":7},{"damage":15,"enemies":"Slavers","floor":28,"turns":7},{"damage":19,"enemies":"Cultist and Chosen","floor":29,"turns":7},{"damage":0,"enemies":"Snake Plant","floor":30,"turns":1}],"seed_played":"2436748496168025733","potions_obtained":[{"floor":1.0,"key":"LiquidBronze"},{"floor":14.0,"key":"FearPotion"},{"floor":18.0,"key":"ColorlessPotion"},{"floor":19.0,"key":"AttackPotion"},{"floor":27,"key":"Fire Potion"},{"floor":29,"key":"BlessingOfTheForge"}],"is_trial":false,"path_per_floor":["M","M","M","?","?","R","E","R","T","E","R","$","R","M","R","B",null,"M","M","M","M","?","R","E","R","T","M","E","M","M"],"character_chosen":"THE_SILENT","items_purchased":["Oddly Smooth Stone","PowerPotion"],"campfire_rested":4,"item_purchase_floors":[12,12],"current_hp_per_floor":[39,35,32,32,32,53,49,49,49,33,33,33,33,33,58,15,67,67,61,57,37,37,62,40,65,65,50,35,16,16,16],"gold":311,"neow_bonus":"RANDOM_COLORLESS_2","is_daily":false,"chose_seed":false,"campfire_upgraded":1,"win_rate":0.0,"timestamp":1611338986,"path_taken":["M","M","M","?","?","R","E","R","T","E","R","$","R","?","R","BOSS","M","M","M","M","?","R","E","R","T","M","E","M","M"],"items_purchased_type":["Relic","Potion"],"build_version":"2020-12-22","purchased_purges":0,"victory":false,"max_hp_per_floor":[70,70,70,70,70,70,84,84,84,84,84,84,84,84,84,84,84,84,84,86,86,86,86,86,86,86,86,86,86,86,86],"card_choices":[{"not_picked":["HandOfGreed","Magnetism"],"picked":"Apotheosis","floor":0.0},{"not_picked":["Outmaneuver","PiercingWail"],"picked":"Dagger Throw","floor":1.0},{"not_picked":["Infinite Blades","Backflip"],"picked":"Leg Sweep","floor":2.0},{"not_picked":["Skewer","PiercingWail"],"picked":"Poisoned Stab","floor":3.0},{"not_picked":["Terror","Quick Slash"],"picked":"Tactician","floor":7.0},{"not_picked":["Tactician","Dash"],"picked":"Footwork","floor":10.0},{"not_picked":["Slice","Bane"],"picked":"Expertise","floor":14.0},{"not_picked":["Wraith Form v2","Envenom"],"picked":"Storm of Steel","floor":16.0},{"not_picked":["Poisoned Stab","Underhanded Strike"],"picked":"Quick Slash","floor":18.0},{"not_picked":["Dagger Spray","Dash+1"],"picked":"Tactician","floor":19.0},{"not_picked":["Deadly Poison+1","Outmaneuver","Predator+1"],"picked":"Singing Bowl","floor":20.0},{"not_picked":["Poisoned Stab","Heel Hook"],"picked":"Slice","floor":21.0},{"not_picked":["Dash","Bane"],"picked":"Bouncing Flask","floor":24},{"not_picked":["Quick Slash+1","Expertise"],"picked":"Blur","floor":27},{"not_picked":["Escape Plan","Dodge and Roll"],"picked":"Caltrops","floor":28},{"not_picked":["Reflex","Sucker Punch"],"picked":"Catalyst","floor":29}],"player_experience":237583,"relics_obtained":[{"floor":7.0,"key":"Mango"},{"floor":9.0,"key":"Girya"},{"floor":10.0,"key":"Singing Bowl"},{"floor":24,"key":"StrikeDummy"},{"floor":26,"key":"Orichalcum"},{"floor":28,"key":"The Specimen"}],"event_choices":[{"damage_healed":0.0,"max_hp_gain":0.0,"max_hp_loss":0.0,"gold_gain":0.0,"event_name":"Liars Game","player_choice":"Ignored","floor":4.0,"gold_loss":0.0,"damage_taken":0.0},{"cards_removed":["Strike_G"],"damage_healed":0.0,"max_hp_gain":0.0,"max_hp_loss":0.0,"gold_gain":0.0,"event_name":"Purifier","player_choice":"Purged","floor":5.0,"gold_loss":0.0,"damage_taken":0.0},{"damage_healed":0.0,"max_hp_gain":0.0,"max_hp_loss":0.0,"gold_gain":0.0,"event_name":"Vampires","player_choice":"Ignored","floor":22.0,"gold_loss":0.0,"damage_taken":0.0}],"is_beta":false,"boss_relics":[{"not_picked":["Empty Cage","Black Star"],"picked":"WristBlade"}],"items_purged_floors":[],"is_endless":false,"potions_floor_spawned":[1,14,18,19,20,27,29],"killed_by":"Snake Plant","ascension_level":10}}