{"host":"2q4p6kdcvpgo6z81","time":1611280312,"event":{"mods":["BaseMod","Colored Map","Downfall","Minty Spire (QoL Compilation)","StSLib"],"gold_per_floor":[99,119,136,147,160,2,2,2,34,34,45,57,57,89,100,200,200,200,216,216,216,227,240,263,281,292,320,320,320,18,29,42,141,141,41,51,64,114,114,114,114,147,158,158,176,176,194,194,208,208],"floor_reached":51,"language":"ENG","playtime":7033,"items_purged":[],"score":765,"play_id":"bd77b78b-e02c-4dee-9c43-1651dd0a705a","local_time":"20210121205152","is_ascension_mode":false,"campfire_choices":[{"data":"bronze:Replicate","floor":1,"key":"SMITH"},{"floor":13,"key":"REST"},{"data":"bronze:Goto","floor":18,"key":"SMITH"},{"data":"bronze:FineTuning","floor":35,"key":"SMITH"},{"data":"bronze:Boost","floor":40,"key":"SMITH"},{"data":"bronze:CutThrough","floor":44,"key":"SMITH"}],"circlet_count":0,"master_deck":["bronze:Defend","bronze:Defend","bronze:Defend","bronze:Defend","bronze:Replicate+1","bronze:Goto+1","bronze:FineTuning+1","bronze:FollowUp","bronze:Boost+1","bronze:ChosenStrike","bronze:SpaghettiCode+1","bronze:CutThrough+1","bronze:GetLatest+1","bronze:Overload+1","bronze:Format+1","bronze:Frontload+1","bronze:Goto+1","bronze:Return+1","bronze:Frontload+1","bronze:WildBeam","bronze:BronzeOrb","bronze:FindAndReplace+1","bronze:Return+1","bronze:Assembly+1","bronze:FineTuning+1","bronze:Turbo+1","expansioncontent:YouAreMine+1","bronze:CutThrough+1"],"relics":["bronze:BronzeCore","Anchor","Unceasing Top","Lizard Tail","Singing Bowl","Toxic Egg 2","Empty Cage","Boot","Bag of Preparation","Sozu","downfall:HeartBlessingGreen","Turnip","Shuriken","Vajra"],"acts_visited":["Exordium","TheCity","TheBeyond"],"potions_floor_usage":[9,27],"damage_taken":[{"damage":0,"enemies":"Small Slimes","floor":2,"turns":2},{"damage":3,"enemies":"Jaw Worm","floor":3,"turns":5},{"damage":0,"enemies":"2 Louse","floor":4,"turns":3},{"damage":0,"enemies":"Gremlin Gang","floor":5,"turns":5},{"damage":0,"enemies":"downfall:FleeingMerchant","floor":6,"turns":4},{"damage":21,"enemies":"Gremlin Nob","floor":9,"turns":5},{"damage":4,"enemies":"Large Slime","floor":11,"turns":5},{"damage":0,"enemies":"3 Louse","floor":12,"turns":1},{"damage":2,"enemies":"3 Sentries","floor":14,"turns":7},{"damage":2,"enemies":"Red Slaver","floor":15,"turns":3},{"damage":29,"enemies":"WA_ARCHETYPE_RETAIN","floor":16,"turns":8},{"damage":4,"enemies":"Shell Parasite","floor":19,"turns":4},{"damage":0,"enemies":"Snecko","floor":22,"turns":4},{"damage":0,"enemies":"Centurion and Healer","floor":23,"turns":4},{"damage":3,"enemies":"Chosen and Byrds","floor":25,"turns":7},{"damage":3,"enemies":"Snake Plant","floor":26,"turns":7},{"damage":19,"enemies":"Slavers","floor":27,"turns":7},{"damage":0,"enemies":"downfall:FleeingMerchant","floor":30,"turns":4},{"damage":4,"enemies":"Shelled Parasite and Fungi","floor":31,"turns":4},{"damage":0,"enemies":"Snecko","floor":32,"turns":5},{"damage":0,"enemies":"IC_MUSHROOM_ARCHETYPE","floor":33,"turns":7},{"damage":0,"enemies":"Orb Walker","floor":36,"turns":3},{"damage":0,"enemies":"3 Darklings","floor":37,"turns":3},{"damage":0,"enemies":"3 Darklings","floor":38,"turns":4},{"damage":0,"enemies":"Giant Head","floor":42,"turns":7},{"damage":15,"enemies":"Transient","floor":43,"turns":5},{"damage":0,"enemies":"4 Shapes","floor":45,"turns":2},{"damage":0,"enemies":"Writhing Mass","floor":47,"turns":3},{"damage":0,"enemies":"Jaw Worm Horde","floor":49,"turns":2},{"damage":35,"enemies":"DF_ARCHETYPE_ORBS","floor":50,"turns":5}],"seed_played":"8902964307170340241","potions_obtained":[{"floor":3,"key":"EssenceOfSteel"},{"floor":11,"key":"PowerPotion"},{"floor":14,"key":"Swift Potion"},{"floor":15,"key":"Regen Potion"},{"floor":27,"key":"champ:CounterPotion"},{"floor":32,"key":"LiquidMemories"}],"is_trial":false,"path_per_floor":["R","M","M","M","M","$","T","?","E","?","M","M","R","E","M","B",null,"R","M","?","?","M","M","T","M","M","E","?","?","$","M","M","B",null,"R","M","M","?","?","R","T","E","M","R","M","?","M","?","M","B",null],"character_chosen":"THE_AUTOMATON","items_purchased":["Anchor","Bag of Preparation","bronze:FindAndReplace+1"],"campfire_rested":1,"item_purchase_floors":[6,30,30],"current_hp_per_floor":[77,77,74,74,74,74,74,41,20,20,18,20,44,42,40,11,81,81,77,77,77,77,79,79,76,75,58,58,58,60,56,56,56,89,89,91,91,93,93,93,93,95,80,80,82,82,82,82,84,49],"gold":208,"neow_bonus":"TEN_PERCENT_HP_BONUS","is_daily":false,"chose_seed":false,"campfire_upgraded":5,"win_rate":0.0,"timestamp":1611280312,"path_taken":["R","M","M","M","M","$","T","?","E","?","?","M","R","E","M","BOSS","R","M","?","?","M","?","T","M","M","E","?","?","$","M","M","BOSS","R","M","M","?","?","R","T","E","M","R","?","?","M","?","M","BOSS"],"items_purchased_type":["Relic","Relic","Card"],"build_version":"2020-12-22","purchased_purges":0,"victory":true,"max_hp_per_floor":[77,77,77,77,77,77,77,77,77,77,79,81,81,81,81,81,81,81,81,81,81,81,83,83,83,85,87,87,87,89,89,89,89,89,89,91,91,93,93,93,93,95,95,95,97,97,97,97,99,99],"card_choices":[{"not_picked":["bronze:Shield","bronze:OilSpill"],"picked":"bronze:FineTuning","floor":2},{"not_picked":["bronze:BronzeArmor","bronze:NullPointer"],"picked":"bronze:FollowUp","floor":3},{"not_picked":["bronze:Deprecate","bronze:BuggyMess"],"picked":"bronze:Boost","floor":4},{"not_picked":["bronze:Branch","bronze:Return"],"picked":"bronze:ChosenStrike","floor":5},{"not_picked":["bronze:Turbo","bronze:Philosophize"],"picked":"bronze:SpaghettiCode","floor":6},{"not_picked":["bronze:Shield","bronze:Overheat"],"picked":"bronze:CutThrough","floor":9},{"not_picked":["bronze:DelayedSlice","bronze:BugBarrage","bronze:DelayedGuard"],"picked":"Singing Bowl","floor":11},{"not_picked":["bronze:Overheat","bronze:WhirlingStrike","bronze:ItsAFeature"],"picked":"Singing Bowl","floor":12},{"not_picked":["bronze:Boost+1","bronze:FollowUp"],"picked":"bronze:GetLatest+1","floor":14},{"not_picked":["bronze:OilSpill","bronze:CloningBeam"],"picked":"bronze:Overload+1","floor":15},{"not_picked":["bronze:BurnOut","bronze:HardenedForm"],"picked":"bronze:Format+1","floor":16},{"not_picked":["bronze:Overload+1","bronze:Iterate+1"],"picked":"bronze:Frontload+1","floor":19},{"not_picked":["bronze:ForLoop+1","bronze:Turbo+1"],"picked":"bronze:Return+1","floor":22},{"not_picked":["bronze:Shield+1","bronze:Deprecate+1","bronze:WhirlingStrike"],"picked":"Singing Bowl","floor":23},{"not_picked":["bronze:Invalidate+1","bronze:BronzeArmor+1"],"picked":"bronze:Frontload+1","floor":25},{"not_picked":["bronze:BitShift+1","bronze:Deprecate+1","bronze:Shield+1"],"picked":"Singing Bowl","floor":26},{"not_picked":["bronze:WildBeam","bronze:Flail","bronze:ItsAFeature"],"picked":"Singing Bowl","floor":27},{"not_picked":["bronze:Frontload+1","bronze:BitShift+1","bronze:OilSpill"],"picked":"Singing Bowl","floor":30},{"not_picked":["bronze:Deprecate+1","bronze:DarkDash"],"picked":"bronze:Return+1","floor":31},{"not_picked":["bronze:Overheat+1","bronze:BuggyMess+1","bronze:CleanCode"],"picked":"SKIP","floor":32},{"not_picked":["bronze:BurnOut","bronze:HyperBeam"],"picked":"bronze:Assembly+1","floor":33},{"not_picked":["bronze:WildBeam+1","bronze:GetLatest+1","bronze:CutThrough+1"],"picked":"Singing Bowl","floor":36},{"not_picked":["bronze:BitShift+1","bronze:MaxOutput+1"],"picked":"bronze:FineTuning+1","floor":37},{"not_picked":["bronze:OilSpill","bronze:Deprecate+1","bronze:Frontload+1"],"picked":"Singing Bowl","floor":38},{"not_picked":["bronze:BitShift+1","bronze:Mutator","bronze:Backtrace"],"picked":"Singing Bowl","floor":42},{"not_picked":["bronze:Shield+1","bronze:Branch"],"picked":"bronze:Turbo+1","floor":43},{"not_picked":["bronze:Overheat","bronze:Deprecate+1","bronze:Break"],"picked":"Singing Bowl","floor":45},{"not_picked":["expansioncontent:Hexaburn","expansioncontent:LastStand"],"picked":"expansioncontent:YouAreMine+1","floor":46},{"not_picked":["bronze:Iterate","bronze:NullPointer+1"],"picked":"bronze:CutThrough+1","floor":47},{"not_picked":["bronze:FollowUp+1","bronze:DelayedSlice","bronze:Turbo+1"],"picked":"Singing Bowl","floor":49}],"player_experience":1544715,"relics_obtained":[{"floor":7,"key":"Unceasing Top"},{"floor":9,"key":"Singing Bowl"},{"floor":14,"key":"Toxic Egg 2"},{"floor":27,"key":"Boot"},{"floor":38,"key":"Turnip"},{"floor":41,"key":"Shuriken"},{"floor":42,"key":"Vajra"}],"event_choices":[{"damage_healed":0,"gold_gain":0,"player_choice":"Success","damage_taken":33,"relics_obtained":["Lizard Tail"],"max_hp_gain":0,"max_hp_loss":0,"event_name":"Scrap Ooze","floor":8,"gold_loss":0},{"damage_healed":0,"gold_gain":0,"player_choice":"Grow","damage_taken":0,"max_hp_gain":0,"max_hp_loss":0,"event_name":"Living Wall","floor":10,"gold_loss":0,"cards_upgraded":["bronze:SpaghettiCode"]},{"damage_healed":0,"gold_gain":0,"cards_transformed":["bronze:Strike","bronze:Strike"],"player_choice":"Became Test Subject","damage_taken":0,"max_hp_gain":0,"max_hp_loss":0,"event_name":"Drug Dealer","floor":29,"gold_loss":0,"cards_obtained":["bronze:WildBeam","bronze:BronzeOrb"]},{"damage_healed":0,"gold_gain":0,"player_choice":"Got Potions","damage_taken":0,"max_hp_gain":0,"max_hp_loss":0,"event_name":"Lab","floor":39,"gold_loss":0}],"is_beta":false,"boss_relics":[{"not_picked":["Runic Dome","Cursed Key"],"picked":"Empty Cage"},{"not_picked":["Velvet Choker","Pandora\u0027s Box"],"picked":"Sozu"}],"items_purged_floors":[],"is_endless":false,"potions_floor_spawned":[3,11,14,15,16,23,27,32,33,37,38,47],"ascension_level":0}}