{"host":"hi7fki77kkmhrce8","time":1611353978,"event":{"mods":["AchievementEnabler","BaseMod","Colored Map","Colored Powertips","Downfall","Minty Spire (QoL Compilation)","Relic Stats","StSLib","SuperFastMode"],"gold_per_floor":[99,109,129,304,51,67,92,119,119,7,27,38,38,188,207,207,207,207],"floor_reached":16,"language":"ENG","playtime":745,"items_purged":["Doubt"],"score":102,"play_id":"31d73e67-cef7-486d-ae2c-bd416b35f186","local_time":"20210122171938","is_ascension_mode":false,"campfire_choices":[{"data":"bronze:Terminator","floor":1,"key":"SMITH"},{"data":"bronze:BuggyMess","floor":9,"key":"SMITH"}],"circlet_count":0,"master_deck":["bronze:Strike","bronze:Strike","bronze:Strike","bronze:Defend","bronze:Defend","bronze:Defend","bronze:Defend","bronze:Replicate","bronze:Goto","bronze:Terminator+1","bronze:WhirlingStrike","bronze:Safeguard","bronze:Assembly","bronze:Fortify","bronze:Boost","bronze:BuggyMess+1","bronze:Constructor","bronze:Verify","bronze:Iterate","bronze:Allocate","downfall:Icky"],"relics":["bronze:BronzeCore","Bag of Preparation","Strawberry"],"acts_visited":["Exordium"],"potions_floor_usage":[11,15,16,16],"damage_taken":[{"damage":3,"enemies":"Jaw Worm","floor":2,"turns":4},{"damage":2,"enemies":"2 Louse","floor":3,"turns":3},{"damage":0,"enemies":"downfall:FleeingMerchant","floor":5,"turns":4},{"damage":0,"enemies":"Small Slimes","floor":6,"turns":3},{"damage":40,"enemies":"Gremlin Nob","floor":8,"turns":6},{"damage":2,"enemies":"downfall:FleeingMerchant","floor":10,"turns":4},{"damage":2,"enemies":"Exordium Wildlife","floor":11,"turns":3},{"damage":20,"enemies":"Exordium Thugs","floor":12,"turns":6},{"damage":5,"enemies":"3 Louse","floor":15,"turns":5},{"damage":13,"enemies":"DF_ARCHETYPE_STREAMLINE","floor":16,"turns":3}],"seed_played":"94690700387947517","potions_obtained":[{"floor":2,"key":"BlessingOfTheForge"},{"floor":8,"key":"EssenceOfSteel"},{"floor":12,"key":"Weak Potion"},{"floor":15,"key":"DuplicationPotion"}],"is_trial":false,"path_per_floor":["R","M","M","?","$","M","T","E","R","$","M","M","?","?","M","B"],"character_chosen":"THE_AUTOMATON","items_purchased":["bronze:Fortify","bronze:Boost","bronze:BuggyMess","Fruit Juice"],"campfire_rested":0,"item_purchase_floors":[5,5,5,10],"current_hp_per_floor":[70,67,65,65,65,65,65,32,32,30,33,13,13,13,8,0,0,0],"gold":207,"neow_bonus":"THREE_CARDS","is_daily":false,"chose_seed":false,"campfire_upgraded":2,"win_rate":0.0,"timestamp":1611353978,"path_taken":["R","M","M","?","$","M","T","E","R","$","M","M","?","?","M","BOSS"],"items_purchased_type":["Card","Card","Card","Potion"],"build_version":"2020-12-22","purchased_purges":1,"victory":false,"max_hp_per_floor":[70,70,70,70,70,70,70,77,77,77,82,82,82,82,82,82,82,82],"relic_stats":{"counters":[10,41],"Bag of Preparation":[12],"obtain_stats":[{"bronze:BronzeCore":0,"Strawberry":8,"Bag of Preparation":7},{"bronze:BronzeCore":0,"Strawberry":5,"Bag of Preparation":4},{"bronze:BronzeCore":0,"Strawberry":20,"Bag of Preparation":14}]},"card_choices":[{"not_picked":["bronze:Shield","bronze:BugBarrage"],"picked":"bronze:Terminator","floor":0},{"not_picked":["bronze:ForceShield","bronze:DigitalCarnage"],"picked":"bronze:WhirlingStrike","floor":2},{"not_picked":["bronze:BugBarrage","bronze:Shield"],"picked":"bronze:Safeguard","floor":3},{"not_picked":["bronze:DigitalCarnage","bronze:GetLatest"],"picked":"bronze:Assembly","floor":5},{"not_picked":["bronze:Terminator","bronze:BugBarrage"],"picked":"bronze:Constructor","floor":6},{"not_picked":["bronze:BuggyMess","bronze:ForLoop"],"picked":"bronze:Verify","floor":8},{"not_picked":["bronze:BitShift","bronze:BuggyMess"],"picked":"bronze:Iterate","floor":10},{"not_picked":["bronze:Branch","bronze:Shield","bronze:ClassDefault"],"picked":"SKIP","floor":11},{"not_picked":["bronze:Philosophize","bronze:BugBarrage"],"picked":"bronze:Allocate","floor":12},{"not_picked":["bronze:BitShift","bronze:DelayedGuard","bronze:Constructor"],"picked":"SKIP","floor":15}],"player_experience":144003,"relics_obtained":[{"floor":7,"key":"Bag of Preparation"},{"floor":8,"key":"Strawberry"}],"event_choices":[{"cards_removed":["bronze:Strike"],"damage_healed":0,"gold_gain":0,"player_choice":"Card Removal","damage_taken":0,"max_hp_gain":0,"max_hp_loss":0,"event_name":"The Cleric","floor":13,"gold_loss":0}],"is_beta":false,"boss_relics":[],"items_purged_floors":[5],"is_endless":false,"potions_floor_spawned":[2,8,12,15],"killed_by":"DF_ARCHETYPE_STREAMLINE","ascension_level":0}}