{"host":"mlczotyo8j5fj6lt","time":1611333987,"event":{"mods":["AchievementEnabler","Aspiration","BaseMod","Bestiary","Better Third Choice","BetterRewards","Colored Powertips","Defective Defect","Good Game Mod","Googly Eyes","Highlight Path","Minty Spire (QoL Compilation)","Quick Restart","StSLib","everything is the same but u backflip on backflip"],"gold_per_floor":[118,135,147,147,160,160,195,210,263,263,286,286,319,340,340,464,464,482,482,505,505,526,526,66,66,66,66,110,32,157,178,178,308,308,329,329,329,344,368,368,384,384,408,428,353,15,0,20,20,20],"floor_reached":51,"language":"ENG","playtime":2134,"items_purged":["Pain"],"score":729,"play_id":"1821e08b-5392-4b39-8b35-1694e71b8dc0","local_time":"20210122174627","is_ascension_mode":false,"campfire_choices":[{"data":"White Noise","floor":6,"key":"SMITH"},{"floor":10,"key":"REST"},{"floor":15,"key":"REST"},{"floor":23,"key":"REST"},{"data":"Buffer","floor":25,"key":"SMITH"},{"floor":32,"key":"REST"},{"data":"Buffer","floor":40,"key":"SMITH"},{"data":"aspiration:Polymerization","floor":42,"key":"SMITH"},{"floor":49,"key":"REST"}],"circlet_count":0,"master_deck":["Zap+1","Dualcast","Echo Form","White Noise+1","Ball Lightning+1","Leap","aspiration:Polymerization+1","Loop","Ball Lightning","Gash","Storm","Buffer+1","Redo","Leap","Turbo","Conserve Battery","Beam Cell","Compile Driver","Buffer+1","Go for the Eyes+1","Steam","Chill+1","Electrodynamics","Machine Learning","Self Repair","Leap+1","Steam+1","Seek+1","Panache","Reinforced Body+1","Auto Shields+1","Conserve Battery+1","Creative AI","Consume+1","Fusion+1","Barrage","Gash+1"],"relics":["Cracked Core","REME:ComplimentaryCards","Golden Idol","Mercury Hourglass","aspiration:ChemicalBlood","Mango","Pandora\u0027s Box","Toxic Egg 2","aspiration:Nostalgia","PureWater","Pear","Whetstone","aspiration:HatOfInfinitePower","aspiration:FaultyCoupler","Sozu","WarpedTongs","Potion Belt","Sling","Red Mask"],"acts_visited":["Exordium","TheCity","TheBeyond"],"potions_floor_usage":[13,16,16,22,28,33,33,50],"damage_taken":[{"damage":0,"enemies":"2 Louse","floor":1,"turns":2},{"damage":11,"enemies":"Jaw Worm","floor":2,"turns":3},{"damage":1,"enemies":"Cultist","floor":3,"turns":3},{"damage":6,"enemies":"Exordium Wildlife","floor":5,"turns":3},{"damage":40,"enemies":"3 Sentries","floor":7,"turns":7},{"damage":5,"enemies":"Looter","floor":8,"turns":2},{"damage":0,"enemies":"Large Slime","floor":11,"turns":3},{"damage":36,"enemies":"Lagavulin","floor":13,"turns":4},{"damage":0,"enemies":"3 Louse","floor":14,"turns":1},{"damage":8,"enemies":"The Guardian","floor":16,"turns":7},{"damage":20,"enemies":"Spheric Guardian","floor":18,"turns":5},{"damage":11,"enemies":"2 Thieves","floor":20,"turns":4},{"damage":15,"enemies":"Snake Plant","floor":22,"turns":4},{"damage":21,"enemies":"Book of Stabbing","floor":28,"turns":4},{"damage":16,"enemies":"Colosseum Slavers","floor":30,"turns":2},{"damage":0,"enemies":"Colosseum Nobs","floor":30,"turns":6},{"damage":0,"enemies":"Chosen and Byrds","floor":31,"turns":4},{"damage":28,"enemies":"Collector","floor":33,"turns":9},{"damage":12,"enemies":"3 Darklings","floor":35,"turns":3},{"damage":4,"enemies":"Orb Walker","floor":38,"turns":3},{"damage":0,"enemies":"Spire Growth","floor":39,"turns":3},{"damage":23,"enemies":"Jaw Worm Horde","floor":41,"turns":4},{"damage":21,"enemies":"Transient","floor":44,"turns":5},{"damage":0,"enemies":"3 Darklings","floor":48,"turns":4},{"damage":8,"enemies":"Donu and Deca","floor":50,"turns":8}],"seed_played":"-7259985718373951030","potions_obtained":[{"floor":1,"key":"GamblersBrew"},{"floor":7,"key":"PotionOfCapacity"},{"floor":11,"key":"LiquidBronze"},{"floor":18,"key":"BlessingOfTheForge"},{"floor":20,"key":"Block Potion"},{"floor":20,"key":"PotionOfCapacity"},{"floor":22,"key":"FearPotion"},{"floor":30,"key":"LiquidMemories"},{"floor":33,"key":"FairyPotion"}],"is_trial":false,"path_per_floor":["M","M","M","?","M","R","E","M","T","R","M","?","E","M","R","B",null,"M","?","M","?","M","R","$","R","T","?","E","$","?","M","R","B",null,"M","?","?","M","M","R","M","R","T","M","$","$","?","M","R","B",null],"character_chosen":"DEFECT","items_purchased":["Toxic Egg 2","aspiration:Nostalgia","Chill+1","Self Repair","Consume+1","Fusion+1","Barrage","Sling"],"campfire_rested":5,"item_purchase_floors":[24,24,24,29,46,46,46,46],"current_hp_per_floor":[75,64,63,63,57,57,17,12,12,32,32,55,33,33,57,49,83,63,63,52,52,37,61,61,61,71,71,50,50,41,41,68,47,93,81,81,81,84,84,84,61,61,61,47,47,47,47,54,81,83],"gold":20,"neow_bonus":"UPGRADE_CARD","is_daily":false,"chose_seed":false,"campfire_upgraded":4,"win_rate":0.0,"timestamp":1611333987,"path_taken":["M","M","M","?","M","R","E","M","T","R","M","?","E","M","R","BOSS","M","?","?","?","M","R","$","R","T","?","E","$","?","M","R","BOSS","M","?","?","?","?","R","?","R","T","M","?","$","?","M","R","BOSS"],"items_purchased_type":["Relic","Relic","Card","Card","Card","Card","Card","Relic"],"build_version":"2020-12-22","purchased_purges":1,"victory":true,"max_hp_per_floor":[75,75,75,69,69,69,69,69,69,69,69,69,83,83,83,83,83,83,83,83,83,83,83,83,83,93,93,93,93,93,93,93,93,93,93,93,93,93,93,93,93,93,93,93,93,93,93,93,93,93],"card_choices":[{"not_picked":["Rip and Tear","Compile Driver"],"picked":"White Noise","floor":1},{"not_picked":["Turbo","Lockon"],"picked":"Ball Lightning","floor":2},{"not_picked":["Beam Cell","Meteor Strike"],"picked":"Leap","floor":3},{"not_picked":["Recycle","Barrage"],"picked":"aspiration:Polymerization","floor":5},{"not_picked":["Lockon","Redo"],"picked":"Loop","floor":7},{"not_picked":["Cold Snap","Hologram"],"picked":"Ball Lightning","floor":8},{"not_picked":["Hologram","Turbo"],"picked":"Gash","floor":11},{"not_picked":["White Noise","Ball Lightning"],"picked":"Storm","floor":13},{"not_picked":["Steam Power","Beam Cell","Cold Snap"],"picked":"SKIP","floor":14},{"not_picked":["All For One","Machine Learning"],"picked":"Buffer","floor":16},{"not_picked":["Storm","Beam Cell+1"],"picked":"Go for the Eyes","floor":18},{"not_picked":["Redo","Loop","Rebound"],"picked":"SKIP","floor":20},{"not_picked":["Ball Lightning","Blizzard"],"picked":"Steam","floor":22},{"not_picked":["Steam+1","Ball Lightning"],"picked":"Machine Learning","floor":28},{"not_picked":["Go for the Eyes","Turbo+1"],"picked":"Leap+1","floor":30},{"not_picked":["Force Field+1","Storm+1"],"picked":"Steam+1","floor":31},{"not_picked":["Meteor Strike","Multi-Cast+1"],"picked":"Seek+1","floor":33},{"not_picked":["Beam Cell+1","Steam+1","Reprogram+1"],"picked":"SKIP","floor":35},{"not_picked":["Blind+1","Mayhem"],"picked":"Panache","floor":36},{"not_picked":["Rebound+1","Beam Cell"],"picked":"Reinforced Body+1","floor":38},{"not_picked":["Coolheaded+1","Cold Snap"],"picked":"Auto Shields+1","floor":39},{"not_picked":["Streamline+1","Force Field+1"],"picked":"Conserve Battery+1","floor":41},{"not_picked":["Tempest+1","Leap+1"],"picked":"Creative AI","floor":44},{"not_picked":["Steam Power+1","Conserve Battery+1"],"picked":"Gash+1","floor":48}],"player_experience":223925,"relics_obtained":[{"floor":7,"key":"Mercury Hourglass"},{"floor":9,"key":"aspiration:ChemicalBlood"},{"floor":13,"key":"Mango"},{"floor":26,"key":"Pear"},{"floor":28,"key":"Whetstone"},{"floor":30,"key":"aspiration:HatOfInfinitePower"},{"floor":30,"key":"aspiration:FaultyCoupler"},{"floor":43,"key":"Potion Belt"}],"event_choices":[{"damage_healed":0,"gold_gain":0,"player_choice":"Lose Max HP","damage_taken":0,"relics_obtained":["Golden Idol"],"max_hp_gain":0,"max_hp_loss":6,"event_name":"Golden Idol","floor":4,"gold_loss":0},{"damage_healed":23,"gold_gain":0,"player_choice":"Banana","damage_taken":0,"max_hp_gain":0,"max_hp_loss":0,"event_name":"Big Fish","floor":12,"gold_loss":0},{"cards_removed":["Sunder"],"damage_healed":0,"gold_gain":0,"player_choice":"Purged","damage_taken":0,"max_hp_gain":0,"max_hp_loss":0,"event_name":"Purifier","floor":19,"gold_loss":0},{"damage_healed":0,"gold_gain":0,"player_choice":"Adaptability","damage_taken":0,"max_hp_gain":0,"max_hp_loss":0,"event_name":"betterThird:BetterWriting","floor":21,"gold_loss":0},{"damage_healed":0,"gold_gain":0,"player_choice":"Read","damage_taken":0,"max_hp_gain":0,"max_hp_loss":0,"event_name":"The Library","floor":27,"gold_loss":0,"cards_obtained":["Electrodynamics"]},{"damage_healed":0,"gold_gain":0,"player_choice":"Fight","damage_taken":0,"max_hp_gain":0,"max_hp_loss":0,"event_name":"Colosseum","floor":30,"gold_loss":0},{"damage_healed":0,"gold_gain":0,"player_choice":"Fought Nobs","damage_taken":0,"max_hp_gain":0,"max_hp_loss":0,"event_name":"Colosseum","floor":30,"gold_loss":0},{"damage_healed":0,"gold_gain":0,"player_choice":"Memory 1","damage_taken":0,"max_hp_gain":0,"max_hp_loss":0,"event_name":"SensoryStone","floor":36,"gold_loss":0},{"damage_healed":0,"gold_gain":0,"player_choice":"Rummage","damage_taken":0,"relics_obtained":["WarpedTongs"],"max_hp_gain":0,"max_hp_loss":0,"event_name":"Accursed Blacksmith","floor":37,"gold_loss":0,"cards_obtained":["Pain"]},{"damage_healed":0,"gold_gain":0,"player_choice":"Paid","damage_taken":0,"relics_obtained":["Red Mask"],"max_hp_gain":0,"max_hp_loss":0,"event_name":"Tomb of Lord Red Mask","floor":47,"gold_loss":15}],"is_beta":false,"boss_relics":[{"not_picked":["Calling Bell","Ectoplasm"],"picked":"Pandora\u0027s Box"},{"not_picked":["aspiration:RitualDagger","Philosopher\u0027s Stone"],"picked":"Sozu"}],"items_purged_floors":[45],"is_endless":false,"potions_floor_spawned":[1,7,11,13,18,20,22,30,33,41],"ascension_level":0}}