{"host":"kh6fvhxn285ncg0o","time":1611357091,"event":{"mods":["Act Like it!","BaseMod","Colored Map","Friendly Minions","Keyboard Shortcuts","Minty Spire (QoL Compilation)","Quick Restart","Relic Stats","StSLib","SuperFastMode"],"gold_per_floor":[210,210,229,242,242,242,72,107,107,107,7,7,7,20,20,98,98,110,120,130,130,130],"floor_reached":21,"language":"KOR","playtime":565,"items_purged":["Strike_B","Strike_B"],"score":358,"play_id":"953c58e5-de59-4705-9f52-d13ca9953f6f","local_time":"20210123081131","is_ascension_mode":true,"campfire_choices":[{"data":"Hologram","floor":6,"key":"SMITH"},{"data":"Barrage","floor":10,"key":"SMITH"},{"data":"Self Repair","floor":12,"key":"SMITH"},{"data":"Sweeping Beam","floor":15,"key":"SMITH"}],"circlet_count":0,"master_deck":["AscendersBane","Strike_B","Defend_B+1","Defend_B","Defend_B","Defend_B","Zap+1","Dualcast+1","Hologram+1","Sweeping Beam+1","Barrage+1","Self Repair+1","Genetic Algorithm","Core Surge","Coolheaded"],"relics":["Cracked Core","Akabeko","Philosopher\u0027s Stone"],"acts_visited":["Exordium","TheCity"],"potions_floor_usage":[8,8,16,19],"damage_taken":[{"damage":7,"enemies":"Jaw Worm","floor":1,"turns":4},{"damage":4,"enemies":"2 Louse","floor":3,"turns":2},{"damage":0,"enemies":"Cultist","floor":4,"turns":4},{"damage":19,"enemies":"Gremlin Nob","floor":8,"turns":4},{"damage":8,"enemies":"Blue Slaver","floor":14,"turns":3},{"damage":6,"enemies":"The Guardian","floor":16,"turns":11},{"damage":16,"enemies":"3 Byrds","floor":18,"turns":5},{"damage":6,"enemies":"2 Thieves","floor":19,"turns":4},{"damage":22,"enemies":"Sentry and Sphere","floor":20,"turns":5},{"damage":43,"enemies":"Snecko","floor":21,"turns":6}],"seed_played":"-1054041096010984700","potions_obtained":[{"floor":1,"key":"Block Potion"},{"floor":8,"key":"SkillPotion"},{"floor":14,"key":"FearPotion"},{"floor":16,"key":"EssenceOfSteel"},{"floor":18,"key":"FocusPotion"}],"is_trial":false,"path_per_floor":["M","?","M","M","?","R","$","E","T","R","$","R","?","M","R","B",null,"M","M","M","M"],"character_chosen":"DEFECT","items_purchased":["PowerPotion","Self Repair"],"campfire_rested":0,"item_purchase_floors":[7,7],"current_hp_per_floor":[57,57,53,53,32,32,32,20,20,20,20,20,20,22,22,26,60,54,58,36,0,0],"gold":130,"neow_bonus":"HUNDRED_GOLD","is_daily":false,"chose_seed":false,"campfire_upgraded":4,"win_rate":0.0,"timestamp":1611357091,"path_taken":["M","?","M","M","?","R","$","E","T","R","$","R","?","M","R","BOSS","M","M","?","M"],"items_purchased_type":["Potion","Card"],"build_version":"2020-12-22","purchased_purges":2,"victory":false,"max_hp_per_floor":[71,71,71,71,71,71,71,71,71,71,71,71,71,71,71,71,71,71,71,71,71,71],"relic_stats":{"counters":[10,48],"obtain_stats":[{"Philosopher\u0027s Stone":17,"Cracked Core":0,"Akabeko":8},{"Philosopher\u0027s Stone":6,"Cracked Core":0,"Akabeko":4},{"Philosopher\u0027s Stone":28,"Cracked Core":0,"Akabeko":14}]},"card_choices":[{"not_picked":["Darkness","Redo"],"picked":"Hologram","floor":1},{"not_picked":["Barrage","Stack"],"picked":"Sweeping Beam","floor":3},{"not_picked":["Fusion","Steam"],"picked":"Barrage","floor":4},{"not_picked":["Compile Driver","Stack","Reinforced Body"],"picked":"SKIP","floor":8},{"not_picked":["Compile Driver","Ball Lightning"],"picked":"Genetic Algorithm","floor":14},{"not_picked":["Multi-Cast","Machine Learning"],"picked":"Core Surge","floor":16},{"not_picked":["Leap","Aggregate+1","Rebound"],"picked":"SKIP","floor":18},{"not_picked":["Streamline","Cold Snap"],"picked":"Coolheaded","floor":19},{"not_picked":["Ball Lightning","Barrage","Stack"],"picked":"SKIP","floor":20}],"player_experience":1264153,"relics_obtained":[{"floor":8,"key":"Akabeko"}],"event_choices":[{"damage_healed":0,"gold_gain":0,"player_choice":"Grow","damage_taken":0,"max_hp_gain":0,"max_hp_loss":0,"event_name":"Living Wall","floor":2,"gold_loss":0,"cards_upgraded":["Zap"]},{"damage_healed":0,"gold_gain":0,"player_choice":"Entered Light","damage_taken":21,"max_hp_gain":0,"max_hp_loss":0,"event_name":"Shining Light","floor":5,"gold_loss":0,"cards_upgraded":["Defend_B","Dualcast"]},{"cards_removed":["Strike_B"],"damage_healed":0,"gold_gain":0,"player_choice":"Offered Basic","damage_taken":0,"max_hp_gain":0,"max_hp_loss":0,"event_name":"Bonfire Elementals","floor":13,"gold_loss":0}],"is_beta":false,"boss_relics":[{"not_picked":["Fusion Hammer","Busted Crown"],"picked":"Philosopher\u0027s Stone"}],"items_purged_floors":[7,11],"is_endless":false,"potions_floor_spawned":[1,8,14,16,18],"killed_by":"Snecko","ascension_level":20}}