{"host":"u7y9frlpoazak2mn","time":1611325448,"event":{"mods":["AchievementEnabler","Act Like it!","Alarm Clock","Aspiration","Astrologer","BaseMod","Beaked The Cultist","Better Altar","Better Match","Better Note","Better Sensory Stone","Better Skull","Better Third Choice","CCEM","Chen","Colored Map","Colored Powertips","Conspire","Curses Come First","Displayed Cursed Tome","Energized Spire","Fox Events","Friendly Minions","Gensokyo","GifTheSpireLib","Glutton Mod","Halation","Hallownest","Hermit","Hubris","Infinite Spire","Jedi Mod","KinomotoSakuraMod(????)","Koishi","Marisa????????","Mimic Mod","Minty Spire (QoL Compilation)","Pale of the Ancients","Prisma Mod","Quarter Circle Forward PUNCH!","Quick Restart","Random Character Button","Rare Cards Sparkle","Relic Stats","Remilia??????","Replay The Spire","Retaliation","Spicy Shops","Spikes Relics","StS++","StSLib","Stuff the Spire","The Administrix","The Blue Laboratory","The Bug Knight","The Construct","The Cursed","The Druid","The Forsaken","The Juggle","The Jungle","The Marked","The Servant 0.9.4","Trackpad","Waifu the Spire","Wandering Minibosses","Wide Potions","Yuri Mod","vexMod"],"gold_per_floor":[118,135,212,212,212,212,223,223,246,60,79,91,105,137,137,236,236,251,251,104,104,4,32,32,63,90,90,90],"floor_reached":27,"language":"ENG","playtime":1711,"items_purged":["Pride","Wrath_TH"],"score":231,"play_id":"f8e2adc2-297f-4fc4-b77b-287751701566","local_time":"20210122092408","is_ascension_mode":false,"campfire_choices":[{"floor":6,"key":"REST"},{"data":"theDruid:Forage","floor":8,"key":"SMITH"},{"floor":15,"key":"REST"},{"floor":24,"key":"REST"}],"circlet_count":0,"master_deck":["theDruid:Strike_O","theDruid:Strike_O","theDruid:Strike_O","theDruid:Strike_O","theDruid:Defend_O","theDruid:Defend_O","theDruid:Defend_O","theDruid:Defend_O","theDruid:BriarArmor","theDruid:WildSlash","theDruid:Rummage","theDruid:ThornStrike","theDruid:Forage+1","theDruid:LunarScythe","theDruid:FullMoon","theDruid:ForestsSoul","theDruid:FeralPlants","theDruid:Recoil","theDruid:Recoil","theDruid:ApexPredator+1","theDruid:Earthquake","EndlessPower","theDruid:BrambleLash+1","theDruid:LunarScythe"],"relics":["theDruid:CrownOfTheWilds","NeowsBlessing","Gensokyo:PortableGap","halation:AfternoonTea","Frozen Egg 2","Replay:Bronze Core","StSpp:PetrifiedCaterpillar","CCEMRelics:Pendulum"],"acts_visited":["Exordium","TheCity"],"potions_floor_usage":[14,16,16,16,16,27,27],"damage_taken":[{"damage":0,"enemies":"Gensokyo:2_Kodama","floor":1,"turns":1},{"damage":0,"enemies":"Gensokyo:Gryphon","floor":2,"turns":1},{"damage":0,"enemies":"Gensokyo:Python","floor":7,"turns":1},{"damage":11,"enemies":"Gensokyo:Gryphon_and_Rabbit","floor":11,"turns":5},{"damage":2,"enemies":"Gensokyo:2_Rabbits","floor":12,"turns":4},{"damage":7,"enemies":"Gensokyo:Kitsune","floor":13,"turns":4},{"damage":22,"enemies":"Gensokyo:Aya","floor":14,"turns":7},{"damage":36,"enemies":"Gensokyo:Reimu","floor":16,"turns":7},{"damage":26,"enemies":"Shell Parasite","floor":18,"turns":5},{"damage":36,"enemies":"HollowMod:Nosk","floor":23,"turns":4},{"damage":42,"enemies":"2 Thieves","floor":25,"turns":5},{"damage":39,"enemies":"Snecko","floor":27,"turns":5}],"seed_played":"3487924780202475781","potions_obtained":[{"floor":2,"key":"StSpp:SecondWindPotion"},{"floor":3,"key":"blueLaboratory:ExaltedPotion"},{"floor":3,"key":"EntropicBrew"},{"floor":16,"key":"SpeedPotion"}],"is_trial":false,"path_per_floor":["M","M","?","?","?","R","M","R","T","$","M","M","M","E","R","B",null,"M","?","$","?","$","E","R","M","T","M"],"character_chosen":"DRUID","items_purchased":["theDruid:LunarScythe","theDruid:FullMoon","theDruid:Earthquake"],"campfire_rested":3,"item_purchase_floors":[10,10,20],"current_hp_per_floor":[75,75,45,45,52,68,68,68,68,68,62,65,63,46,66,38,68,47,47,47,47,47,16,36,13,13,0,0],"gold":90,"neow_bonus":"THREE_ENEMY_KILL","is_daily":false,"chose_seed":false,"campfire_upgraded":1,"win_rate":0.0,"timestamp":1611325448,"path_taken":["M","M","?","?","?","R","?","R","T","?","M","M","M","E","R","BOSS","M","?","$","?","?","E","R","?","T","M"],"items_purchased_type":["Card","Card","Card"],"build_version":"2020-12-22","purchased_purges":2,"victory":false,"max_hp_per_floor":[75,75,75,68,68,68,68,68,68,68,68,68,68,68,68,68,68,68,68,68,68,68,68,68,68,68,68,68],"relic_stats":{"counters":[12,49],"obtain_stats":[{"NeowsBlessing":0,"Replay:Bronze Core":17,"CCEMRelics:Pendulum":26,"halation:AfternoonTea":9,"StSpp:PetrifiedCaterpillar":23,"Frozen Egg 2":14,"Gensokyo:PortableGap":4,"theDruid:CrownOfTheWilds":0},{"NeowsBlessing":0,"Replay:Bronze Core":8,"CCEMRelics:Pendulum":11,"halation:AfternoonTea":3,"StSpp:PetrifiedCaterpillar":10,"Frozen Egg 2":7,"Gensokyo:PortableGap":2,"theDruid:CrownOfTheWilds":0},{"NeowsBlessing":0,"Replay:Bronze Core":30,"CCEMRelics:Pendulum":44,"halation:AfternoonTea":3,"StSpp:PetrifiedCaterpillar":39,"Frozen Egg 2":23,"Gensokyo:PortableGap":2,"theDruid:CrownOfTheWilds":0}]},"card_choices":[{"not_picked":["theDruid:PlagueClaw","theDruid:TwilightsCall","theDruid:TakeShelter"],"picked":"SKIP","floor":1},{"not_picked":["theDruid:Pathfinder","theDruid:ForestGuard"],"picked":"theDruid:Rummage","floor":2},{"not_picked":["theDruid:PlagueClaw","theDruid:Gore"],"picked":"theDruid:ThornStrike","floor":3},{"not_picked":["theDruid:Infestation","theDruid:Moonbeam"],"picked":"theDruid:Forage","floor":7},{"not_picked":["theDruid:BloodiedFur","theDruid:BrambleLash"],"picked":"theDruid:ForestsSoul","floor":11},{"not_picked":["theDruid:Starfall","theDruid:BloodiedFur"],"picked":"theDruid:FeralPlants","floor":12},{"not_picked":["theDruid:FuriousSlash","theDruid:LunarScythe"],"picked":"theDruid:Recoil","floor":13},{"not_picked":["theDruid:Pathfinder","theDruid:SurvivalCache"],"picked":"theDruid:Recoil","floor":14},{"not_picked":["theDruid:SurvivalCache","theDruid:TwinStars+1"],"picked":"theDruid:ApexPredator+1","floor":16},{"not_picked":["theDruid:AstralShield","theDruid:Resupply+1","theDruid:PlagueClaw"],"picked":"SKIP","floor":18},{"not_picked":["theDruid:ThickHide","theDruid:Eclipse"],"picked":"theDruid:BrambleLash+1","floor":23},{"not_picked":["theDruid:ThickHide","theDruid:FelineGrace"],"picked":"theDruid:LunarScythe","floor":25}],"player_experience":353362,"relics_obtained":[{"floor":9,"key":"halation:AfternoonTea"},{"floor":14,"key":"Frozen Egg 2"},{"floor":23,"key":"StSpp:PetrifiedCaterpillar"},{"floor":26,"key":"CCEMRelics:Pendulum"}],"event_choices":[{"damage_healed":0,"gold_gain":0,"player_choice":"Simplicity","damage_taken":0,"max_hp_gain":0,"max_hp_loss":0,"event_name":"betterThird:BetterWriting","floor":19,"gold_loss":0}],"is_beta":false,"boss_relics":[{"not_picked":["halation:Prosthetics","halation:MonkeysPaw"],"picked":"Replay:Bronze Core"}],"items_purged_floors":[20,22],"is_endless":false,"potions_floor_spawned":[2,12,16],"killed_by":"Snecko","ascension_level":0}}