{"host":"kkntor5wdjky96yl","time":1611333961,"event":{"mods":["AchievementEnabler","BaseMod","Colored Map","KOR Keyword Fix","Minty Spire (QoL Compilation)","Shop Mod","StSLib","SuperFastMode"],"gold_per_floor":[116,116,191,206,54,82,82,115,115,146,158,186,186,196,196,295,295,312,58,73,90,106,106,140,157,157,157,169,146,146,146,146,241,241,258,258,271,321,321,321,647,647,647],"floor_reached":42,"language":"KOR","playtime":2165,"items_purged":["Strike_R","Heavy Blade"],"score":599,"play_id":"71e6389c-29bf-4e8b-a2c8-efa4133ff9fa","local_time":"20210123014601","is_ascension_mode":true,"campfire_choices":[{"floor":7.0,"key":"REST"},{"floor":15.0,"key":"REST"},{"floor":23.0,"key":"REST"},{"floor":27.0,"key":"REST"},{"floor":32.0,"key":"REST"},{"floor":40.0,"key":"REST"}],"circlet_count":0,"master_deck":["Strike_R","Strike_R","Strike_R+1","Defend_R+1","Defend_R","Defend_R","Defend_R","Bash","Apotheosis+1","Cleave","Impervious","Entrench+1","Impervious","Fire Breathing","Pommel Strike+1","Barricade","Entrench","Headbutt+1","Exhume","Body Slam+1","Seeing Red+1","True Grit"],"relics":["Burning Blood","Bottled Lightning","MealTicket","Molten Egg 2","Blood Vial","SlaversCollar","Peace Pipe","Darkstone Periapt","MerchantsRug","Empty Cage","Champion Belt","Old Coin"],"acts_visited":["Exordium","TheCity","TheBeyond"],"potions_floor_usage":[],"damage_taken":[{"damage":1.0,"enemies":"Small Slimes","floor":1.0,"turns":4.0},{"damage":8.0,"enemies":"2 Louse","floor":4.0,"turns":3.0},{"damage":18.0,"enemies":"3 Sentries","floor":6.0,"turns":8.0},{"damage":20.0,"enemies":"Gremlin Nob","floor":8.0,"turns":4.0},{"damage":4.0,"enemies":"Lagavulin","floor":10.0,"turns":7.0},{"damage":0.0,"enemies":"Cultist","floor":11.0,"turns":3.0},{"damage":24.0,"enemies":"Gremlin Nob","floor":12.0,"turns":5.0},{"damage":7.0,"enemies":"Red Slaver","floor":14.0,"turns":3.0},{"damage":12.0,"enemies":"Slime Boss","floor":16.0,"turns":8.0},{"damage":4.0,"enemies":"Chosen","floor":18.0,"turns":4.0},{"damage":28.0,"enemies":"2 Thieves","floor":20.0,"turns":4.0},{"damage":24.0,"enemies":"Shelled Parasite and Fungi","floor":21.0,"turns":14.0},{"damage":32.0,"enemies":"Snake Plant","floor":22.0,"turns":10.0},{"damage":20.0,"enemies":"Gremlin Leader","floor":24.0,"turns":14.0},{"damage":31.0,"enemies":"Centurion and Healer","floor":25.0,"turns":16.0},{"damage":12.0,"enemies":"Cultist and Chosen","floor":28.0,"turns":11.0},{"damage":22.0,"enemies":"Colosseum Slavers","floor":30.0,"turns":8.0},{"damage":16.0,"enemies":"Champ","floor":33.0,"turns":20.0},{"damage":36.0,"enemies":"Orb Walker","floor":35.0,"turns":10.0},{"damage":24.0,"enemies":"3 Darklings","floor":37.0,"turns":10.0},{"damage":0.0,"enemies":"Mind Bloom Boss Battle","floor":38.0,"turns":5.0},{"damage":15.0,"enemies":"Nemesis","floor":41.0,"turns":7.0},{"damage":78,"enemies":"Transient","floor":42,"turns":3}],"seed_played":"-1063661522152367168","potions_obtained":[{"floor":6.0,"key":"SkillPotion"},{"floor":8.0,"key":"Block Potion"},{"floor":16.0,"key":"FearPotion"},{"floor":18.0,"key":"Ancient Potion"},{"floor":25.0,"key":"Swift Potion"},{"floor":28.0,"key":"FearPotion"},{"floor":33.0,"key":"EssenceOfSteel"},{"floor":37.0,"key":"LiquidMemories"},{"floor":38.0,"key":"Regen Potion"},{"floor":41.0,"key":"Weak Potion"}],"is_trial":false,"path_per_floor":["M","?","?","M","$","E","R","E","T","E","M","E","?","M","R","B",null,"M","$","M","M","M","R","E","M","T","R","M","$","?","?","R","B",null,"M","?","M","?","?","R","E","M"],"character_chosen":"IRONCLAD","items_purchased":["Impervious","War Paint","MerchantsRug"],"campfire_rested":6,"item_purchase_floors":[5,19,29],"current_hp_per_floor":[61,45,34,32,32,20,44,30,30,32,38,20,20,21,45,41,80,80,80,58,42,18,42,30,7,7,31,27,42,28,34,59,51,86,56,56,40,48,48,73,66,0,0],"gold":647,"neow_bonus":"RANDOM_COLORLESS_2","is_daily":false,"chose_seed":false,"campfire_upgraded":0,"win_rate":0.0,"timestamp":1611333961,"path_taken":["M","?","?","M","$","E","R","E","T","E","M","E","?","M","R","BOSS","M","?","?","M","M","R","E","M","T","R","M","$","?","?","R","BOSS","M","?","M","?","?","R","E","M"],"items_purchased_type":["Card","Relic","Relic"],"build_version":"2020-12-22","purchased_purges":2,"victory":false,"max_hp_per_floor":[80,80,80,80,80,80,80,80,80,80,80,80,80,80,80,80,80,80,80,80,80,80,80,80,80,80,80,80,80,80,86,86,86,86,86,86,86,86,86,86,86,86,86],"card_choices":[{"not_picked":["Secret Technique","The Bomb"],"picked":"Apotheosis","floor":0.0},{"not_picked":["True Grit","Clothesline"],"picked":"Heavy Blade","floor":1.0},{"not_picked":["Perfected Strike","Dual Wield"],"picked":"Cleave","floor":4.0},{"not_picked":["True Grit","Dual Wield"],"picked":"Entrench","floor":6.0},{"not_picked":["Rampage","Seeing Red","Reckless Charge"],"picked":"SKIP","floor":8.0},{"not_picked":["Heavy Blade+1","Rage"],"picked":"Fiend Fire+1","floor":10.0},{"not_picked":["Havoc","Clash+1","Dual Wield"],"picked":"SKIP","floor":11.0},{"not_picked":["Hemokinesis+1","Evolve"],"picked":"Impervious","floor":12.0},{"not_picked":["Perfected Strike+1","Havoc"],"picked":"Pommel Strike+1","floor":14.0},{"not_picked":["Demon Form","Bludgeon+1"],"picked":"Barricade","floor":16.0},{"not_picked":["Sword Boomerang+1","Havoc+1","Infernal Blade"],"picked":"SKIP","floor":18.0},{"not_picked":["Flex+1","Cleave+1","Perfected Strike+1"],"picked":"SKIP","floor":20.0},{"not_picked":["Flex","Dark Embrace+1","Havoc"],"picked":"SKIP","floor":21.0},{"not_picked":["Berserk","Anger+1","Clothesline+1"],"picked":"SKIP","floor":22.0},{"not_picked":["Havoc+1","Thunderclap+1"],"picked":"Entrench","floor":24.0},{"not_picked":["Perfected Strike+1","Thunderclap+1"],"picked":"Headbutt+1","floor":25.0},{"not_picked":["Rampage+1","Wild Strike+1","Pommel Strike+1"],"picked":"SKIP","floor":28.0},{"not_picked":["Brutality","Offering"],"picked":"Exhume","floor":33.0},{"not_picked":["Pommel Strike+1","Shrug It Off+1"],"picked":"Body Slam+1","floor":35.0},{"not_picked":["Pommel Strike+1","Flex+1"],"picked":"Seeing Red+1","floor":37.0},{"not_picked":["Flex","Twin Strike+1"],"picked":"True Grit","floor":41.0}],"player_experience":96795,"relics_obtained":[{"floor":6.0,"key":"Bottled Lightning"},{"floor":8.0,"key":"MealTicket"},{"floor":9.0,"key":"Molten Egg 2"},{"floor":10.0,"key":"Bottled Flame"},{"floor":12.0,"key":"Blood Vial"},{"floor":24.0,"key":"Peace Pipe"},{"floor":26.0,"key":"Darkstone Periapt"},{"floor":38.0,"key":"Champion Belt"},{"floor":41.0,"key":"Old Coin"}],"event_choices":[{"damage_healed":0.0,"max_hp_gain":0.0,"max_hp_loss":0.0,"gold_gain":0.0,"event_name":"Shining Light","player_choice":"Entered Light","floor":2.0,"gold_loss":0.0,"damage_taken":16.0,"cards_upgraded":["Strike_R","Apotheosis"]},{"damage_healed":0.0,"max_hp_gain":0.0,"max_hp_loss":0.0,"gold_gain":75.0,"event_name":"World of Goop","player_choice":"Gather Gold","floor":3.0,"gold_loss":0.0,"damage_taken":11.0},{"damage_healed":0.0,"max_hp_gain":0.0,"max_hp_loss":0.0,"gold_gain":0.0,"cards_transformed":["Strike_R"],"event_name":"Transmorgrifier","player_choice":"Transformed","floor":13.0,"gold_loss":0.0,"damage_taken":0.0,"cards_obtained":["Fire Breathing"]},{"damage_healed":0.0,"max_hp_gain":0.0,"max_hp_loss":0.0,"gold_gain":0.0,"event_name":"Colosseum","player_choice":"Fight","floor":30.0,"gold_loss":0.0,"damage_taken":0.0},{"damage_healed":0.0,"max_hp_gain":0.0,"max_hp_loss":0.0,"gold_gain":0.0,"event_name":"Colosseum","player_choice":"Fled From Nobs","floor":30.0,"gold_loss":0.0,"damage_taken":0.0},{"damage_healed":0.0,"max_hp_gain":0.0,"max_hp_loss":0.0,"gold_gain":0.0,"event_name":"Forgotten Altar","player_choice":"Smashed Altar","floor":31.0,"gold_loss":0.0,"damage_taken":0.0,"cards_obtained":["Decay"]},{"damage_healed":0.0,"max_hp_gain":0.0,"max_hp_loss":0.0,"gold_gain":0.0,"event_name":"Tomb of Lord Red Mask","player_choice":"Ignored","floor":36.0,"gold_loss":0.0,"damage_taken":0.0},{"damage_healed":0.0,"max_hp_gain":0.0,"max_hp_loss":0.0,"gold_gain":0.0,"event_name":"MindBloom","player_choice":"Fight","floor":38.0,"gold_loss":0.0,"damage_taken":0.0},{"damage_healed":0.0,"max_hp_gain":0.0,"max_hp_loss":0.0,"gold_gain":0.0,"event_name":"SensoryStone","player_choice":"Memory 1","floor":39.0,"gold_loss":0.0,"damage_taken":0.0}],"is_beta":false,"boss_relics":[{"not_picked":["Tiny House","Mark of Pain"],"picked":"SlaversCollar"},{"not_picked":["Philosopher\u0027s Stone","Pandora\u0027s Box"],"picked":"Empty Cage"}],"items_purged_floors":[5,19],"is_endless":false,"potions_floor_spawned":[6,8,16,18,25,28,30,33,37,38,41],"killed_by":"Transient","ascension_level":3}}