{"host":"15dd7v8o90xso62x","time":1611314390,"event":{"mods":["BaseMod","Minty Spire (QoL Compilation)","Quick Restart","StSLib","SuperFastMode"],"gold_per_floor":[109,109,109,127,145,175,175,203,230,230,230,244,256,256,256,256,256],"floor_reached":16,"language":"KOR","playtime":378,"items_purged":[],"score":220,"play_id":"65ab8b99-af2d-4218-b97e-1e8450f65efd","local_time":"20210122201950","is_ascension_mode":true,"campfire_choices":[{"data":"Finisher","floor":7.0,"key":"SMITH"},{"floor":10.0,"key":"REST"},{"floor":15.0,"key":"REST"}],"circlet_count":0,"master_deck":["AscendersBane","Strike_G","Strike_G","Strike_G","Strike_G","Strike_G+1","Defend_G","Defend_G","Defend_G","Defend_G","Survivor","Neutralize","Finisher+1","After Image","Deflect","PiercingWail","Blade Dance+1"],"relics":["Ring of the Snake","NeowsBlessing","Ninja Scroll","Akabeko","Orichalcum","Smiling Mask"],"acts_visited":["Exordium"],"potions_floor_usage":[16],"damage_taken":[{"damage":0.0,"enemies":"Small Slimes","floor":1.0,"turns":1.0},{"damage":0.0,"enemies":"Jaw Worm","floor":4.0,"turns":1.0},{"damage":0.0,"enemies":"Cultist","floor":5.0,"turns":1.0},{"damage":23.0,"enemies":"Lagavulin","floor":6.0,"turns":4.0},{"damage":31.0,"enemies":"Gremlin Nob","floor":8.0,"turns":4.0},{"damage":0.0,"enemies":"Exordium Wildlife","floor":12.0,"turns":1.0},{"damage":0.0,"enemies":"Large Slime","floor":13.0,"turns":6.0},{"damage":25,"enemies":"Hexaghost","floor":16,"turns":10}],"seed_played":"8686453119268210965","potions_obtained":[{"floor":1.0,"key":"Strength Potion"},{"floor":4.0,"key":"PowerPotion"},{"floor":6.0,"key":"Dexterity Potion"},{"floor":12.0,"key":"Explosive Potion"}],"is_trial":false,"path_per_floor":["M","?","T","M","M","E","R","E","T","R","?","M","M","?","R","B"],"character_chosen":"THE_SILENT","items_purchased":[],"campfire_rested":2,"item_purchase_floors":[],"current_hp_per_floor":[59,59,59,59,59,36,36,5,5,24,24,24,24,4,23,0,0],"gold":256,"neow_bonus":"THREE_ENEMY_KILL","is_daily":false,"chose_seed":false,"campfire_upgraded":1,"win_rate":0.0,"timestamp":1611314390,"path_taken":["M","?","?","M","?","E","R","E","T","R","?","M","M","?","R","BOSS"],"items_purchased_type":[],"build_version":"2020-12-22","purchased_purges":0,"victory":false,"max_hp_per_floor":[66,66,66,66,66,66,66,66,66,66,66,66,66,66,66,66,66],"card_choices":[{"not_picked":["Masterful Stab","Bane"],"picked":"Finisher","floor":1.0},{"not_picked":["Acrobatics","Sucker Punch","Riddle With Holes"],"picked":"SKIP","floor":4.0},{"not_picked":["Prepared","All Out Attack","Bane"],"picked":"SKIP","floor":5.0},{"not_picked":["Finisher","Flying Knee","Sucker Punch"],"picked":"SKIP","floor":6.0},{"not_picked":["Prepared","Backflip"],"picked":"Deflect","floor":8.0},{"not_picked":["All Out Attack","Blur"],"picked":"PiercingWail","floor":12.0},{"not_picked":["Quick Slash","Sucker Punch"],"picked":"Blade Dance","floor":13.0}],"player_experience":1061462,"relics_obtained":[{"floor":3.0,"key":"Ninja Scroll"},{"floor":6.0,"key":"Akabeko"},{"floor":8.0,"key":"Orichalcum"},{"floor":9.0,"key":"Smiling Mask"}],"event_choices":[{"damage_healed":0.0,"max_hp_gain":0.0,"max_hp_loss":0.0,"gold_gain":0.0,"cards_transformed":["Defend_G"],"event_name":"Living Wall","player_choice":"Change","floor":2.0,"gold_loss":0.0,"damage_taken":0.0,"cards_obtained":["After Image"]},{"damage_healed":0.0,"max_hp_gain":0.0,"max_hp_loss":0.0,"gold_gain":0.0,"event_name":"Liars Game","player_choice":"Ignored","floor":11.0,"gold_loss":0.0,"damage_taken":0.0},{"damage_healed":0.0,"max_hp_gain":0.0,"max_hp_loss":0.0,"gold_gain":0.0,"event_name":"Shining Light","player_choice":"Entered Light","floor":14.0,"gold_loss":0.0,"damage_taken":20.0,"cards_upgraded":["Strike_G","Blade Dance"]}],"is_beta":false,"boss_relics":[],"items_purged_floors":[],"is_endless":false,"potions_floor_spawned":[1,4,6,12],"killed_by":"Hexaghost","ascension_level":20}}