{"host":"ilhhjx796p2x2wmd","time":1611308540,"event":{"mods":["AchievementEnabler","BaseMod","BetterRewards","Colored Map","Colored Powertips","DeckTracker","Highlight Path","Minty Spire (QoL Compilation)","Permanent Neow","Rare Cards Sparkle","Shop Mod"],"gold_per_floor":[110,126,136,156,176,204,204,235,235,247,278,278,288,302,302,405,405,405,405,79,99,110,110,135,135,135,160,160,177,26,52,52,147,147,162,177,277,292,30,65,78,111,138,166,181,31,31,45,45,45],"floor_reached":51,"language":"KOR","playtime":3060,"items_purged":["Strike_R","Strike_R","Strike_R","Strike_R"],"score":1030,"play_id":"329396f4-994c-409b-a738-c6898d007bd7","local_time":"20210122184220","is_ascension_mode":true,"campfire_choices":[{"data":"Armaments","floor":15.0,"key":"SMITH"},{"data":"Berserk","floor":23,"key":"SMITH"},{"data":"Heavy Blade","floor":25,"key":"SMITH"},{"data":"Heavy Blade","floor":28,"key":"SMITH"},{"data":"Bash","floor":32,"key":"SMITH"},{"data":"Demon Form","floor":47,"key":"SMITH"},{"data":"Evolve","floor":49,"key":"SMITH"}],"circlet_count":0,"master_deck":["Defend_R","Defend_R","Defend_R","Defend_R","Bash+1","Immolate","True Grit+1","Infernal Blade","Spot Weakness+1","Heavy Blade+1","Berserk+1","Shrug It Off","True Grit","Armaments+1","Evolve+1","Ghostly Armor","Flex","Inflame","Feed","Shrug It Off","Heavy Blade+1","Spot Weakness","Clothesline","Demon Form+1","Shrug It Off+1","Parasite","Inflame","Seeing Red+1","Heavy Blade+1"],"relics":["Burning Blood","Toy Ornithopter","War Paint","Mercury Hourglass","Eternal Feather","Coffee Dripper","Sling","Lantern","Pear","Thread and Needle","Ice Cream","Runic Pyramid","Regal Pillow","Prayer Wheel","PreservedInsect","Oddly Smooth Stone"],"acts_visited":["Exordium","TheCity","TheBeyond"],"potions_floor_usage":[24,24,31,31,33,39,42,50],"damage_taken":[{"damage":0.0,"enemies":"2 Louse","floor":1.0,"turns":1.0},{"damage":12.0,"enemies":"Jaw Worm","floor":2.0,"turns":2.0},{"damage":0.0,"enemies":"Small Slimes","floor":3.0,"turns":2.0},{"damage":16.0,"enemies":"Red Slaver","floor":4.0,"turns":4.0},{"damage":19.0,"enemies":"Lots of Slimes","floor":5.0,"turns":3.0},{"damage":15.0,"enemies":"3 Sentries","floor":6.0,"turns":3.0},{"damage":24.0,"enemies":"Gremlin Nob","floor":8.0,"turns":4.0},{"damage":0.0,"enemies":"Large Slime","floor":10.0,"turns":3.0},{"damage":17.0,"enemies":"Lagavulin","floor":11.0,"turns":6.0},{"damage":0.0,"enemies":"Exordium Thugs","floor":13.0,"turns":3.0},{"damage":16.0,"enemies":"Lots of Slimes","floor":14.0,"turns":3.0},{"damage":28.0,"enemies":"The Guardian","floor":16.0,"turns":9.0},{"damage":1.0,"enemies":"Spheric Guardian","floor":18.0,"turns":3.0},{"damage":51.0,"enemies":"Shell Parasite","floor":21.0,"turns":7.0},{"damage":29,"enemies":"Shelled Parasite and Fungi","floor":22,"turns":4},{"damage":9,"enemies":"Slavers","floor":24,"turns":4},{"damage":52,"enemies":"Gremlin Leader","floor":27,"turns":5},{"damage":4,"enemies":"Snecko","floor":29,"turns":3},{"damage":29,"enemies":"Slavers","floor":31,"turns":2},{"damage":62,"enemies":"Collector","floor":33,"turns":7},{"damage":1,"enemies":"3 Darklings","floor":35,"turns":4},{"damage":2,"enemies":"Orb Walker","floor":36,"turns":3},{"damage":28,"enemies":"Writhing Mass","floor":38,"turns":5},{"damage":13,"enemies":"Reptomancer","floor":40,"turns":5},{"damage":21,"enemies":"Transient","floor":41,"turns":5},{"damage":4,"enemies":"Nemesis","floor":42,"turns":5},{"damage":10,"enemies":"Giant Head","floor":44,"turns":5},{"damage":10,"enemies":"4 Shapes","floor":45,"turns":5},{"damage":15,"enemies":"Sphere and 2 Shapes","floor":48,"turns":5},{"damage":100,"enemies":"Donu and Deca","floor":50,"turns":8}],"seed_played":"-3636306966653906225","potions_obtained":[{"floor":2.0,"key":"Weak Potion"},{"floor":3.0,"key":"SpeedPotion"},{"floor":10.0,"key":"HeartOfIron"},{"floor":11.0,"key":"SmokeBomb"},{"floor":16.0,"key":"SteroidPotion"},{"floor":19.0,"key":"FairyPotion"},{"floor":19.0,"key":"AttackPotion"},{"floor":27,"key":"CultistPotion"},{"floor":31,"key":"PowerPotion"},{"floor":35,"key":"DuplicationPotion"},{"floor":36,"key":"Regen Potion"},{"floor":41,"key":"BlessingOfTheForge"},{"floor":42,"key":"ElixirPotion"}],"is_trial":false,"path_per_floor":["M","M","M","M","M","E","?","E","T","M","E","?","M","M","R","B",null,"M","?","$","M","M","R","E","R","T","E","R","M","$","E","R","B",null,"M","M","?","M","$","E","M","E","T","E","M","$","R","M","R","B",null],"character_chosen":"IRONCLAD","items_purchased":["Sling","Shrug It Off","Heavy Blade","Block Potion","Inflame","Fruit Juice"],"campfire_rested":0,"item_purchase_floors":[20,20,20,30,39,39],"current_hp_per_floor":[62,56,62,52,39,30,56,38,38,44,38,38,44,34,46,24,80,80,80,80,35,12,27,37,52,62,16,31,33,33,23,38,34,96,96,99,99,77,87,80,65,86,86,82,81,81,96,87,102,17],"gold":45,"neow_bonus":"THREE_RARE_CARDS","is_daily":false,"chose_seed":false,"campfire_upgraded":7,"win_rate":0.0,"timestamp":1611308540,"path_taken":["M","M","M","M","M","E","?","E","T","M","E","?","M","M","R","BOSS","M","?","$","M","?","R","E","R","T","E","R","M","$","E","R","BOSS","M","?","?","M","?","E","M","E","T","E","?","$","R","M","R","BOSS"],"items_purchased_type":["Relic","Card","Card","Potion","Card","Potion"],"build_version":"2020-12-22","purchased_purges":4,"victory":true,"max_hp_per_floor":[80,80,80,80,80,80,80,80,80,80,80,80,80,80,80,80,80,80,80,80,80,80,80,83,83,93,93,93,93,93,96,96,96,96,96,99,99,99,104,104,104,104,104,104,107,107,107,107,107,111],"card_choices":[{"not_picked":["Barricade","Fiend Fire"],"picked":"Immolate","floor":0.0},{"not_picked":["Headbutt","Entrench"],"picked":"True Grit","floor":1.0},{"not_picked":["Wild Strike","Shockwave"],"picked":"Infernal Blade","floor":2.0},{"not_picked":["Twin Strike","Heavy Blade"],"picked":"Spot Weakness","floor":3.0},{"not_picked":["Whirlwind","Second Wind"],"picked":"Heavy Blade","floor":4.0},{"not_picked":["Iron Wave","Burning Pact"],"picked":"Berserk","floor":5.0},{"not_picked":["Flex","Flame Barrier"],"picked":"Shrug It Off","floor":6.0},{"not_picked":["Twin Strike","Hemokinesis"],"picked":"True Grit","floor":8.0},{"not_picked":["Shrug It Off","Rampage"],"picked":"Armaments","floor":10.0},{"not_picked":["Clash","Headbutt"],"picked":"Evolve","floor":11.0},{"not_picked":["Headbutt","Fiend Fire"],"picked":"Flex","floor":13.0},{"not_picked":["Clothesline","Pommel Strike"],"picked":"Inflame","floor":14.0},{"not_picked":["Berserk","Immolate"],"picked":"Feed","floor":16.0},{"not_picked":["Rupture","Clothesline+1"],"picked":"Spot Weakness","floor":21.0},{"not_picked":["Burning Pact","Havoc","Anger"],"picked":"SKIP","floor":22},{"not_picked":["Armaments","Blood for Blood"],"picked":"Clothesline","floor":24},{"not_picked":["Body Slam","Metallicize","Barricade"],"picked":"SKIP","floor":27},{"not_picked":["Armaments","Second Wind","Thunderclap"],"picked":"SKIP","floor":29},{"not_picked":["Fire Breathing","Rage","Twin Strike"],"picked":"SKIP","floor":31},{"not_picked":["Juggernaut","Barricade"],"picked":"Demon Form","floor":33},{"not_picked":["Wild Strike+1","Evolve+1"],"picked":"Shrug It Off+1","floor":35},{"not_picked":["Iron Wave","Reckless Charge","Hemokinesis+1"],"picked":"SKIP","floor":36},{"not_picked":["Cleave","Burning Pact","Pommel Strike"],"picked":"SKIP","floor":38},{"not_picked":["Cleave","Bludgeon"],"picked":"Seeing Red+1","floor":40},{"not_picked":["Iron Wave+1","Infernal Blade","Cleave"],"picked":"SKIP","floor":41},{"not_picked":["Perfected Strike+1","Iron Wave","Anger+1"],"picked":"SKIP","floor":42},{"not_picked":["Disarm","Ghostly Armor","Burning Pact+1"],"picked":"SKIP","floor":44},{"not_picked":["Sever Soul","Clash+1"],"picked":"Heavy Blade+1","floor":45},{"not_picked":["Searing Blow+1","Perfected Strike+1","Infernal Blade"],"picked":"SKIP","floor":45},{"not_picked":["Carnage","Thunderclap","Havoc+1"],"picked":"SKIP","floor":48},{"not_picked":["Body Slam+1","Flex","Hemokinesis+1"],"picked":"SKIP","floor":48}],"player_experience":304479,"relics_obtained":[{"floor":6.0,"key":"Toy Ornithopter"},{"floor":8.0,"key":"War Paint"},{"floor":9.0,"key":"Mercury Hourglass"},{"floor":11.0,"key":"Eternal Feather"},{"floor":24,"key":"Lantern"},{"floor":26,"key":"Pear"},{"floor":27,"key":"Thread and Needle"},{"floor":31,"key":"Ice Cream"},{"floor":40,"key":"Regal Pillow"},{"floor":42,"key":"Prayer Wheel"},{"floor":43,"key":"PreservedInsect"},{"floor":44,"key":"Oddly Smooth Stone"}],"event_choices":[{"damage_healed":26.0,"max_hp_gain":0.0,"max_hp_loss":0.0,"gold_gain":0.0,"event_name":"Big Fish","player_choice":"Banana","floor":7.0,"gold_loss":0.0,"damage_taken":0.0},{"damage_healed":0.0,"max_hp_gain":0.0,"max_hp_loss":0.0,"gold_gain":0.0,"cards_transformed":["Strike_R"],"event_name":"Living Wall","player_choice":"Change","floor":12.0,"gold_loss":0.0,"damage_taken":0.0,"cards_obtained":["Ghostly Armor"]},{"damage_healed":0.0,"max_hp_gain":0.0,"max_hp_loss":0.0,"gold_gain":0.0,"event_name":"Lab","player_choice":"Got Potions","floor":19.0,"gold_loss":0.0,"damage_taken":0.0},{"damage_healed":0,"gold_gain":100,"player_choice":"Pray","damage_taken":0,"max_hp_gain":0,"max_hp_loss":0,"event_name":"Golden Shrine","floor":37,"gold_loss":0}],"is_beta":false,"boss_relics":[{"not_picked":["Tiny House","Runic Cube"],"picked":"Coffee Dripper"},{"not_picked":["Velvet Choker","Philosopher\u0027s Stone"],"picked":"Runic Pyramid"}],"items_purged_floors":[20,30,39,46],"is_endless":false,"potions_floor_spawned":[2,3,10,11,13,14,16,18,27,31,35,36,41,42,45,48],"ascension_level":4}}