{"host":"iimv3xr0scyjt3cx","time":1611350338,"event":{"mods":["BaseMod","Hermit","Minty Spire (QoL Compilation)","Replay The Spire","StSLib","The Bladedancer","The Bug Knight","The Cursed","The Judge","The Senshi","The Servant 0.9.4","The Wild Card"],"gold_per_floor":[109,124,137,137,152,152,152,152,152,182,182,182,182,193,193,297,297,297,297,297,297,247,247,247,247,247,247,247,247,247,247,247,247,247,247,247,9,9,9,9,9,9,9,9,9,9,9,9,9,9,9,9,9,9,9,9],"floor_reached":55,"language":"ENG","playtime":4324,"items_purged":[],"score":632,"play_id":"a4a73d94-b5d5-4097-b5c9-dfaff8e50a19","local_time":"20210122221858","is_ascension_mode":false,"campfire_choices":[{"data":"hermit:Brawl","floor":6,"key":"SMITH"},{"data":"hermit:WideOpen","floor":8,"key":"SMITH"},{"data":"hermit:HighNoon","floor":12,"key":"SMITH"},{"data":"hermit:Snapshot","floor":15,"key":"SMITH"},{"data":"hermit:Glare","floor":24,"key":"SMITH"},{"data":"hermit:Combo","floor":27,"key":"SMITH"},{"data":"hermit:Dive","floor":32,"key":"SMITH"},{"floor":40,"key":"RECALL"},{"data":"hermit:BodyArmor","floor":42,"key":"SMITH"},{"data":"hermit:Gambit","floor":45,"key":"SMITH"},{"data":"hermit:Covet","floor":47,"key":"SMITH"},{"data":"hermit:Strike_Hermit","floor":49,"key":"SMITH"},{"data":"hermit:Strike_Hermit","floor":52,"key":"SMITH"}],"circlet_count":0,"master_deck":["hermit:Strike_Hermit+1","hermit:Strike_Hermit+1","hermit:Strike_Hermit","hermit:Defend_Hermit","hermit:Defend_Hermit","hermit:Defend_Hermit+1","hermit:Defend_Hermit","hermit:Snapshot+1","hermit:Covet+1","hermit:Glare+1","hermit:Brawl+1","hermit:TrackingShot+1","hermit:BodyArmor+1","hermit:WideOpen+1","theWildCard:Scathach+1","hermit:HighNoon+1","hermit:LuckOfTheDraw+1","Necronomicurse","hermit:GhostlyPresence+1","hermit:Ricochet+1","hermit:Combo+1","hermit:Dive+1","hermit:Gambit+1","hermit:GoldenBullet+1","hermit:TakeAim+1","hermit:Scavenge+1","hermit:Malice+1"],"relics":["hermit:Momento","Mercury Hourglass","Singing Bowl","Ectoplasm","Necronomicon","Unceasing Top","HollowMod:QueensCombRelic","Gambling Chip","ReplayTheSpireMod:TigerMarble","Runic Dome","Du-Vu Doll","ReplayTheSpireMod:Ninjato","ReplayFunnel","hermit:Horseshoe","FossilizedHelix"],"acts_visited":["Exordium","TheCity","TheBeyond","TheEnding"],"potions_floor_usage":[25,29,29,33,33,39,50,54,54],"damage_taken":[{"damage":0,"enemies":"2 Louse","floor":1,"turns":3},{"damage":7,"enemies":"Small Slimes","floor":2,"turns":4},{"damage":0,"enemies":"Cultist","floor":3,"turns":2},{"damage":2,"enemies":"3 Louse","floor":5,"turns":4},{"damage":3,"enemies":"3 Sentries","floor":10,"turns":6},{"damage":0,"enemies":"Large Slime","floor":14,"turns":4},{"damage":0,"enemies":"Slime Boss","floor":16,"turns":8},{"damage":0,"enemies":"Chosen","floor":18,"turns":4},{"damage":0,"enemies":"Shell Parasite","floor":21,"turns":4},{"damage":0,"enemies":"Chosen and Byrds","floor":23,"turns":6},{"damage":0,"enemies":"Book of Stabbing","floor":25,"turns":6},{"damage":33,"enemies":"Slavers","floor":28,"turns":4},{"damage":0,"enemies":"Snecko","floor":29,"turns":3},{"damage":0,"enemies":"Snake Plant","floor":30,"turns":2},{"damage":0,"enemies":"Centurion and Healer","floor":31,"turns":4},{"damage":0,"enemies":"Champ","floor":33,"turns":11},{"damage":0,"enemies":"3 Shapes","floor":35,"turns":5},{"damage":0,"enemies":"Mind Bloom Boss Battle","floor":36,"turns":5},{"damage":0,"enemies":"3 Darklings","floor":38,"turns":5},{"damage":0,"enemies":"Transient","floor":39,"turns":5},{"damage":2,"enemies":"4 Shapes","floor":41,"turns":6},{"damage":7,"enemies":"Maw","floor":46,"turns":5},{"damage":6,"enemies":"Replay:Hell Engine","floor":50,"turns":14},{"damage":57,"enemies":"Shield and Spear","floor":54,"turns":9},{"damage":15,"enemies":"The Heart","floor":55,"turns":2}],"seed_played":"-1787252168933288227","potions_obtained":[{"floor":1,"key":"Block Potion"},{"floor":2,"key":"Venom Potion"},{"floor":5,"key":"BlessingOfTheForge"},{"floor":10,"key":"SteroidPotion"},{"floor":29,"key":"ColorlessPotion"},{"floor":30,"key":"SpeedPotion"},{"floor":33,"key":"Strength Potion"},{"floor":38,"key":"ColorlessPotion"},{"floor":39,"key":"BlessingOfTheForge"},{"floor":46,"key":"Adrenaline Potion"}],"is_trial":false,"path_per_floor":["M","M","M","$","M","R","?","R","T","E","?","R","?","M","R","B",null,"M","?","?","M","?","M","R","E","T","R","E","M","M","M","R","B",null,"M","?","$","M","M","R","M","R","T","T","R","M","R","T","R","B",null,"R","$","E","B"],"character_chosen":"HERMIT","items_purchased":["ReplayTheSpireMod:Ninjato"],"campfire_rested":0,"item_purchase_floors":[37],"current_hp_per_floor":[75,68,68,68,66,66,66,66,66,63,48,48,48,50,50,52,79,79,63,63,63,63,63,63,52,52,52,19,31,41,54,54,56,56,56,56,56,58,60,60,58,58,58,58,58,55,55,55,55,53,62,62,62,7,0,0],"gold":9,"neow_bonus":"TRANSFORM_CARD","is_daily":false,"chose_seed":false,"campfire_upgraded":12,"win_rate":0.0,"timestamp":1611350338,"path_taken":["M","M","M","$","M","R","?","R","T","E","?","R","?","?","R","BOSS","M","?","?","?","?","M","R","E","T","R","E","?","M","M","R","BOSS","M","?","$","M","M","R","M","R","T","?","R","M","R","?","R","BOSS","R","$","E","BOSS"],"items_purchased_type":["Relic"],"build_version":"2020-12-22","purchased_purges":0,"victory":false,"max_hp_per_floor":[75,75,75,75,75,75,75,75,75,75,75,75,75,77,77,79,79,79,79,79,79,79,79,79,52,52,52,52,52,54,54,54,56,56,56,56,56,58,60,60,60,60,60,60,60,62,62,62,62,62,62,62,62,64,64,64],"card_choices":[{"not_picked":["hermit:Deadeye","hermit:Vantage"],"picked":"hermit:Brawl","floor":1},{"not_picked":["hermit:Glare","hermit:Misfire"],"picked":"hermit:TrackingShot","floor":2},{"not_picked":["hermit:WideOpen","hermit:NoHoldsBarred"],"picked":"hermit:BodyArmor","floor":3},{"not_picked":["hermit:BodyArmor","hermit:Desperado"],"picked":"hermit:WideOpen","floor":5},{"not_picked":["hermit:Roulette","hermit:Magnum"],"picked":"hermit:HighNoon","floor":10},{"not_picked":["hermit:Glare","hermit:WideOpen","hermit:Misfire"],"picked":"Singing Bowl","floor":14},{"not_picked":["hermit:Dissolve","hermit:FromBeyond","hermit:Adapt"],"picked":"Singing Bowl","floor":16},{"not_picked":["hermit:Manifest+1","hermit:CalledShot"],"picked":"hermit:LuckOfTheDraw+1","floor":18},{"not_picked":["hermit:Coalescence","hermit:Desperado+1"],"picked":"hermit:GhostlyPresence+1","floor":21},{"not_picked":["hermit:CursedWeapon","hermit:Glare"],"picked":"hermit:Ricochet+1","floor":23},{"not_picked":["hermit:Scavenge","hermit:Determination"],"picked":"hermit:Combo","floor":25},{"not_picked":["hermit:BigShot","hermit:ItchyTrigger"],"picked":"hermit:Dive","floor":28},{"not_picked":["hermit:SprayPray","hermit:LowProfile"],"picked":"hermit:Gambit","floor":29},{"not_picked":["hermit:Spite","hermit:TrackingShot","hermit:Headshot"],"picked":"Singing Bowl","floor":30},{"not_picked":["hermit:Glare+1","hermit:Dive"],"picked":"hermit:GoldenBullet+1","floor":31},{"not_picked":["hermit:HeroicBravado","hermit:Gambit","hermit:FromBeyond"],"picked":"Singing Bowl","floor":33},{"not_picked":["hermit:CursedWeapon+1","hermit:Roulette+1"],"picked":"hermit:TakeAim+1","floor":35},{"not_picked":["hermit:Snipe","hermit:Glare+1"],"picked":"hermit:Scavenge+1","floor":36},{"not_picked":["hermit:Snipe","hermit:Roulette+1","hermit:Vantage"],"picked":"Singing Bowl","floor":38},{"not_picked":["hermit:Desperado+1","hermit:SprayPray+1","hermit:Combo"],"picked":"Singing Bowl","floor":39},{"not_picked":["hermit:ItchyTrigger+1","hermit:FullyLoaded+1"],"picked":"hermit:Malice+1","floor":41},{"not_picked":["hermit:Purgatory","hermit:Glare","hermit:Vantage+1"],"picked":"Singing Bowl","floor":46},{"not_picked":["hermit:Ricochet+1","hermit:WideOpen+1","hermit:Vantage"],"picked":"Singing Bowl","floor":54}],"player_experience":482195,"relics_obtained":[{"floor":9,"key":"Mercury Hourglass"},{"floor":10,"key":"Singing Bowl"},{"floor":19,"key":"Necronomicon"},{"floor":20,"key":"Unceasing Top"},{"floor":25,"key":"HollowMod:QueensCombRelic"},{"floor":26,"key":"Gambling Chip"},{"floor":28,"key":"ReplayTheSpireMod:TigerMarble"},{"floor":36,"key":"Du-Vu Doll"},{"floor":44,"key":"ReplayFunnel"},{"floor":48,"key":"hermit:Horseshoe"},{"floor":54,"key":"FossilizedHelix"}],"event_choices":[{"damage_healed":0,"gold_gain":0,"player_choice":"Entered Light","damage_taken":15,"max_hp_gain":0,"max_hp_loss":0,"event_name":"Shining Light","floor":11,"gold_loss":0,"cards_upgraded":["hermit:TrackingShot","hermit:Defend_Hermit"]},{"damage_healed":0,"gold_gain":0,"player_choice":"Upgraded","damage_taken":0,"max_hp_gain":0,"max_hp_loss":0,"event_name":"Upgrade Shrine","floor":13,"gold_loss":0,"cards_upgraded":["theWildCard:Scathach"]},{"damage_healed":0,"gold_gain":0,"player_choice":"Obtained Book","damage_taken":16,"max_hp_gain":0,"max_hp_loss":0,"event_name":"Cursed Tome","floor":19,"gold_loss":0},{"damage_healed":0,"gold_gain":0,"player_choice":"Relic","damage_taken":0,"max_hp_gain":0,"max_hp_loss":0,"event_name":"Wheel of Change","floor":20,"gold_loss":0},{"damage_healed":0,"gold_gain":100,"player_choice":"Bet on Murderer","damage_taken":0,"max_hp_gain":0,"max_hp_loss":0,"event_name":"The Joust","floor":22,"gold_loss":50},{"damage_healed":0,"gold_gain":0,"player_choice":"Fight","damage_taken":0,"max_hp_gain":0,"max_hp_loss":0,"event_name":"MindBloom","floor":36,"gold_loss":0}],"is_beta":false,"boss_relics":[{"not_picked":["hermit:BartenderGlass","Replay:Wanted Poster"],"picked":"Ectoplasm"},{"not_picked":["Velvet Choker","Replay:Bronze Core"],"picked":"Runic Dome"}],"items_purged_floors":[],"is_endless":false,"potions_floor_spawned":[1,2,5,10,21,29,30,33,38,39,46],"killed_by":"The Heart","ascension_level":0}}