{"host":"873t0y8ybyo38pfq","time":1611355596,"event":{"mods":["BaseMod","Bestiary","Colored Map","Colored Powertips","Highlight Path","Minty Spire (QoL Compilation)","Quick Restart","RNG Fix","Rare Cards Sparkle","Relic Stats","StSLib"],"gold_per_floor":[112,112,112,53,53,78,78,110,133,58,77,107,54,74,74,149,149,161,436,450,113,128,128,128],"floor_reached":23,"language":"ENG","playtime":1036,"items_purged":["Regret"],"score":514,"play_id":"bb333e49-6d39-456c-9804-96fcc2fd07ac","local_time":"20210122174636","is_ascension_mode":true,"campfire_choices":[{"data":"Bash","floor":7,"key":"SMITH"},{"data":"Whirlwind","floor":15,"key":"SMITH"}],"circlet_count":0,"master_deck":["AscendersBane","Strike_R","Strike_R","Strike_R","Strike_R","Defend_R+1","Defend_R+1","Defend_R+1","Defend_R+1","Bash+1","Dropkick","Shrug It Off","Wild Strike","Pummel","Clothesline","Whirlwind+1","Immolate","Ghostly Armor+1","Burning Pact","Feed","Thunderclap+1"],"relics":["Burning Blood","NeowsBlessing","Tiny Chest","Toy Ornithopter","War Paint","Strawberry","Coffee Dripper"],"acts_visited":["Exordium","TheCity"],"potions_floor_usage":[12,16,16,22],"damage_taken":[{"damage":0,"enemies":"Jaw Worm","floor":1,"turns":1},{"damage":0,"enemies":"3 Sentries","floor":6,"turns":2},{"damage":0,"enemies":"Gremlin Nob","floor":8,"turns":1},{"damage":0,"enemies":"2 Louse","floor":11,"turns":2},{"damage":16,"enemies":"Lagavulin","floor":12,"turns":5},{"damage":0,"enemies":"Small Slimes","floor":14,"turns":4},{"damage":70,"enemies":"The Guardian","floor":16,"turns":13},{"damage":10,"enemies":"Chosen","floor":18,"turns":5},{"damage":8,"enemies":"3 Byrds","floor":20,"turns":4},{"damage":40,"enemies":"Snecko","floor":22,"turns":7},{"damage":38,"enemies":"Book of Stabbing","floor":23,"turns":4}],"seed_played":"-4868536420184512392","potions_obtained":[{"floor":11,"key":"AttackPotion"},{"floor":12,"key":"Swift Potion"},{"floor":20,"key":"ColorlessPotion"}],"is_trial":false,"path_per_floor":["M","?","?","$","$","E","R","E","T","?","M","E","$","M","R","B",null,"M","?","M","$","M","E"],"character_chosen":"IRONCLAD","items_purchased":["Shrug It Off","SteroidPotion","GamblersBrew","Feed"],"campfire_rested":0,"item_purchase_floors":[4,13,21,21],"current_hp_per_floor":[74,51,56,56,56,62,62,68,68,68,74,76,76,82,82,28,72,68,68,66,66,37,0,0],"gold":128,"neow_bonus":"THREE_ENEMY_KILL","is_daily":false,"chose_seed":false,"campfire_upgraded":2,"win_rate":0.0,"timestamp":1611355596,"path_taken":["M","?","?","?","$","E","R","E","T","?","M","E","$","M","R","BOSS","M","?","?","$","M","E"],"items_purchased_type":["Card","Potion","Potion","Card"],"build_version":"2020-12-22","purchased_purges":1,"victory":false,"max_hp_per_floor":[75,75,80,80,80,80,80,80,80,80,80,87,87,87,87,87,87,87,87,87,87,87,87,87],"relic_stats":{"counters":[11,48],"Tiny Chest":0,"War Paint":["Defend_R","Defend_R"],"obtain_stats":[{"NeowsBlessing":0,"Strawberry":12,"Tiny Chest":6,"Coffee Dripper":17,"War Paint":9,"Burning Blood":0,"Toy Ornithopter":8},{"NeowsBlessing":0,"Strawberry":5,"Tiny Chest":2,"Coffee Dripper":7,"War Paint":3,"Burning Blood":0,"Toy Ornithopter":3},{"NeowsBlessing":0,"Strawberry":11,"Tiny Chest":3,"Coffee Dripper":28,"War Paint":4,"Burning Blood":0,"Toy Ornithopter":4}],"Burning Blood":60,"Toy Ornithopter":20},"card_choices":[{"not_picked":["Shrug It Off","Searing Blow"],"picked":"Dropkick","floor":1},{"not_picked":["Headbutt","Pummel"],"picked":"Wild Strike","floor":6},{"not_picked":["Ghostly Armor","Perfected Strike"],"picked":"Pummel","floor":8},{"not_picked":["Dual Wield","Clash","Dark Embrace"],"picked":"SKIP","floor":11},{"not_picked":["Clothesline","Infernal Blade","Limit Break"],"picked":"SKIP","floor":12},{"not_picked":["Infernal Blade","Limit Break"],"picked":"Clothesline","floor":12},{"not_picked":["Ghostly Armor","Twin Strike"],"picked":"Whirlwind","floor":14},{"not_picked":["Demon Form","Double Tap"],"picked":"Immolate","floor":16},{"not_picked":["Dark Embrace","Sword Boomerang"],"picked":"Ghostly Armor+1","floor":18},{"not_picked":["Sword Boomerang","Armaments"],"picked":"Burning Pact","floor":20},{"not_picked":["Sentinel","Heavy Blade"],"picked":"Thunderclap+1","floor":22}],"player_experience":1696478,"relics_obtained":[{"floor":6,"key":"Tiny Chest"},{"floor":8,"key":"Toy Ornithopter"},{"floor":9,"key":"War Paint"},{"floor":12,"key":"Strawberry"}],"event_choices":[{"damage_healed":0,"gold_gain":0,"player_choice":"Entered Light","damage_taken":23,"max_hp_gain":0,"max_hp_loss":0,"event_name":"Shining Light","floor":2,"gold_loss":0,"cards_upgraded":["Defend_R","Defend_R"]},{"damage_healed":0,"gold_gain":0,"player_choice":"Donut","damage_taken":0,"max_hp_gain":5,"max_hp_loss":0,"event_name":"Big Fish","floor":3,"gold_loss":0},{"cards_removed":["Strike_R"],"damage_healed":0,"gold_gain":0,"player_choice":"Card Removal","damage_taken":0,"max_hp_gain":0,"max_hp_loss":0,"event_name":"The Cleric","floor":10,"gold_loss":75},{"damage_healed":0,"gold_gain":275,"player_choice":"Desecrate","damage_taken":0,"max_hp_gain":0,"max_hp_loss":0,"event_name":"Golden Shrine","floor":19,"gold_loss":0,"cards_obtained":["Regret"]}],"is_beta":false,"boss_relics":[{"not_picked":["Astrolabe","Tiny House"],"picked":"Coffee Dripper"}],"items_purged_floors":[21],"is_endless":false,"potions_floor_spawned":[11,12,14,20],"killed_by":"Book of Stabbing","ascension_level":20}}