{"host":"y24pqu7jih1n8m3t","time":1611294817,"event":{"mods":["AchievementEnabler","BaseMod","Bestiary","Block Reminder","Colored Map","Colored Powertips","DeckTracker","Highlight Path","Minty Spire (QoL Compilation)","Permanent Neow","Quick Restart","Rare Cards Sparkle","Relic Stats"],"gold_per_floor":[15,32,42,52,63,89,100,130,130,31,31,60,60,74,74,177,177,197,210,225,225,245,272,291,291,291,326,326,341,34,67,67,171,171,188,98,49,64,83,113,113,113,113],"floor_reached":42,"language":"ENG","playtime":3782,"items_purged":["Defend_R"],"score":563,"play_id":"0a12a695-79b4-481e-8f35-915ff93fabc5","local_time":"20210122005337","is_ascension_mode":true,"campfire_choices":[{"data":"Armaments","floor":11,"key":"SMITH"},{"data":"Inflame","floor":15,"key":"SMITH"},{"floor":25,"key":"REST"},{"floor":28,"key":"RECALL"},{"floor":32,"key":"REST"}],"circlet_count":0,"master_deck":["Strike_R","Strike_R","Strike_R","Defend_R","Defend_R","Bash+1","Inflame+1","Armaments+1","Shrug It Off+1","Uppercut","Iron Wave","Pummel","Rage+1","Iron Wave","Shrug It Off","Pommel Strike","Demon Form","Dropkick+1","Disarm+1","Disarm","Inflame+1","Twin Strike+1","Berserk","Battle Trance+1","Anger","Pummel","Limit Break","Iron Wave","Demon Form","Sword Boomerang+1","Warcry","Body Slam+1","Twin Strike+1","Anger"],"relics":["Burning Blood","Bottled Tornado","Blood Vial","Bird Faced Urn","War Paint","Philosopher\u0027s Stone","Bottled Lightning","Peace Pipe","OrangePellets","Shuriken","Cursed Key","Champion Belt"],"acts_visited":["Exordium","TheCity","TheBeyond"],"potions_floor_usage":[12,16,16,23,23,31,33,33,39],"damage_taken":[{"damage":1,"enemies":"Cultist","floor":1,"turns":3},{"damage":7,"enemies":"Jaw Worm","floor":2,"turns":3},{"damage":3,"enemies":"2 Louse","floor":3,"turns":3},{"damage":18,"enemies":"Gremlin Gang","floor":4,"turns":7},{"damage":3,"enemies":"Blue Slaver","floor":5,"turns":6},{"damage":24,"enemies":"Lagavulin","floor":6,"turns":9},{"damage":0,"enemies":"2 Fungi Beasts","floor":7,"turns":4},{"damage":19,"enemies":"3 Sentries","floor":8,"turns":10},{"damage":9,"enemies":"Gremlin Nob","floor":12,"turns":4},{"damage":11,"enemies":"Exordium Thugs","floor":14,"turns":4},{"damage":61,"enemies":"Slime Boss","floor":16,"turns":15},{"damage":26,"enemies":"Shell Parasite","floor":18,"turns":6},{"damage":2,"enemies":"Spheric Guardian","floor":19,"turns":4},{"damage":24,"enemies":"Snake Plant","floor":20,"turns":4},{"damage":12,"enemies":"Cultist and Chosen","floor":22,"turns":5},{"damage":27,"enemies":"Book of Stabbing","floor":23,"turns":6},{"damage":25,"enemies":"Snecko","floor":24,"turns":4},{"damage":26,"enemies":"Gremlin Leader","floor":27,"turns":5},{"damage":19,"enemies":"Centurion and Healer","floor":29,"turns":5},{"damage":35,"enemies":"Slavers","floor":31,"turns":4},{"damage":40,"enemies":"Collector","floor":33,"turns":7},{"damage":16,"enemies":"3 Shapes","floor":35,"turns":3},{"damage":31,"enemies":"3 Darklings","floor":38,"turns":6},{"damage":28,"enemies":"Jaw Worm Horde","floor":39,"turns":3},{"damage":44,"enemies":"Giant Head","floor":40,"turns":6},{"damage":32,"enemies":"Sphere and 2 Shapes","floor":42,"turns":3}],"seed_played":"6230386748882970886","potions_obtained":[{"floor":1,"key":"BloodPotion"},{"floor":2,"key":"EssenceOfSteel"},{"floor":3,"key":"Dexterity Potion"},{"floor":8,"key":"Block Potion"},{"floor":14,"key":"ElixirPotion"},{"floor":18,"key":"EssenceOfSteel"},{"floor":22,"key":"Ancient Potion"},{"floor":23,"key":"ColorlessPotion"},{"floor":29,"key":"Dexterity Potion"},{"floor":35,"key":"Energy Potion"}],"is_trial":false,"path_per_floor":["M","M","M","M","M","E","M","E","T","$","R","E","?","M","R","B",null,"M","M","M","?","M","E","M","R","T","E","R","M","$","E","R","B",null,"M","?","$","M","M","E","?","M"],"character_chosen":"IRONCLAD","items_purchased":["Iron Wave","OrangePellets","Limit Break","Warcry"],"campfire_rested":2,"item_purchase_floors":[10,30,30,37],"current_hp_per_floor":[80,79,80,68,71,53,59,46,46,46,46,47,52,51,51,17,85,67,77,63,63,63,50,41,66,66,56,56,53,53,30,55,29,85,75,75,75,60,46,18,18,0,0],"gold":113,"neow_bonus":"REMOVE_TWO","is_daily":false,"chose_seed":false,"campfire_upgraded":2,"win_rate":0.0,"timestamp":1611294817,"path_taken":["M","M","M","M","M","E","M","E","T","$","R","E","?","M","R","BOSS","M","M","M","?","M","E","M","R","T","E","R","?","$","E","R","BOSS","M","?","$","?","M","E","?","?"],"items_purchased_type":["Card","Relic","Card","Card"],"build_version":"2020-12-22","purchased_purges":1,"victory":false,"max_hp_per_floor":[80,80,80,80,80,80,80,80,80,80,80,80,85,85,85,85,85,85,85,85,85,85,85,85,85,85,85,85,85,85,85,85,85,85,85,85,85,85,85,85,85,85,85],"relic_stats":{"Blood Vial":32,"Peace Pipe":0,"OrangePellets":[7],"counters":[26,139],"Shuriken":[11],"Bird Faced Urn":[84],"Champion Belt":[1],"War Paint":["Rage","Shrug It Off"],"Cursed Key":0,"obtain_stats":[{"Blood Vial":8,"Peace Pipe":27,"OrangePellets":30,"Shuriken":31,"Bird Faced Urn":9,"Philosopher\u0027s Stone":17,"Bottled Lightning":23,"Champion Belt":40,"Bottled Tornado":6,"War Paint":12,"Cursed Key":34,"Burning Blood":0},{"Blood Vial":8,"Peace Pipe":18,"OrangePellets":19,"Shuriken":20,"Bird Faced Urn":8,"Philosopher\u0027s Stone":11,"Bottled Lightning":16,"Champion Belt":25,"Bottled Tornado":6,"War Paint":9,"Cursed Key":21,"Burning Blood":0},{"Blood Vial":45,"Peace Pipe":102,"OrangePellets":107,"Shuriken":111,"Bird Faced Urn":45,"Philosopher\u0027s Stone":68,"Bottled Lightning":93,"Champion Belt":136,"Bottled Tornado":31,"War Paint":49,"Cursed Key":118,"Burning Blood":0}],"Burning Blood":143},"card_choices":[{"not_picked":["Combust","Anger"],"picked":"Inflame","floor":1},{"not_picked":["Headbutt","True Grit"],"picked":"Armaments","floor":2},{"not_picked":["Clash","Dual Wield","Headbutt"],"picked":"SKIP","floor":3},{"not_picked":["Wild Strike","Thunderclap"],"picked":"Shrug It Off","floor":4},{"not_picked":["Fiend Fire","True Grit"],"picked":"Uppercut","floor":5},{"not_picked":["Clash","Shockwave"],"picked":"Iron Wave","floor":6},{"not_picked":["Bludgeon","Heavy Blade"],"picked":"Pummel","floor":7},{"not_picked":["Uppercut","Blood for Blood"],"picked":"Rage","floor":8},{"not_picked":["Warcry","Hemokinesis"],"picked":"Shrug It Off","floor":12},{"not_picked":["Wild Strike","Iron Wave"],"picked":"Pommel Strike","floor":14},{"not_picked":["Fiend Fire","Feed"],"picked":"Demon Form","floor":16},{"not_picked":["Headbutt+1","Blood for Blood"],"picked":"Dropkick+1","floor":18},{"not_picked":["Shrug It Off","Sword Boomerang"],"picked":"Disarm+1","floor":19},{"not_picked":["Ghostly Armor","Cleave+1"],"picked":"Disarm","floor":20},{"not_picked":["Carnage","Wild Strike"],"picked":"Twin Strike+1","floor":22},{"not_picked":["Warcry","Body Slam+1"],"picked":"Berserk","floor":23},{"not_picked":["Spot Weakness","Clash+1"],"picked":"Battle Trance+1","floor":24},{"not_picked":["Clash","Havoc+1"],"picked":"Anger","floor":27},{"not_picked":["Armaments+1","Perfected Strike"],"picked":"Pummel","floor":29},{"not_picked":["Bloodletting","Metallicize"],"picked":"Iron Wave","floor":31},{"not_picked":["Offering","Double Tap"],"picked":"Demon Form","floor":33},{"not_picked":["Iron Wave+1","Body Slam"],"picked":"Sword Boomerang+1","floor":35},{"not_picked":["Feel No Pain+1","True Grit"],"picked":"Body Slam","floor":38},{"not_picked":["Havoc","Clothesline"],"picked":"Twin Strike+1","floor":39},{"not_picked":["Uppercut","Reckless Charge+1"],"picked":"Anger","floor":40}],"player_experience":117877,"relics_obtained":[{"floor":6,"key":"Bottled Tornado"},{"floor":8,"key":"Blood Vial"},{"floor":9,"key":"Bird Faced Urn"},{"floor":12,"key":"War Paint"},{"floor":23,"key":"Bottled Lightning"},{"floor":27,"key":"Peace Pipe"},{"floor":31,"key":"Shuriken"},{"floor":40,"key":"Champion Belt"}],"event_choices":[{"damage_healed":0,"gold_gain":0,"player_choice":"Donut","damage_taken":0,"max_hp_gain":5,"max_hp_loss":0,"event_name":"Big Fish","floor":13,"gold_loss":0},{"damage_healed":0,"gold_gain":0,"player_choice":"Copied","damage_taken":0,"max_hp_gain":0,"max_hp_loss":0,"event_name":"Duplicator","floor":21,"gold_loss":0,"cards_obtained":["Inflame"]},{"cards_removed":["Strike_R"],"damage_healed":0,"gold_gain":0,"player_choice":"Upgrade and Remove","damage_taken":0,"max_hp_gain":0,"max_hp_loss":0,"event_name":"Designer","floor":36,"gold_loss":90,"cards_upgraded":["Bash"]},{"damage_healed":0,"gold_gain":0,"player_choice":"Upgraded","damage_taken":0,"max_hp_gain":0,"max_hp_loss":0,"event_name":"Upgrade Shrine","floor":41,"gold_loss":0,"cards_upgraded":["Body Slam"]}],"is_beta":false,"boss_relics":[{"not_picked":["Snecko Eye","Sozu"],"picked":"Philosopher\u0027s Stone"},{"not_picked":["Astrolabe","Runic Cube"],"picked":"Cursed Key"}],"items_purged_floors":[10],"is_endless":false,"potions_floor_spawned":[1,2,3,8,14,18,22,23,29,35],"killed_by":"Sphere and 2 Shapes","ascension_level":2}}