{"host":"xkmvu47k9fdstweo","time":1611289719,"event":{"mods":["BaseMod","Colored Map","Conspire","Hubris","Minty Spire (QoL Compilation)","Quick Restart","Railgun Mod","Shop Mod","StSLib","The Alterego","The Animator","The Servant 0.9.4","The Wild Card","TheBandit","WarShipGirlsR/??è≠èóR mod","vexMod"],"gold_per_floor":[117,57,77,77,77,77,103,7,7,30,30,50,69,97,97,97,97],"floor_reached":16,"language":"ENG","playtime":731,"items_purged":[],"score":194,"play_id":"86709469-81c4-4aa9-95a3-c4ec00f40619","local_time":"20210121232839","is_ascension_mode":true,"campfire_choices":[{"data":"animator:Megumin","floor":6,"key":"SMITH"},{"floor":15,"key":"REST"}],"circlet_count":0,"master_deck":["animator:Strike_FullmetalAlchemist","animator:Defend_FullmetalAlchemist","animator:Strike","animator:Strike","animator:Strike","animator:Defend","animator:Defend","animator:Defend","animator:ElricEdward","animator:ElricAlphonse","animator:Megumin+3","animator:Tyuule","animator:MadokaKaname","animator:WinryRockbell","Parasite","animator:Tyuule","animator:Vanir","animator:Vanir","animator:Rider"],"relics":["animator:LivingPicture","animator:TheMissingPiece","animator:PurgingStone","NeowsBlessing","Shuriken","Mango","Question Card"],"acts_visited":["Exordium"],"potions_floor_usage":[10,14,14,16,16],"damage_taken":[{"damage":0,"enemies":"Small Slimes","floor":1,"turns":1},{"damage":0,"enemies":"Jaw Worm","floor":3,"turns":1},{"damage":0,"enemies":"3 Sentries","floor":7,"turns":2},{"damage":0,"enemies":"2 Louse","floor":10,"turns":1},{"damage":24,"enemies":"Exordium Thugs","floor":12,"turns":5},{"damage":12,"enemies":"Large Slime","floor":13,"turns":7},{"damage":44,"enemies":"Gremlin Nob","floor":14,"turns":6},{"damage":39,"enemies":"Hexaghost","floor":16,"turns":14}],"seed_played":"-3972440419736016137","potions_obtained":[{"floor":1,"key":"EntropicBrew"},{"floor":3,"key":"DuplicationPotion"}],"is_trial":false,"path_per_floor":["M","?","M","?","?","R","E","$","T","M","?","M","M","E","R","B"],"character_chosen":"THE_ANIMATOR","items_purchased":["Fruit Juice"],"campfire_rested":1,"item_purchase_floors":[8],"current_hp_per_floor":[66,66,66,66,66,66,66,66,80,85,85,61,52,8,33,0,0],"gold":97,"neow_bonus":"THREE_ENEMY_KILL","is_daily":false,"chose_seed":false,"campfire_upgraded":1,"win_rate":0.0,"timestamp":1611289719,"path_taken":["M","?","M","?","?","R","E","$","T","M","?","M","M","E","R","BOSS"],"items_purchased_type":["Potion"],"build_version":"2020-12-22","purchased_purges":0,"victory":false,"max_hp_per_floor":[66,66,66,66,66,66,66,66,80,85,85,85,85,85,85,85,85],"card_choices":[{"not_picked":["animator:Gluttony","animator:OrikoMikuni"],"picked":"animator:Megumin","floor":1},{"not_picked":["animator:Shion","animator:DwarfShaman"],"picked":"animator:Tyuule","floor":3},{"not_picked":["animator:Souei","animator:Viivi"],"picked":"animator:MadokaKaname","floor":7},{"not_picked":["animator:Sloth","animator:RoyMustang"],"picked":"animator:WinryRockbell","floor":10},{"not_picked":["animator:ZankiKiguchi","animator:MumenRider"],"picked":"animator:Vanir","floor":12},{"not_picked":["animator:AcuraAkari","animator:Mikaela"],"picked":"animator:Vanir","floor":13},{"not_picked":["animator:Tatsumaki","animator:Gluttony"],"picked":"animator:Rider","floor":14}],"player_experience":362702,"relics_obtained":[{"floor":7,"key":"Shuriken"},{"floor":9,"key":"Mango"},{"floor":14,"key":"Question Card"}],"event_choices":[{"damage_healed":0,"gold_gain":0,"player_choice":"Disagree","damage_taken":0,"max_hp_gain":0,"max_hp_loss":0,"event_name":"conspire:LoneGhost","floor":5,"gold_loss":0},{"damage_healed":0,"gold_gain":0,"player_choice":"2 cards matched","damage_taken":0,"max_hp_gain":0,"max_hp_loss":0,"event_name":"Match and Keep!","floor":11,"gold_loss":0,"cards_obtained":["Parasite","animator:Tyuule"]}],"is_beta":false,"boss_relics":[],"items_purged_floors":[],"is_endless":false,"potions_floor_spawned":[1,3],"killed_by":"Hexaghost","ascension_level":5}}