{"host":"gvmmh8a4dbuurnvz","time":1611316971,"event":{"mods":["AchievementEnabler","Aspiration","BaseMod","Better Vampires","BetterRewards","Colored Powertips","Highlight Path","Minty Spire (QoL Compilation)","MostiFishMod","Spicy Shops","StSLib","¡¾ÒÅÎï¿¨ÅÆ¡¿REMEMod"],"gold_per_floor":[116,42,62,80,98,98,132,146,197,197,231,251,50,78,78,152,152,167,177,24,24,34,34,51,78,104,104,134,234,159,7,7,82,82,100,100,114,114,132,132,162,173,251,97,127,39,69,69,69,69,69,69,69,101,101],"floor_reached":56,"language":"ZHS","playtime":2055,"items_purged":["Defend_R","Bash","Strike_R+1","MostiFishMod:WinterMarkForm+1","MostiFishMod:Opportunism+1"],"score":3063,"play_id":"9e91bf03-3a2d-47ca-9b33-0cd5d10a07c4","local_time":"20210122200251","is_ascension_mode":true,"campfire_choices":[{"floor":6.0,"key":"RECALL"},{"data":"Uppercut","floor":15.0,"key":"SMITH"},{"floor":23.0,"key":"REST"},{"floor":27.0,"key":"REST"},{"floor":32.0,"key":"REST"},{"floor":40,"key":"REST"},{"floor":49,"key":"REST"},{"floor":52,"key":"REST"}],"circlet_count":0,"master_deck":["AscendersBane","Strike_R+1","Strike_R+1","Strike_R+1","Strike_R+1","Defend_R+1","REME_BattleFury+1","Feel No Pain+1","MostiFishMod:DarkDeal+1","MostiFishMod:BrandingRite+1","REME_Cut+1","REME_FearOfPain+1","MostiFishMod:RacingGame+1","Deflect+1","Offering+1"],"relics":["Burning Blood","REME_ComplimentaryCards","DaveBox","DSteel32","BrkXgEgg","Vajra","Whetstone","aspiration:StickyExplosives_weak","Pear","SynthV:TestCard","Centennial Puzzle","Eternal Feather","Akabeko","REME_HandOfSuture","Oddly Smooth Stone","Gambling Chip","RhineCircuit","Bag of Preparation","Matryoshka","Bag of Marbles","ImprovedEquipment","Charon\u0027s Ashes","Toxic Egg 2","Membership Card","JellyFishMachine","aspiration:Lifesprig","Boot","Shuriken","Dodecahedron","Nunchaku"],"acts_visited":["Exordium","TheCity","TheBeyond","TheEnding"],"potions_floor_usage":[35],"damage_taken":[{"damage":0.0,"enemies":"Small Slimes","floor":1.0,"turns":1.0},{"damage":0.0,"enemies":"2 Louse","floor":3.0,"turns":1.0},{"damage":0.0,"enemies":"Cultist","floor":4.0,"turns":2.0},{"damage":0.0,"enemies":"Blue Slaver","floor":5.0,"turns":1.0},{"damage":0.0,"enemies":"Gremlin Nob","floor":7.0,"turns":2.0},{"damage":5.0,"enemies":"2 Fungi Beasts","floor":8.0,"turns":2.0},{"damage":5.0,"enemies":"3 Sentries","floor":11.0,"turns":1.0},{"damage":0.0,"enemies":"3 Louse","floor":12.0,"turns":1.0},{"damage":0.0,"enemies":"Gremlin Nob","floor":14.0,"turns":2.0},{"damage":19.0,"enemies":"Hexaghost","floor":16.0,"turns":3.0},{"damage":12.0,"enemies":"Chosen","floor":18.0,"turns":2.0},{"damage":5.0,"enemies":"Shell Parasite","floor":19.0,"turns":1.0},{"damage":5.0,"enemies":"Cultist and Chosen","floor":22.0,"turns":1.0},{"damage":5.0,"enemies":"Snake Plant","floor":24.0,"turns":1.0},{"damage":16.0,"enemies":"Slavers","floor":25.0,"turns":3.0},{"damage":0.0,"enemies":"Gremlin Leader","floor":28.0,"turns":2.0},{"damage":0.0,"enemies":"Colosseum Slavers","floor":29.0,"turns":1.0},{"damage":0.0,"enemies":"Colosseum Nobs","floor":29.0,"turns":1.0},{"damage":27.0,"enemies":"Champ","floor":33.0,"turns":5.0},{"damage":0,"enemies":"Orb Walker","floor":35,"turns":1},{"damage":0,"enemies":"3 Darklings","floor":37,"turns":1},{"damage":0,"enemies":"Jaw Worm Horde","floor":39,"turns":1},{"damage":0,"enemies":"Giant Head","floor":41,"turns":2},{"damage":0,"enemies":"4 Shapes","floor":42,"turns":1},{"damage":0,"enemies":"Reptomancer","floor":45,"turns":1},{"damage":0,"enemies":"Nemesis","floor":47,"turns":2},{"damage":5,"enemies":"Time Eater","floor":50,"turns":2},{"damage":0,"enemies":"Shield and Spear","floor":54,"turns":2},{"damage":52,"enemies":"The Heart","floor":55,"turns":4}],"seed_played":"-692811984816046899","potions_obtained":[{"floor":3.0,"key":"SpeedPotion"},{"floor":5.0,"key":"AttackPotion"},{"floor":12.0,"key":"Fire Potion"},{"floor":22.0,"key":"Fire Potion"},{"floor":25.0,"key":"Explosive Potion"},{"floor":33.0,"key":"AttackPotion"},{"floor":35,"key":"PowerPotion"}],"is_trial":false,"path_per_floor":["M","$","M","M","M","R","E","M","T","?","E","M","$","E","R","B",null,"M","M","$","?","M","R","M","E","T","R","E","?","?","$","R","B",null,"M","?","M","?","M","R","E","M","T","$","E","$","E","?","R","B",null,"R","$","E","B",null],"character_chosen":"IRONCLAD","items_purchased":["BrkXgEgg","Vajra","REME_BattleFury+1","Whetstone","aspiration:StickyExplosives_weak","Pear","Centennial Puzzle","Oddly Smooth Stone","Bag of Preparation","Membership Card","Dodecahedron"],"campfire_rested":6,"item_purchase_floors":[0,0,0,0,0,0,2,13,20,31,44],"current_hp_per_floor":[84,84,85,85,85,85,85,85,85,78,79,85,85,85,85,72,82,76,77,77,77,78,85,85,75,75,85,85,85,85,85,85,64,80,85,81,81,81,81,81,81,81,81,81,81,81,81,81,81,81,81,81,81,81,35],"gold":101,"neow_bonus":"","is_daily":false,"chose_seed":false,"campfire_upgraded":1,"win_rate":0.0,"timestamp":1611316971,"path_taken":["M","$","M","M","M","R","E","M","T","?","E","M","$","E","R","BOSS","M","M","$","?","?","R","M","E","T","R","E","?","?","$","R","BOSS","M","?","M","?","M","R","E","?","T","$","E","$","E","?","R","BOSS","R","$","E","BOSS"],"items_purchased_type":["Relic","Relic","Card","Relic","Relic","Relic","Relic","Relic","Relic","Relic","Relic"],"build_version":"2020-12-22","purchased_purges":5,"victory":true,"max_hp_per_floor":[85,85,85,85,85,85,85,85,85,85,85,85,85,85,85,85,85,85,85,85,85,85,85,85,85,85,85,85,85,85,85,85,85,85,85,81,81,81,81,81,81,81,81,81,81,81,81,81,81,81,81,81,81,81,81],"card_choices":[{"not_picked":["Shrug It Off","Thunderclap"],"picked":"Feel No Pain","floor":1.0},{"not_picked":["Clothesline","Thunderclap","Fire Breathing","Entrench","Clash"],"picked":"SKIP","floor":3.0},{"not_picked":["REME_SingleHolding","Wild Strike","Heavy Blade","Evolve"],"picked":"Uppercut","floor":4.0},{"not_picked":["Body Slam","Flex","Clothesline","Thunderclap"],"picked":"MostiFishMod:DarkDeal+1","floor":5.0},{"not_picked":["Carnage","MostiFishMod:CullingBlade+1","Armaments","MostiFishMod:DarkDeal+1","Heavy Blade"],"picked":"SKIP","floor":7.0},{"not_picked":["Rampage","Inflame","Pommel Strike","Armaments","MostiFishMod:BrandingRite"],"picked":"SKIP","floor":8.0},{"not_picked":["Rampage","Inflame","Pommel Strike","Armaments"],"picked":"MostiFishMod:BrandingRite","floor":8.0},{"not_picked":["REME_Cut","Iron Wave","Searing Blow","Havoc","True Grit"],"picked":"SKIP","floor":11.0},{"not_picked":["Iron Wave","Searing Blow","Havoc","True Grit"],"picked":"REME_Cut","floor":11.0},{"not_picked":["Flame Barrier","Pummel","Body Slam","Heavy Blade","Armaments"],"picked":"SKIP","floor":12.0},{"not_picked":["Spot Weakness","MostiFishMod:BrandingRite","REME_TheLastStrike+1","Blood for Blood"],"picked":"MostiFishMod:WingOfPhoenix+1","floor":14.0},{"not_picked":["Cleave","Searing Blow","Flex","REME_SingleHolding","Anger","Dark Embrace","True Grit","Blood for Blood"],"picked":"REME_FearOfPain","floor":18.0},{"not_picked":["Dark Embrace","REME_FearOfPain+1","Entrench+1","Anger","Clash"],"picked":"SKIP","floor":19.0},{"not_picked":["Anger+1","Infernal Blade","Wild Strike","Combust","True Grit"],"picked":"SKIP","floor":22.0},{"not_picked":["Infernal Blade","Twin Strike","Intimidate","Battle Trance","Headbutt"],"picked":"SKIP","floor":24.0},{"not_picked":["Body Slam","Headbutt","Armaments","REME_FearOfPain","Pommel Strike+1"],"picked":"SKIP","floor":25.0},{"not_picked":["REME_Cut","MostiFishMod:NewArrival+1","Inflame","Pummel+1","Twin Strike+1"],"picked":"SKIP","floor":28.0},{"not_picked":["Offering+1","REME_Fury+1","MostiFishMod:FireWorks+1","MostiFishMod:PerfectStrikeMKII+1"],"picked":"MostiFishMod:RacingGame+1","floor":33.0},{"not_picked":["Clash","Reckless Charge+1","Dropkick","Sentinel+1","MostiFishMod:BrandingRite+1"],"picked":"SKIP","floor":35},{"not_picked":["True Grit+1","Pommel Strike","Flex+1","Sword Boomerang","Wild Strike+1"],"picked":"SKIP","floor":37},{"not_picked":["Warcry+1","Heavy Blade","Feel No Pain","Clothesline+1","True Grit+1"],"picked":"SKIP","floor":39},{"not_picked":["Rupture+1","Disarm+1","Bloodletting+1","MostiFishMod:TemporaryOutbreak+1","Twin Strike"],"picked":"SKIP","floor":41},{"not_picked":["REME_SingleHolding+1","Wild Strike","REME_FearOfPain+1","Flex+1","Hemokinesis+1"],"picked":"SKIP","floor":42},{"not_picked":["MostiFishMod:BrandingRite+1","Rage+1","REME_Fury+1","Flex+1","Body Slam"],"picked":"SKIP","floor":45},{"not_picked":["REME_Scribble+1","Spot Weakness+1","Armaments+1","Shrug It Off+1","MostiFishMod:BrandingRite+1"],"picked":"SKIP","floor":47},{"not_picked":["Battle Trance+1","Feel No Pain","Rupture","Thunderclap","Armaments+1"],"picked":"SKIP","floor":54}],"player_experience":287847,"relics_obtained":[{"floor":1.0,"key":"SynthV:TestCard"},{"floor":7.0,"key":"Eternal Feather"},{"floor":9.0,"key":"Akabeko"},{"floor":11.0,"key":"REME_HandOfSuture"},{"floor":14.0,"key":"Gambling Chip"},{"floor":25.0,"key":"Matryoshka"},{"floor":26.0,"key":"Bag of Marbles"},{"floor":28.0,"key":"ImprovedEquipment"},{"floor":29.0,"key":"Charon\u0027s Ashes"},{"floor":29.0,"key":"Toxic Egg 2"},{"floor":41,"key":"aspiration:Lifesprig"},{"floor":43,"key":"Boot"},{"floor":43,"key":"Shuriken"},{"floor":54,"key":"Nunchaku"}],"event_choices":[{"damage_healed":0.0,"max_hp_gain":0.0,"max_hp_loss":0.0,"gold_gain":0.0,"event_name":"Accursed Blacksmith","player_choice":"Ignored","floor":21.0,"gold_loss":0.0,"damage_taken":0.0},{"damage_healed":0.0,"max_hp_gain":0.0,"max_hp_loss":0.0,"gold_gain":0.0,"event_name":"Colosseum","player_choice":"Fight","floor":29.0,"gold_loss":0.0,"damage_taken":0.0},{"damage_healed":0.0,"max_hp_gain":0.0,"max_hp_loss":0.0,"gold_gain":0.0,"event_name":"Colosseum","player_choice":"Fought Nobs","floor":29.0,"gold_loss":0.0,"damage_taken":0.0},{"cards_removed":["Uppercut"],"damage_healed":0.0,"max_hp_gain":0.0,"max_hp_loss":0.0,"gold_gain":0.0,"event_name":"Beggar","player_choice":"Gave Gold","floor":30.0,"gold_loss":75.0,"damage_taken":0.0},{"damage_healed":0,"gold_gain":0,"player_choice":"Max HP","damage_taken":0,"max_hp_gain":0,"max_hp_loss":4,"event_name":"Winding Halls","floor":36,"gold_loss":0},{"damage_healed":0,"gold_gain":0,"cards_transformed":["Defend_R"],"player_choice":"Transformed","damage_taken":0,"max_hp_gain":0,"max_hp_loss":0,"event_name":"Transmorgrifier","floor":48,"gold_loss":0,"cards_obtained":["Offering"]}],"is_beta":false,"boss_relics":[{"not_picked":["Pandora\u0027s Box","Snecko Eye"],"picked":"RhineCircuit"},{"not_picked":["Calling Bell","SlaversCollar"],"picked":"JellyFishMachine"}],"items_purged_floors":[0,0,13,44,46],"is_endless":false,"potions_floor_spawned":[3,5,12,14,22,25,29,33,35,39,47,54],"ascension_level":15}}