{"host":"bfy0v40d66x18ipe","time":1611280675,"event":{"mods":["AchievementEnabler","BaseMod","Bestiary","Colored Map","Curses Come First","Googly Eyes","Minty Spire (QoL Compilation)","Relic Stats","StSLib","SuperFastMode"],"gold_per_floor":[109,109,120,132,151,151,169,201,201,43,43,43,55,85,85,162,162,180,180,180,200,216,216,242,242,242,270,270,270,85,85,85,85,85],"floor_reached":33,"language":"ENG","playtime":1662,"items_purged":["Pain","Streamline"],"score":527,"play_id":"729cb266-8716-461f-9993-bb65a5946f41","local_time":"20210121195755","is_ascension_mode":true,"campfire_choices":[{"data":"Defragment","floor":6,"key":"SMITH"},{"data":"Defragment","floor":12,"key":"SMITH"},{"floor":15,"key":"REST"},{"floor":23,"key":"REST"},{"floor":25,"key":"REST"},{"floor":28,"key":"REST"},{"data":"Static Discharge","floor":32,"key":"SMITH"}],"circlet_count":0,"master_deck":["AscendersBane","Strike_B+1","Strike_B+1","Strike_B+1","Strike_B+1","Defend_B+1","Defend_B+1","Defend_B+1","Defend_B+1","Zap","Dualcast","Core Surge","Defragment+1","Darkness","Static Discharge+1","Coolheaded","Defragment+1","Heatsinks","Hologram","Seek","Coolheaded+1","Compile Driver+1","Hologram+1","Loop","Defragment","Ghostly","Ghostly","Ghostly"],"relics":["Cracked Core","WarpedTongs","Kunai","Molten Egg 2","Juzu Bracelet","Cursed Key","Emotion Chip","Gremlin Horn"],"acts_visited":["TheCity"],"potions_floor_usage":[8,14,16,23],"damage_taken":[{"damage":2.0,"enemies":"Jaw Worm","floor":1.0,"turns":3.0},{"damage":2,"enemies":"Cultist","floor":3,"turns":3},{"damage":0,"enemies":"2 Louse","floor":4,"turns":2},{"damage":19,"enemies":"Blue Slaver","floor":5,"turns":3},{"damage":0,"enemies":"Large Slime","floor":7,"turns":5},{"damage":8,"enemies":"3 Sentries","floor":8,"turns":5},{"damage":1,"enemies":"2 Fungi Beasts","floor":13,"turns":4},{"damage":10,"enemies":"Lagavulin","floor":14,"turns":6},{"damage":6,"enemies":"The Guardian","floor":16,"turns":9},{"damage":12,"enemies":"Chosen","floor":18,"turns":3},{"damage":27,"enemies":"3 Byrds","floor":21,"turns":3},{"damage":0,"enemies":"3 Cultists","floor":22,"turns":7},{"damage":30,"enemies":"Book of Stabbing","floor":24,"turns":4},{"damage":30,"enemies":"Gremlin Leader","floor":27,"turns":9},{"damage":40,"enemies":"Collector","floor":33,"turns":11}],"seed_played":"1880720055852562000","potions_obtained":[{"floor":4,"key":"Fire Potion"},{"floor":5,"key":"CultistPotion"},{"floor":8,"key":"EssenceOfSteel"},{"floor":21,"key":"Fruit Juice"}],"is_trial":false,"path_per_floor":["M","?","M","M","M","R","M","E","T","$","$","R","M","E","R","B",null,"M","?","?","M","M","R","E","R","T","E","R","?","$","?","R","B"],"character_chosen":"DEFECT","items_purchased":["Heatsinks","Defragment"],"campfire_rested":4,"item_purchase_floors":[10,30],"current_hp_per_floor":[62,62,60,60,41,41,41,33,33,33,33,33,32,22,43,37,63,51,51,51,24,24,51,21,43,43,13,35,35,35,35,35,0,0],"gold":85,"neow_bonus":"ONE_RANDOM_RARE_CARD","is_daily":false,"chose_seed":false,"campfire_upgraded":3,"win_rate":0.0,"timestamp":1611280675,"path_taken":["M","?","M","?","M","R","M","E","T","?","$","R","M","E","R","BOSS","M","?","?","M","M","R","E","R","T","E","R","?","$","?","R","BOSS"],"items_purchased_type":["Card","Card"],"build_version":"2020-12-22","purchased_purges":2,"victory":false,"max_hp_per_floor":[71,71,71,71,71,71,71,71,71,71,71,71,71,71,71,71,71,71,71,71,71,71,76,76,76,76,76,76,76,76,38,38,38,38],"relic_stats":{"Emotion Chip":[9,6,3,0,0],"Gremlin Horn":[4,4],"counters":[15,77],"Juzu Bracelet":1,"Kunai":[6],"Cursed Key":0,"obtain_stats":[{"Emotion Chip":24,"Gremlin Horn":27,"Molten Egg 2":9,"Juzu Bracelet":14,"Kunai":8,"Cracked Core":0,"Cursed Key":17,"WarpedTongs":2},{"Emotion Chip":13,"Gremlin Horn":14,"Molten Egg 2":6,"Juzu Bracelet":8,"Kunai":6,"Cracked Core":0,"Cursed Key":9,"WarpedTongs":1},{"Emotion Chip":57,"Gremlin Horn":66,"Molten Egg 2":21,"Juzu Bracelet":31,"Kunai":21,"Cracked Core":0,"Cursed Key":40,"WarpedTongs":3}],"WarpedTongs":[68]},"card_choices":[{"not_picked":["Conserve Battery","Aggregate"],"picked":"Defragment","floor":1},{"not_picked":["Steam Power","Hello World"],"picked":"Streamline","floor":3},{"not_picked":["Force Field","Conserve Battery"],"picked":"Darkness","floor":4},{"not_picked":["Beam Cell","Consume"],"picked":"Static Discharge","floor":5},{"not_picked":["Steam","Sweeping Beam"],"picked":"Coolheaded","floor":7},{"not_picked":["Chaos","Gash"],"picked":"Defragment","floor":8},{"not_picked":["Reprogram","Chaos","Stack"],"picked":"SKIP","floor":13},{"not_picked":["Ball Lightning+1","Hello World"],"picked":"Hologram","floor":14},{"not_picked":["Thunder Strike+1","Meteor Strike+1"],"picked":"Seek","floor":16},{"not_picked":["Redo","Conserve Battery","Streamline+1"],"picked":"SKIP","floor":18},{"not_picked":["Streamline+1","Turbo"],"picked":"Coolheaded+1","floor":21},{"not_picked":["Steam Power","Steam"],"picked":"Compile Driver+1","floor":22},{"not_picked":["Beam Cell+1","Redo","Hyperbeam+1"],"picked":"SKIP","floor":24},{"not_picked":["Turbo","Reboot"],"picked":"Hologram+1","floor":27}],"player_experience":452892,"relics_obtained":[{"floor":8,"key":"Kunai"},{"floor":9,"key":"Molten Egg 2"},{"floor":14,"key":"Juzu Bracelet"},{"floor":24,"key":"Emotion Chip"},{"floor":27,"key":"Gremlin Horn"}],"event_choices":[{"damage_healed":0,"gold_gain":0,"player_choice":"Rummage","damage_taken":0,"relics_obtained":["WarpedTongs"],"max_hp_gain":0,"max_hp_loss":0,"event_name":"Accursed Blacksmith","floor":2,"gold_loss":0,"cards_obtained":["Pain"]},{"damage_healed":0,"gold_gain":0,"player_choice":"Ignored","damage_taken":0,"max_hp_gain":0,"max_hp_loss":0,"event_name":"The Mausoleum","floor":19,"gold_loss":0},{"damage_healed":0,"gold_gain":0,"player_choice":"Simplicity","damage_taken":0,"max_hp_gain":0,"max_hp_loss":0,"event_name":"Back to Basics","floor":20,"gold_loss":0,"cards_upgraded":["Strike_B","Strike_B","Strike_B","Strike_B","Defend_B","Defend_B","Defend_B","Defend_B"]},{"damage_healed":0,"gold_gain":0,"player_choice":"Read","damage_taken":0,"max_hp_gain":0,"max_hp_loss":0,"event_name":"The Library","floor":29,"gold_loss":0,"cards_obtained":["Loop"]},{"damage_healed":0,"gold_gain":0,"player_choice":"Became a Ghost","damage_taken":0,"max_hp_gain":0,"max_hp_loss":38,"event_name":"Ghosts","floor":31,"gold_loss":0,"cards_obtained":["Ghostly","Ghostly","Ghostly"]}],"is_beta":false,"boss_relics":[{"not_picked":["Astrolabe","Black Star"],"picked":"Cursed Key"}],"items_purged_floors":[10,30],"is_endless":false,"potions_floor_spawned":[4,5,8,13,21],"killed_by":"Collector","ascension_level":16}}