{"host":"l2onoeb0kdqo1a9y","time":1611317974,"event":{"mods":["AchievementEnabler","BaseMod","Colored Powertips","Highlight Path","Minty Spire (QoL Compilation)","Quick Restart"],"gold_per_floor":[109,128,146,221,235,235,235,266,266,276,294,306,330,340,340,445,445,432,452,463,239,252,252,252,351,351,351,365,384,384,384],"floor_reached":30,"language":"ZHS","playtime":891,"items_purged":["Strike_B"],"score":265,"play_id":"4027647d-1d11-48bb-b3eb-234e2b4d6862","local_time":"20210122201934","is_ascension_mode":false,"campfire_choices":[{"data":"Dualcast","floor":6,"key":"SMITH"},{"floor":15,"key":"REST"},{"data":"Defragment","floor":23,"key":"SMITH"}],"circlet_count":0,"master_deck":["Strike_B","Strike_B","Strike_B","Defend_B","Defend_B+1","Defend_B","Defend_B","Zap","Dualcast+1","Ball Lightning","Gash","Blizzard+1","Gash","Coolheaded","Defragment+1","Cold Snap","Ball Lightning+1","Self Repair","Doubt","Redo+1"],"relics":["Cracked Core","NeowsBlessing","Mango","Singing Bowl","Odd Mushroom","Cursed Key","Art of War","MealTicket"],"acts_visited":["Exordium","TheCity"],"potions_floor_usage":[8,12,13,14,24,29],"damage_taken":[{"damage":0,"enemies":"2 Louse","floor":1,"turns":1},{"damage":0,"enemies":"Small Slimes","floor":2,"turns":1},{"damage":0,"enemies":"Jaw Worm","floor":3,"turns":1},{"damage":20,"enemies":"3 Louse","floor":5,"turns":3},{"damage":6,"enemies":"Gremlin Nob","floor":8,"turns":3},{"damage":2,"enemies":"Looter","floor":10,"turns":2},{"damage":11,"enemies":"Exordium Wildlife","floor":11,"turns":3},{"damage":3,"enemies":"Exordium Thugs","floor":12,"turns":4},{"damage":17,"enemies":"The Mushroom Lair","floor":13,"turns":4},{"damage":0,"enemies":"Blue Slaver","floor":14,"turns":2},{"damage":5,"enemies":"Hexaghost","floor":16,"turns":11},{"damage":11,"enemies":"2 Thieves","floor":18,"turns":4},{"damage":11,"enemies":"Shell Parasite","floor":19,"turns":5},{"damage":35,"enemies":"Snake Plant","floor":20,"turns":4},{"damage":12,"enemies":"Centurion and Healer","floor":22,"turns":7},{"damage":0,"enemies":"Snecko","floor":24,"turns":2},{"damage":24,"enemies":"Colosseum Slavers","floor":27,"turns":4},{"damage":12,"enemies":"Sentry and Sphere","floor":28,"turns":6},{"damage":10,"enemies":"Cultist and Chosen","floor":29,"turns":6},{"damage":24,"enemies":"Snake Plant","floor":30,"turns":2}],"seed_played":"3566346460982707823","potions_obtained":[{"floor":1,"key":"ColorlessPotion"},{"floor":10,"key":"Fire Potion"},{"floor":11,"key":"Block Potion"},{"floor":12,"key":"FocusPotion"},{"floor":18,"key":"SmokeBomb"},{"floor":20,"key":"Block Potion"},{"floor":28,"key":"PotionOfCapacity"}],"is_trial":false,"path_per_floor":["M","M","M","?","M","R","?","E","T","M","M","M","?","M","R","B",null,"M","M","M","$","M","R","M","?","T","?","M","M","M"],"character_chosen":"DEFECT","items_purchased":["Art of War"],"campfire_rested":1,"item_purchase_floors":[21],"current_hp_per_floor":[75,75,75,64,44,44,29,37,37,37,26,23,6,8,35,32,95,84,75,40,40,37,37,44,44,44,27,24,21,0,0],"gold":384,"neow_bonus":"THREE_ENEMY_KILL","is_daily":false,"chose_seed":false,"campfire_upgraded":2,"win_rate":0.0,"timestamp":1611317974,"path_taken":["M","M","M","?","M","R","?","E","T","M","M","M","?","M","R","BOSS","M","M","M","$","M","R","M","?","T","?","M","M","M"],"items_purchased_type":["Relic"],"build_version":"2020-12-22","purchased_purges":1,"victory":false,"max_hp_per_floor":[75,75,75,75,75,75,75,89,89,91,91,91,91,93,93,95,95,95,97,97,97,99,99,99,99,99,99,101,101,101,101],"card_choices":[{"not_picked":["Heatsinks","Hello World","Beam Cell"],"picked":"SKIP","floor":1},{"not_picked":["Leap","Storm"],"picked":"Ball Lightning","floor":2},{"not_picked":["Hologram","Rebound"],"picked":"Gash","floor":3},{"not_picked":["Reinforced Body","Coolheaded"],"picked":"Blizzard","floor":5},{"not_picked":["Buffer","Steam"],"picked":"Gash","floor":8},{"not_picked":["Static Discharge","Fusion","Double Energy"],"picked":"Singing Bowl","floor":10},{"not_picked":["Rip and Tear","Glacier"],"picked":"Coolheaded","floor":11},{"not_picked":["Stack","Steam Power"],"picked":"Defragment","floor":12},{"not_picked":["Go for the Eyes","Scrape"],"picked":"Cold Snap","floor":13},{"not_picked":["Scrape","Capacitor","Meteor Strike"],"picked":"Singing Bowl","floor":14},{"not_picked":["Multi-Cast","Biased Cognition","All For One"],"picked":"Singing Bowl","floor":16},{"not_picked":["Recycle","Undo"],"picked":"Ball Lightning+1","floor":18},{"not_picked":["Sweeping Beam","Steam","Hello World"],"picked":"Singing Bowl","floor":19},{"not_picked":["Chaos","Hologram"],"picked":"Self Repair","floor":20},{"not_picked":["Leap","Stack","Beam Cell"],"picked":"Singing Bowl","floor":22},{"not_picked":["FTL+1","Hologram","All For One"],"picked":"Singing Bowl","floor":28},{"not_picked":["Stack","Leap"],"picked":"Redo+1","floor":29}],"player_experience":121091,"relics_obtained":[{"floor":8,"key":"Mango"},{"floor":9,"key":"Singing Bowl"},{"floor":13,"key":"Odd Mushroom"},{"floor":26,"key":"MealTicket"}],"event_choices":[{"damage_healed":0,"gold_gain":75,"player_choice":"Gather Gold","damage_taken":11,"max_hp_gain":0,"max_hp_loss":0,"event_name":"World of Goop","floor":4,"gold_loss":0},{"damage_healed":0,"gold_gain":0,"player_choice":"Entered Light","damage_taken":15,"max_hp_gain":0,"max_hp_loss":0,"event_name":"Shining Light","floor":7,"gold_loss":0,"cards_upgraded":["Defend_B","Blizzard"]},{"damage_healed":0,"gold_gain":0,"player_choice":"Fought Mushrooms","damage_taken":0,"max_hp_gain":0,"max_hp_loss":0,"event_name":"Mushrooms","floor":13,"gold_loss":0},{"damage_healed":0,"gold_gain":99,"player_choice":"Stole From Cult","damage_taken":0,"max_hp_gain":0,"max_hp_loss":0,"event_name":"Nest","floor":25,"gold_loss":0},{"damage_healed":0,"gold_gain":0,"player_choice":"Fight","damage_taken":0,"max_hp_gain":0,"max_hp_loss":0,"event_name":"Colosseum","floor":27,"gold_loss":0},{"damage_healed":0,"gold_gain":0,"player_choice":"Fled From Nobs","damage_taken":0,"max_hp_gain":0,"max_hp_loss":0,"event_name":"Colosseum","floor":27,"gold_loss":0}],"is_beta":false,"boss_relics":[{"not_picked":["Snecko Eye","Astrolabe"],"picked":"Cursed Key"}],"items_purged_floors":[21],"is_endless":false,"potions_floor_spawned":[1,10,11,12,18,20,24,28],"killed_by":"Snake Plant","ascension_level":0}}