{"host":"jwbw4f4imxd0v0b0","time":1611286051,"event":{"mods":["BaseMod","Colored Map","Highlight Path","Minty Spire (QoL Compilation)","Relic Stats","StSLib"],"gold_per_floor":[214,214,88,99,118,144,144,157,157,182,182,217,217,242,242,356,356,376,97,152,180,80,117,97,97,150,173,218,254,254,289,289,393,393,421,441,521,580,606,606,641,641,641,678,703,732,744,778,778,778,778,778,71,105,105],"floor_reached":56,"language":"ENG","playtime":3855,"items_purged":["Strike_B","Strike_B","Strike_B"],"score":1623,"play_id":"67c2ba03-7f87-4ccf-8a27-3555f6142bab","local_time":"20210121212731","is_ascension_mode":true,"campfire_choices":[{"data":"Ball Lightning","floor":7.0,"key":"SMITH"},{"data":"Defragment","floor":11.0,"key":"SMITH"},{"data":"Compile Driver","floor":15.0,"key":"SMITH"},{"data":"Loop","floor":25.0,"key":"SMITH"},{"data":"Ghostly","floor":32.0,"key":"SMITH"},{"data":"Ghostly","floor":40,"key":"SMITH"},{"data":"Ghostly","floor":42,"key":"SMITH"},{"floor":49,"key":"RECALL"},{"data":"Defragment","floor":52,"key":"SMITH"}],"circlet_count":0,"master_deck":["Strike_B+1","Defend_B","Defend_B","Defend_B","Defend_B","Zap","Dualcast","Compile Driver+1","Cold Snap","Ball Lightning+1","Conserve Battery","Defragment+1","Coolheaded","Core Surge+1","Self Repair","Loop+1","Go for the Eyes+1","Doom and Gloom","Ghostly+1","Ghostly","Ghostly","Ghostly+1","Ghostly+1","Electrodynamics","Seek","Echo Form","Steam Power+1","Defragment+1","Skim","BootSequence","Capacitor+1","Loop","Capacitor","Master of Strategy","Reboot","Glacier+1"],"relics":["Cracked Core","Tiny Chest","Shovel","Ancient Tea Set","Bottled Tornado","CeramicFish","Kunai","Coffee Dripper","Bag of Preparation","MealTicket","Juzu Bracelet","Dream Catcher","Eternal Feather","Oddly Smooth Stone","SacredBark","Ginger","Symbiotic Virus","Bottled Flame","Potion Belt","Whetstone","Vajra","OrangePellets","InkBottle"],"acts_visited":["Exordium","TheCity","TheBeyond","TheEnding"],"potions_floor_usage":[55,55,55,55],"damage_taken":[{"damage":0.0,"enemies":"2 Louse","floor":1.0,"turns":1.0},{"damage":0.0,"enemies":"Cultist","floor":4.0,"turns":4.0},{"damage":0.0,"enemies":"Small Slimes","floor":5.0,"turns":2.0},{"damage":19.0,"enemies":"3 Sentries","floor":6.0,"turns":6.0},{"damage":1.0,"enemies":"Looter","floor":8.0,"turns":2.0},{"damage":1.0,"enemies":"Lagavulin","floor":10.0,"turns":5.0},{"damage":14.0,"enemies":"Gremlin Nob","floor":12.0,"turns":4.0},{"damage":20.0,"enemies":"Gremlin Gang","floor":14.0,"turns":3.0},{"damage":30.0,"enemies":"Hexaghost","floor":16.0,"turns":11.0},{"damage":14.0,"enemies":"2 Thieves","floor":18.0,"turns":3.0},{"damage":0.0,"enemies":"Spheric Guardian","floor":21.0,"turns":3.0},{"damage":25.0,"enemies":"Slavers","floor":23.0,"turns":6.0},{"damage":4.0,"enemies":"Snecko","floor":27.0,"turns":3.0},{"damage":1.0,"enemies":"Gremlin Leader","floor":29.0,"turns":7.0},{"damage":5.0,"enemies":"Book of Stabbing","floor":31.0,"turns":6.0},{"damage":5.0,"enemies":"Automaton","floor":33.0,"turns":8.0},{"damage":6.0,"enemies":"3 Shapes","floor":35.0,"turns":3.0},{"damage":5.0,"enemies":"3 Darklings","floor":36.0,"turns":5.0},{"damage":0,"enemies":"Mind Bloom Boss Battle","floor":38,"turns":8},{"damage":22,"enemies":"Sphere and 2 Shapes","floor":39,"turns":5},{"damage":28,"enemies":"Giant Head","floor":41,"turns":13},{"damage":0,"enemies":"Nemesis","floor":44,"turns":7},{"damage":1,"enemies":"Writhing Mass","floor":45,"turns":8},{"damage":0,"enemies":"Jaw Worm Horde","floor":46,"turns":4},{"damage":14,"enemies":"3 Darklings","floor":47,"turns":6},{"damage":1,"enemies":"Giant Head","floor":48,"turns":13},{"damage":19,"enemies":"Awakened One","floor":50,"turns":13},{"damage":6,"enemies":"Shield and Spear","floor":54,"turns":7},{"damage":43,"enemies":"The Heart","floor":55,"turns":11}],"seed_played":"2863912667288174007","potions_obtained":[{"floor":6.0,"key":"EntropicBrew"},{"floor":10.0,"key":"DuplicationPotion"},{"floor":14.0,"key":"Block Potion"},{"floor":16.0,"key":"DuplicationPotion"},{"floor":18.0,"key":"Dexterity Potion"},{"floor":24.0,"key":"FocusPotion"},{"floor":29.0,"key":"PowerPotion"},{"floor":44,"key":"PotionOfCapacity"},{"floor":45,"key":"FairyPotion"}],"is_trial":false,"path_per_floor":["M","?","?","M","M","E","R","M","T","E","R","E","?","M","R","B",null,"M","$","T","M","$","E","?","R","T","M","?","E","?","E","R","B",null,"M","M","T","?","M","R","E","R","T","E","M","M","M","E","R","B",null,"R","$","E","B",null],"character_chosen":"DEFECT","items_purchased":["Self Repair","Bag of Preparation","Capacitor","Vajra","OrangePellets","Master of Strategy","Reboot"],"campfire_rested":0,"item_purchase_floors":[19,19,53,53,53,53,53],"current_hp_per_floor":[75,63,63,63,63,44,44,43,43,42,42,28,75,55,55,25,63,49,49,49,56,71,53,53,53,53,56,37,37,33,35,42,42,42,36,38,38,42,34,42,21,39,39,42,42,42,35,41,42,30,39,42,42,42,24],"gold":105,"neow_bonus":"HUNDRED_GOLD","is_daily":false,"chose_seed":false,"campfire_upgraded":8,"win_rate":0.0,"timestamp":1611286051,"path_taken":["M","?","?","M","?","E","R","M","T","E","R","E","?","M","R","BOSS","M","$","?","M","$","E","?","R","T","M","?","E","?","E","R","BOSS","M","M","?","?","M","R","E","R","T","E","M","M","M","E","R","BOSS","R","$","E","BOSS"],"items_purchased_type":["Card","Relic","Card","Relic","Relic","Card","Card"],"build_version":"2020-12-22","purchased_purges":3,"victory":true,"max_hp_per_floor":[75,75,75,75,75,75,75,75,75,75,75,75,75,75,75,75,75,75,75,75,75,75,75,75,75,75,75,37,37,42,42,42,42,42,42,42,42,42,42,42,42,42,42,42,42,42,42,42,42,42,42,42,42,42,42],"relic_stats":{"counters":[29,175],"CeramicFish":216,"Eternal Feather":37,"Bag of Preparation":[38],"Juzu Bracelet":2,"Ginger":[9],"Whetstone":["Strike_B","Core Surge"],"OrangePellets":[0],"Dream Catcher":0,"Shovel":0,"Tiny Chest":2,"MealTicket":15,"Kunai":[25],"obtain_stats":[{"Potion Belt":44,"CeramicFish":10,"SacredBark":34,"Oddly Smooth Stone":31,"Vajra":53,"Eternal Feather":29,"Bag of Preparation":19,"Juzu Bracelet":23,"Ginger":38,"Whetstone":48,"Bottled Tornado":9,"Ancient Tea Set":6,"OrangePellets":53,"Dream Catcher":26,"Bottled Flame":43,"Shovel":3,"Tiny Chest":2,"MealTicket":20,"Coffee Dripper":17,"Kunai":12,"Cracked Core":0,"Symbiotic Virus":41,"InkBottle":54},{"Potion Belt":22,"CeramicFish":6,"SacredBark":16,"Oddly Smooth Stone":15,"Vajra":27,"Eternal Feather":14,"Bag of Preparation":10,"Juzu Bracelet":12,"Ginger":19,"Whetstone":26,"Bottled Tornado":5,"Ancient Tea Set":4,"OrangePellets":27,"Dream Catcher":12,"Bottled Flame":21,"Shovel":1,"Tiny Chest":1,"MealTicket":10,"Coffee Dripper":9,"Kunai":7,"Cracked Core":0,"Symbiotic Virus":21,"InkBottle":28},{"Potion Belt":114,"CeramicFish":20,"SacredBark":74,"Oddly Smooth Stone":66,"Vajra":157,"Eternal Feather":60,"Bag of Preparation":41,"Juzu Bracelet":50,"Ginger":90,"Whetstone":144,"Bottled Tornado":15,"Ancient Tea Set":13,"OrangePellets":157,"Dream Catcher":50,"Bottled Flame":107,"Shovel":1,"Tiny Chest":1,"MealTicket":41,"Coffee Dripper":38,"Kunai":24,"Cracked Core":0,"Symbiotic Virus":107,"InkBottle":164}],"InkBottle":[5]},"card_choices":[{"not_picked":["Leap","Beam Cell"],"picked":"Compile Driver","floor":1.0},{"not_picked":["Sweeping Beam","Coolheaded"],"picked":"Cold Snap","floor":4.0},{"not_picked":["Reinforced Body","Compile Driver"],"picked":"Ball Lightning","floor":5.0},{"not_picked":["Consume","Hyperbeam"],"picked":"Conserve Battery","floor":6.0},{"not_picked":["Doom and Gloom","Go for the Eyes"],"picked":"Defragment","floor":8.0},{"not_picked":["Steam Power","Darkness","Lockon"],"picked":"SKIP","floor":10.0},{"not_picked":["Sweeping Beam","Reprogram","Hyperbeam"],"picked":"SKIP","floor":12.0},{"not_picked":["Consume","Heatsinks"],"picked":"Coolheaded","floor":14.0},{"not_picked":["Meteor Strike","Seek"],"picked":"Core Surge","floor":16.0},{"not_picked":["Sweeping Beam","Sunder","Leap"],"picked":"SKIP","floor":18.0},{"not_picked":["Self Repair","Scrape"],"picked":"Loop","floor":21.0},{"not_picked":["Coolheaded","Undo"],"picked":"Go for the Eyes+1","floor":23.0},{"not_picked":["Rebound","Cold Snap"],"picked":"Doom and Gloom","floor":27.0},{"not_picked":["Leap+1","Stack"],"picked":"Electrodynamics","floor":29.0},{"not_picked":["Steam Power","Recycle"],"picked":"Seek","floor":31.0},{"not_picked":["Electrodynamics","Seek"],"picked":"Echo Form","floor":33.0},{"not_picked":["Coolheaded","Stack+1"],"picked":"Steam Power+1","floor":35.0},{"not_picked":["Fusion","Ball Lightning+1","Go for the Eyes+1"],"picked":"SKIP","floor":36.0},{"not_picked":["Reinforced Body+1","Reprogram"],"picked":"Defragment","floor":38},{"not_picked":["Scrape","Sweeping Beam+1"],"picked":"Skim","floor":39},{"not_picked":["Leap+1","Sweeping Beam","Electrodynamics"],"picked":"SKIP","floor":41},{"not_picked":["Gash+1","Double Energy"],"picked":"BootSequence","floor":44},{"not_picked":["Melter+1","Static Discharge"],"picked":"Capacitor+1","floor":45},{"not_picked":["Sweeping Beam+1","Auto Shields"],"picked":"Loop","floor":46},{"not_picked":["Stack+1","Recycle","Static Discharge+1"],"picked":"SKIP","floor":47},{"not_picked":["Gash+1","Fusion","Sweeping Beam"],"picked":"SKIP","floor":48},{"not_picked":["Static Discharge+1","Heatsinks+1"],"picked":"Glacier+1","floor":54}],"player_experience":1123826,"relics_obtained":[{"floor":6.0,"key":"Ancient Tea Set"},{"floor":9.0,"key":"Bottled Tornado"},{"floor":10.0,"key":"CeramicFish"},{"floor":12.0,"key":"Kunai"},{"floor":20.0,"key":"MealTicket"},{"floor":23.0,"key":"Juzu Bracelet"},{"floor":26.0,"key":"Dream Catcher"},{"floor":29.0,"key":"Eternal Feather"},{"floor":31.0,"key":"Oddly Smooth Stone"},{"floor":38,"key":"Ginger"},{"floor":41,"key":"Symbiotic Virus"},{"floor":43,"key":"Bottled Flame"},{"floor":44,"key":"Potion Belt"},{"floor":48,"key":"Whetstone"},{"floor":54,"key":"InkBottle"}],"event_choices":[{"damage_healed":0.0,"max_hp_gain":0.0,"max_hp_loss":0.0,"gold_gain":0.0,"event_name":"Scrap Ooze","player_choice":"Success","floor":2.0,"gold_loss":0.0,"damage_taken":12.0,"relics_obtained":["Tiny Chest"]},{"damage_healed":0.0,"max_hp_gain":0.0,"max_hp_loss":0.0,"gold_gain":0.0,"event_name":"WeMeetAgain","player_choice":"Paid Gold","floor":3.0,"gold_loss":126.0,"damage_taken":0.0,"relics_obtained":["Shovel"]},{"damage_healed":47.0,"max_hp_gain":0.0,"max_hp_loss":0.0,"gold_gain":0.0,"event_name":"Wheel of Change","player_choice":"Full Heal","floor":13.0,"gold_loss":0.0,"damage_taken":0.0},{"damage_healed":0.0,"max_hp_gain":0.0,"max_hp_loss":0.0,"gold_gain":0.0,"event_name":"The Woman in Blue","player_choice":"Bought 1 Potion","floor":24.0,"gold_loss":0.0,"damage_taken":0.0},{"damage_healed":0.0,"max_hp_gain":0.0,"max_hp_loss":38.0,"gold_gain":0.0,"event_name":"Ghosts","player_choice":"Became a Ghost","floor":28.0,"gold_loss":0.0,"damage_taken":0.0,"cards_obtained":["Ghostly","Ghostly","Ghostly","Ghostly","Ghostly"]},{"damage_healed":0.0,"max_hp_gain":5.0,"max_hp_loss":0.0,"gold_gain":0.0,"event_name":"Forgotten Altar","player_choice":"Shed Blood","floor":30.0,"gold_loss":0.0,"damage_taken":9.0},{"damage_healed":0,"gold_gain":0,"player_choice":"Fight","damage_taken":0,"max_hp_gain":0,"max_hp_loss":0,"event_name":"MindBloom","floor":38,"gold_loss":0}],"is_beta":false,"boss_relics":[{"not_picked":["Inserter","Sozu"],"picked":"Coffee Dripper"},{"not_picked":["Fusion Hammer","FrozenCore"],"picked":"SacredBark"}],"items_purged_floors":[19,22,53],"is_endless":false,"potions_floor_spawned":[6,10,14,16,18,21,29,31,38,39,44,45,47,48],"ascension_level":5}}