{"host":"qu92w1zb2ytiyjno","time":1611341482,"event":{"mods":["Bard","BaseMod","Beaked The Cultist","Colored Map","Colored Powertips","Conspire","Curses Come First","Downfall","Friendly Minions","Googly Eyes","Hermit","Highlight Path","Hubris","Infinite Spire","KinomotoSakuraMod(木之本樱)","Marisa（F雨　魔理沙）","Minty Spire (QoL Compilation)","Relic Sorter","Remilia（蕾米莉亚）","Replay The Spire","StSLib","The Administrix","The Construct","The Cursed","The Disciple","The Hierophant","The Marked","The Mystic","The Senshi","The Servant 0.9.4"],"gold_per_floor":[99,118,130,143,158,183,210,226,226,237,255,270,270,30,41,41,41,41],"floor_reached":16,"language":"ENG","playtime":2149,"items_purged":["Guardian:Strike_Guardian"],"score":108,"play_id":"c73b98ea-dab1-44e5-82f8-73c564f3fa37","local_time":"20210123025122","is_ascension_mode":false,"campfire_choices":[{"data":"Guardian:CurlUp","floor":1,"key":"SMITH"},{"data":"Guardian:PrismaticBeam","floor":9,"key":"SMITH"},{"floor":13,"key":"REST"}],"circlet_count":0,"master_deck":["Guardian:Strike_Guardian","Guardian:Strike_Guardian","Guardian:Strike_Guardian","Guardian:Defend_Guardian","Guardian:Defend_Guardian","Guardian:Defend_Guardian","Guardian:Defend_Guardian","Guardian:CurlUp+1","Guardian:TwinSlam","Guardian:DonusPower","Guardian:PiercingHide","Guardian:PrismaticBeam+1","Guardian:RevengeProtocol","Guardian:CrystalBeam","Guardian:Gem_Crimson","Guardian:Gem_Fragmented","Guardian:EvasiveProtocol","Guardian:Gem_Red"],"relics":["Guardian:ModeShifter","Oddly Smooth Stone"],"acts_visited":["Exordium"],"potions_floor_usage":[12],"damage_taken":[{"damage":1,"enemies":"Jaw Worm","floor":2,"turns":6},{"damage":0,"enemies":"Small Slimes","floor":3,"turns":4},{"damage":0,"enemies":"2 Louse","floor":4,"turns":4},{"damage":6,"enemies":"Red Slaver","floor":5,"turns":3},{"damage":25,"enemies":"Lagavulin","floor":6,"turns":11},{"damage":12,"enemies":"Blue Slaver","floor":8,"turns":4},{"damage":4,"enemies":"3 Louse","floor":10,"turns":4},{"damage":3,"enemies":"Lots of Slimes","floor":11,"turns":6},{"damage":0,"enemies":"2 Fungi Beasts","floor":12,"turns":4},{"damage":4,"enemies":"downfall:FleeingMerchant","floor":14,"turns":4},{"damage":6,"enemies":"Gremlin Gang","floor":15,"turns":7},{"damage":54,"enemies":"DF_ARCHETYPE_STREAMLINE","floor":16,"turns":12}],"seed_played":"-47435194738318105","potions_obtained":[{"floor":4,"key":"SteroidPotion"},{"floor":5,"key":"Dexterity Potion"},{"floor":6,"key":"Explosive Potion"},{"floor":12,"key":"Ancient Potion"}],"is_trial":false,"path_per_floor":["R","M","M","M","M","E","T","M","R","M","M","M","R","$","M","B"],"character_chosen":"GUARDIAN","items_purchased":["Guardian:Gem_Fragmented","Guardian:EvasiveProtocol"],"campfire_rested":1,"item_purchase_floors":[14,14],"current_hp_per_floor":[88,87,87,87,81,56,56,44,44,40,37,37,63,59,53,0,0,0],"gold":41,"neow_bonus":"TEN_PERCENT_HP_BONUS","is_daily":false,"chose_seed":false,"campfire_upgraded":2,"win_rate":0.0,"timestamp":1611341482,"path_taken":["R","M","M","M","M","E","T","M","R","M","M","M","R","$","M","BOSS"],"items_purchased_type":["Card","Card"],"build_version":"2020-12-22","purchased_purges":1,"victory":false,"max_hp_per_floor":[88,88,88,88,88,88,88,88,88,88,88,88,88,88,88,88,88,88],"card_choices":[{"not_picked":["Guardian:PolyBeam","Guardian:Gem_Cyan"],"picked":"Guardian:DonusPower","floor":2},{"not_picked":["Guardian:Planning","Guardian:Reroute"],"picked":"Guardian:PiercingHide","floor":3},{"not_picked":["Guardian:PrimingBeam","Guardian:Gem_Green"],"picked":"Guardian:PrismaticBeam","floor":4},{"not_picked":["Guardian:WalkerClaw","Guardian:TemporalStrike","Guardian:VentSteam"],"picked":"SKIP","floor":5},{"not_picked":["Guardian:WalkerClaw","Guardian:Gem_Fragmented"],"picked":"Guardian:RevengeProtocol","floor":6},{"not_picked":["Guardian:PrimingBeam","Guardian:Preprogram"],"picked":"Guardian:Gem_White","floor":8},{"not_picked":["Guardian:ShieldCharger","Guardian:RollAttack","Guardian:Incinerate"],"picked":"SKIP","floor":10},{"not_picked":["Guardian:DonusPower","Guardian:ArmoredProtocol"],"picked":"Guardian:Gem_Fragmented","floor":11},{"not_picked":["Guardian:Gem_White","Guardian:RefractedBeam"],"picked":"Guardian:CrystalBeam","floor":12},{"not_picked":["Guardian:StasisField","Guardian:Gem_White"],"picked":"Guardian:Gem_Crimson","floor":14},{"not_picked":["Guardian:Suspension","Guardian:WalkerClaw"],"picked":"Guardian:Gem_Red","floor":15}],"player_experience":143282,"relics_obtained":[{"floor":6,"key":"Oddly Smooth Stone"}],"event_choices":[],"is_beta":false,"boss_relics":[],"items_purged_floors":[14],"is_endless":false,"potions_floor_spawned":[4,5,6,12],"killed_by":"DF_ARCHETYPE_STREAMLINE","ascension_level":0}}