{"host":"adqwvl80fz030ntc","time":1611340820,"event":{"mods":["AchievementEnabler","BaseMod","Colored Map","Colored Powertips","Custom Start","Highlight Path","Minty Spire (QoL Compilation)","Quick Restart","StSLib","The Bug Knight"],"gold_per_floor":[109,59,59,70,36,36,61,73,85,97,125,137,165,193,205,318,330,354,385,397,56,82,82,82,82,107,107,177,177,193,205,205,205,205],"floor_reached":33,"language":"ENG","playtime":3487,"items_purged":[],"score":293,"play_id":"37902258-0d89-4424-bc4d-1a7d832ba996","local_time":"20210122164020","is_ascension_mode":false,"campfire_choices":[{"data":"Consecrate","floor":6,"key":"SMITH"},{"data":"FearNoEvil","floor":8,"key":"SMITH"},{"data":"Eruption","floor":10,"key":"SMITH"},{"data":"SignatureMove","floor":12,"key":"SMITH"},{"data":"BattleHymn","floor":15,"key":"SMITH"},{"data":"FollowUp","floor":23,"key":"SMITH"},{"data":"DevaForm","floor":25,"key":"SMITH"},{"data":"Tantrum","floor":29,"key":"SMITH"},{"data":"Vigilance","floor":32,"key":"SMITH"}],"circlet_count":0,"master_deck":["Defend_P","Defend_P","Defend_P","Eruption+1","Vigilance+1","Consecrate+1","Perseverance","FearNoEvil+1","SignatureMove+1","FollowUp+1","BattleHymn+1","DevaForm+1","CurseOfTheBell","Vengeance","TalkToTheHand+1","Tantrum+1","WaveOfTheHand","Bite","Bite","Bite","Bite","Bite","DevaForm"],"relics":["PureWater","NeowsBlessing","MawBank","FossilizedHelix","Calling Bell","Regal Pillow","HollowMod:LifeEnderRelic","Unceasing Top","HollowMod:StagPassRelic","Nunchaku","Orichalcum","HornCleat"],"acts_visited":["Exordium","TheCity"],"potions_floor_usage":[16],"damage_taken":[{"damage":0,"enemies":"Jaw Worm","floor":1,"turns":1},{"damage":0,"enemies":"Cultist","floor":4,"turns":1},{"damage":0,"enemies":"Lagavulin","floor":7,"turns":1},{"damage":0,"enemies":"Small Slimes","floor":11,"turns":2},{"damage":0,"enemies":"2 Fungi Beasts","floor":13,"turns":2},{"damage":7,"enemies":"Gremlin Gang","floor":14,"turns":3},{"damage":52,"enemies":"The Guardian","floor":16,"turns":6},{"damage":24,"enemies":"Shell Parasite","floor":18,"turns":5},{"damage":0,"enemies":"Spheric Guardian","floor":19,"turns":3},{"damage":28,"enemies":"Snake Plant","floor":30,"turns":2},{"damage":1,"enemies":"Shelled Parasite and Fungi","floor":31,"turns":4},{"damage":47,"enemies":"Automaton","floor":33,"turns":6}],"seed_played":"-3468540779626836944","potions_obtained":[{"floor":7,"key":"EntropicBrew"},{"floor":11,"key":"BottledMiracle"},{"floor":13,"key":"Swift Potion"},{"floor":14,"key":"CultistPotion"},{"floor":19,"key":"GamblersBrew"},{"floor":31,"key":"Block Potion"}],"is_trial":false,"path_per_floor":["M","?","$","M","$","R","E","R","T","R","M","R","M","M","R","B",null,"M","M","?","$","T","R","?","R","T","?","T","R","M","M","R","B"],"character_chosen":"WATCHER","items_purchased":["Perseverance","HollowMod:StagPassRelic","Tantrum","WaveOfTheHand"],"campfire_rested":0,"item_purchase_floors":[5,21,21,21],"current_hp_per_floor":[72,72,72,72,72,72,72,72,72,72,72,72,72,65,65,13,72,48,48,48,48,48,48,48,48,48,48,48,48,22,31,31,0,0],"gold":205,"neow_bonus":"THREE_ENEMY_KILL","is_daily":false,"chose_seed":false,"campfire_upgraded":9,"win_rate":0.0,"timestamp":1611340820,"path_taken":["M","?","$","M","?","R","E","R","T","R","M","R","?","M","R","BOSS","M","M","?","$","?","R","?","R","T","?","?","R","M","M","R","BOSS"],"items_purchased_type":["Card","Relic","Card","Card"],"build_version":"2020-12-22","purchased_purges":0,"victory":false,"max_hp_per_floor":[72,72,72,72,72,72,72,72,72,72,72,72,72,72,72,72,72,72,72,72,72,72,72,72,72,72,50,50,50,50,50,50,50,50],"card_choices":[{"not_picked":["CutThroughFate","Study"],"picked":"PathToVictory","floor":1},{"not_picked":["PathToVictory","BowlingBash"],"picked":"Consecrate","floor":4},{"not_picked":["Evaluate","FollowUp"],"picked":"FearNoEvil","floor":7},{"not_picked":["PathToVictory","FearNoEvil"],"picked":"SignatureMove","floor":11},{"not_picked":["Evaluate","EmptyFist"],"picked":"FollowUp","floor":13},{"not_picked":["CarveReality","CrushJoints"],"picked":"BattleHymn","floor":14},{"not_picked":["Judgement","LessonLearned"],"picked":"DevaForm","floor":16},{"not_picked":["BattleHymn","Consecrate"],"picked":"Vengeance","floor":18},{"not_picked":["CrushJoints","Protect"],"picked":"TalkToTheHand+1","floor":19},{"not_picked":["PathToVictory","CutThroughFate","FlyingSleeves"],"picked":"SKIP","floor":30},{"not_picked":["Halt","WindmillStrike"],"picked":"DevaForm","floor":31}],"player_experience":10915,"relics_obtained":[{"floor":7,"key":"MawBank"},{"floor":9,"key":"FossilizedHelix"},{"floor":17,"key":"Regal Pillow"},{"floor":17,"key":"HollowMod:LifeEnderRelic"},{"floor":17,"key":"Unceasing Top"},{"floor":22,"key":"Nunchaku"},{"floor":26,"key":"Orichalcum"},{"floor":28,"key":"HornCleat"}],"event_choices":[{"cards_removed":["Defend_P"],"damage_healed":0,"gold_gain":0,"player_choice":"Card Removal","damage_taken":0,"max_hp_gain":0,"max_hp_loss":0,"event_name":"The Cleric","floor":2,"gold_loss":50},{"cards_removed":["PathToVictory"],"damage_healed":0,"gold_gain":0,"player_choice":"Purged","damage_taken":0,"max_hp_gain":0,"max_hp_loss":0,"event_name":"Purifier","floor":20,"gold_loss":0},{"damage_healed":0,"gold_gain":0,"player_choice":"Ignored","damage_taken":0,"max_hp_gain":0,"max_hp_loss":0,"event_name":"Ghosts","floor":24,"gold_loss":0},{"damage_healed":0,"gold_gain":0,"player_choice":"Became a vampire","damage_taken":0,"max_hp_gain":0,"max_hp_loss":22,"event_name":"Vampires","floor":27,"gold_loss":0,"cards_obtained":["Bite","Bite","Bite","Bite","Bite"]}],"is_beta":false,"boss_relics":[{"not_picked":["SacredBark","Coffee Dripper"],"picked":"Calling Bell"}],"items_purged_floors":[],"is_endless":false,"potions_floor_spawned":[7,11,13,14,19,31],"killed_by":"Automaton","ascension_level":0}}