{"host":"bplbr8uekuotory4","time":1611303637,"event":{"mods":["Act Like it!","BaseMod","Custom Start","Gensokyo","GungeonMod","Hermit","KinomotoSakuraMod(木之本樱)","Marisa（F雨　魔理沙）","Minty Spire (QoL Compilation)","Prisma Mod","Quick Restart","Reimu（博丽灵梦）","Replay The Spire","SOS（斯巴达之子）","Spicy Shops","StSLib","TestMod","The Blackbeard","The Cursed","The Marked","The Mystic","The Poker Player","The Runesmith","The Saiyan","The Senshi","The Servant 0.9.4","Yuri Mod","[IsaacMod]以撒尖塔"],"gold_per_floor":[113,113,113,36,86,86,100,121,121,196,146,178,253,278,278,388,388,409,138,164,55,77,124,124,124,170,192,233,293,40,70,70,192,192,213,613,613,613,641,653,653],"floor_reached":40,"language":"ZHS","playtime":1199,"items_purged":["theSenshi:SailorKick","Decay","theSenshi:SailorBlock","theSenshi:LunasBite"],"score":700,"play_id":"62b9664d-5c98-4328-99ab-489e38f7a8bd","local_time":"20210122162037","is_ascension_mode":false,"campfire_choices":[{"data":"theSenshi:MoonPrismPowerMakeUp","floor":6,"key":"SMITH"}],"circlet_count":0,"master_deck":["theSenshi:SailorKick","theSenshi:SailorKick","theSenshi:SailorBlock","theSenshi:RoseThrow+1","theSenshi:MoonPrismPowerMakeUp+1","theSenshi:MoonSpiralHeartAttack+1","theSenshi:SailorPlanetPower","theSenshi:MoonsReflection+1","theSenshi:JupitersPower","theSenshi:StudyParty+1","theSenshi:SailorChibiMoonAssists","theSenshi:SailorMercuryAssists","theSenshi:SailorVenusAssists","testmod-Dream+1","theSenshi:GlimpseOfThePast+1"],"relics":["theSenshi:TransformationBroochRelic","testmod-TestBox","HushsDoor","SteamSale","testmod-DeterminationOfClimber","Juzu Bracelet","Mercury Hourglass","DemoMod:MonsterBlood","PunchingBag","Bag of Preparation","DemoMod:WaxWing","BelialBook","SatanicBible","Golden Egg","DemoMod:ClearGuonStone","DemoMod:GlassGuonStoneRelic","ReplayTheSpireMod:CursedCoin","GuppysPaw","War Paint","Mango","Nunchaku","Red Mask","DemoMod:BlueGuonStone","Happy Flower","PreservedInsect","Chaos","White Beast Statue","GuppysCollar","Centennial Puzzle"],"acts_visited":["Exordium","TheCity","TheBeyond"],"potions_floor_usage":[12,27],"damage_taken":[{"damage":0,"enemies":"Cultist","floor":1,"turns":1},{"damage":0,"enemies":"Hiden Room Battle","floor":5,"turns":1},{"damage":0,"enemies":"Small Slimes","floor":7,"turns":1},{"damage":3,"enemies":"Jaw Worm","floor":8,"turns":4},{"damage":26,"enemies":"Lagavulin","floor":12,"turns":5},{"damage":0,"enemies":"Slime Boss","floor":16,"turns":5},{"damage":2,"enemies":"Chosen","floor":18,"turns":4},{"damage":0,"enemies":"3 Byrds","floor":20,"turns":2},{"damage":0,"enemies":"Snecko","floor":22,"turns":2},{"damage":0,"enemies":"Slavers","floor":23,"turns":1},{"damage":0,"enemies":"Shelled Parasite and Fungi","floor":27,"turns":2},{"damage":0,"enemies":"Masked Bandits","floor":28,"turns":1},{"damage":0,"enemies":"Hiden Room Battle","floor":29,"turns":1},{"damage":0,"enemies":"Snake Plant","floor":31,"turns":1},{"damage":0,"enemies":"Automaton","floor":33,"turns":1},{"damage":0,"enemies":"3 Shapes","floor":35,"turns":1},{"damage":0,"enemies":"3 Darklings","floor":39,"turns":1},{"damage":0,"enemies":"R_Hoarder","floor":40,"turns":1}],"seed_played":"5576843417423043131","potions_obtained":[{"floor":7,"key":"Weak Potion"},{"floor":8,"key":"FearPotion"},{"floor":12,"key":"Regen Potion"},{"floor":16,"key":"Fire Potion"},{"floor":28,"key":"Energy Potion"},{"floor":33,"key":"testmod-TestPotion"},{"floor":39,"key":"PowerPotion"}],"is_trial":false,"path_per_floor":["M","?","?","$","?","R","M","M","T","?","?","E","?","T","R","B",null,"M","$","M","$","M","E","?","?","T","M","?","?","$","M","R","B",null,"M","?","?","?","M","E"],"character_chosen":"THE_SENSHI","items_purchased":["Juzu Bracelet","BelialBook","SatanicBible","Golden Egg","DemoMod:ClearGuonStone","theSenshi:StudyParty","ReplayTheSpireMod:CursedCoin","GuppysPaw","War Paint","PreservedInsect","Chaos","testmod-Dream","GuppysCollar","Centennial Puzzle"],"campfire_rested":0,"item_purchase_floors":[4,17,17,19,19,19,21,21,21,30,30,30,34,34],"current_hp_per_floor":[75,150,150,150,142,142,142,141,141,126,126,105,94,94,94,102,132,132,132,132,132,132,146,114,114,114,122,132,127,127,144,144,151,126,126,126,120,120,120,120,120],"gold":653,"neow_bonus":"THREE_ENEMY_KILL","is_daily":false,"chose_seed":false,"campfire_upgraded":1,"win_rate":0.0,"timestamp":1611303637,"path_taken":["M","?","?","$","?","R","M","M","T","?","?","E","?","?","R","BOSS","M","$","M","$","M","E","?","?","T","M","?","?","?","M","R","BOSS","M","?","?","?","M","E"],"items_purchased_type":["Relic","Relic","Relic","Relic","Relic","Card","Relic","Relic","Relic","Relic","Card","Card","Relic","Relic"],"build_version":"2020-12-22","purchased_purges":4,"victory":false,"max_hp_per_floor":[75,150,150,150,157,157,157,157,157,157,157,157,157,157,157,157,132,132,132,132,132,132,146,151,151,151,151,151,151,151,151,151,151,126,126,126,120,120,120,120,120],"card_choices":[{"not_picked":["theSenshi:VenusGlamour","theSenshi:InTheNickOfTime"],"picked":"theSenshi:MoonSpiralHeartAttack","floor":1},{"not_picked":["theSenshi:LunasBite","theSenshi:SchoolBag"],"picked":"Bomb","floor":5},{"not_picked":["theSenshi:TuxedoSmokingBomber","theSenshi:SupersonicWaves","theSenshi:MoonKick"],"picked":"SKIP","floor":7},{"not_picked":["theSenshi:SailorStarHealerAssists","Bomb"],"picked":"theSenshi:SailorPlanetPower","floor":8},{"not_picked":["theSenshi:EncouragingSpeech","theSenshi:DramaticEntrance"],"picked":"Bomb","floor":12},{"not_picked":["theSenshi:ChibiMoonsLove","theSenshi:SailorStarHealerAssists"],"picked":"theSenshi:JupitersPower","floor":16},{"not_picked":["theSenshi:MoonTiaraMagic+1","theSenshi:SupersonicWaves"],"picked":"theSenshi:LunasBite","floor":18},{"not_picked":["theSenshi:SailorPlanetPower","theSenshi:EncouragingSpeech"],"picked":"theSenshi:SailorChibiMoonAssists","floor":20},{"not_picked":["theSenshi:SchoolBag","theSenshi:SupersonicWaves","theSenshi:MoonKick"],"picked":"SKIP","floor":22},{"not_picked":["theSenshi:LunasBite","theSenshi:OdangoHead","theSenshi:EncouragingSpeech+1"],"picked":"SKIP","floor":23},{"not_picked":["theSenshi:SailorMercuryAssists","theSenshi:SailorChibiMoonAssists+1","theSenshi:NeptunesGrace"],"picked":"SKIP","floor":27},{"not_picked":["theSenshi:SailorChibiMoonAssists+1","theSenshi:NeptunesGrace"],"picked":"theSenshi:SailorMercuryAssists","floor":27},{"not_picked":["theSenshi:SailorChibiMoonAssists","theSenshi:StudyParty"],"picked":"theSenshi:SailorVenusAssists","floor":28},{"not_picked":["theSenshi:LunaWiseMentor","theSenshi:TallSilhouette","theSenshi:LunasBite"],"picked":"SKIP","floor":31},{"not_picked":["theSenshi:SailorStarHealerAssists","theSenshi:IWillPunishYou"],"picked":"theSenshi:GlimpseOfThePast","floor":33},{"not_picked":["theSenshi:OdangoHead","theSenshi:SupersonicWaves","theSenshi:SailorStarFighterAssists+1"],"picked":"SKIP","floor":35},{"not_picked":["theSenshi:LateForSchool+1","theSenshi:SailorChibiMoonAssists","theSenshi:LunasBite+1"],"picked":"SKIP","floor":39}],"player_experience":1189163,"relics_obtained":[{"floor":5,"key":"Mercury Hourglass"},{"floor":5,"key":"DemoMod:MonsterBlood"},{"floor":12,"key":"PunchingBag"},{"floor":14,"key":"Bag of Preparation"},{"floor":23,"key":"Mango"},{"floor":26,"key":"Nunchaku"},{"floor":28,"key":"Red Mask"},{"floor":29,"key":"DemoMod:BlueGuonStone"},{"floor":29,"key":"Happy Flower"}],"event_choices":[{"damage_healed":0,"gold_gain":0,"player_choice":"Swap Relic","damage_taken":0,"relics_obtained":["testmod-HarvestTotem"],"max_hp_gain":0,"max_hp_loss":0,"event_name":"给自己的盒子","floor":2,"relics_lost":["testmod-HarvestTotem"],"gold_loss":0},{"damage_healed":0,"gold_gain":0,"player_choice":"Fight","damage_taken":0,"max_hp_gain":0,"max_hp_loss":0,"event_name":"HidenRoomEvent","floor":5,"gold_loss":0},{"damage_healed":0,"gold_gain":75,"player_choice":"Touch","damage_taken":15,"max_hp_gain":0,"max_hp_loss":0,"event_name":"FaceTrader","floor":10,"gold_loss":0},{"cards_removed":["theSenshi:SailorKick"],"damage_healed":0,"gold_gain":0,"player_choice":"Card Removal","damage_taken":0,"max_hp_gain":0,"max_hp_loss":0,"event_name":"The Cleric","floor":11,"gold_loss":50},{"damage_healed":0,"gold_gain":75,"player_choice":"Gather Gold","damage_taken":11,"max_hp_gain":0,"max_hp_loss":0,"event_name":"World of Goop","floor":13,"gold_loss":0},{"damage_healed":0,"gold_gain":0,"player_choice":"Shed Blood","damage_taken":37,"max_hp_gain":5,"max_hp_loss":0,"event_name":"Forgotten Altar","floor":24,"gold_loss":0},{"damage_healed":0,"gold_gain":0,"player_choice":"Fought Bandits","damage_taken":0,"max_hp_gain":0,"max_hp_loss":0,"event_name":"Masked Bandits","floor":28,"gold_loss":0},{"damage_healed":0,"gold_gain":0,"player_choice":"Fight","damage_taken":0,"max_hp_gain":0,"max_hp_loss":0,"event_name":"HidenRoomEvent","floor":29,"gold_loss":0},{"damage_healed":0,"gold_gain":0,"player_choice":"Ignored","damage_taken":0,"max_hp_gain":0,"max_hp_loss":0,"event_name":"NoteForYourself","floor":32,"gold_loss":0},{"damage_healed":0,"gold_gain":400,"player_choice":"Sell","damage_taken":0,"max_hp_gain":0,"max_hp_loss":0,"event_name":"恩洛斯的盘子","floor":36,"relics_lost":["NeowsBlessing"],"gold_loss":0},{"damage_healed":0,"gold_gain":0,"player_choice":"Max HP","damage_taken":0,"max_hp_gain":0,"max_hp_loss":6,"event_name":"Winding Halls","floor":37,"gold_loss":0},{"damage_healed":0,"gold_gain":0,"player_choice":"Forge","damage_taken":0,"max_hp_gain":0,"max_hp_loss":0,"event_name":"Accursed Blacksmith","floor":38,"gold_loss":0,"cards_upgraded":["theSenshi:MoonSpiralHeartAttack"]}],"is_beta":false,"boss_relics":[{"not_picked":["Velvet Choker","ChewingGum"],"picked":"DemoMod:WaxWing"},{"not_picked":[]},{"not_picked":["Succubus","ChampionBelt"],"picked":"White Beast Statue"},{"not_picked":[]}],"items_purged_floors":[17,21,30,34],"is_endless":false,"potions_floor_spawned":[7,8,12,16,20,23,28,31,33,35,39],"killed_by":"R_Hoarder","ascension_level":0}}