{"host":"19tvufa8xx4wr4o1","time":1611277231,"event":{"mods":["AchievementEnabler","BaseMod","Better Sensory Stone","Better Third Choice","Highlight Path","Minty Spire (QoL Compilation)","Relic Stats","StSLib"],"gold_per_floor":[117,132,32,42,42,72,72,72,98,98,128,144,178,192,192,269,269,283,283,283,283,283,315,332,342,342,342,357,357,357,369,369,369,369],"floor_reached":33,"language":"ENG","playtime":1380,"items_purged":["Grand Finale"],"score":543,"play_id":"58424ece-c268-4569-8b2c-19a97dc73209","local_time":"20210121190031","is_ascension_mode":true,"campfire_choices":[{"data":"Glass Knife","floor":7,"key":"SMITH"},{"data":"Cloak And Dagger","floor":10,"key":"SMITH"},{"data":"Neutralize","floor":15,"key":"SMITH"},{"floor":27,"key":"REST"},{"data":"Burst","floor":30,"key":"SMITH"},{"data":"Adrenaline","floor":32,"key":"SMITH"}],"circlet_count":0,"master_deck":["AscendersBane","Survivor","Neutralize+1","Night Terror","Skewer","Setup","Grand Finale","Flying Knee","Glass Knife+1","Acrobatics","Choke","Cloak And Dagger+1","Venomology","Blade Dance","Dodge and Roll","Adrenaline+1","Leg Sweep","Poisoned Stab","Burst+1","Riddle With Holes+1","Dodge and Roll+1","Shame","Footwork+1"],"relics":["Pandora\u0027s Box","Potion Belt","Blood Vial","Regal Pillow","Strawberry","Cursed Key","Incense Burner","Toxic Egg 2"],"acts_visited":["Exordium","TheCity"],"potions_floor_usage":[12,13,16,18,23,25,25,25,31,33,33,33,33],"damage_taken":[{"damage":0,"enemies":"Cultist","floor":1,"turns":2},{"damage":9,"enemies":"Jaw Worm","floor":2,"turns":3},{"damage":0,"enemies":"2 Louse","floor":4,"turns":2},{"damage":12,"enemies":"3 Sentries","floor":6,"turns":3},{"damage":0,"enemies":"Lagavulin","floor":11,"turns":3},{"damage":0,"enemies":"Blue Slaver","floor":12,"turns":1},{"damage":12,"enemies":"Gremlin Nob","floor":13,"turns":3},{"damage":7,"enemies":"3 Louse","floor":14,"turns":2},{"damage":58,"enemies":"Hexaghost","floor":16,"turns":11},{"damage":0,"enemies":"Chosen","floor":18,"turns":3},{"damage":21,"enemies":"Slavers","floor":23,"turns":5},{"damage":7,"enemies":"Shell Parasite","floor":24,"turns":5},{"damage":2,"enemies":"Centurion and Healer","floor":25,"turns":3},{"damage":8,"enemies":"3 Cultists","floor":28,"turns":5},{"damage":2,"enemies":"Snake Plant","floor":31,"turns":3},{"damage":75,"enemies":"Collector","floor":33,"turns":21}],"seed_played":"6542450291220214671","potions_obtained":[{"floor":4,"key":"Fire Potion"},{"floor":11,"key":"Poison Potion"},{"floor":12,"key":"SkillPotion"},{"floor":13,"key":"Regen Potion"},{"floor":24,"key":"GhostInAJar"},{"floor":25,"key":"Fruit Juice"}],"is_trial":false,"path_per_floor":["M","M","$","M","?","E","R","$","T","R","E","M","E","M","R","B",null,"M","?","?","?","?","E","M","M","T","R","M","T","R","M","R","B"],"character_chosen":"THE_SILENT","items_purchased":["Cloak And Dagger"],"campfire_rested":1,"item_purchase_floors":[3],"current_hp_per_floor":[59,50,50,50,66,54,54,54,54,54,56,58,55,50,50,9,57,59,59,59,59,49,30,25,30,30,68,62,62,62,62,62,0,0],"gold":369,"neow_bonus":"BOSS_RELIC","is_daily":false,"chose_seed":false,"campfire_upgraded":5,"win_rate":0.0,"timestamp":1611277231,"path_taken":["M","M","$","?","?","E","R","$","T","R","E","?","E","M","R","BOSS","M","?","?","?","?","E","?","M","T","R","M","?","R","M","R","BOSS"],"items_purchased_type":["Card"],"build_version":"2020-12-22","purchased_purges":1,"victory":false,"max_hp_per_floor":[66,66,66,66,66,66,66,66,66,66,66,66,73,73,73,73,73,73,73,73,73,73,73,73,78,78,78,78,78,78,78,78,78,78],"relic_stats":{"Blood Vial":24,"Regal Pillow":15,"counters":[16,75],"Pandora\u0027s Box":["Tactician","Grand Finale","Night Terror","Skewer","Setup","Grand Finale","Flying Knee","Grand Finale","Glass Knife","Acrobatics"],"Cursed Key":1,"obtain_stats":[{"Potion Belt":6,"Blood Vial":9,"Regal Pillow":11,"Strawberry":13,"Pandora\u0027s Box":0,"Incense Burner":23,"Toxic Egg 2":26,"Cursed Key":17,"Ring of the Snake":0},{"Potion Belt":4,"Blood Vial":4,"Regal Pillow":5,"Strawberry":7,"Pandora\u0027s Box":0,"Incense Burner":11,"Toxic Egg 2":13,"Cursed Key":9,"Ring of the Snake":0},{"Potion Belt":10,"Blood Vial":10,"Regal Pillow":13,"Strawberry":17,"Pandora\u0027s Box":0,"Incense Burner":38,"Toxic Egg 2":46,"Cursed Key":30,"Ring of the Snake":0}]},"card_choices":[{"not_picked":["Cloak And Dagger","Masterful Stab"],"picked":"Choke","floor":1},{"not_picked":["Prepared","Dagger Throw","Deadly Poison"],"picked":"SKIP","floor":2},{"not_picked":["Flying Knee","Bouncing Flask","Concentrate"],"picked":"SKIP","floor":4},{"not_picked":["Crippling Poison","Dagger Throw"],"picked":"Venomology","floor":6},{"not_picked":["Deadly Poison","Finisher","Dagger Throw"],"picked":"SKIP","floor":11},{"not_picked":["Dagger Spray","Sucker Punch","Skewer"],"picked":"SKIP","floor":12},{"not_picked":["Skewer","Deadly Poison"],"picked":"Blade Dance","floor":13},{"not_picked":["Backstab","Flying Knee","Dodge and Roll"],"picked":"SKIP","floor":14},{"not_picked":["Backstab","Flying Knee"],"picked":"Dodge and Roll","floor":14},{"not_picked":["Venomology","Bullet Time"],"picked":"Adrenaline","floor":16},{"not_picked":["Bane","Sucker Punch"],"picked":"Leg Sweep","floor":18},{"not_picked":["PiercingWail","Dagger Throw"],"picked":"Riddle With Holes+1","floor":23},{"not_picked":["Quick Slash","Finisher","Deadly Poison"],"picked":"SKIP","floor":24},{"not_picked":["Dagger Throw+1","Underhanded Strike"],"picked":"Dodge and Roll+1","floor":25},{"not_picked":["Night Terror+1","Masterful Stab","Flying Knee"],"picked":"SKIP","floor":28},{"not_picked":["Masterful Stab","Prepared+1"],"picked":"Footwork+1","floor":31}],"player_experience":592785,"relics_obtained":[{"floor":6,"key":"Potion Belt"},{"floor":9,"key":"Blood Vial"},{"floor":11,"key":"Regal Pillow"},{"floor":13,"key":"Strawberry"},{"floor":23,"key":"Incense Burner"},{"floor":26,"key":"Toxic Egg 2"}],"event_choices":[{"damage_healed":16,"gold_gain":0,"player_choice":"Full Heal","damage_taken":0,"max_hp_gain":0,"max_hp_loss":0,"event_name":"Wheel of Change","floor":5,"gold_loss":0},{"damage_healed":0,"gold_gain":0,"player_choice":"Ignored","damage_taken":0,"max_hp_gain":0,"max_hp_loss":0,"event_name":"The Mausoleum","floor":19,"gold_loss":0},{"damage_healed":0,"gold_gain":0,"cards_transformed":["Tactician","Grand Finale"],"player_choice":"Became Test Subject","damage_taken":0,"max_hp_gain":0,"max_hp_loss":0,"event_name":"Drug Dealer","floor":20,"gold_loss":0,"cards_obtained":["Poisoned Stab","Burst"]},{"damage_healed":0,"gold_gain":0,"player_choice":"Ignored","damage_taken":0,"max_hp_gain":0,"max_hp_loss":0,"event_name":"Ghosts","floor":21,"gold_loss":0},{"damage_healed":0,"gold_gain":0,"player_choice":"Damaged","damage_taken":10,"max_hp_gain":0,"max_hp_loss":0,"event_name":"Wheel of Change","floor":22,"gold_loss":0}],"is_beta":false,"boss_relics":[{"not_picked":["Snecko Eye","Ectoplasm"],"picked":"Cursed Key"}],"items_purged_floors":[3],"is_endless":false,"potions_floor_spawned":[4,11,12,13,24,25],"killed_by":"Collector","ascension_level":15}}