{"host":"41y51qpuw3tri6uv","time":1611304239,"event":{"mods":["AchievementEnabler","BaseMod","Bestiary","Better Altar","Better Match","Better Note","Better Sensory Stone","Better Skull","Better Third Choice","Better Vampires","Colored Map","Colored Powertips","DeckTracker","Minty Spire (QoL Compilation)","Permanent Neow","Quick Restart","Random Character Button","StSLib","SuperFastMode","Synergy Search","Thieving Mod"],"gold_per_floor":[115,40,59,70,86,86,117,117,117,117,117,132,307,3,3,105,105,122,72,72,89,89,89,89],"floor_reached":23,"language":"ENG","playtime":860,"items_purged":["Strike_R","Strike_R"],"score":227,"play_id":"cacaf84a-bf08-444f-93bd-813c7b173482","local_time":"20210122033039","is_ascension_mode":true,"campfire_choices":[{"data":"True Grit","floor":6.0,"key":"SMITH"},{"data":"Barricade","floor":8.0,"key":"SMITH"},{"data":"Metallicize","floor":15,"key":"SMITH"}],"circlet_count":0,"master_deck":["Defend_R","Defend_R","Defend_R","Defend_R","Bash","Battle Trance","True Grit+1","Metallicize+1","Pommel Strike","Cleave","Iron Wave","Barricade+1","Shrug It Off","Doubt","Thunderclap","Impervious","Demon Form","Heavy Blade","Dramatic Entrance"],"relics":["Burning Blood","MealTicket","Bottled Flame","Shuriken","Pen Nib","Velvet Choker"],"acts_visited":["Exordium","TheCity"],"potions_floor_usage":[16],"damage_taken":[{"damage":14.0,"enemies":"Jaw Worm","floor":1.0,"turns":3.0},{"damage":11.0,"enemies":"Small Slimes","floor":3.0,"turns":5.0},{"damage":0.0,"enemies":"Cultist","floor":4.0,"turns":3.0},{"damage":9.0,"enemies":"2 Fungi Beasts","floor":5.0,"turns":3.0},{"damage":28.0,"enemies":"Lagavulin","floor":7.0,"turns":8.0},{"damage":8.0,"enemies":"Looter","floor":12.0,"turns":4.0},{"damage":29,"enemies":"Slime Boss","floor":16,"turns":17},{"damage":6,"enemies":"Shell Parasite","floor":18,"turns":7},{"damage":10,"enemies":"Spheric Guardian","floor":21,"turns":5},{"damage":80,"enemies":"Slavers","floor":23,"turns":4}],"seed_played":"8672881697958721900","potions_obtained":[{"floor":1.0,"key":"Explosive Potion"},{"floor":3.0,"key":"SteroidPotion"},{"floor":7.0,"key":"SkillPotion"},{"floor":21,"key":"Explosive Potion"}],"is_trial":false,"path_per_floor":["M","$","M","M","M","R","E","R","T","?","?","M","?","$","R","B",null,"M","?","?","M","?","E"],"character_chosen":"IRONCLAD","items_purchased":["Thunderclap","Impervious"],"campfire_rested":0,"item_purchase_floors":[14,14],"current_hp_per_floor":[72,72,67,73,70,70,48,48,48,41,41,39,39,54,54,31,80,80,80,80,76,76,0,0],"gold":89,"neow_bonus":"TRANSFORM_CARD","is_daily":false,"chose_seed":false,"campfire_upgraded":3,"win_rate":0.0,"timestamp":1611304239,"path_taken":["M","$","M","M","M","R","E","R","T","?","?","M","?","$","R","BOSS","M","?","?","M","?","E"],"items_purchased_type":["Card","Card"],"build_version":"2020-12-22","purchased_purges":2,"victory":false,"max_hp_per_floor":[80,80,80,80,80,80,80,80,80,80,80,80,80,80,80,80,80,80,80,80,80,80,80,80],"card_choices":[{"not_picked":["Hemokinesis","Armaments"],"picked":"True Grit","floor":1.0},{"not_picked":["Carnage","Blood for Blood"],"picked":"Pommel Strike","floor":3.0},{"not_picked":["Havoc","Body Slam"],"picked":"Cleave","floor":4.0},{"not_picked":["Warcry","Clash"],"picked":"Iron Wave","floor":5.0},{"not_picked":["Twin Strike","Armaments"],"picked":"Barricade","floor":7.0},{"not_picked":["Heavy Blade","Twin Strike"],"picked":"Shrug It Off","floor":12.0},{"not_picked":["Corruption","Reaper"],"picked":"Demon Form","floor":16},{"not_picked":["Headbutt","Sentinel"],"picked":"Heavy Blade","floor":18},{"not_picked":["Rupture","Infernal Blade","Blood for Blood"],"picked":"SKIP","floor":21},{"not_picked":["Finesse","Discovery"],"picked":"Dramatic Entrance","floor":22}],"player_experience":129566,"relics_obtained":[{"floor":7.0,"key":"MealTicket"},{"floor":9.0,"key":"Bottled Flame"}],"event_choices":[{"cards_removed":["Strike_R"],"damage_healed":0.0,"max_hp_gain":0.0,"max_hp_loss":0.0,"gold_gain":0.0,"event_name":"Golden Wing","player_choice":"Card Removal","floor":10.0,"gold_loss":0.0,"damage_taken":7.0},{"cards_removed":["Strike_R"],"damage_healed":0.0,"max_hp_gain":0.0,"max_hp_loss":0.0,"gold_gain":0.0,"event_name":"Living Wall","player_choice":"Forget","floor":11.0,"gold_loss":0.0,"damage_taken":0.0},{"damage_healed":0.0,"max_hp_gain":0.0,"max_hp_loss":0.0,"gold_gain":175.0,"event_name":"betterThird:BetterSerpent","player_choice":"AGREE","floor":13.0,"gold_loss":0.0,"damage_taken":132.0},{"damage_healed":0,"gold_gain":0,"player_choice":"Bet on Murderer","damage_taken":0,"max_hp_gain":0,"max_hp_loss":0,"event_name":"The Joust","floor":19,"gold_loss":50},{"cards_removed":["Doubt"],"damage_healed":0,"gold_gain":0,"player_choice":"Give","damage_taken":0,"max_hp_gain":0,"max_hp_loss":0,"event_name":"betterNote:BetterNote","floor":20,"gold_loss":0,"cards_obtained":["Strike_R"]},{"damage_healed":0,"gold_gain":2,"player_choice":"1","damage_taken":0,"max_hp_gain":0,"max_hp_loss":0,"event_name":"betterStone:BetterStone","floor":22,"gold_loss":0}],"is_beta":false,"boss_relics":[{"not_picked":["Mark of Pain","Black Star"],"picked":"Velvet Choker"}],"items_purged_floors":[2,14],"is_endless":false,"potions_floor_spawned":[1,3,7,21],"killed_by":"Slavers","ascension_level":4}}