{"host":"oigynbtg272c19pw","time":1611303260,"event":{"mods":["BaseMod","Colored Map","Minty Spire (QoL Compilation)","Relic Stats","Slay the Relics Exporter","StSLib"],"gold_per_floor":[116,136,155,74,89,89,118,137,215,230,230,246,280,280,280,357,357,368,378,77,90,90,90,90],"floor_reached":23,"playtime":1266,"items_purged":["Strike_G"],"score":560,"play_id":"4c641fd4-3a94-4432-bed1-90c5c3d289c9","local_time":"20210122091420","is_ascension_mode":true,"campfire_choices":[{"data":"Deadly Poison","floor":6.0,"key":"SMITH"},{"floor":15.0,"key":"REST"}],"circlet_count":0,"master_deck":["AscendersBane","Strike_G","Strike_G","Strike_G","Defend_G","Defend_G","Defend_G","Defend_G","Defend_G","Survivor","Neutralize","Quick Slash","Leg Sweep","After Image","Footwork","Deadly Poison+1","Caltrops","Bouncing Flask","Terror","A Thousand Cuts","Poisoned Stab","After Image","Deadly Poison","After Image","Decay"],"relics":["Ring of the Snake","Snake Skull","Happy Flower","Ninja Scroll","WingedGreaves","Snecko Eye","Blood Vial"],"acts_visited":["Exordium","TheCity"],"potions_floor_usage":[21],"damage_taken":[{"damage":0.0,"enemies":"Jaw Worm","floor":1.0,"turns":6.0},{"damage":4.0,"enemies":"Cultist","floor":2.0,"turns":4.0},{"damage":3.0,"enemies":"Small Slimes","floor":3.0,"turns":4.0},{"damage":3.0,"enemies":"Blue Slaver","floor":5.0,"turns":6.0},{"damage":23.0,"enemies":"3 Sentries","floor":7.0,"turns":15.0},{"damage":9.0,"enemies":"3 Louse","floor":8.0,"turns":4.0},{"damage":0.0,"enemies":"Large Slime","floor":10.0,"turns":4.0},{"damage":0.0,"enemies":"Looter","floor":12.0,"turns":2.0},{"damage":0.0,"enemies":"Lagavulin","floor":13.0,"turns":5.0},{"damage":0.0,"enemies":"Hexaghost","floor":16.0,"turns":8.0},{"damage":9,"enemies":"2 Thieves","floor":18,"turns":5},{"damage":13,"enemies":"Chosen","floor":19,"turns":4},{"damage":4,"enemies":"Centurion and Healer","floor":21,"turns":6},{"damage":22,"enemies":"Gremlin Leader","floor":23,"turns":8}],"seed_played":"7168728204189013681","potions_obtained":[{"floor":5.0,"key":"Block Potion"},{"floor":7.0,"key":"EssenceOfSteel"},{"floor":10.0,"key":"DistilledChaos"},{"floor":12.0,"key":"Poison Potion"},{"floor":13.0,"key":"Energy Potion"},{"floor":21,"key":"LiquidBronze"}],"is_trial":false,"path_per_floor":["M","M","M","$","M","R","E","M","T","M","?","M","E","?","R","B",null,"M","M","$","M","?","E"],"character_chosen":"THE_SILENT","items_purchased":["Footwork","Blood Vial","Explosive Potion"],"campfire_rested":1,"item_purchase_floors":[4,20,20],"current_hp_per_floor":[59,55,52,52,49,49,26,17,17,17,17,17,17,10,29,29,57,48,35,35,33,33,13,13],"gold":90,"neow_bonus":"RANDOM_COMMON_RELIC","is_daily":false,"chose_seed":false,"campfire_upgraded":1,"win_rate":0.0,"timestamp":1611303260,"path_taken":["M","M","M","$","M","R","E","M","T","M","?","?","E","?","R","BOSS","M","M","$","M","?","E"],"items_purchased_type":["Card","Relic","Potion"],"build_version":"2020-12-13","purchased_purges":1,"victory":false,"max_hp_per_floor":[66,66,66,66,66,66,66,66,66,66,66,66,66,66,66,66,66,66,66,66,66,66,66,66],"relic_stats":{"Blood Vial":4,"Happy Flower":[15],"counters":[14,81],"Snecko Eye":[38,42,37,36],"Snake Skull":[64],"obtain_stats":[{"Blood Vial":20,"Happy Flower":7,"Ninja Scroll":9,"Snecko Eye":17,"Snake Skull":0,"WingedGreaves":13,"Ring of the Snake":0},{"Blood Vial":12,"Happy Flower":5,"Ninja Scroll":6,"Snecko Eye":10,"Snake Skull":0,"WingedGreaves":9,"Ring of the Snake":0},{"Blood Vial":67,"Happy Flower":35,"Ninja Scroll":39,"Snecko Eye":58,"Snake Skull":0,"WingedGreaves":50,"Ring of the Snake":0}],"Ring of the Snake":[20]},"card_choices":[{"not_picked":["Outmaneuver","Flying Knee"],"picked":"Quick Slash","floor":1.0},{"not_picked":["PiercingWail","Poisoned Stab"],"picked":"Leg Sweep","floor":2.0},{"not_picked":["Deflect","Noxious Fumes"],"picked":"After Image","floor":3.0},{"not_picked":["Dagger Spray","Outmaneuver"],"picked":"Deadly Poison","floor":5.0},{"not_picked":["Dodge and Roll","Prepared"],"picked":"Caltrops","floor":7.0},{"not_picked":["Endless Agony","Slice"],"picked":"Bouncing Flask","floor":8.0},{"not_picked":["Flying Knee","Flechettes"],"picked":"Terror","floor":10.0},{"not_picked":["Underhanded Strike","Dagger Spray"],"picked":"Poisoned Stab","floor":12.0},{"not_picked":["Dodge and Roll","All Out Attack","Unload"],"picked":"SKIP","floor":13.0},{"not_picked":["Storm of Steel","Phantasmal Killer"],"picked":"After Image","floor":16.0},{"not_picked":["Poisoned Stab","Cloak And Dagger"],"picked":"Deadly Poison","floor":18},{"not_picked":["Quick Slash","Prepared","Caltrops"],"picked":"SKIP","floor":19},{"not_picked":["Backflip","All Out Attack"],"picked":"After Image","floor":21}],"player_experience":1462627,"relics_obtained":[{"floor":7.0,"key":"Happy Flower"},{"floor":9.0,"key":"Ninja Scroll"},{"floor":13.0,"key":"WingedGreaves"}],"event_choices":[{"damage_healed":0.0,"max_hp_gain":0.0,"max_hp_loss":0.0,"gold_gain":0.0,"event_name":"Match and Keep!","player_choice":"1 cards matched","floor":11.0,"gold_loss":0.0,"damage_taken":0.0,"cards_obtained":["A Thousand Cuts"]},{"cards_removed":["Strike_G"],"damage_healed":0.0,"max_hp_gain":0.0,"max_hp_loss":0.0,"gold_gain":0.0,"event_name":"Golden Wing","player_choice":"Card Removal","floor":14.0,"gold_loss":0.0,"damage_taken":7.0},{"damage_healed":0,"gold_gain":0,"player_choice":"Smashed Altar","damage_taken":0,"max_hp_gain":0,"max_hp_loss":0,"event_name":"Forgotten Altar","floor":22,"gold_loss":0,"cards_obtained":["Decay"]}],"is_beta":false,"boss_relics":[{"not_picked":["Philosopher\u0027s Stone","Tiny House"],"picked":"Snecko Eye"}],"items_purged_floors":[20],"is_endless":false,"potions_floor_spawned":[5,7,10,12,13,21],"killed_by":"Gremlin Leader","ascension_level":20}}