{"host":"22ezjknwheybwqtz","time":1611301813,"event":{"mods":["BaseMod","Downfall","Minty Spire (QoL Compilation)","StSLib"],"gold_per_floor":[99,114,141,155,65,140,217,227,242,271,282,457,472,491,511,511,511,511],"floor_reached":16,"language":"ENG","playtime":733,"items_purged":["Slimebound:Defend_Slimebound"],"score":96,"play_id":"855b7b76-e145-4e82-94bb-9e5c6752372a","local_time":"20210122155013","is_ascension_mode":false,"campfire_choices":[{"data":"Slimebound:Split","floor":1,"key":"SMITH"}],"circlet_count":0,"master_deck":["Slimebound:Strike_Slimebound","Slimebound:Strike_Slimebound","Slimebound:Strike_Slimebound","Slimebound:Tackle","Slimebound:Defend_Slimebound","Slimebound:Defend_Slimebound","Slimebound:Defend_Slimebound","Slimebound:Split+1","Slimebound:CorrosiveSpit","Slimebound:Repurpose","Slimebound:RejuvenatingLick","Slimebound:ForwardTackle","Slimebound:ItLooksTasty","Slimebound:PressTheAttack","Slimebound:SamplingLick","Slimebound:SplitAcid","Doubt","Slimebound:RallyTheTroops","Slimebound:SplitMire","Slimebound:SplitLeeching"],"relics":["Slimebound:AbsorbEndCombat","Anchor","Odd Mushroom"],"acts_visited":["Exordium"],"potions_floor_usage":[13,14,16,16],"damage_taken":[{"damage":1,"enemies":"Cultist","floor":2,"turns":3},{"damage":0,"enemies":"Small Slimes","floor":4,"turns":3},{"damage":16,"enemies":"downfall:FleeingMerchant","floor":5,"turns":4},{"damage":3,"enemies":"Jaw Worm","floor":8,"turns":2},{"damage":3,"enemies":"Red Slaver","floor":9,"turns":2},{"damage":30,"enemies":"The Mushroom Lair","floor":10,"turns":5},{"damage":3,"enemies":"Large Slime","floor":11,"turns":5},{"damage":6,"enemies":"Exordium Wildlife","floor":13,"turns":4},{"damage":14,"enemies":"3 Louse","floor":14,"turns":3},{"damage":0,"enemies":"Blue Slaver","floor":15,"turns":2},{"damage":41,"enemies":"IC_STATUS_ARCHETYPE","floor":16,"turns":8}],"seed_played":"3378425646688557121","potions_obtained":[{"floor":4,"key":"Fire Potion"},{"floor":8,"key":"Weak Potion"},{"floor":10,"key":"Swift Potion"},{"floor":15,"key":"SpeedPotion"}],"is_trial":false,"path_per_floor":["R","M","T","M","$","?","T","M","M","?","M","?","M","M","M","B"],"character_chosen":"SLIMEBOUND","items_purchased":[],"campfire_rested":0,"item_purchase_floors":[],"current_hp_per_floor":[71,71,71,71,59,59,59,60,61,35,38,38,38,26,30,0,0,0],"gold":511,"neow_bonus":"TEN_PERCENT_HP_BONUS","is_daily":false,"chose_seed":false,"campfire_upgraded":1,"win_rate":0.0,"timestamp":1611301813,"path_taken":["R","M","?","M","?","?","T","M","M","?","M","?","M","M","M","BOSS"],"items_purchased_type":[],"build_version":"2020-12-22","purchased_purges":1,"victory":false,"max_hp_per_floor":[71,71,71,71,71,71,71,71,71,71,71,71,71,71,71,71,71,71],"card_choices":[{"not_picked":["Slimebound:ComboTackle","Slimebound:Dissolve"],"picked":"Slimebound:Repurpose","floor":2},{"not_picked":["Slimebound:ViciousTackle","Slimebound:SlimeSpikes"],"picked":"Slimebound:RejuvenatingLick","floor":4},{"not_picked":["Slimebound:LeechingTouch","Slimebound:OneTwoCombo"],"picked":"Slimebound:ForwardTackle","floor":5},{"not_picked":["Slimebound:GoopTackle","Slimebound:SlimeSpikes"],"picked":"Slimebound:ItLooksTasty","floor":8},{"not_picked":["Slimebound:RollThrough","Slimebound:Gluttony"],"picked":"Slimebound:PressTheAttack","floor":9},{"not_picked":["Slimebound:ComboTackle","Slimebound:Prepare"],"picked":"Slimebound:SamplingLick","floor":10},{"not_picked":["Slimebound:Grow","Slimebound:LeadByExample"],"picked":"Slimebound:SplitAcid","floor":11},{"not_picked":["Slimebound:ItLooksTasty","Slimebound:BestDefense"],"picked":"Slimebound:RallyTheTroops","floor":13},{"not_picked":["Slimebound:BestDefense","Slimebound:RejuvenatingLick"],"picked":"Slimebound:SplitMire","floor":14},{"not_picked":["Slimebound:Chomp","Slimebound:SlimeTap"],"picked":"Slimebound:SplitLeeching","floor":15}],"player_experience":61210,"relics_obtained":[{"floor":3,"key":"Anchor"},{"floor":10,"key":"Odd Mushroom"}],"event_choices":[{"damage_healed":0,"gold_gain":0,"player_choice":"Fought Mushrooms","damage_taken":0,"max_hp_gain":0,"max_hp_loss":0,"event_name":"Mushrooms","floor":10,"gold_loss":0}],"is_beta":false,"boss_relics":[],"items_purged_floors":[5],"is_endless":false,"potions_floor_spawned":[4,8,10,15],"killed_by":"IC_STATUS_ARCHETYPE","ascension_level":0}}