{"host":"m3rs92yjkwi06hli","time":1611278285,"event":{"mods":["Act Like it!","Aspiration","BaseMod","Colored Map","Conspire","Defuse TimeMaze Blight","Downfall","Energized Spire","Hubris","Infinite Spire","Minty Spire (QoL Compilation)","Relic Stats","Spicy Shops","StSLib"],"gold_per_floor":[99,109,109,120,134,134,213,246,246,262,262,437,437,21,35,131,131,131,141,141,141,160,172,199,215,232,132,117,137,148,167,184,288,288,288,302,302,316,316,345,370,382,382,411,411,437,437,437,437],"floor_reached":47,"language":"ENG","playtime":5055,"items_purged":["Doubt"],"score":620,"play_id":"9090b175-2ecf-420c-8d10-18bd2d7ee7e2","local_time":"20210121191805","is_ascension_mode":true,"campfire_choices":[{"data":"bronze:Replicate","floor":1,"key":"SMITH"},{"floor":9,"key":"REST"},{"data":"bronze:GetLatest","floor":13,"key":"SMITH"},{"floor":18,"key":"RECALL"},{"data":"bronze:Branch","floor":27,"key":"SMITH"},{"data":"bronze:Verify","floor":35,"key":"SMITH"},{"floor":43,"key":"REST"},{"floor":45,"key":"REST"}],"circlet_count":0,"master_deck":["conspire:GhostlyStrike","conspire:GhostlyStrike","conspire:GhostlyStrike","conspire:GhostlyStrike","conspire:GhostlyDefend","conspire:GhostlyDefend","conspire:GhostlyDefend","conspire:GhostlyDefend","bronze:Replicate+1","bronze:Goto+1","bronze:Overload+1","bronze:Branch+1","bronze:FineTuning","bronze:GetLatest+1","bronze:BronzeOrb","bronze:Format","bronze:Repair","bronze:DigitalCarnage","bronze:Frontload","bronze:DelayedSlice","bronze:FineTuning","bronze:DelayedSlice","bronze:WhirlingStrike","bronze:CleanCode","bronze:GetLatest+1","bronze:BronzeOrb","bronze:ChildClass","bronze:FineTuning+1","bronze:Backtrace+1","bronze:NullPointer","bronze:DelayedSlice","bronze:Flail+1","bronze:DelayedGuard","bronze:Iterate","bronze:Verify+1","CurseOfTheBell","bronze:Repair+1","bronze:DelayedGuard+1","bronze:Boost","bronze:Flail+1","bronze:Frontload+1"],"relics":["bronze:BronzeCore","bronze:ProtectiveGoggles","Bottled Lightning","Bird Faced Urn","Orrery","Oddly Smooth Stone","Sozu","hubris:Towel","hexamod:BolsterEngine","downfall:HeartBlessingRed","Calling Bell","Tiny Chest","aspiration:StickyExplosives","hubris:GlazedTorus","Torii","aspiration:Lifesprig","conspire:TopHat","hubris:Zylophone","HornCleat"],"acts_visited":["Exordium","TheCity","TheBeyond"],"potions_floor_usage":[],"damage_taken":[{"damage":0,"enemies":"Jaw Worm","floor":2,"turns":4},{"damage":1,"enemies":"Cultist","floor":4,"turns":4},{"damage":4,"enemies":"Small Slimes","floor":5,"turns":3},{"damage":33,"enemies":"Gremlin Nob","floor":8,"turns":5},{"damage":0,"enemies":"Red Slaver","floor":10,"turns":5},{"damage":0,"enemies":"downfall:FleeingMerchant","floor":14,"turns":4},{"damage":0,"enemies":"3 Louse","floor":15,"turns":4},{"damage":27,"enemies":"DF_ARCHETYPE_STREAMLINE","floor":16,"turns":10},{"damage":0,"enemies":"Chosen","floor":19,"turns":4},{"damage":15,"enemies":"Shell Parasite","floor":22,"turns":4},{"damage":13,"enemies":"Cultist and Chosen","floor":23,"turns":5},{"damage":5,"enemies":"Snake Plant","floor":25,"turns":4},{"damage":0,"enemies":"conspire:HollyBat","floor":26,"turns":7},{"damage":4,"enemies":"downfall:FleeingMerchant","floor":28,"turns":4},{"damage":0,"enemies":"Centurion and Healer","floor":29,"turns":6},{"damage":0,"enemies":"Cultist and Chosen","floor":30,"turns":3},{"damage":0,"enemies":"Snake Plant","floor":31,"turns":3},{"damage":0,"enemies":"3 Cultists","floor":32,"turns":5},{"damage":8,"enemies":"SI_MIRROR_ARCHETYPE","floor":33,"turns":7},{"damage":0,"enemies":"3 Darklings","floor":36,"turns":4},{"damage":0,"enemies":"Orb Walker","floor":38,"turns":2},{"damage":76,"enemies":"Nemesis","floor":40,"turns":9},{"damage":1,"enemies":"Maw","floor":42,"turns":6},{"damage":39,"enemies":"Reptomancer","floor":44,"turns":8},{"damage":66,"enemies":"Giant Head","floor":46,"turns":10},{"damage":19,"enemies":"4 Shapes","floor":47,"turns":3}],"seed_played":"2683860500981142856","potions_obtained":[{"floor":4,"key":"BlessingOfTheForge"},{"floor":5,"key":"bronze:BurnAndBuffPotion"},{"floor":8,"key":"Strength Potion"}],"is_trial":false,"path_per_floor":["R","M","?","M","M","?","T","E","R","M","?","?","R","$","M","B",null,"R","M","?","?","M","M","T","M","M","R","$","M","M","M","M","B",null,"R","M","?","M","AVR","E","T","M","R","E","R","E","M"],"character_chosen":"THE_AUTOMATON","items_purchased":["Orrery","Oddly Smooth Stone","bronze:FineTuning","bronze:DelayedSlice"],"campfire_rested":3,"item_purchase_floors":[14,14,14,14],"current_hp_per_floor":[70,70,70,69,65,65,65,32,53,53,53,53,53,53,60,40,70,70,70,70,70,55,52,52,56,65,65,68,70,70,70,70,70,70,70,70,70,70,70,15,15,36,57,39,60,11,0,0,0],"gold":437,"neow_bonus":"RANDOM_COMMON_RELIC","is_daily":false,"chose_seed":false,"campfire_upgraded":4,"win_rate":0.0,"timestamp":1611278285,"path_taken":["R","M","?","?","M","?","T","E","R","?","?","?","R","?","M","BOSS","R","M","?","?","?","M","T","?","M","R","?","M","M","M","M","BOSS","R","M","?","M","AVR","E","T","M","R","E","R","E","M"],"items_purchased_type":["Relic","Relic","Card","Card"],"build_version":"2020-12-22","purchased_purges":1,"victory":false,"max_hp_per_floor":[70,70,70,70,70,70,70,70,70,70,70,70,70,70,70,70,70,70,70,70,70,70,70,70,70,70,70,70,70,70,70,70,70,70,70,70,70,70,70,70,70,70,70,70,70,70,70,70,70],"relic_stats":{"Sozu":8,"Torii":8,"counters":[26,133],"Bird Faced Urn":[26],"Tiny Chest":0,"obtain_stats":[{"aspiration:StickyExplosives":34,"aspiration:Lifesprig":40,"bronze:BronzeCore":0,"downfall:HeartBlessingRed":27,"Torii":39,"Oddly Smooth Stone":14,"hubris:Towel":20,"conspire:TopHat":41,"Sozu":17,"Calling Bell":34,"hubris:Zylophone":44,"HornCleat":46,"bronze:ProtectiveGoggles":0,"Bird Faced Urn":8,"Orrery":14,"Tiny Chest":34,"Bottled Lightning":7,"hexamod:BolsterEngine":24,"hubris:GlazedTorus":34},{"aspiration:StickyExplosives":19,"aspiration:Lifesprig":22,"bronze:BronzeCore":0,"downfall:HeartBlessingRed":13,"Torii":21,"Oddly Smooth Stone":6,"hubris:Towel":9,"conspire:TopHat":22,"Sozu":8,"Calling Bell":19,"hubris:Zylophone":24,"HornCleat":25,"bronze:ProtectiveGoggles":0,"Bird Faced Urn":4,"Orrery":6,"Tiny Chest":19,"Bottled Lightning":3,"hexamod:BolsterEngine":11,"hubris:GlazedTorus":19},{"aspiration:StickyExplosives":91,"aspiration:Lifesprig":106,"bronze:BronzeCore":0,"downfall:HeartBlessingRed":63,"Torii":97,"Oddly Smooth Stone":25,"hubris:Towel":43,"conspire:TopHat":106,"Sozu":39,"Calling Bell":91,"hubris:Zylophone":120,"HornCleat":130,"bronze:ProtectiveGoggles":0,"Bird Faced Urn":16,"Orrery":25,"Tiny Chest":91,"Bottled Lightning":11,"hexamod:BolsterEngine":52,"hubris:GlazedTorus":91}]},"card_choices":[{"not_picked":["bronze:OilSpill","bronze:Safeguard"],"picked":"bronze:Overload","floor":2},{"not_picked":["bronze:Fortify","bronze:OilSpill"],"picked":"bronze:Branch","floor":4},{"not_picked":["bronze:WildBeam","bronze:BitShift"],"picked":"bronze:FineTuning","floor":5},{"not_picked":["bronze:FineTuning","bronze:Fortify"],"picked":"bronze:GetLatest","floor":8},{"not_picked":["bronze:ChosenStrike","bronze:Constructor"],"picked":"bronze:BronzeOrb","floor":10},{"not_picked":["bronze:BurnOut","bronze:OilSpill","bronze:NullPointer"],"picked":"SKIP","floor":14},{"not_picked":["bronze:Constructor","bronze:BitShift"],"picked":"bronze:Format","floor":14},{"not_picked":["bronze:BugBarrage","bronze:Philosophize"],"picked":"bronze:Repair","floor":14},{"not_picked":["bronze:WildBeam","bronze:Frontload"],"picked":"bronze:DigitalCarnage","floor":14},{"not_picked":["bronze:NullPointer","bronze:Deprecate"],"picked":"bronze:Frontload","floor":14},{"not_picked":["bronze:ItsAFeature","bronze:Overheat"],"picked":"bronze:DelayedSlice","floor":14},{"not_picked":["bronze:Turbo","bronze:BitShift"],"picked":"bronze:WhirlingStrike","floor":15},{"not_picked":["bronze:Break","bronze:Mutator"],"picked":"bronze:CleanCode","floor":16},{"not_picked":["bronze:DarkDash","bronze:Deprecate"],"picked":"bronze:GetLatest+1","floor":19},{"not_picked":["bronze:FineTuning","bronze:MaxOutput"],"picked":"bronze:BronzeOrb","floor":22},{"not_picked":["bronze:ChosenStrike","bronze:Deprecate"],"picked":"bronze:ChildClass","floor":23},{"not_picked":["bronze:WhirlingStrike+1","bronze:Optimize+1"],"picked":"bronze:FineTuning+1","floor":25},{"not_picked":["bronze:ForceShield","bronze:DigitalCarnage"],"picked":"bronze:Backtrace+1","floor":26},{"not_picked":["bronze:WildBeam","bronze:WhirlingStrike"],"picked":"bronze:NullPointer","floor":28},{"not_picked":["bronze:Return","bronze:Repair"],"picked":"bronze:DelayedSlice","floor":29},{"not_picked":["bronze:Invalidate","bronze:Separator"],"picked":"bronze:Flail+1","floor":30},{"not_picked":["bronze:Shell","bronze:FineTuning"],"picked":"bronze:DelayedGuard","floor":31},{"not_picked":["bronze:WildBeam","bronze:Allocate"],"picked":"bronze:Iterate","floor":32},{"not_picked":["bronze:ThunderWave","bronze:RecursiveStrike"],"picked":"bronze:Verify","floor":33},{"not_picked":["bronze:CloningBeam","bronze:BitShift","bronze:Safeguard"],"picked":"SKIP","floor":36},{"not_picked":["bronze:Boost","bronze:ForLoop+1"],"picked":"bronze:Repair+1","floor":38},{"not_picked":["bronze:ForceShield","bronze:OilSpill"],"picked":"bronze:DelayedGuard+1","floor":40},{"not_picked":["bronze:Refactor+1","bronze:ChosenStrike+1"],"picked":"bronze:Boost","floor":42},{"not_picked":["bronze:BuggyMess+1","bronze:Boost+1"],"picked":"bronze:Flail+1","floor":44},{"not_picked":["bronze:DarkDash+1","bronze:Overheat"],"picked":"bronze:Frontload+1","floor":46}],"player_experience":902619,"relics_obtained":[{"floor":7,"key":"Bottled Lightning"},{"floor":8,"key":"Bird Faced Urn"},{"floor":24,"key":"hexamod:BolsterEngine"},{"floor":34,"key":"Tiny Chest"},{"floor":34,"key":"aspiration:StickyExplosives"},{"floor":34,"key":"hubris:GlazedTorus"},{"floor":40,"key":"aspiration:Lifesprig"},{"floor":41,"key":"conspire:TopHat"},{"floor":44,"key":"hubris:Zylophone"},{"floor":46,"key":"HornCleat"}],"event_choices":[{"damage_healed":0,"gold_gain":0,"player_choice":"Agree","damage_taken":0,"max_hp_gain":0,"max_hp_loss":0,"event_name":"conspire:LoneGhost","floor":11,"gold_loss":0},{"damage_healed":0,"gold_gain":0,"player_choice":"Leave","damage_taken":0,"max_hp_gain":0,"max_hp_loss":0,"event_name":"conspire:Investor","floor":37,"gold_loss":0}],"is_beta":false,"boss_relics":[{"not_picked":["Black Star","Velvet Choker"],"picked":"Sozu"},{"not_picked":["aspiration:DefectSkillbook","Pandora\u0027s Box"],"picked":"Calling Bell"}],"items_purged_floors":[14],"is_endless":false,"potions_floor_spawned":[4,5,8,19,23,25,30,33,36,42,44],"killed_by":"4 Shapes","ascension_level":1}}