{"host":"w2kjv12xyhtt0cv2","time":1611338975,"event":{"mods":["Act Like it!","BaseMod","Colored Map","Friendly Minions","Gensokyo","Highlight Path","Hubris","Kiyohime（清姬）","Marisa（F雨　魔理沙）","Minty Spire (QoL Compilation)","Quick Restart","Reimu（博丽灵梦）","Relic Stats","Replay The Spire","RumiaBox-露米娅的神秘盒子","Shop Mod","Spicy Shops","StSLib","The Cursed","The Servant 0.9.4","UnlockEverythingMod","Waifu the Spire","[功能]功能增强和修复MOD","vexMod","【功能Mod】Neow奖励","【遗物卡牌】REMEMod","没有小屋子和绿帽子啦"],"gold_per_floor":[114,125,204,204,1,34,88,124,124,165,165,199,213,277,277,398,398,418,468,30,80,130,149,199,238,291,285,310,649,663,15,15,146,146,166,240,19,69,119,159,159,173,173,206,256,306,51,116,116,16,16,16,391,410,410],"floor_reached":56,"playtime":3418,"items_purged":["TheCursedMod:Strike_TheCursed+1","TheCursedMod:Strike_TheCursed+1"],"score":1831,"play_id":"be8654f8-d1ee-432a-a639-f0c20248ea6c","local_time":"20210123020935","is_ascension_mode":true,"campfire_choices":[{"data":"TheCursedMod:VoidForm","floor":15.0,"key":"SMITH"},{"data":"TheCursedMod:AntiAging","floor":32.0,"key":"SMITH"},{"floor":41.0,"key":"REST"},{"floor":49.0,"key":"RECALL"},{"floor":52.0,"key":"REST"}],"circlet_count":0,"master_deck":["TheCursedMod:Strike_TheCursed+1","TheCursedMod:Strike_TheCursed+1","TheCursedMod:Defend_TheCursed+1","TheCursedMod:Defend_TheCursed+1","TheCursedMod:Defend_TheCursed+1","TheCursedMod:Defend_TheCursed+1","TheCursedMod:CursedWand","TheCursedMod:CleanUpWorkshop","TheCursedMod:Dregs","TheCursedMod:CollectTribute","TheCursedMod:RapidMovement","TheCursedMod:VoidForm+1","TheCursedMod:HellsGateOpen","TheCursedMod:CursedSpellbook","TheCursedMod:SpitefulPlan","TheCursedMod:ShockAndAwe+1","TheCursedMod:SpitefulStrike","TheCursedMod:AntiAging+1","TheCursedMod:CursedSpellbook","TheCursedMod:WearCloak","Apotheosis","ReplayTheSpireMod:IOU","TheCursedMod:Neurasthenia","TheCursedMod:SpitefulStrike+1","Looming Evil","ReplayTheSpireMod:IOU","ReplayTheSpireMod:IOU","TheCursedMod:VoidForm+1","ReplayTheSpireMod:IOU","REME_PuzzleBox","TheCursedMod:Stigma+1"],"relics":["REME_ComplimentaryCards","Philosopher\u0027s Stone","Replay:WaspNest","Golden Idol","Orrery","Akabeko","Kunai","Meat on the Bone","hubris:MysteriousPyramids","Bottled Tornado","ChaoDraw","SsserpentHead","Potion Belt","Ring of Chaos","Gremlin Horn","StrikeDummy","Garlic","Vajra","Anchor","Oddly Smooth Stone","Old Coin","Replay:Wax Seal","Mastiff:ReiMu","MealTicket","Medical Kit","Fusion Hammer","Strawberry","Bronze Scales","Ring of Peace","ReplayTheSpireMod:TigerMarble","Replay:Rubber Ducky","Toolbox","hubris:NiceRug","LastBattle","Pear","vexMod:PaidLearning","Replay:Baseball","Nunchaku","Sling","Simple Rune"],"acts_visited":["Exordium","TheCity","TheBeyond","TheEnding"],"potions_floor_usage":[55,55,55,55],"damage_taken":[{"damage":0.0,"enemies":"Cultist","floor":1.0,"turns":4.0},{"damage":0.0,"enemies":"Small Slimes","floor":2.0,"turns":3.0},{"damage":24.0,"enemies":"Gremlin Nob","floor":6.0,"turns":5.0},{"damage":2.0,"enemies":"Lagavulin","floor":8.0,"turns":4.0},{"damage":17.0,"enemies":"3 Sentries","floor":10.0,"turns":5.0},{"damage":2.0,"enemies":"Lagavulin","floor":12.0,"turns":3.0},{"damage":2.0,"enemies":"2 Louse","floor":13.0,"turns":2.0},{"damage":2.0,"enemies":"2 Fungi Beasts","floor":14.0,"turns":3.0},{"damage":12.0,"enemies":"Hexaghost","floor":16.0,"turns":4.0},{"damage":29.0,"enemies":"Shell Parasite","floor":18.0,"turns":5.0},{"damage":18.0,"enemies":"Gremlin Leader","floor":23.0,"turns":4.0},{"damage":15.0,"enemies":"Book of Stabbing","floor":25.0,"turns":4.0},{"damage":0.0,"enemies":"3 Byrds","floor":27.0,"turns":4.0},{"damage":7.0,"enemies":"Centurion and Healer","floor":28.0,"turns":3.0},{"damage":0.0,"enemies":"Slavers","floor":29.0,"turns":4.0},{"damage":0.0,"enemies":"Cultist and Chosen","floor":30.0,"turns":3.0},{"damage":19.0,"enemies":"hubris:MusketHawk","floor":33.0,"turns":4.0},{"damage":0.0,"enemies":"Orb Walker","floor":35.0,"turns":2.0},{"damage":1.0,"enemies":"3 Darklings","floor":36.0,"turns":5.0},{"damage":20.0,"enemies":"Reptomancer","floor":40.0,"turns":4.0},{"damage":8.0,"enemies":"R_Hoarder","floor":42.0,"turns":4.0},{"damage":23.0,"enemies":"Giant Head","floor":44.0,"turns":5.0},{"damage":11.0,"enemies":"Sphere and 2 Shapes","floor":48.0,"turns":4.0},{"damage":0.0,"enemies":"hubris:GrandSnecko","floor":50.0,"turns":4.0},{"damage":0.0,"enemies":"hubris:Merchant","floor":53.0,"turns":4.0},{"damage":0.0,"enemies":"Shield and Spear","floor":54.0,"turns":4.0},{"damage":3,"enemies":"The Heart","floor":55,"turns":4}],"seed_played":"-8292357554494321974","potions_obtained":[{"floor":2.0,"key":"EssenceOfSteel"},{"floor":8.0,"key":"SpeedPotion"},{"floor":10.0,"key":"GamblersBrew"},{"floor":16.0,"key":"DuplicationPotion"},{"floor":25.0,"key":"GrandPatriotsElixir:ReiMu"},{"floor":28.0,"key":"PowerPotion"},{"floor":29.0,"key":"Elixir"},{"floor":30.0,"key":"Explosive Potion"},{"floor":33.0,"key":"DuplicationPotion"},{"floor":36.0,"key":"SmokeBomb"},{"floor":42.0,"key":"SteroidPotion"},{"floor":44.0,"key":"ZuzhouPotion:ReiMu"},{"floor":53.0,"key":"Languid Potion"},{"floor":53.0,"key":"EssenceOfSteel"},{"floor":53.0,"key":"Swift Potion"}],"is_trial":false,"path_per_floor":["M","M","T","?","$","E","?","E","T","E","?","E","M","M","R","B",null,"M","?","$","?","?","E","?","E","T","M","M","E","M","$","R","B",null,"M","M","$","?","?","E","R","E","T","E","?","?","$","M","R_BF","B",null,"R","$","E","B",null],"character_chosen":"THE_CURSED","items_purchased":["Orrery","Akabeko","Gremlin Horn","StrikeDummy","Replay:Wax Seal","Mastiff:ReiMu","MealTicket","Medical Kit","Apotheosis","Milkshake","Strawberry","ReplayTheSpireMod:TigerMarble","Replay:Rubber Ducky","Toolbox","TheCursedMod:VoidForm","DuplicationPotion"],"campfire_rested":2,"item_purchase_floors":[5,5,20,20,31,31,31,31,31,31,37,47,47,47,47,47],"current_hp_per_floor":[75,75,75,69,69,45,45,43,43,38,38,36,46,44,44,44,69,42,42,42,42,42,36,36,35,35,49,44,46,48,48,48,44,84,84,86,94,94,94,77,97,89,89,69,69,69,84,76,76,79,106,106,119,122,122],"gold":410,"neow_bonus":"BOSS_RELIC","is_daily":false,"chose_seed":false,"campfire_upgraded":2,"win_rate":0.0,"timestamp":1611338975,"path_taken":["M","M","?","?","$","E","?","E","T","E","?","E","M","?","R","BOSS","M","?","$","?","?","E","?","E","T","M","M","E","M","$","R","BOSS","M","?","$","?","?","E","R","E","T","E","?","?","$","?","R_BF","BOSS","R","$","E","BOSS"],"items_purchased_type":["Relic","Relic","Relic","Relic","Relic","Relic","Relic","Relic","Card","Potion","Relic","Relic","Relic","Relic","Card","Potion"],"build_version":"2020-12-22","purchased_purges":2,"victory":true,"max_hp_per_floor":[75,75,75,69,69,69,69,69,69,69,69,69,69,69,69,69,69,71,71,71,71,71,71,71,73,73,75,77,79,81,81,81,84,84,84,87,94,94,94,97,97,97,97,100,100,100,100,103,103,106,106,106,119,122,125],"relic_stats":{"SsserpentHead":550,"Nunchaku":[2],"Gremlin Horn":[25,20],"counters":[27,104],"Golden Idol":454,"Bronze Scales":[105],"MealTicket":16,"Kunai":[26],"Medical Kit":[2],"obtain_stats":[{"Gremlin Horn":20,"Vajra":23,"hubris:MysteriousPyramids":8,"Bottled Tornado":9,"Sling":53,"Old Coin":29,"Replay:Rubber Ducky":47,"SsserpentHead":11,"Nunchaku":53,"Mastiff:ReiMu":31,"Strawberry":37,"Ring of Peace":45,"Toolbox":47,"Philosopher\u0027s Stone":0,"MealTicket":31,"Fusion Hammer":34,"Kunai":6,"Replay:Wax Seal":31,"Potion Belt":12,"TheCursedMod:BlackMagic101":0,"Pear":53,"Golden Idol":4,"Oddly Smooth Stone":26,"Replay:WaspNest":3,"Ring of Chaos":17,"vexMod:PaidLearning":53,"LastBattle":53,"Medical Kit":31,"Akabeko":5,"ChaoDraw":10,"Anchor":25,"Replay:Baseball":53,"Bronze Scales":42,"Orrery":5,"Simple Rune":54,"Garlic":21,"ReplayTheSpireMod:TigerMarble":47,"StrikeDummy":20,"REME_ComplimentaryCards":0,"Meat on the Bone":7,"hubris:NiceRug":53},{"Gremlin Horn":10,"Vajra":11,"hubris:MysteriousPyramids":4,"Bottled Tornado":4,"Sling":25,"Old Coin":15,"Replay:Rubber Ducky":22,"SsserpentHead":5,"Nunchaku":25,"Mastiff:ReiMu":16,"Strawberry":19,"Ring of Peace":22,"Toolbox":22,"Philosopher\u0027s Stone":0,"MealTicket":16,"Fusion Hammer":17,"Kunai":3,"Replay:Wax Seal":16,"Potion Belt":6,"TheCursedMod:BlackMagic101":0,"Pear":25,"Golden Idol":2,"Oddly Smooth Stone":12,"Replay:WaspNest":2,"Ring of Chaos":9,"vexMod:PaidLearning":25,"LastBattle":25,"Medical Kit":16,"Akabeko":2,"ChaoDraw":5,"Anchor":12,"Replay:Baseball":25,"Bronze Scales":21,"Orrery":2,"Simple Rune":26,"Garlic":10,"ReplayTheSpireMod:TigerMarble":22,"StrikeDummy":10,"REME_ComplimentaryCards":0,"Meat on the Bone":3,"hubris:NiceRug":25},{"Gremlin Horn":38,"Vajra":42,"hubris:MysteriousPyramids":16,"Bottled Tornado":16,"Sling":96,"Old Coin":57,"Replay:Rubber Ducky":84,"SsserpentHead":21,"Nunchaku":96,"Mastiff:ReiMu":60,"Strawberry":71,"Ring of Peace":84,"Toolbox":84,"Philosopher\u0027s Stone":0,"MealTicket":60,"Fusion Hammer":64,"Kunai":12,"Replay:Wax Seal":60,"Potion Belt":24,"TheCursedMod:BlackMagic101":0,"Pear":96,"Golden Idol":7,"Oddly Smooth Stone":46,"Replay:WaspNest":7,"Ring of Chaos":33,"vexMod:PaidLearning":96,"LastBattle":96,"Medical Kit":60,"Akabeko":7,"ChaoDraw":21,"Anchor":46,"Replay:Baseball":96,"Bronze Scales":79,"Orrery":7,"Simple Rune":100,"Garlic":38,"ReplayTheSpireMod:TigerMarble":84,"StrikeDummy":38,"REME_ComplimentaryCards":0,"Meat on the Bone":12,"hubris:NiceRug":96}],"Meat on the Bone":84},"card_choices":[{"not_picked":["TheCursedMod:Torture","TheCursedMod:Mangle","TheCursedMod:SurpriseAttack"],"picked":"SKIP","floor":1.0},{"not_picked":["TheCursedMod:WearCloak","TheCursedMod:StingEye"],"picked":"TheCursedMod:RapidMovement","floor":2.0},{"not_picked":["TheCursedMod:StingEye","TheCursedMod:RapidMovement"],"picked":"TheCursedMod:VoidForm","floor":5.0},{"not_picked":["TheCursedMod:FuryStrike","TheCursedMod:CursedAmulet"],"picked":"TheCursedMod:PrepareRite","floor":5.0},{"not_picked":["TheCursedMod:CursedAmulet","TheCursedMod:CursedMace"],"picked":"TheCursedMod:HellsGateOpen","floor":5.0},{"not_picked":["TheCursedMod:CircleOfCorruption","TheCursedMod:SpitefulStrike"],"picked":"TheCursedMod:CursedSpellbook","floor":5.0},{"not_picked":["TheCursedMod:TacticalStrike","TheCursedMod:SpitefulPray"],"picked":"TheCursedMod:SpitefulPlan","floor":5.0},{"not_picked":["TheCursedMod:CursedMace","TheCursedMod:Evocation"],"picked":"TheCursedMod:ShockAndAwe","floor":6.0},{"not_picked":["TheCursedMod:SoulCrush","TheCursedMod:VitalStrike","TheCursedMod:CursedBlade"],"picked":"SKIP","floor":8.0},{"not_picked":["TheCursedMod:Stigma","TheCursedMod:DemonSword"],"picked":"TheCursedMod:SpitefulStrike","floor":10.0},{"not_picked":["TheCursedMod:CursedAmulet","TheCursedMod:EmpowerCircles","TheCursedMod:CursedShiv"],"picked":"SKIP","floor":12.0},{"not_picked":["TheCursedMod:Stigma","TheCursedMod:Torture","TheCursedMod:CursedBlade"],"picked":"SKIP","floor":13.0},{"not_picked":["TheCursedMod:SurpriseAttack","TheCursedMod:SpitefulStrike","TheCursedMod:PrepareRite"],"picked":"SKIP","floor":14.0},{"not_picked":["TheCursedMod:StunningStrike","TheCursedMod:OutForBlood"],"picked":"TheCursedMod:AntiAging","floor":16.0},{"not_picked":["TheCursedMod:StingEye","TheCursedMod:RapidMovement","TheCursedMod:FleshFromBone"],"picked":"SKIP","floor":18.0},{"not_picked":["TheCursedMod:CursedBlade","TheCursedMod:DoubleShield"],"picked":"TheCursedMod:CursedSpellbook","floor":23.0},{"not_picked":["TheCursedMod:AshesToAshes+1","TheCursedMod:EmpowerCircles","TheCursedMod:StingEye"],"picked":"SKIP","floor":25.0},{"not_picked":["TheCursedMod:SmokeScreen","TheCursedMod:SoulReap"],"picked":"TheCursedMod:WearCloak","floor":27.0},{"not_picked":["TheCursedMod:CursedBlade","TheCursedMod:CircleOfFlame","TheCursedMod:DoubleShield"],"picked":"SKIP","floor":28.0},{"not_picked":["TheCursedMod:PrepareRite","TheCursedMod:CircleOfAmplification","TheCursedMod:Mangle"],"picked":"SKIP","floor":29.0},{"not_picked":["TheCursedMod:Stigma+1","TheCursedMod:WearCloak+1","TheCursedMod:SpitefulPlan"],"picked":"SKIP","floor":30.0},{"not_picked":["TheCursedMod:CircleOfAbyss","TheCursedMod:StunningStrike"],"picked":"TheCursedMod:Neurasthenia","floor":33.0},{"not_picked":["TheCursedMod:VitalStrike+1","TheCursedMod:AbyssShockwave+1","TheCursedMod:SurpriseAttack+1"],"picked":"SKIP","floor":35.0},{"not_picked":["TheCursedMod:Grudge","TheCursedMod:RavingStaff","TheCursedMod:SpitefulStrike+1"],"picked":"SKIP","floor":36.0},{"not_picked":["TheCursedMod:CursedAmulet","TheCursedMod:WearCloak","TheCursedMod:ParallelWorld"],"picked":"SKIP","floor":40.0},{"not_picked":["TheCursedMod:WearCloak","TheCursedMod:HellsGateOpen+1"],"picked":"TheCursedMod:SpitefulStrike+1","floor":42.0},{"not_picked":["TheCursedMod:RapidMovement+1","TheCursedMod:SmokeScreen+1","TheCursedMod:CircleOfFlame"],"picked":"SKIP","floor":44.0},{"not_picked":["TheCursedMod:CircleOfAmplification+1","TheCursedMod:CursedMace+1","TheCursedMod:SurpriseAttack+1"],"picked":"SKIP","floor":48.0},{"not_picked":[],"picked":"REME_PuzzleBox","floor":53.0},{"not_picked":["TheCursedMod:Mangle"],"picked":"SKIP","floor":53.0},{"not_picked":["TheCursedMod:TacticalStrike"],"picked":"SKIP","floor":53.0},{"not_picked":["TheCursedMod:SpreadPlague"],"picked":"SKIP","floor":53.0},{"not_picked":["TheCursedMod:CircleOfAmplification"],"picked":"SKIP","floor":53.0},{"not_picked":["TheCursedMod:EmpowerCircles"],"picked":"SKIP","floor":53.0},{"not_picked":["Madness"],"picked":"SKIP","floor":53.0},{"not_picked":["TheCursedMod:CursedShiv","TheCursedMod:EmpowerCircles"],"picked":"TheCursedMod:Stigma+1","floor":54.0}],"player_experience":185897,"relics_obtained":[{"floor":3.0,"key":"Replay:WaspNest"},{"floor":6.0,"key":"Kunai"},{"floor":7.0,"key":"Meat on the Bone"},{"floor":8.0,"key":"hubris:MysteriousPyramids"},{"floor":9.0,"key":"Bottled Tornado"},{"floor":10.0,"key":"ChaoDraw"},{"floor":12.0,"key":"Potion Belt"},{"floor":23.0,"key":"Vajra"},{"floor":25.0,"key":"Anchor"},{"floor":26.0,"key":"Oddly Smooth Stone"},{"floor":29.0,"key":"Old Coin"},{"floor":42.0,"key":"Bronze Scales"},{"floor":45.0,"key":"Ring of Peace"},{"floor":53.0,"key":"LastBattle"},{"floor":53.0,"key":"Pear"},{"floor":53.0,"key":"vexMod:PaidLearning"},{"floor":53.0,"key":"Replay:Baseball"},{"floor":53.0,"key":"Nunchaku"},{"floor":53.0,"key":"Sling"},{"floor":54.0,"key":"Simple Rune"}],"event_choices":[{"damage_healed":0.0,"max_hp_gain":0.0,"max_hp_loss":6.0,"gold_gain":0.0,"event_name":"Golden Idol","player_choice":"Lose Max HP","floor":4.0,"gold_loss":0.0,"damage_taken":0.0,"relics_obtained":["Golden Idol"]},{"damage_healed":0.0,"max_hp_gain":0.0,"max_hp_loss":0.0,"gold_gain":0.0,"event_name":"FaceTrader","player_choice":"Trade","floor":11.0,"gold_loss":0.0,"damage_taken":0.0,"relics_obtained":["SsserpentHead"]},{"damage_healed":0.0,"max_hp_gain":0.0,"max_hp_loss":0.0,"gold_gain":0.0,"event_name":"Back to Basics","player_choice":"Simplicity","floor":19.0,"gold_loss":0.0,"damage_taken":0.0,"cards_upgraded":["TheCursedMod:Strike_TheCursed","TheCursedMod:Strike_TheCursed","TheCursedMod:Strike_TheCursed","TheCursedMod:Strike_TheCursed","TheCursedMod:Defend_TheCursed","TheCursedMod:Defend_TheCursed","TheCursedMod:Defend_TheCursed","TheCursedMod:Defend_TheCursed"]},{"damage_healed":0.0,"max_hp_gain":0.0,"max_hp_loss":0.0,"gold_gain":0.0,"event_name":"Addict","player_choice":"Stole Relic","floor":21.0,"gold_loss":0.0,"damage_taken":0.0,"relics_obtained":["Garlic"],"cards_obtained":["Shame"]},{"cards_removed":["Shame"],"damage_healed":0.0,"max_hp_gain":0.0,"max_hp_loss":0.0,"gold_gain":0.0,"event_name":"Purifier","player_choice":"Purged","floor":24.0,"gold_loss":0.0,"damage_taken":0.0},{"damage_healed":0.0,"max_hp_gain":0.0,"max_hp_loss":0.0,"gold_gain":0.0,"event_name":"Match and Keep!","player_choice":"0 cards matched","floor":46.0,"gold_loss":0.0,"damage_taken":0.0,"cards_obtained":[]}],"is_beta":false,"boss_relics":[{"not_picked":["hubris:Stopwatch","hubris:HollowSoul"],"picked":"Ring of Chaos"},{"not_picked":["SlaversCollar","REME_DuelDisc"],"picked":"Fusion Hammer"}],"items_purged_floors":[31,37],"is_endless":false,"potions_floor_spawned":[2,8,10,16,25,28,29,30,33,36,42,44,54],"ascension_level":2}}