{"host":"j7au2ovow4c9pz79","time":1611342937,"event":{"mods":["AchievementEnabler","BaseMod","Better Third Choice","BetterRewards","Colored Powertips","Defuse TimeMaze Blight","Energized Spire","Googly Eyes","Hubris","Infinite Spire","Minty Spire (QoL Compilation)","Quick Restart","Spicy Shops","StSLib","SuperFastMode","Transform Curses"],"gold_per_floor":[109,125,145,145,145,145,145,145,145,145,145,191,204,237,237,342,342,352,352,369,47,98,98,98,125,125,157,183,183,183,197,197,297,297,309,209,209,209,209,209,209,240,240,267,324,336,362,384,396,408],"floor_reached":51,"language":"ENG","playtime":1393,"items_purged":[],"score":1030,"play_id":"cd5c0cc9-9cb1-472c-a4c0-4af67e980ff0","local_time":"20210122201537","daily_mods":["Specialized","Vintage","Allstar","Colorless Cards","Heirloom","Time Dilation","Flight","Elite Swarm","Lethality"],"is_ascension_mode":false,"campfire_choices":[{"data":"Demon Form","floor":6,"key":"SMITH"},{"data":"Wraith Form v2","floor":7,"key":"SMITH"},{"data":"DevaForm","floor":8,"key":"SMITH"},{"data":"Echo Form","floor":10,"key":"SMITH"},{"data":"Feed","floor":15,"key":"SMITH"},{"data":"infinitespire:OneForAll","floor":23,"key":"SMITH"},{"data":"infinitespire:Collect","floor":29,"key":"SMITH"},{"data":"Spot Weakness","floor":30,"key":"SMITH"},{"data":"Envenom","floor":32,"key":"SMITH"},{"data":"infinitespire:DeathsTouch","floor":40,"key":"SMITH"},{"data":"Spot Weakness","floor":41,"key":"SMITH"},{"data":"infinitespire:Neurotoxin","floor":49,"key":"SMITH"}],"circlet_count":0,"master_deck":["Demon Form+1","Wraith Form v2+1","Echo Form+1","DevaForm+1","Strike_R","Strike_R","Strike_R","Strike_R","Defend_R","Defend_R","Defend_R","Defend_R","Bash+1","Spot Weakness+1","Spot Weakness","Spot Weakness","Spot Weakness+1","Spot Weakness+1","Chrysalis","Panacea","Jack Of All Trades","Apotheosis","Violence+1","Feed+1","hubris:StunningStrike","infinitespire:Collect+1","infinitespire:OneForAll+1","Double Tap","hubris:StunningStrike","Bullet Time+1","infinitespire:DeathsTouch+1","infinitespire:Neurotoxin+1","Double Tap","Clothesline+1","Barricade","Bash"],"relics":["Unceasing Top","hubris:MedicalManual","hubris:OldNail","infinitespire:ShieldingShard","TungstenRod","hubris:Icosahedron","Oddly Smooth Stone","MealTicket","Whetstone","HornCleat","Coffee Dripper","infinitespire:BottledMercury","Sling","infinitespire:Satchel","War Paint","hubris:HerbalPaste","Art of War","Ornamental Fan","hubris:DisguiseKit","Dead Branch","hubris:DeckOfHolding","Bird Faced Urn","Runic Cube","Bottled Flame","PreservedInsect","hubris:ChampionShield","MawBank","Ice Cream","Lizard Tail","Mummified Hand"],"acts_visited":["Exordium","TheCity","TheBeyond"],"potions_floor_usage":[18,25,33,33],"damage_taken":[{"damage":0,"enemies":"Small Slimes","floor":1,"turns":2},{"damage":1,"enemies":"Jaw Worm","floor":2,"turns":3},{"damage":1,"enemies":"Cultist","floor":3,"turns":5},{"damage":18,"enemies":"Lots of Slimes","floor":13,"turns":5},{"damage":13,"enemies":"Gremlin Nob","floor":14,"turns":3},{"damage":29,"enemies":"Hexaghost","floor":16,"turns":6},{"damage":28,"enemies":"3 Byrds","floor":18,"turns":7},{"damage":4,"enemies":"Spheric Guardian","floor":20,"turns":6},{"damage":10,"enemies":"Book of Stabbing","floor":25,"turns":6},{"damage":15,"enemies":"Slavers","floor":27,"turns":3},{"damage":49,"enemies":"Book of Stabbing","floor":28,"turns":6},{"damage":9,"enemies":"Shelled Parasite and Fungi","floor":31,"turns":6},{"damage":0,"enemies":"Champ","floor":33,"turns":8},{"damage":0,"enemies":"Orb Walker","floor":35,"turns":3},{"damage":0,"enemies":"Giant Head","floor":42,"turns":5},{"damage":0,"enemies":"Nemesis","floor":44,"turns":1},{"damage":0,"enemies":"2 Orb Walkers","floor":45,"turns":2},{"damage":5,"enemies":"3 Shapes","floor":47,"turns":3},{"damage":0,"enemies":"3 Darklings","floor":48,"turns":4},{"damage":61,"enemies":"infinitespire:MassOfShapes","floor":50,"turns":5}],"seed_played":"6788991405937475469","potions_obtained":[{"floor":1,"key":"SpeedPotion"},{"floor":2,"key":"PowerPotion"},{"floor":14,"key":"Block Potion"},{"floor":20,"key":"SmokeBomb"},{"floor":27,"key":"FearPotion"},{"floor":35,"key":"SpeedPotion"},{"floor":47,"key":"FearPotion"}],"is_trial":true,"path_per_floor":["M","M","M","?","?","R","R","R","T","R","$","T","M","E","R","B",null,"M","AVR","M","$","T","R","?","E","T","E","E","R","R","M","R","B",null,"M","NS","?","?","AVR","R","R","E","T","E","?","?","M","M","R","B",null],"character_chosen":"IRONCLAD","items_purchased":["infinitespire:OneForAll","War Paint","hubris:HerbalPaste"],"campfire_rested":0,"item_purchase_floors":[21,21,21],"current_hp_per_floor":[80,79,78,78,78,78,78,78,78,78,78,78,60,47,47,18,80,52,52,48,63,63,63,63,63,63,57,14,14,14,15,15,37,92,92,92,92,92,92,92,92,92,92,92,92,92,89,96,96,40],"gold":420,"neow_bonus":"","is_daily":false,"chose_seed":false,"campfire_upgraded":12,"win_rate":0.0,"timestamp":1611342937,"path_taken":["M","M","M","?","?","R","R","R","T","R","?","?","?","E","R","BOSS","M","AVR","?","?","?","R","?","E","T","E","E","R","R","?","R","BOSS","M","NS","?","?","AVR","R","R","E","T","E","?","?","?","M","R","BOSS"],"items_purchased_type":["Card","Relic","Relic"],"build_version":"2020-12-22","purchased_purges":0,"victory":true,"max_hp_per_floor":[80,80,80,80,80,80,80,80,80,80,80,80,80,80,80,80,80,80,80,80,80,80,80,80,84,84,88,88,88,88,92,92,92,92,92,92,92,92,92,92,92,92,92,92,92,92,92,96,96,96],"card_choices":[{"not_picked":["Corruption","Impervious"],"picked":"Feed","floor":14},{"not_picked":["Violence","Mayhem"],"picked":"hubris:StunningStrike","floor":16},{"not_picked":["Magnetism","Exhume"],"picked":"Double Tap","floor":25},{"not_picked":["hubris:EnhanceAbility","Demon Form","Mayhem"],"picked":"Envenom","floor":27},{"not_picked":["Exhume","Barricade","Glass Knife"],"picked":"hubris:StunningStrike","floor":28},{"not_picked":["Double Tap","Thinking Ahead","Sadistic Nature"],"picked":"Bullet Time","floor":33},{"not_picked":["Double Tap","hubris:EnhanceAbility","Immolate"],"picked":"infinitespire:Neurotoxin","floor":42},{"not_picked":["HandOfGreed","Transmutation","Unload"],"picked":"Double Tap","floor":44},{"not_picked":["Finesse","Trip","hubris:Counter"],"picked":"Clothesline+1","floor":45}],"player_experience":1903490,"relics_obtained":[{"floor":1,"key":"hubris:OldNail"},{"floor":2,"key":"infinitespire:ShieldingShard"},{"floor":3,"key":"TungstenRod"},{"floor":9,"key":"Oddly Smooth Stone"},{"floor":12,"key":"MealTicket"},{"floor":13,"key":"Whetstone"},{"floor":14,"key":"HornCleat"},{"floor":18,"key":"infinitespire:BottledMercury"},{"floor":20,"key":"infinitespire:Satchel"},{"floor":22,"key":"Art of War"},{"floor":25,"key":"Ornamental Fan"},{"floor":26,"key":"hubris:DisguiseKit"},{"floor":27,"key":"Dead Branch"},{"floor":28,"key":"hubris:DeckOfHolding"},{"floor":31,"key":"Bird Faced Urn"},{"floor":35,"key":"Bottled Flame"},{"floor":42,"key":"PreservedInsect"},{"floor":43,"key":"hubris:ChampionShield"},{"floor":44,"key":"MawBank"},{"floor":45,"key":"Ice Cream"},{"floor":47,"key":"Lizard Tail"},{"floor":48,"key":"Mummified Hand"}],"event_choices":[{"damage_healed":0,"gold_gain":0,"player_choice":"Ignored","damage_taken":0,"max_hp_gain":0,"max_hp_loss":0,"event_name":"Golden Wing","floor":4,"gold_loss":0},{"damage_healed":0,"gold_gain":0,"player_choice":"Got Potions","damage_taken":0,"max_hp_gain":0,"max_hp_loss":0,"event_name":"Lab","floor":24,"gold_loss":0},{"damage_healed":0,"gold_gain":0,"player_choice":"Fight","damage_taken":0,"max_hp_gain":0,"max_hp_loss":0,"event_name":"Mysterious Sphere","floor":45,"gold_loss":0},{"damage_healed":0,"gold_gain":0,"player_choice":"2 cards matched","damage_taken":0,"max_hp_gain":0,"max_hp_loss":0,"event_name":"Match and Keep!","floor":46,"gold_loss":0,"cards_obtained":["Barricade","Bash"]}],"is_beta":false,"boss_relics":[{"not_picked":["hubris:Stopwatch","hubris:VirtuousBlindfold"],"picked":"Coffee Dripper"},{"not_picked":["Philosopher\u0027s Stone","Runic Dome"],"picked":"Runic Cube"}],"items_purged_floors":[],"is_endless":false,"potions_floor_spawned":[1,2,14,20,27,31,35,47,48],"ascension_level":0}}