{"host":"3y2rtlgteqp2nuo3","time":1611282073,"event":{"mods":["2.2 Compatiblity","AchievementEnabler","BaseMod","Colored Map","DeckTracker","Highlight Path","Keyboard Shortcuts","Minty Spire (QoL Compilation)","Permanent Neow","Quick Restart","StSLib","SuperFastMode","everything is the same but u backflip on backflip"],"gold_per_floor":[118,133,283,293,312,312,327,327,327,327,339,13,13,23,23,100,100,81,98,98,98],"floor_reached":20,"language":"KOR","playtime":484,"items_purged":[],"score":302,"play_id":"8d931dd0-5d64-4033-ba59-e1ec40840fda","local_time":"20210122112113","is_ascension_mode":true,"campfire_choices":[{"data":"Deadly Poison","floor":8.0,"key":"SMITH"},{"data":"Masterful Stab","floor":10.0,"key":"SMITH"},{"data":"Neutralize","floor":13.0,"key":"SMITH"},{"data":"Deadly Poison","floor":15.0,"key":"SMITH"}],"circlet_count":0,"master_deck":["AscendersBane","Strike_G","Defend_G","Defend_G","Defend_G","Defend_G","Defend_G","Survivor","Neutralize+1","Bullet Time","Masterful Stab+1","Deadly Poison+1","Acrobatics","Outmaneuver","Deadly Poison+1","Malaise","Reflex+1","A Thousand Cuts+1","Tools of the Trade+1","Leg Sweep"],"relics":["Ring of the Snake","Omamori","Snake Skull","TwistedFunnel","Astrolabe"],"acts_visited":["Exordium","TheCity"],"potions_floor_usage":[18],"damage_taken":[{"damage":5.0,"enemies":"Cultist","floor":1.0,"turns":5.0},{"damage":0.0,"enemies":"Small Slimes","floor":2.0,"turns":4.0},{"damage":1.0,"enemies":"2 Louse","floor":4.0,"turns":2.0},{"damage":15.0,"enemies":"Lots of Slimes","floor":5.0,"turns":6.0},{"damage":0.0,"enemies":"Blue Slaver","floor":7.0,"turns":4.0},{"damage":0.0,"enemies":"3 Louse","floor":11.0,"turns":2.0},{"damage":10.0,"enemies":"Gremlin Gang","floor":14.0,"turns":3.0},{"damage":15.0,"enemies":"Hexaghost","floor":16.0,"turns":9.0},{"damage":8,"enemies":"2 Thieves","floor":18,"turns":4},{"damage":15,"enemies":"Spheric Guardian","floor":19,"turns":5},{"damage":24,"enemies":"Cultist and Chosen","floor":20,"turns":8}],"seed_played":"7198898770587552730","potions_obtained":[{"floor":1.0,"key":"SteroidPotion"},{"floor":2.0,"key":"DistilledChaos"},{"floor":11.0,"key":"SpeedPotion"},{"floor":16.0,"key":"Weak Potion"}],"is_trial":false,"path_per_floor":["M","M","?","M","M","?","M","R","T","R","M","$","R","M","R","B",null,"M","M","M"],"character_chosen":"THE_SILENT","items_purchased":["Snake Skull","TwistedFunnel"],"campfire_rested":0,"item_purchase_floors":[12,12],"current_hp_per_floor":[54,54,54,53,38,38,38,38,38,38,38,38,38,28,28,13,53,45,30,6,6],"gold":98,"neow_bonus":"TRANSFORM_CARD","is_daily":false,"chose_seed":false,"campfire_upgraded":4,"win_rate":0.0,"timestamp":1611282073,"path_taken":["M","?","?","M","M","?","M","R","T","R","?","$","R","M","R","BOSS","M","M","M"],"items_purchased_type":["Relic","Relic"],"build_version":"2020-12-22","purchased_purges":0,"victory":false,"max_hp_per_floor":[66,66,66,66,66,66,66,66,66,66,66,66,66,66,66,66,66,66,66,66,66],"card_choices":[{"not_picked":["Reflex","Quick Slash"],"picked":"Masterful Stab","floor":1.0},{"not_picked":["Poisoned Stab","Endless Agony"],"picked":"Deadly Poison","floor":2.0},{"not_picked":["Deflect","Quick Slash","Sucker Punch"],"picked":"SKIP","floor":4.0},{"not_picked":["Storm of Steel","Backstab","Backflip"],"picked":"SKIP","floor":5.0},{"not_picked":["Backstab","Dodge and Roll"],"picked":"Acrobatics","floor":7.0},{"not_picked":["Tactician","Backflip"],"picked":"Outmaneuver","floor":11.0},{"not_picked":["Prepared","Backflip"],"picked":"Deadly Poison","floor":14.0},{"not_picked":["After Image","Venomology"],"picked":"Malaise","floor":16.0},{"not_picked":["Endless Agony","Masterful Stab","Dodge and Roll"],"picked":"SKIP","floor":18},{"not_picked":["Deadly Poison","Quick Slash"],"picked":"Leg Sweep","floor":19}],"player_experience":709225,"relics_obtained":[{"floor":9.0,"key":"Omamori"}],"event_choices":[{"damage_healed":0.0,"max_hp_gain":0.0,"max_hp_loss":0.0,"gold_gain":150.0,"event_name":"Liars Game","player_choice":"AGREE","floor":3.0,"gold_loss":0.0,"damage_taken":0.0,"cards_obtained":["Doubt"]},{"cards_removed":["Doubt"],"damage_healed":0.0,"max_hp_gain":0.0,"max_hp_loss":0.0,"gold_gain":0.0,"event_name":"Fountain of Cleansing","player_choice":"Removed Curses","floor":6.0,"gold_loss":0.0,"damage_taken":0.0}],"is_beta":false,"boss_relics":[{"not_picked":["Ring of the Serpent","Fusion Hammer"],"picked":"Astrolabe"}],"items_purged_floors":[],"is_endless":false,"potions_floor_spawned":[1,2,11,14,16],"killed_by":"Cultist and Chosen","ascension_level":16}}