{"host":"q0qnzbgdx8oqogg9","time":1611293730,"event":{"mods":["BaseMod","Minty Spire (QoL Compilation)","Slay-I","StSLib"],"gold_per_floor":[212,226,245,29,63,63,91,91,91,131,166,239,239,22,22,120,120,152,162,173,7,37,82,82,111,111,151,6,6,6,6,6,105,105,140,178,51,125,125,125,4,86,86,115,205,205,0,41,41,41],"floor_reached":51,"language":"ENG","playtime":2248,"items_purged":["Strike_B","Strike_B","Strike_B"],"score":916,"play_id":"b48e2014-a149-4a4e-9f89-03b037047277","local_time":"20210122003530","is_ascension_mode":true,"campfire_choices":[{"data":"Doom and Gloom","floor":6.0,"key":"SMITH"},{"data":"Zap","floor":8.0,"key":"SMITH"},{"floor":15.0,"key":"REST"},{"floor":24,"key":"REST"},{"data":"Force Field","floor":30,"key":"SMITH"},{"data":"Ball Lightning","floor":32,"key":"SMITH"},{"data":"Seek","floor":40,"key":"SMITH"},{"data":"Apotheosis","floor":46,"key":"SMITH"},{"data":"Chill","floor":49,"key":"SMITH"}],"circlet_count":0,"master_deck":["Defend_B","Defend_B","Defend_B","Defend_B","Zap+1","Dualcast","Sweeping Beam","Storm","Doom and Gloom+1","HandOfGreed","Cold Snap","Redo","Cold Snap","Go for the Eyes","Self Repair+1","Biased Cognition+1","Ball Lightning+1","Hologram","Cold Snap","Loop+1","Force Field+1","Buffer+1","Turbo+1","Core Surge","Capacitor+1","Apotheosis+1","Seek+1","Defragment+1","Chill+1","Seek","Flash of Steel"],"relics":["FrozenCore","Pear","Darkstone Periapt","Frozen Egg 2","Membership Card","Runic Capacitor","Torii","StrikeDummy","Boot","Bird Faced Urn","Runic Pyramid","Ginger","Bottled Lightning","The Courier","Bottled Flame","Mercury Hourglass"],"acts_visited":["Exordium","TheCity","TheBeyond"],"potions_floor_usage":[16,16,20,23,38],"damage_taken":[{"damage":1.0,"enemies":"Cultist","floor":1.0,"turns":3.0},{"damage":8.0,"enemies":"Jaw Worm","floor":2.0,"turns":4.0},{"damage":12.0,"enemies":"Small Slimes","floor":3.0,"turns":3.0},{"damage":12.0,"enemies":"Blue Slaver","floor":5.0,"turns":4.0},{"damage":20.0,"enemies":"3 Sentries","floor":7.0,"turns":4.0},{"damage":0.0,"enemies":"3 Louse","floor":10.0,"turns":3.0},{"damage":12.0,"enemies":"Red Slaver","floor":11.0,"turns":2.0},{"damage":25,"enemies":"The Guardian","floor":16,"turns":12},{"damage":19,"enemies":"3 Byrds","floor":18,"turns":5},{"damage":5,"enemies":"Shell Parasite","floor":19,"turns":6},{"damage":18,"enemies":"Chosen and Byrds","floor":20,"turns":8},{"damage":20,"enemies":"Snake Plant","floor":22,"turns":7},{"damage":26,"enemies":"Gremlin Leader","floor":23,"turns":6},{"damage":6,"enemies":"Book of Stabbing","floor":25,"turns":7},{"damage":0,"enemies":"Snecko","floor":27,"turns":10},{"damage":54,"enemies":"Automaton","floor":33,"turns":13},{"damage":30,"enemies":"3 Shapes","floor":35,"turns":7},{"damage":0,"enemies":"Orb Walker","floor":36,"turns":7},{"damage":71,"enemies":"2 Orb Walkers","floor":38,"turns":8},{"damage":6,"enemies":"Sphere and 2 Shapes","floor":42,"turns":8},{"damage":7,"enemies":"Nemesis","floor":44,"turns":7},{"damage":1,"enemies":"4 Shapes","floor":45,"turns":8},{"damage":0,"enemies":"3 Darklings","floor":48,"turns":6},{"damage":0,"enemies":"Donu and Deca","floor":50,"turns":10}],"seed_played":"2709151538686413341","potions_obtained":[{"floor":1.0,"key":"Ancient Potion"},{"floor":5.0,"key":"Weak Potion"},{"floor":7.0,"key":"Dexterity Potion"},{"floor":16,"key":"Swift Potion"},{"floor":18,"key":"SteroidPotion"},{"floor":19,"key":"SkillPotion"},{"floor":22,"key":"FairyPotion"},{"floor":27,"key":"Strength Potion"},{"floor":38,"key":"ColorlessPotion"},{"floor":48,"key":"Dexterity Potion"}],"is_trial":false,"path_per_floor":["M","M","M","$","M","R","E","R","T","M","M","?","?","$","R","B",null,"M","M","M","$","M","E","R","E","T","M","$","?","R","?","R","B",null,"M","M","$","?","?","R","$","M","T","E","M","R","$","M","R","B",null],"character_chosen":"DEFECT","items_purchased":["HandOfGreed","Cold Snap","Membership Card","Self Repair+1","Runic Capacitor","Loop+1","Bird Faced Urn","Capacitor+1","Apotheosis","Bottled Lightning","Mercury Hourglass","Flash of Steel"],"campfire_rested":2,"item_purchase_floors":[4,4,14,14,21,21,28,37,37,41,47,47],"current_hp_per_floor":[74,66,54,54,42,42,32,32,32,32,20,20,2,2,27,12,85,76,81,73,73,63,47,72,76,76,85,85,85,85,69,69,35,90,75,90,90,39,39,39,39,55,55,72,90,90,90,90,90,90],"gold":41,"neow_bonus":"HUNDRED_GOLD","is_daily":false,"chose_seed":false,"campfire_upgraded":7,"win_rate":0.0,"timestamp":1611293730,"path_taken":["M","M","M","$","M","R","E","R","T","M","?","?","?","$","R","BOSS","M","M","M","$","M","E","R","E","T","M","$","?","R","?","R","BOSS","M","M","$","?","?","R","$","?","T","E","?","R","$","M","R","BOSS"],"items_purchased_type":["Card","Card","Relic","Card","Relic","Card","Relic","Card","Card","Relic","Relic","Card"],"build_version":"2020-12-22","purchased_purges":3,"victory":true,"max_hp_per_floor":[75,75,75,75,75,75,85,85,85,85,85,85,85,85,85,85,85,85,85,85,85,85,85,85,85,85,85,85,85,85,90,90,90,90,90,90,90,90,90,90,90,90,90,90,90,90,90,90,90,90],"card_choices":[{"not_picked":["Double Energy","Stack"],"picked":"Sweeping Beam","floor":1.0},{"not_picked":["Blizzard","Steam"],"picked":"Storm","floor":2.0},{"not_picked":["Compile Driver","Double Energy"],"picked":"Doom and Gloom","floor":3.0},{"not_picked":["Scrape","Streamline"],"picked":"Redo","floor":5.0},{"not_picked":["Stack","Auto Shields"],"picked":"Cold Snap","floor":7.0},{"not_picked":["Coolheaded","Redo"],"picked":"Go for the Eyes","floor":10.0},{"not_picked":["Redo","Beam Cell","Stack"],"picked":"SKIP","floor":11.0},{"not_picked":["Creative AI+1","Hyperbeam"],"picked":"Biased Cognition+1","floor":16},{"not_picked":["White Noise","Go for the Eyes"],"picked":"Ball Lightning","floor":18},{"not_picked":["Steam","Auto Shields"],"picked":"Hologram","floor":19},{"not_picked":["Steam","Barrage"],"picked":"Cold Snap","floor":20},{"not_picked":["Sweeping Beam+1","Go for the Eyes+1"],"picked":"Force Field","floor":22},{"not_picked":["Redo","Double Energy"],"picked":"Buffer+1","floor":23},{"not_picked":["Skim","Tempest","Go for the Eyes+1"],"picked":"SKIP","floor":25},{"not_picked":["Hologram+1","Aggregate"],"picked":"Turbo+1","floor":27},{"not_picked":["Thunder Strike","Buffer+1"],"picked":"Core Surge","floor":33},{"not_picked":["Barrage","Sweeping Beam","Steam"],"picked":"SKIP","floor":35},{"not_picked":["Tempest+1","Rebound","Ball Lightning+1"],"picked":"SKIP","floor":36},{"not_picked":["Coolheaded+1","Ball Lightning"],"picked":"Defragment+1","floor":42},{"not_picked":["Turbo","Static Discharge+1"],"picked":"Chill","floor":44},{"not_picked":["Redo+1","Barrage"],"picked":"Seek","floor":45},{"not_picked":["Sweeping Beam","Reprogram","Tempest"],"picked":"SKIP","floor":48}],"player_experience":247746,"relics_obtained":[{"floor":7.0,"key":"Pear"},{"floor":9.0,"key":"Darkstone Periapt"},{"floor":23,"key":"Torii"},{"floor":25,"key":"StrikeDummy"},{"floor":26,"key":"Boot"},{"floor":38,"key":"Ginger"},{"floor":43,"key":"The Courier"},{"floor":44,"key":"Bottled Flame"}],"event_choices":[{"damage_healed":0.0,"max_hp_gain":0.0,"max_hp_loss":0.0,"gold_gain":73.0,"event_name":"Golden Wing","player_choice":"Gained Gold","floor":12.0,"gold_loss":0.0,"damage_taken":0.0},{"damage_healed":0.0,"max_hp_gain":0.0,"max_hp_loss":0.0,"gold_gain":0.0,"event_name":"Scrap Ooze","player_choice":"Success","floor":13.0,"gold_loss":0.0,"damage_taken":18.0,"relics_obtained":["Frozen Egg 2"]},{"damage_healed":0,"gold_gain":0,"player_choice":"Ignored","damage_taken":0,"max_hp_gain":0,"max_hp_loss":0,"event_name":"Vampires","floor":29,"gold_loss":0},{"damage_healed":0,"gold_gain":0,"player_choice":"Shed Blood","damage_taken":21,"max_hp_gain":5,"max_hp_loss":0,"event_name":"Forgotten Altar","floor":31,"gold_loss":0},{"damage_healed":0,"gold_gain":0,"player_choice":"Fight","damage_taken":0,"max_hp_gain":0,"max_hp_loss":0,"event_name":"Mysterious Sphere","floor":38,"gold_loss":0},{"damage_healed":0,"gold_gain":0,"cards_transformed":["Strike_B"],"player_choice":"Transformed","damage_taken":0,"max_hp_gain":0,"max_hp_loss":0,"event_name":"Transmorgrifier","floor":39,"gold_loss":0,"cards_obtained":["Seek"]}],"is_beta":false,"boss_relics":[{"not_picked":["Cursed Key","SacredBark"],"picked":"FrozenCore"},{"not_picked":["Empty Cage","Black Star"],"picked":"Runic Pyramid"}],"items_purged_floors":[14,21,47],"is_endless":false,"potions_floor_spawned":[1,5,7,11,16,18,19,22,27,36,38,48],"ascension_level":2}}