{"host":"7f01flv6y0vhl3vt","time":1611345612,"event":{"mods":["Act Like it!","BaseMod","Downfall","Minty Spire (QoL Compilation)","StSLib"],"gold_per_floor":[199,299,362,362,5,18,42,42,60,71,3,3,3,20,33,33,33,33],"floor_reached":16,"language":"ENG","playtime":3283,"items_purged":[],"score":90,"play_id":"6e72416c-a992-4034-90ac-ffa2c0848190","local_time":"20210122150012","is_ascension_mode":false,"campfire_choices":[{"floor":1,"key":"RECALL"},{"floor":8,"key":"REST"},{"floor":13,"key":"REST"}],"circlet_count":0,"master_deck":["Guardian:Strike_Guardian","Guardian:Strike_Guardian","Guardian:Strike_Guardian","Guardian:Strike_Guardian","Guardian:Defend_Guardian","Guardian:Defend_Guardian","Guardian:Defend_Guardian","Guardian:CurlUp","Guardian:TwinSlam","Guardian:PolyBeam+1","Guardian:BodySlam","Guardian:PrismaticBeam","Guardian:VentSteam","Guardian:PolyBeam","Guardian:Emergency","Guardian:Gem_Yellow"],"relics":["Guardian:ModeShifter","Mango","FossilizedHelix"],"acts_visited":["Exordium"],"potions_floor_usage":[9,11,15],"damage_taken":[{"damage":77,"enemies":"Lagavulin Event","floor":3,"turns":14},{"damage":0,"enemies":"downfall:FleeingMerchant","floor":5,"turns":4},{"damage":5,"enemies":"Jaw Worm","floor":6,"turns":5},{"damage":5,"enemies":"2 Louse","floor":9,"turns":3},{"damage":0,"enemies":"Cultist","floor":10,"turns":4},{"damage":12,"enemies":"downfall:FleeingMerchant","floor":11,"turns":4},{"damage":6,"enemies":"2 Fungi Beasts","floor":14,"turns":3},{"damage":21,"enemies":"Exordium Wildlife","floor":15,"turns":6},{"damage":29,"enemies":"WA_ARCHETYPE_RETAIN","floor":16,"turns":7}],"seed_played":"2228272211521729567","potions_obtained":[{"floor":6,"key":"LiquidMemories"},{"floor":10,"key":"LiquidBronze"},{"floor":14,"key":"Dexterity Potion"}],"is_trial":false,"path_per_floor":["R","?","?","?","$","M","T","R","M","M","$","?","R","M","M","B"],"character_chosen":"GUARDIAN","items_purchased":["FossilizedHelix","Guardian:PrismaticBeam","Guardian:Gem_Green"],"campfire_rested":2,"item_purchase_floors":[5,5,11],"current_hp_per_floor":[80,80,17,17,17,12,12,40,35,35,23,23,51,45,24,0,0,0],"gold":33,"neow_bonus":"HUNDRED_GOLD","is_daily":false,"chose_seed":false,"campfire_upgraded":0,"win_rate":0.0,"timestamp":1611345612,"path_taken":["R","?","?","?","$","M","T","R","M","?","$","?","R","M","M","BOSS"],"items_purchased_type":["Relic","Card","Card"],"build_version":"2020-12-22","purchased_purges":0,"victory":false,"max_hp_per_floor":[80,80,94,94,94,94,94,94,94,94,94,94,94,94,94,94,94,94],"card_choices":[{"not_picked":["Guardian:TemporalShield","Guardian:SentryBeam"],"picked":"Guardian:PolyBeam","floor":3},{"not_picked":["Guardian:Repulse","Guardian:Reroute"],"picked":"Guardian:BodySlam","floor":5},{"not_picked":["Guardian:Incinerate","Guardian:Suspension"],"picked":"Guardian:VentSteam","floor":6},{"not_picked":["Guardian:RollAttack","Guardian:Gem_Lightblue"],"picked":"Guardian:Gem_Crimson","floor":9},{"not_picked":["Guardian:TemporalStrike","Guardian:CrystalBeam"],"picked":"Guardian:PolyBeam","floor":10},{"not_picked":["Guardian:ChargeCore","Guardian:Gem_Green"],"picked":"Guardian:Gem_Orange","floor":11},{"not_picked":["Guardian:ChargeCore","Guardian:PiercingHide"],"picked":"Guardian:Emergency","floor":14},{"not_picked":["Guardian:Gem_Lightblue","Guardian:Reroute"],"picked":"Guardian:Gem_Yellow","floor":15}],"player_experience":1355720,"relics_obtained":[{"floor":3,"key":"Mango"}],"event_choices":[{"cards_removed":["Guardian:Defend_Guardian"],"damage_healed":0,"gold_gain":0,"player_choice":"Card Removal","damage_taken":0,"max_hp_gain":0,"max_hp_loss":0,"event_name":"The Cleric","floor":12,"gold_loss":0}],"is_beta":false,"boss_relics":[],"items_purged_floors":[],"is_endless":false,"potions_floor_spawned":[6,10,14],"killed_by":"WA_ARCHETYPE_RETAIN","ascension_level":0}}