{"host":"qu92w1zb2ytiyjno","time":1611348885,"event":{"mods":["Bard","BaseMod","Beaked The Cultist","Colored Map","Colored Powertips","Conspire","Curses Come First","Downfall","Friendly Minions","Googly Eyes","Hermit","Highlight Path","Hubris","Infinite Spire","KinomotoSakuraMod(木之本樱)","Marisa（F雨　魔理沙）","Minty Spire (QoL Compilation)","Relic Sorter","Remilia（蕾米莉亚）","Replay The Spire","StSLib","The Administrix","The Construct","The Cursed","The Disciple","The Hierophant","The Marked","The Mystic","The Senshi","The Servant 0.9.4"],"gold_per_floor":[117,128,128,139,139,171,218,268,268,279,116,148,168,180,180,276,276,289,299,318,47,63,76,125,125,137,137,137,156,56,66,66,170,170,186,186,202,214,227,227,227,227,227,227],"floor_reached":42,"language":"ENG","playtime":5302,"items_purged":["Delirium","Delirium"],"score":466,"play_id":"f9375ed1-da08-4c13-aa9d-e1b9dbc87ad6","local_time":"20210123045445","is_ascension_mode":false,"campfire_choices":[{"data":"champ:Lariat","floor":15,"key":"SMITH"},{"data":"champ:Taunt","floor":25,"key":"SMITH"},{"data":"champ:GutPunch","floor":27,"key":"SMITH"},{"data":"champ:Circumvent","floor":30,"key":"SMITH"},{"floor":32,"key":"REST"},{"data":"champ:Shatter","floor":40,"key":"SMITH"}],"circlet_count":0,"master_deck":["champ:Strike+1","champ:Strike","champ:Strike","champ:Strike","champ:Defend","champ:Defend","champ:Defend","champ:Execute","champ:Taunt+1","champ:Lariat+1","champ:EndlessRage+1","champ:Shatter+1","champ:FlashCut","champ:Endure+1","champ:Backstep+1","champ:ShieldWall+1","champ:GutPunch+1","champ:CrookedStrike","champ:BerserkersShout","champ:ShieldThrow+1","champ:IronFortress","champ:CalledShot+1","champ:PreemptiveStrike+1","champ:RisingSlash","Sickly","champ:VampiricStrike+1","champ:Circumvent+1","champ:EnGarde","hubris:Disease","champ:HoldFirm+1","champ:Taunt+1","champ:AdrenalArmor+1","champ:Haymaker"],"relics":["champ:ChampionCrown","Strawberry","Gremlin Food","Ring of Fury","Ring of Greed","MealTicket","Golden Egg","hubris:MysteriousPyramids","SlaversCollar","Guide Book","infinitespire:Beetle Shell","downfall:HeartBlessingBlue","hubris:Backtick","Mango","Toxic Egg 2"],"acts_visited":["Exordium","TheCity","TheBeyond"],"potions_floor_usage":[6,20,26,35,39,39],"damage_taken":[{"damage":21,"enemies":"2 Louse","floor":1,"turns":4},{"damage":10,"enemies":"Small Slimes","floor":2,"turns":3},{"damage":10,"enemies":"Cultist","floor":4,"turns":5},{"damage":85,"enemies":"Lagavulin","floor":6,"turns":12},{"damage":10,"enemies":"2 Fungi Beasts","floor":10,"turns":4},{"damage":45,"enemies":"downfall:FleeingMerchant","floor":11,"turns":4},{"damage":26,"enemies":"Gremlin Nob","floor":12,"turns":4},{"damage":25,"enemies":"Exordium Thugs","floor":13,"turns":5},{"damage":28,"enemies":"Blue Slaver","floor":14,"turns":5},{"damage":45,"enemies":"IC_STATUS_ARCHETYPE","floor":16,"turns":5},{"damage":20,"enemies":"Spheric Guardian","floor":18,"turns":2},{"damage":43,"enemies":"3 Byrds","floor":19,"turns":5},{"damage":37,"enemies":"Centurion and Healer","floor":20,"turns":7},{"damage":10,"enemies":"downfall:FleeingMerchant","floor":21,"turns":4},{"damage":8,"enemies":"Cultist and Chosen","floor":22,"turns":6},{"damage":72,"enemies":"Snake Plant","floor":23,"turns":5},{"damage":20,"enemies":"3 Cultists","floor":26,"turns":4},{"damage":38,"enemies":"Shelled Parasite and Fungi","floor":29,"turns":5},{"damage":45,"enemies":"Chosen and Byrds","floor":31,"turns":5},{"damage":27,"enemies":"WA_ARCHETYPE_CALM","floor":33,"turns":8},{"damage":72,"enemies":"3 Darklings","floor":35,"turns":7},{"damage":29,"enemies":"3 Shapes","floor":37,"turns":8},{"damage":74,"enemies":"Jaw Worm Horde","floor":38,"turns":6},{"damage":20,"enemies":"3 Darklings","floor":39,"turns":1},{"damage":67,"enemies":"conspire:MimicChest","floor":42,"turns":9}],"seed_played":"7996686399870939329","potions_obtained":[{"floor":2,"key":"Elixir"},{"floor":4,"key":"SpeedPotion"},{"floor":12,"key":"EssenceOfSteel"},{"floor":13,"key":"Doom Potion"},{"floor":16,"key":"Energy Potion"},{"floor":22,"key":"Venom Potion"},{"floor":29,"key":"AttackPotion"},{"floor":31,"key":"champ:CounterPotion"},{"floor":33,"key":"champ:TechniquePotion"},{"floor":38,"key":"champ:CounterPotion"}],"is_trial":false,"path_per_floor":["R_BF","M","?","M","?","E","T","?","?","M","$","E","M","M","R","B",null,"R_BF","M","M","$","M","M","T","R","M","R","?","M","R","M","R","B",null,"M","?","M","M","M","R","T","?"],"character_chosen":"THE_CHAMP","items_purchased":["champ:ShieldWall","Guide Book"],"campfire_rested":1,"item_purchase_floors":[11,21],"current_hp_per_floor":[98,98,98,98,98,78,78,78,78,78,93,77,72,69,69,49,106,106,98,81,96,93,71,71,71,71,71,63,45,55,35,69,67,130,108,108,94,65,65,65,65,0,0,0],"gold":227,"neow_bonus":"TEN_PERCENT_HP_BONUS","is_daily":false,"chose_seed":false,"campfire_upgraded":5,"win_rate":0.0,"timestamp":1611348885,"path_taken":["R_BF","M","?","M","?","E","T","?","?","M","$","E","?","M","R","BOSS","R_BF","M","M","$","M","M","T","R","M","R","?","M","R","M","R","BOSS","M","?","M","?","M","R","T","?"],"items_purchased_type":["Card","Relic"],"build_version":"2020-12-22","purchased_purges":2,"victory":false,"max_hp_per_floor":[99,99,106,106,106,106,106,106,106,106,106,106,106,106,106,106,106,106,106,106,106,106,106,106,106,106,106,106,106,116,116,116,116,130,130,130,130,130,130,130,130,130,130,130],"card_choices":[{"not_picked":["champ:ShieldSlam","champ:BladeFlurry"],"picked":"champ:Lariat","floor":1},{"not_picked":["champ:Lariat","champ:FanOfKnives"],"picked":"champ:EndlessRage","floor":2},{"not_picked":["champ:GutPunch","champ:AdrenalArmor"],"picked":"champ:Shatter","floor":4},{"not_picked":["champ:RisingSlash","champ:GladiatorStyle"],"picked":"champ:FlashCut","floor":6},{"not_picked":["champ:RisingSlash","champ:SwordThrow"],"picked":"champ:Endure","floor":10},{"not_picked":["champ:TornadoPunch","champ:FanOfKnives"],"picked":"champ:Backstep","floor":11},{"not_picked":["champ:DancingMaster","champ:Endure"],"picked":"champ:GutPunch","floor":12},{"not_picked":["champ:TornadoPunch","champ:Lariat"],"picked":"champ:CrookedStrike","floor":13},{"not_picked":["champ:Encircle","champ:DefensiveShout"],"picked":"champ:BerserkersShout","floor":14},{"not_picked":["champ:HeavySlash","champ:GladiatorForm"],"picked":"champ:ShieldThrow","floor":16},{"not_picked":["champ:PerfectedStrike","champ:FocusedDefense+1"],"picked":"champ:IronFortress","floor":18},{"not_picked":["champ:FanOfKnives","champ:RecklessLeap","champ:BerserkersShout"],"picked":"SKIP","floor":19},{"not_picked":["champ:IronFortress","champ:FalseCounter"],"picked":"champ:CalledShot","floor":20},{"not_picked":["champ:PreciseThrust","champ:BerserkersShout+1"],"picked":"champ:PreemptiveStrike+1","floor":21},{"not_picked":["champ:ShieldSlam","champ:FocusedDefense"],"picked":"champ:RisingSlash","floor":22},{"not_picked":["champ:BerserkersShout","champ:EndlessRage","champ:AdrenalArmor"],"picked":"SKIP","floor":23},{"not_picked":["champ:Shatter","champ:FaceSlap"],"picked":"champ:VampiricStrike","floor":26},{"not_picked":["champ:AdrenalArmor+1","champ:TornadoPunch+1"],"picked":"champ:Circumvent","floor":29},{"not_picked":["champ:Circumvent","champ:StanceDance"],"picked":"champ:EnGarde","floor":31},{"not_picked":["champ:Devastate","champ:IgnorePain"],"picked":"champ:HoldFirm","floor":33},{"not_picked":["champ:Shatter","champ:Lariat+1","champ:CrookedStrike+1"],"picked":"SKIP","floor":35},{"not_picked":["champ:Circumvent+1","champ:BladeFlurry+1"],"picked":"champ:AdrenalArmor+1","floor":37},{"not_picked":["champ:CalledShot+1","champ:Lariat","champ:Circumvent+1"],"picked":"SKIP","floor":38},{"not_picked":["champ:PreemptiveStrike","champ:DefensiveShout"],"picked":"champ:Haymaker","floor":39}],"player_experience":146957,"relics_obtained":[{"floor":6,"key":"Gremlin Food"},{"floor":8,"key":"Ring of Fury"},{"floor":8,"key":"Ring of Greed"},{"floor":8,"key":"MealTicket"},{"floor":8,"key":"Golden Egg"},{"floor":12,"key":"hubris:MysteriousPyramids"},{"floor":24,"key":"infinitespire:Beetle Shell"},{"floor":41,"key":"Toxic Egg 2"}],"event_choices":[{"damage_healed":0,"gold_gain":0,"player_choice":"Success","damage_taken":7,"relics_obtained":["Strawberry"],"max_hp_gain":0,"max_hp_loss":0,"event_name":"Scrap Ooze","floor":3,"gold_loss":0},{"damage_healed":0,"gold_gain":0,"player_choice":"Disagree","damage_taken":0,"max_hp_gain":0,"max_hp_loss":0,"event_name":"conspire:LoneGhost","floor":5,"gold_loss":0},{"damage_healed":0,"gold_gain":0,"player_choice":"Ignored","damage_taken":0,"max_hp_gain":0,"max_hp_loss":0,"event_name":"NoteForYourself","floor":9,"gold_loss":0}],"is_beta":false,"boss_relics":[{"not_picked":["Sozu","Fusion Hammer"],"picked":"SlaversCollar"},{"not_picked":["bronze:MakeshiftBattery","beaked:MawFillet"],"picked":"hubris:Backtick"}],"items_purged_floors":[11,21],"is_endless":false,"potions_floor_spawned":[2,4,12,13,16,19,22,29,31,33,38],"killed_by":"conspire:MimicChest","ascension_level":0}}