{"host":"Koishi","time":1611281057,"event":{"mods":["2.2 Compatiblity","AchievementEnabler","Act Like it!","BaseMod","Better Match","Better Note","Better Sensory Stone","Better Third Choice","Colored Powertips","Gensokyo","Hermit","Koishi","Lobotomy","LobotomyExtend","MarisaÅiñ∂âJÅ@ñÇóùçπÅj","Minty Spire (QoL Compilation)","Quick Restart","Rare Cards Sparkle","ReimuÅiîé??öÎÅj","Relic Stats","Spicy Shops","StSLib","The Construct","Åy?ï®?îvÅzREMEMod"],"gold_per_floor":[116,116,116,132,150,183,108,140,163,173,173,173],"floor_reached":11,"language":"ENG","playtime":460,"items_purged":[],"score":86,"play_id":"badf0d24-3abb-477f-a679-60f9ee3a107e","local_time":"20210121210417","is_ascension_mode":true,"campfire_choices":[],"circlet_count":0,"master_deck":["construct:Strike_Gold","construct:Strike_Gold","construct:Strike_Gold","construct:Strike_Gold","construct:Strike_Gold","construct:Defend_Gold","construct:Defend_Gold","construct:Defend_Gold","construct:Defend_Gold","construct:Defend_Gold","construct:AttackMode","construct:DefenseMode","Ragnarok","construct:ClusterMines","Clumsy","construct:ShiftStrike","construct:Chainstrike","OSAHOGD","construct:ShiftStrike","construct:ScopeCore","GreedKing","construct:Impenetrable"],"relics":["construct:ClockworkPhoenix","construct:Challenge1","REME_ComplimentaryCards","CogitoBucket","LetterFromLob","Gensokyo:NagashiBinaDoll","REME_HandOfSuture","Strawberry","BackwardClock"],"acts_visited":["Gensokyo:Gensokyo"],"potions_floor_usage":[8,10],"damage_taken":[{"damage":4,"enemies":"Gensokyo:3_Fairies","floor":1,"turns":4},{"damage":2,"enemies":"Gensokyo:Gryphon","floor":4,"turns":2},{"damage":0,"enemies":"Gensokyo:Python","floor":5,"turns":4},{"damage":18,"enemies":"Gensokyo:Mamizou","floor":6,"turns":5},{"damage":18,"enemies":"Gensokyo:Aya","floor":8,"turns":5},{"damage":36,"enemies":"Gensokyo:2_Rabbits","floor":10,"turns":4},{"damage":30,"enemies":"Gensokyo:Cirno","floor":11,"turns":5}],"seed_played":"6942246623304342865","potions_obtained":[{"floor":5,"key":"SteroidPotion"},{"floor":6,"key":"Swift Potion"},{"floor":8,"key":"Regen Potion"}],"is_trial":false,"path_per_floor":["M","?","?","M","M","E","?","E","T","M","E"],"character_chosen":"THE_CONSTRUCT_MOD","items_purchased":[],"campfire_rested":0,"item_purchase_floors":[],"current_hp_per_floor":[81,81,81,79,79,61,61,50,50,26,0,0],"gold":173,"neow_bonus":"","is_daily":false,"chose_seed":false,"campfire_upgraded":0,"win_rate":0.0,"timestamp":1611281057,"path_taken":["M","?","?","M","M","E","?","E","T","?","E"],"items_purchased_type":[],"build_version":"2020-12-18","purchased_purges":0,"victory":false,"max_hp_per_floor":[85,85,85,85,85,85,85,92,92,92,92,92],"relic_stats":{"counters":[8,30],"obtain_stats":[{"construct:Challenge1":0,"BackwardClock":10,"CogitoBucket":0,"Strawberry":8,"Gensokyo:NagashiBinaDoll":2,"REME_HandOfSuture":6,"LetterFromLob":1,"construct:ClockworkPhoenix":0,"REME_ComplimentaryCards":0},{"construct:Challenge1":0,"BackwardClock":7,"CogitoBucket":0,"Strawberry":5,"Gensokyo:NagashiBinaDoll":1,"REME_HandOfSuture":4,"LetterFromLob":1,"construct:ClockworkPhoenix":0,"REME_ComplimentaryCards":0},{"construct:Challenge1":0,"BackwardClock":25,"CogitoBucket":0,"Strawberry":20,"Gensokyo:NagashiBinaDoll":4,"REME_HandOfSuture":15,"LetterFromLob":4,"construct:ClockworkPhoenix":0,"REME_ComplimentaryCards":0}]},"card_choices":[{"not_picked":["construct:Enhance","construct:ShiftGuard"],"picked":"construct:ClusterMines","floor":1},{"not_picked":["Mercenary","Scorched","MHz"],"picked":"Singing Bowl","floor":1},{"not_picked":["construct:SuppressiveFire","construct:OmegaCannon"],"picked":"construct:ShiftStrike","floor":3},{"not_picked":["construct:PowerUp","construct:Autoturret"],"picked":"construct:Chainstrike","floor":4},{"not_picked":["UniverseFragment","Murderer","OSAHOGD"],"picked":"Singing Bowl","floor":4},{"not_picked":["UniverseFragment","MHz"],"picked":"OSAHOGD","floor":4},{"not_picked":["construct:QuickAttack","construct:Autoturret"],"picked":"construct:ShiftStrike","floor":5},{"not_picked":["LittlePrince","UniverseFragment","Scorched"],"picked":"Singing Bowl","floor":5},{"not_picked":["construct:ChargeShot","construct:Backup"],"picked":"construct:ScopeCore","floor":6},{"not_picked":["Yin","Bloodbath","BeautyBeast"],"picked":"Singing Bowl","floor":6},{"not_picked":["Variant","SpiderBud","MeatLantern"],"picked":"Singing Bowl","floor":8},{"not_picked":["construct:PanicFire","construct:Analyze","construct:SaveState"],"picked":"SKIP","floor":8},{"not_picked":["Funeral","FairyFestival"],"picked":"GreedKing","floor":10},{"not_picked":["construct:FocusedBeam","construct:VentSteam"],"picked":"construct:Impenetrable","floor":10}],"player_experience":199262,"relics_obtained":[{"floor":1,"key":"LetterFromLob"},{"floor":6,"key":"REME_HandOfSuture"},{"floor":8,"key":"Strawberry"}],"event_choices":[{"damage_healed":0,"gold_gain":0,"player_choice":"2","damage_taken":0,"max_hp_gain":0,"max_hp_loss":0,"event_name":"betterMatch:BetterMatch","floor":7,"gold_loss":0,"cards_obtained":[]}],"is_beta":true,"boss_relics":[],"items_purged_floors":[],"is_endless":false,"potions_floor_spawned":[5,6,8],"killed_by":"Gensokyo:Cirno","ascension_level":1}}