{"host":"5w3ov2q8o40mj89d","time":1611287115,"event":{"mods":["ATMod(阿瑾Mod)","Arknights The Spire","Bard","BaseMod","Downfall","FutureSeer","Good Game Mod","Hunter 猎人","KinomotoSakuraMod(木之本樱)","LagranYue(拉格朗・月)","Luminous","Marisa（F雨　魔理沙）","Minty Spire (QoL Compilation)","Nova Terra(诺娃・泰拉)","Reimu（博丽灵梦）","Remilia_Scarlet Moed（蕾米莉亚・斯卡雷特）3.3.5","Remilia（蕾米莉亚）","RumiaBox-露米娅的神秘盒子","StSLib","Td1madao Mod","The Alterego","The Blackbeard","The Construct","The Gatherer","The Hierophant","The Invoker Mod","The Runesmith","The Senshi","The Servant 0.9.4","Waifu the Spire","WarShipGirlsR/战舰少女R mod","Yakumo Yukari mod","Youmu（魂魄妖梦）","Yuri Mod","Yuyuko","vexMod"],"gold_per_floor":[112,131,81,81,306,334,334,350,399,409,435,33,308,362,362,500,500,554,7,27,27,27,87,117,158,158,158,226,246,297,347,347,465,465,500,510,74,74,99,99,99,129,129,146,181,34,47,97,97,97],"floor_reached":51,"language":"ZHS","playtime":2213,"items_purged":["blackbeard:BlackbeardStrike"],"score":1084,"play_id":"75ae43e8-df2b-4ee8-a734-819901119b0d","local_time":"20210122114515","is_ascension_mode":false,"campfire_choices":[{"data":"blackbeard:GoldenStrike","floor":7,"key":"SMITH"},{"floor":15,"key":"REST"},{"floor":32,"key":"REST"},{"data":"blackbeard:GoldenStrike","floor":41,"key":"SMITH"},{"floor":49,"key":"REST"}],"circlet_count":0,"master_deck":["blackbeard:BlackbeardStrike","blackbeard:IntimidatingStrike","blackbeard:BlackbeardDefend","blackbeard:BlackbeardDefend","blackbeard:BlackbeardDefend","blackbeard:Cutlass","AT_FamilyPortrait","Shading:ReiMu","blackbeard:GoldenCannonball","blackbeard:BeatUp","blackbeard:GoldenStrike+1","blackbeard:GoldenStrike+1","blackbeard:GoldenGuillotine","blackbeard:Shrapnel","blackbeard:BuriedTreasure","blackbeard:Bandana","blackbeard:Fencing","blackbeard:WeaponMastery","blackbeard:GoldenStrike","blackbeard:RearmingStrike","blackbeard:BrownPants","blackbeard:FieryDefense","blackbeard:GoldenDefense","blackbeard:Dagger+1","blackbeard:ReapersScythe","blackbeard:GoldenCannonball","blackbeard:TerrorOfTheSeas+1","blackbeard:Sharpening","blackbeard:FinalBarrage","blackbeard:Fencing+1","blackbeard:CannonballSupply+1","blackbeard:Bandana","Mind Blast","Transmutation","Bandage Up","blackbeard:Bandana","blackbeard:GoldenGuillotine","blackbeard:CannonballSupply+1","blackbeard:TerrorOfTheSeas","blackbeard:GoldenStrike","blackbeard:Boarding","blackbeard:GoldenRain"],"relics":["blackbeard:LoadTheCannons","AT_ATBox","REME:ComplimentaryCards","LagranYue:RandomDrawCardRelic","NeowsBlessing","Lantern","Mango","Omamori","Oddly Smooth Stone","Blood Vial","ClockworkSouvenir","AT_TrinityForce","GodSword5","vexMod:Dragonfruit","Anchor","AT_ChloranthyRing","Mercury Hourglass","PreservedInsect","vexMod:TanglingVine","blackbeard:CannonballsOfSteel","blackbeard:Penknife","Pen Nib","MagicDraw4","White Beast Statue","RuthlessExorcism:ReiMu","vexMod:CardConverter"],"acts_visited":["Exordium","TheCity","TheBeyond"],"potions_floor_usage":[18,33,33,33,50],"damage_taken":[{"damage":0,"enemies":"Cultist","floor":1,"turns":1},{"damage":0,"enemies":"Jaw Worm","floor":2,"turns":1},{"damage":0,"enemies":"3 Sentries","floor":6,"turns":1},{"damage":0,"enemies":"2 Louse","floor":8,"turns":2},{"damage":10,"enemies":"Looter","floor":10,"turns":2},{"damage":44,"enemies":"Lagavulin","floor":11,"turns":7},{"damage":4,"enemies":"Lots of Slimes","floor":14,"turns":4},{"damage":49,"enemies":"The Guardian","floor":16,"turns":8},{"damage":0,"enemies":"Chosen","floor":18,"turns":1},{"damage":0,"enemies":"Spheric Guardian","floor":20,"turns":2},{"damage":5,"enemies":"Slavers","floor":23,"turns":4},{"damage":0,"enemies":"Shelled Parasite and Fungi","floor":24,"turns":2},{"damage":19,"enemies":"Centurion and Healer","floor":25,"turns":4},{"damage":0,"enemies":"Gremlin Leader","floor":28,"turns":2},{"damage":0,"enemies":"Snake Plant","floor":29,"turns":1},{"damage":11,"enemies":"Shelled Parasite and Fungi","floor":30,"turns":3},{"damage":0,"enemies":"Centurion and Healer","floor":31,"turns":3},{"damage":1,"enemies":"Collector","floor":33,"turns":2},{"damage":0,"enemies":"Orb Walker","floor":35,"turns":1},{"damage":16,"enemies":"3 Darklings","floor":36,"turns":4},{"damage":0,"enemies":"Jaw Worm Horde","floor":39,"turns":3},{"damage":0,"enemies":"Giant Head","floor":42,"turns":4},{"damage":0,"enemies":"Sphere and 2 Shapes","floor":44,"turns":2},{"damage":0,"enemies":"Reptomancer","floor":45,"turns":1},{"damage":12,"enemies":"4 Shapes","floor":47,"turns":2},{"damage":42,"enemies":"Mind Bloom Boss Battle","floor":48,"turns":3},{"damage":13,"enemies":"Donu and Deca","floor":50,"turns":4}],"seed_played":"-7616712098996191458","potions_obtained":[{"floor":8,"key":"DistilledChaos"},{"floor":11,"key":"Fire Potion"},{"floor":18,"key":"SkillPotion"},{"floor":24,"key":"DistilledChaos"},{"floor":33,"key":"SteroidPotion"},{"floor":35,"key":"Weak Potion"},{"floor":39,"key":"bronze:BurnAndBuffPotion"}],"is_trial":false,"path_per_floor":["M","M","?","?","?","E","R","M","T","M","E","$","?","M","R","B",null,"M","$","M","?","?","E","M","M","T","?","E","M","M","M","R","B",null,"M","M","$","?","M","?","R","E","T","M","E","$","M","?","R","B",null],"character_chosen":"BLACKBEARD_CLASS","items_purchased":["Blood Vial","ClockworkSouvenir","blackbeard:Bandana","GodSword5","vexMod:Dragonfruit","blackbeard:RearmingStrike","blackbeard:CannonballsOfSteel","blackbeard:Penknife","blackbeard:Bandana","RuthlessExorcism:ReiMu"],"campfire_rested":3,"item_purchase_floors":[12,12,12,19,19,19,37,37,37,46],"current_hp_per_floor":[75,75,75,75,75,89,89,89,89,79,35,35,35,33,59,12,89,89,94,94,85,85,82,84,67,67,67,69,71,62,64,94,93,94,94,78,78,68,70,70,70,77,77,79,81,81,71,33,68,57],"gold":97,"neow_bonus":"THREE_ENEMY_KILL","is_daily":false,"chose_seed":false,"campfire_upgraded":2,"win_rate":0.0,"timestamp":1611287115,"path_taken":["M","M","?","?","?","E","R","M","T","M","E","$","?","?","R","BOSS","M","$","M","?","?","E","?","M","T","?","E","M","M","M","R","BOSS","M","M","$","?","M","?","R","E","T","M","E","$","?","?","R","BOSS"],"items_purchased_type":["Relic","Relic","Card","Relic","Relic","Card","Relic","Relic","Card","Relic"],"build_version":"2020-12-22","purchased_purges":1,"victory":true,"max_hp_per_floor":[75,75,75,75,75,89,89,89,89,89,89,89,89,89,89,89,89,89,94,94,94,94,94,94,94,94,94,94,94,94,94,94,94,94,94,94,94,94,94,94,94,94,94,94,94,94,94,96,96,96],"card_choices":[{"not_picked":["blackbeard:Toast","blackbeard:Sharpening"],"picked":"blackbeard:GoldenCannonball","floor":1},{"not_picked":["blackbeard:BrownPants","blackbeard:Fencing"],"picked":"blackbeard:BeatUp","floor":2},{"not_picked":["blackbeard:RemoveScurvy","blackbeard:ArmorUp"],"picked":"blackbeard:GoldenStrike","floor":6},{"not_picked":["blackbeard:Spear","blackbeard:Fencing"],"picked":"blackbeard:GoldenGuillotine","floor":8},{"not_picked":["blackbeard:CloakAndCannonball","blackbeard:SwordDance"],"picked":"blackbeard:Shrapnel","floor":10},{"not_picked":["blackbeard:PiratesWill","blackbeard:RearmingStrike"],"picked":"blackbeard:BuriedTreasure","floor":11},{"not_picked":["blackbeard:Intoxication","blackbeard:AgileStrike"],"picked":"blackbeard:Fencing","floor":14},{"not_picked":["blackbeard:UndeadForm","blackbeard:Intoxication"],"picked":"blackbeard:WeaponMastery","floor":16},{"not_picked":["blackbeard:GoldenDefense","blackbeard:BlindAttacks"],"picked":"blackbeard:GoldenStrike","floor":18},{"not_picked":["blackbeard:DoubleBottom","blackbeard:FishingNets"],"picked":"blackbeard:BrownPants","floor":20},{"not_picked":["blackbeard:CloakAndCannonball","blackbeard:Revenge"],"picked":"blackbeard:FieryDefense","floor":23},{"not_picked":["blackbeard:PiratesWill","blackbeard:BlindAttacks"],"picked":"blackbeard:GoldenDefense","floor":24},{"not_picked":["blackbeard:Shrapnel","blackbeard:CloakAndCannonball+1"],"picked":"blackbeard:Dagger+1","floor":25},{"not_picked":["blackbeard:Spear","blackbeard:CloakAndCannonball"],"picked":"blackbeard:ReapersScythe","floor":28},{"not_picked":["blackbeard:SwordDance","blackbeard:RearmingStrike+1"],"picked":"blackbeard:GoldenCannonball","floor":29},{"not_picked":["blackbeard:Dagger","blackbeard:Sword"],"picked":"blackbeard:TerrorOfTheSeas+1","floor":30},{"not_picked":["blackbeard:Sword","blackbeard:PirateStrength"],"picked":"blackbeard:Sharpening","floor":31},{"not_picked":["blackbeard:Lifeboat","blackbeard:WeaponMastery"],"picked":"blackbeard:FinalBarrage","floor":33},{"not_picked":["blackbeard:JollyRoger","blackbeard:WiseDefense"],"picked":"blackbeard:Fencing+1","floor":35},{"not_picked":["blackbeard:BeatUp","blackbeard:UndeadForm"],"picked":"blackbeard:CannonballSupply+1","floor":36},{"not_picked":["Deep Breath","Sadistic Nature"],"picked":"Mind Blast","floor":38},{"not_picked":["Sadistic Nature","Discovery"],"picked":"Transmutation","floor":38},{"not_picked":["Swift Strike","Blind"],"picked":"Bandage Up","floor":38},{"not_picked":["blackbeard:DoubleBottom+1","blackbeard:Scrap+1"],"picked":"blackbeard:Bandana","floor":39},{"not_picked":["blackbeard:PiratesWill","blackbeard:Shrapnel+1"],"picked":"blackbeard:CannonballSupply+1","floor":42},{"not_picked":["blackbeard:FieryDefense+1","blackbeard:Recklessness"],"picked":"blackbeard:TerrorOfTheSeas","floor":44},{"not_picked":["blackbeard:RearmingStrike","blackbeard:Toast+1"],"picked":"blackbeard:GoldenStrike","floor":45},{"not_picked":["blackbeard:DeadlyArsenal+1","blackbeard:Spear"],"picked":"blackbeard:Boarding","floor":47},{"not_picked":["blackbeard:BlindAttacks","blackbeard:TerrorOfTheSeas+1"],"picked":"blackbeard:GoldenRain","floor":48}],"player_experience":22348,"relics_obtained":[{"floor":6,"key":"Mango"},{"floor":9,"key":"Omamori"},{"floor":11,"key":"Oddly Smooth Stone"},{"floor":23,"key":"AT_ChloranthyRing"},{"floor":26,"key":"Mercury Hourglass"},{"floor":28,"key":"PreservedInsect"},{"floor":42,"key":"Pen Nib"},{"floor":43,"key":"MagicDraw4"},{"floor":45,"key":"White Beast Statue"},{"floor":48,"key":"vexMod:CardConverter"}],"event_choices":[{"damage_healed":0,"gold_gain":0,"player_choice":"blackbeard:GoldenStrike","damage_taken":0,"max_hp_gain":0,"max_hp_loss":0,"event_name":"blackbeard:GoldsmithEvent","floor":3,"gold_loss":0,"cards_obtained":["blackbeard:GoldenStrike"]},{"damage_healed":0,"gold_gain":0,"player_choice":"Ignored","damage_taken":0,"max_hp_gain":0,"max_hp_loss":0,"event_name":"Golden Wing","floor":4,"gold_loss":0},{"damage_healed":0,"gold_gain":225,"player_choice":"YARR","damage_taken":0,"relics_obtained":["Lantern"],"max_hp_gain":0,"max_hp_loss":0,"event_name":"blackbeard:Ssssserpent","floor":5,"gold_loss":0},{"damage_healed":0,"gold_gain":275,"player_choice":"Desecrate","damage_taken":0,"max_hp_gain":0,"max_hp_loss":0,"event_name":"Golden Shrine","floor":13,"gold_loss":0,"cards_obtained":["Regret"]},{"damage_healed":0,"gold_gain":0,"player_choice":"Anchor","damage_taken":0,"relics_obtained":["Anchor"],"max_hp_gain":0,"max_hp_loss":0,"event_name":"blackbeard:ShipwreckEvent","floor":21,"gold_loss":0},{"cards_removed":["blackbeard:BlackbeardDefend"],"damage_healed":0,"gold_gain":0,"player_choice":"Card Removal","damage_taken":0,"max_hp_gain":0,"max_hp_loss":0,"event_name":"Wheel of Change","floor":22,"gold_loss":0},{"damage_healed":0,"gold_gain":0,"player_choice":"Ignored","damage_taken":0,"max_hp_gain":0,"max_hp_loss":0,"event_name":"NoteForYourself","floor":27,"gold_loss":0},{"damage_healed":0,"gold_gain":0,"player_choice":"Memory 3","damage_taken":10,"max_hp_gain":0,"max_hp_loss":0,"event_name":"SensoryStone","floor":38,"gold_loss":0},{"damage_healed":0,"gold_gain":0,"cards_transformed":["blackbeard:BlackbeardStrike"],"player_choice":"Transformed","damage_taken":0,"max_hp_gain":0,"max_hp_loss":0,"event_name":"Transmorgrifier","floor":40,"gold_loss":0,"cards_obtained":["blackbeard:GoldenGuillotine"]},{"damage_healed":0,"gold_gain":0,"player_choice":"Fight","damage_taken":0,"max_hp_gain":0,"max_hp_loss":0,"event_name":"MindBloom","floor":48,"gold_loss":0}],"is_beta":false,"boss_relics":[{"not_picked":["vexMod:ImprovementManual","RedLine:ReiMu"],"picked":"AT_TrinityForce"},{"not_picked":["bronze:MakeshiftBattery","vexMod:CursedCompass"],"picked":"vexMod:TanglingVine"}],"items_purged_floors":[12],"is_endless":false,"potions_floor_spawned":[8,11,18,24,25,33,35,39,44,47,48],"ascension_level":0}}