{"host":"qm4rv4rkpk76sbxu","time":1611350836,"event":{"mods":["BaseMod","Bestiary","Block Reminder","DeckTracker","Filter the Spire","Keyboard Shortcuts","Minty Spire (QoL Compilation)","MonsterHotkey","Quick Restart","Random Character Button","Relic Stats","Slay-I","StSLib","Unceasing Turn Reminder","ojb\u0027s Better Paths Mod","ojb\u0027s Info Mod"],"gold_per_floor":[119,194,194,194,219,219,234,269,269,288,312,86,104,143,143,274,274,295,295,311,311,311,346,60,60,60,60,94,137,137,150,150,279,279,303,303,324,340,360,395,395,413,413,92,105,145,37,70,70,70,70,70,18,52,52],"floor_reached":56,"language":"ENG","playtime":1697,"items_purged":["Strike_R","Writhe","Decay"],"score":1458,"play_id":"8adeb35b-2079-454c-825a-29e916547264","local_time":"20210122222716","is_ascension_mode":true,"campfire_choices":[{"data":"Spot Weakness","floor":6,"key":"SMITH"},{"data":"Uppercut","floor":15,"key":"SMITH"},{"data":"Limit Break","floor":25,"key":"SMITH"},{"data":"Armaments","floor":27,"key":"SMITH"},{"data":"Shockwave","floor":32,"key":"SMITH"},{"data":"Limit Break","floor":41,"key":"SMITH"},{"floor":49,"key":"RECALL"},{"floor":52,"key":"REST"}],"circlet_count":0,"master_deck":["Strike_R","Strike_R","Strike_R","Strike_R","Defend_R","Defend_R","Defend_R","Bash","Impervious","Spot Weakness+1","Armaments+1","Uppercut+1","Dropkick","Shrug It Off","Shockwave+1","Feed","Pommel Strike","Cleave","Limit Break+1","Shrug It Off","Shrug It Off","Limit Break+1","Immolate","Ghostly Armor+1","Corruption+1","Metallicize+1","Spot Weakness+1","Battle Trance","Inflame","Shrug It Off","Sentinel","Sentinel","Fiend Fire"],"relics":["Burning Blood","Golden Idol","Bag of Marbles","Darkstone Periapt","White Beast Statue","Pen Nib","Mercury Hourglass","Cursed Key","Ornamental Fan","MutagenicStrength","MawBank","Membership Card","Magic Flower","Red Mask","Nunchaku","SlaversCollar","Omamori","Mummified Hand","Centennial Puzzle","Akabeko","Potion Belt","Gremlin Horn","StrikeDummy"],"acts_visited":["Exordium","TheCity","TheBeyond","TheEnding"],"potions_floor_usage":[16,16,20,23,28,33,35,40,48,55,55],"damage_taken":[{"damage":3,"enemies":"Jaw Worm","floor":1,"turns":6},{"damage":2,"enemies":"2 Louse","floor":7,"turns":3},{"damage":32,"enemies":"Lagavulin","floor":8,"turns":6},{"damage":0,"enemies":"Cultist","floor":10,"turns":3},{"damage":3,"enemies":"Gremlin Gang","floor":11,"turns":6},{"damage":0,"enemies":"Exordium Wildlife","floor":13,"turns":3},{"damage":4,"enemies":"Gremlin Nob","floor":14,"turns":3},{"damage":38,"enemies":"Slime Boss","floor":16,"turns":10},{"damage":9,"enemies":"2 Thieves","floor":18,"turns":3},{"damage":14,"enemies":"Shell Parasite","floor":20,"turns":3},{"damage":0,"enemies":"Gremlin Leader","floor":23,"turns":5},{"damage":0,"enemies":"Masked Bandits","floor":28,"turns":3},{"damage":21,"enemies":"Slavers","floor":29,"turns":3},{"damage":2,"enemies":"Sentry and Sphere","floor":31,"turns":4},{"damage":30,"enemies":"Collector","floor":33,"turns":8},{"damage":6,"enemies":"3 Shapes","floor":35,"turns":3},{"damage":3,"enemies":"Orb Walker","floor":37,"turns":2},{"damage":1,"enemies":"Maw","floor":38,"turns":7},{"damage":13,"enemies":"Writhing Mass","floor":39,"turns":4},{"damage":52,"enemies":"Nemesis","floor":40,"turns":9},{"damage":19,"enemies":"3 Darklings","floor":42,"turns":4},{"damage":0,"enemies":"Jaw Worm Horde","floor":45,"turns":1},{"damage":21,"enemies":"Giant Head","floor":46,"turns":7},{"damage":17,"enemies":"Reptomancer","floor":48,"turns":3},{"damage":32,"enemies":"Time Eater","floor":50,"turns":7},{"damage":20,"enemies":"Shield and Spear","floor":54,"turns":3},{"damage":63,"enemies":"The Heart","floor":55,"turns":8}],"seed_played":"-4498814419206829997","potions_obtained":[{"floor":1,"key":"PowerPotion"},{"floor":10,"key":"SpeedPotion"},{"floor":11,"key":"GamblersBrew"},{"floor":13,"key":"Energy Potion"},{"floor":16,"key":"LiquidMemories"},{"floor":18,"key":"Energy Potion"},{"floor":20,"key":"BlessingOfTheForge"},{"floor":23,"key":"SkillPotion"},{"floor":28,"key":"FairyPotion"},{"floor":31,"key":"DuplicationPotion"},{"floor":33,"key":"SteroidPotion"},{"floor":35,"key":"DistilledChaos"},{"floor":40,"key":"LiquidMemories"},{"floor":48,"key":"ElixirPotion"}],"is_trial":false,"path_per_floor":["M","?","?","?","T","R","M","E","T","M","M","$","M","E","R","B",null,"M","?","M","?","?","E","$","R","T","R","?","E","?","M","R","B",null,"M","?","M","M","M","E","R","M","T","$","M","E","$","E","R","B",null,"R","$","E","B",null],"character_chosen":"IRONCLAD","items_purchased":["Pen Nib","Membership Card","Shrug It Off","Limit Break","Inflame","Shrug It Off","Mummified Hand","Centennial Puzzle","Potion Belt","Sentinel","PowerPotion","BloodPotion"],"campfire_rested":1,"item_purchase_floors":[12,24,24,24,44,44,44,44,47,47,53,53],"current_hp_per_floor":[80,69,62,62,62,62,66,40,40,46,49,49,55,57,57,25,74,74,80,76,76,76,86,86,86,92,92,101,95,95,107,107,91,111,114,114,114,114,115,72,72,62,62,62,71,59,59,56,56,38,123,123,123,112,58],"gold":52,"neow_bonus":"ONE_RANDOM_RARE_CARD","is_daily":false,"chose_seed":false,"campfire_upgraded":6,"win_rate":0.0,"timestamp":1611350836,"path_taken":["M","?","?","?","?","R","?","E","T","?","M","?","M","E","R","BOSS","M","?","M","?","?","E","$","R","T","R","?","E","?","M","R","BOSS","M","?","M","M","M","E","R","M","T","?","M","E","$","E","R","BOSS","R","$","E","BOSS"],"items_purchased_type":["Relic","Relic","Card","Card","Card","Card","Relic","Relic","Relic","Card","Potion","Potion"],"build_version":"2020-12-22","purchased_purges":3,"victory":true,"max_hp_per_floor":[80,80,80,74,74,74,74,74,74,74,74,74,74,74,74,74,74,77,83,87,87,87,91,91,91,97,97,101,105,105,108,108,111,111,114,114,114,114,117,117,117,117,117,117,117,117,117,120,120,123,123,123,123,123,123],"relic_stats":{"Darkstone Periapt":12,"Gremlin Horn":[1,1],"counters":[27,127],"Golden Idol":217,"Magic Flower":[52],"Pen Nib":[17],"Cursed Key":2,"MawBank":12,"Burning Blood":182,"Mercury Hourglass":[379],"Nunchaku":[11],"Centennial Puzzle":[15],"Ornamental Fan":[72],"Mummified Hand":[13],"obtain_stats":[{"Darkstone Periapt":8,"Potion Belt":47,"Gremlin Horn":48,"Golden Idol":4,"Magic Flower":26,"Pen Nib":12,"Omamori":40,"Cursed Key":17,"MawBank":23,"Burning Blood":0,"White Beast Statue":9,"Akabeko":46,"Mercury Hourglass":14,"SlaversCollar":34,"Nunchaku":29,"Centennial Puzzle":44,"Ornamental Fan":19,"Mummified Hand":44,"MutagenicStrength":21,"Bag of Marbles":5,"Red Mask":28,"Membership Card":24,"StrikeDummy":54},{"Darkstone Periapt":3,"Potion Belt":23,"Gremlin Horn":24,"Golden Idol":1,"Magic Flower":11,"Pen Nib":5,"Omamori":20,"Cursed Key":8,"MawBank":11,"Burning Blood":0,"White Beast Statue":3,"Akabeko":23,"Mercury Hourglass":7,"SlaversCollar":15,"Nunchaku":13,"Centennial Puzzle":21,"Ornamental Fan":9,"Mummified Hand":21,"MutagenicStrength":10,"Bag of Marbles":1,"Red Mask":12,"Membership Card":11,"StrikeDummy":26},{"Darkstone Periapt":15,"Potion Belt":106,"Gremlin Horn":109,"Golden Idol":6,"Magic Flower":51,"Pen Nib":24,"Omamori":94,"Cursed Key":40,"MawBank":51,"Burning Blood":0,"White Beast Statue":15,"Akabeko":106,"Mercury Hourglass":30,"SlaversCollar":69,"Nunchaku":57,"Centennial Puzzle":98,"Ornamental Fan":43,"Mummified Hand":98,"MutagenicStrength":46,"Bag of Marbles":6,"Red Mask":54,"Membership Card":51,"StrikeDummy":119}]},"card_choices":[{"not_picked":["Sword Boomerang","Pommel Strike"],"picked":"Spot Weakness","floor":1},{"not_picked":["Searing Blow","Clothesline"],"picked":"Armaments","floor":7},{"not_picked":["Anger","Havoc"],"picked":"Uppercut","floor":8},{"not_picked":["Thunderclap","Body Slam"],"picked":"Dropkick","floor":10},{"not_picked":["Infernal Blade","Warcry","Brutality"],"picked":"SKIP","floor":11},{"not_picked":["Disarm","Twin Strike"],"picked":"Shrug It Off","floor":13},{"not_picked":["True Grit","Shrug It Off"],"picked":"Shockwave","floor":14},{"not_picked":["Immolate","Double Tap"],"picked":"Feed","floor":16},{"not_picked":["Havoc","Thunderclap"],"picked":"Pommel Strike","floor":18},{"not_picked":["Spot Weakness","Clothesline"],"picked":"Cleave","floor":20},{"not_picked":["Clash","Infernal Blade"],"picked":"Shrug It Off","floor":23},{"not_picked":["Body Slam","Perfected Strike+1"],"picked":"Immolate","floor":29},{"not_picked":["Searing Blow+1","Thunderclap"],"picked":"Ghostly Armor+1","floor":31},{"not_picked":["Immolate","Juggernaut"],"picked":"Corruption","floor":33},{"not_picked":["Disarm+1","Rampage"],"picked":"Metallicize+1","floor":35},{"not_picked":["Havoc+1","Body Slam"],"picked":"Spot Weakness+1","floor":37},{"not_picked":["Wild Strike","Pummel","True Grit"],"picked":"SKIP","floor":38},{"not_picked":["Demon Form","Disarm+1","Flex"],"picked":"SKIP","floor":39},{"not_picked":["Body Slam+1","True Grit+1"],"picked":"Battle Trance","floor":40},{"not_picked":["Fire Breathing","Combust+1","Body Slam"],"picked":"SKIP","floor":42},{"not_picked":["Perfected Strike+1","Sword Boomerang","Blood for Blood"],"picked":"SKIP","floor":45},{"not_picked":["Reckless Charge","Clash+1"],"picked":"Sentinel","floor":46},{"not_picked":["Metallicize","Perfected Strike+1"],"picked":"Fiend Fire","floor":48},{"not_picked":["Havoc+1","Twin Strike+1","Flex+1"],"picked":"SKIP","floor":54}],"player_experience":1378443,"relics_obtained":[{"floor":5,"key":"Bag of Marbles"},{"floor":8,"key":"Darkstone Periapt"},{"floor":9,"key":"White Beast Statue"},{"floor":14,"key":"Mercury Hourglass"},{"floor":23,"key":"MawBank"},{"floor":26,"key":"Magic Flower"},{"floor":28,"key":"Red Mask"},{"floor":29,"key":"Nunchaku"},{"floor":40,"key":"Omamori"},{"floor":46,"key":"Akabeko"},{"floor":48,"key":"Gremlin Horn"},{"floor":54,"key":"StrikeDummy"}],"event_choices":[{"damage_healed":0,"gold_gain":75,"player_choice":"Gather Gold","damage_taken":11,"max_hp_gain":0,"max_hp_loss":0,"event_name":"World of Goop","floor":2,"gold_loss":0},{"cards_removed":["Defend_R"],"damage_healed":0,"gold_gain":0,"player_choice":"Card Removal","damage_taken":7,"max_hp_gain":0,"max_hp_loss":0,"event_name":"Golden Wing","floor":3,"gold_loss":0},{"damage_healed":0,"gold_gain":0,"player_choice":"Lose Max HP","damage_taken":0,"relics_obtained":["Golden Idol"],"max_hp_gain":0,"max_hp_loss":6,"event_name":"Golden Idol","floor":4,"gold_loss":0},{"damage_healed":0,"gold_gain":0,"player_choice":"Opened","damage_taken":0,"relics_obtained":["Ornamental Fan"],"max_hp_gain":0,"max_hp_loss":0,"event_name":"The Mausoleum","floor":19,"gold_loss":0,"cards_obtained":["Writhe"]},{"damage_healed":0,"gold_gain":0,"player_choice":"Inject Mutagens","damage_taken":0,"relics_obtained":["MutagenicStrength"],"max_hp_gain":0,"max_hp_loss":0,"event_name":"Drug Dealer","floor":21,"gold_loss":0},{"damage_healed":0,"gold_gain":0,"player_choice":"Read","damage_taken":0,"max_hp_gain":0,"max_hp_loss":0,"event_name":"The Library","floor":22,"gold_loss":0,"cards_obtained":["Limit Break"]},{"damage_healed":0,"gold_gain":0,"player_choice":"Fought Bandits","damage_taken":0,"max_hp_gain":0,"max_hp_loss":0,"event_name":"Masked Bandits","floor":28,"gold_loss":0},{"damage_healed":0,"gold_gain":0,"player_choice":"Ignored","damage_taken":0,"max_hp_gain":0,"max_hp_loss":0,"event_name":"Ghosts","floor":30,"gold_loss":0},{"damage_healed":0,"gold_gain":0,"player_choice":"Upgraded","damage_taken":0,"max_hp_gain":0,"max_hp_loss":0,"event_name":"Upgrade Shrine","floor":36,"gold_loss":0,"cards_upgraded":["Corruption"]}],"is_beta":false,"boss_relics":[{"not_picked":["Astrolabe","Runic Cube"],"picked":"Cursed Key"},{"not_picked":["Sozu","Empty Cage"],"picked":"SlaversCollar"}],"items_purged_floors":[12,24,44],"is_endless":false,"potions_floor_spawned":[1,10,11,13,14,16,18,20,23,28,29,31,33,35,37,38,39,40,42,45,46,48,54],"ascension_level":1}}