{"host":"s2k2cf2d36evfy1t","time":1611345325,"event":{"mods":["BaseMod","Bestiary","Minty Spire (QoL Compilation)","Quick Restart","StSLib"],"gold_per_floor":[114,127,127,127,55,55,83,100,150,177,193,219,219,267,267,362,362,345,345,362,20,38,38,38,51,126,142,142,152,152,479,479,574,574,594,594,236,247,298,298,298,298,298,325,344,374,374,392,392,392],"floor_reached":51,"language":"ENG","playtime":2440,"items_purged":[],"score":1227,"play_id":"038e9d7d-5fea-40ec-8579-2912d6cfe340","local_time":"20210122225525","is_ascension_mode":true,"campfire_choices":[{"data":"White Noise","floor":6.0,"key":"SMITH"},{"floor":15.0,"key":"REST"},{"data":"Apotheosis","floor":23,"key":"SMITH"},{"data":"Defragment","floor":28,"key":"SMITH"},{"floor":30,"key":"REST"},{"floor":32,"key":"REST"},{"floor":40,"key":"REST"},{"floor":42,"key":"REST"},{"floor":49,"key":"REST"}],"circlet_count":0,"master_deck":["AscendersBane","Strike_B","Strike_B","Strike_B+1","Strike_B+1","Defend_B","Defend_B","Defend_B","Defend_B","Zap+1","Dualcast","Glacier","Leap","White Noise+1","Hologram","Conserve Battery","Cold Snap","Electrodynamics+1","Defragment+1","Coolheaded+1","Apotheosis+1","Rip and Tear+1","Sweeping Beam+1","Chaos+1","Leap+1","Biased Cognition","Go for the Eyes","Bandage Up+1","Panacea+1","Jack Of All Trades+1","Consume+1","Stack+1","Parasite","Seek+1"],"relics":["Cracked Core","NeowsBlessing","Bag of Preparation","Boot","Potion Belt","Gremlin Horn","Blood Vial","Philosopher\u0027s Stone","Whetstone","Girya","Toxic Egg 2","Old Coin","Inserter","Calipers","Thread and Needle","Pantograph","Eternal Feather","Nunchaku","Shuriken"],"acts_visited":["Exordium","TheCity","TheBeyond"],"potions_floor_usage":[18,31,39,39,39,48],"damage_taken":[{"damage":0.0,"enemies":"Jaw Worm","floor":1.0,"turns":1.0},{"damage":0.0,"enemies":"2 Louse","floor":2.0,"turns":1.0},{"damage":0.0,"enemies":"3 Sentries","floor":7.0,"turns":1.0},{"damage":1.0,"enemies":"Cultist","floor":8.0,"turns":3.0},{"damage":24.0,"enemies":"Lagavulin","floor":10.0,"turns":9.0},{"damage":0.0,"enemies":"Looter","floor":11.0,"turns":3.0},{"damage":24.0,"enemies":"Gremlin Nob","floor":12.0,"turns":6.0},{"damage":39.0,"enemies":"Slime Boss","floor":16.0,"turns":15.0},{"damage":7,"enemies":"2 Thieves","floor":18,"turns":4},{"damage":12,"enemies":"Spheric Guardian","floor":20,"turns":4},{"damage":15,"enemies":"3 Cultists","floor":22,"turns":5},{"damage":0,"enemies":"Cultist and Chosen","floor":25,"turns":4},{"damage":10,"enemies":"Snake Plant","floor":27,"turns":4},{"damage":0,"enemies":"Chosen and Byrds","floor":29,"turns":3},{"damage":12,"enemies":"Book of Stabbing","floor":31,"turns":5},{"damage":30,"enemies":"Collector","floor":33,"turns":11},{"damage":8,"enemies":"3 Shapes","floor":35,"turns":4},{"damage":25,"enemies":"Orb Walker","floor":38,"turns":4},{"damage":46,"enemies":"2 Orb Walkers","floor":39,"turns":10},{"damage":7,"enemies":"Reptomancer","floor":44,"turns":8},{"damage":14,"enemies":"Writhing Mass","floor":45,"turns":8},{"damage":10,"enemies":"Giant Head","floor":46,"turns":13},{"damage":37,"enemies":"Transient","floor":48,"turns":5},{"damage":29,"enemies":"Awakened One","floor":50,"turns":17}],"seed_played":"7293000086939461190","potions_obtained":[{"floor":1.0,"key":"DuplicationPotion"},{"floor":7.0,"key":"Weak Potion"},{"floor":11.0,"key":"ColorlessPotion"},{"floor":20,"key":"BlessingOfTheForge"},{"floor":22,"key":"FocusPotion"},{"floor":25,"key":"Regen Potion"},{"floor":33,"key":"Explosive Potion"},{"floor":35,"key":"FocusPotion"},{"floor":38,"key":"Regen Potion"},{"floor":45,"key":"Weak Potion"}],"is_trial":false,"path_per_floor":["M","M","?","?","$","R","E","M","T","E","M","E","?","T","R","B",null,"M","?","M","$","M","R","?","M","T","M","R","M","R","E","R","B",null,"M","?","$","M","?","R","?","R","T","E","M","E","T","M","R","B",null],"character_chosen":"DEFECT","items_purchased":["White Noise","Apotheosis","Whetstone","Calipers","Consume+1"],"campfire_rested":6,"item_purchase_floors":[5,21,21,37,37],"current_hp_per_floor":[68,68,68,68,68,68,68,67,67,43,43,19,24,24,48,11,63,58,58,48,48,35,35,35,37,37,29,29,31,55,59,80,50,73,67,57,57,40,17,41,41,65,65,66,60,58,58,29,71,57],"gold":392,"neow_bonus":"THREE_ENEMY_KILL","is_daily":false,"chose_seed":false,"campfire_upgraded":3,"win_rate":0.0,"timestamp":1611345325,"path_taken":["M","M","?","?","?","R","E","M","T","E","M","E","?","?","R","BOSS","M","?","M","$","M","R","?","?","T","M","R","M","R","E","R","BOSS","M","?","$","M","?","R","?","R","T","E","?","E","?","M","R","BOSS"],"items_purchased_type":["Card","Card","Relic","Relic","Card"],"build_version":"2020-12-22","purchased_purges":0,"victory":true,"max_hp_per_floor":[75,75,75,75,75,75,75,75,75,75,75,75,80,80,80,80,80,80,80,80,80,80,80,80,80,80,80,80,80,80,80,80,80,80,80,80,80,80,80,80,80,80,80,80,80,80,80,80,80,80],"card_choices":[{"not_picked":["Capacitor","Go for the Eyes"],"picked":"Glacier","floor":1.0},{"not_picked":["Reprogram","Stack"],"picked":"Leap","floor":2.0},{"not_picked":["Gash","Scrape"],"picked":"Hologram","floor":7.0},{"not_picked":["Steam Power","Rebound","Barrage"],"picked":"SKIP","floor":8.0},{"not_picked":["Consume","Rebound"],"picked":"Leap","floor":10.0},{"not_picked":["Reprogram","Consume"],"picked":"Conserve Battery","floor":11.0},{"not_picked":["Sunder","Machine Learning"],"picked":"Cold Snap","floor":12.0},{"not_picked":["Echo Form","Core Surge"],"picked":"Electrodynamics","floor":16.0},{"not_picked":["Streamline","Consume+1","Stack"],"picked":"SKIP","floor":18},{"not_picked":["Glacier","Static Discharge"],"picked":"Coolheaded+1","floor":20},{"not_picked":["Undo","Steam"],"picked":"Rip and Tear+1","floor":22},{"not_picked":["Compile Driver","Streamline+1"],"picked":"Sweeping Beam+1","floor":25},{"not_picked":["Go for the Eyes","Streamline"],"picked":"Chaos+1","floor":27},{"not_picked":["Coolheaded+1","Lockon","Streamline"],"picked":"SKIP","floor":29},{"not_picked":["Redo+1","Genetic Algorithm+1"],"picked":"Leap+1","floor":31},{"not_picked":["Reboot+1","Machine Learning"],"picked":"Biased Cognition","floor":33},{"not_picked":["Force Field+1","Streamline"],"picked":"Go for the Eyes","floor":35},{"not_picked":["Mind Blast","Secret Weapon+1"],"picked":"Bandage Up+1","floor":36},{"not_picked":["Impatience+1","Finesse+1"],"picked":"Panacea+1","floor":36},{"not_picked":["Master of Strategy+1","Forethought+1"],"picked":"Jack Of All Trades+1","floor":36},{"not_picked":["Turbo+1","Cold Snap"],"picked":"Stack+1","floor":38},{"not_picked":["Cold Snap+1","Beam Cell+1","Go for the Eyes+1"],"picked":"SKIP","floor":44},{"not_picked":["Steam+1","Auto Shields+1"],"picked":"Seek+1","floor":45},{"not_picked":["Streamline+1","Beam Cell+1","Coolheaded+1"],"picked":"SKIP","floor":46},{"not_picked":["Melter+1","Turbo+1","Capacitor"],"picked":"SKIP","floor":48}],"player_experience":234966,"relics_obtained":[{"floor":7.0,"key":"Bag of Preparation"},{"floor":9.0,"key":"Boot"},{"floor":10.0,"key":"Potion Belt"},{"floor":12.0,"key":"Gremlin Horn"},{"floor":14.0,"key":"Blood Vial"},{"floor":26,"key":"Toxic Egg 2"},{"floor":31,"key":"Old Coin"},{"floor":39,"key":"Thread and Needle"},{"floor":43,"key":"Pantograph"},{"floor":44,"key":"Eternal Feather"},{"floor":46,"key":"Nunchaku"},{"floor":47,"key":"Shuriken"}],"event_choices":[{"damage_healed":0.0,"max_hp_gain":0.0,"max_hp_loss":0.0,"gold_gain":0.0,"event_name":"Liars Game","player_choice":"Ignored","floor":3.0,"gold_loss":0.0,"damage_taken":0.0},{"damage_healed":0.0,"max_hp_gain":0.0,"max_hp_loss":0.0,"gold_gain":0.0,"event_name":"Living Wall","player_choice":"Grow","floor":4.0,"gold_loss":0.0,"damage_taken":0.0,"cards_upgraded":["Zap"]},{"damage_healed":0.0,"max_hp_gain":5.0,"max_hp_loss":0.0,"gold_gain":0.0,"event_name":"Big Fish","player_choice":"Donut","floor":13.0,"gold_loss":0.0,"damage_taken":0.0},{"damage_healed":0,"gold_gain":0,"player_choice":"Read","damage_taken":0,"max_hp_gain":0,"max_hp_loss":0,"event_name":"The Library","floor":19,"gold_loss":0,"cards_obtained":["Defragment"]},{"cards_removed":["Leap"],"damage_healed":0,"gold_gain":0,"player_choice":"Gave Card","damage_taken":0,"relics_obtained":["Girya"],"max_hp_gain":0,"max_hp_loss":0,"event_name":"WeMeetAgain","floor":24,"gold_loss":0},{"damage_healed":0,"gold_gain":0,"player_choice":"Memory 3","damage_taken":10,"max_hp_gain":0,"max_hp_loss":0,"event_name":"SensoryStone","floor":36,"gold_loss":0},{"damage_healed":0,"gold_gain":0,"player_choice":"Fight","damage_taken":0,"max_hp_gain":0,"max_hp_loss":0,"event_name":"Mysterious Sphere","floor":39,"gold_loss":0},{"damage_healed":0,"gold_gain":0,"player_choice":"Forge","damage_taken":0,"max_hp_gain":0,"max_hp_loss":0,"event_name":"Accursed Blacksmith","floor":41,"gold_loss":0,"cards_upgraded":["Electrodynamics"]}],"is_beta":false,"boss_relics":[{"not_picked":["Coffee Dripper","Runic Dome"],"picked":"Philosopher\u0027s Stone"},{"not_picked":["Black Star","SacredBark"],"picked":"Inserter"}],"items_purged_floors":[],"is_endless":false,"potions_floor_spawned":[1,7,11,20,22,25,27,29,33,35,38,45],"ascension_level":11}}