{"host":"Koishi","time":1611283038,"event":{"mods":["2.2 Compatiblity","AchievementEnabler","Act Like it!","BaseMod","Better Match","Better Note","Better Sensory Stone","Better Third Choice","Colored Powertips","Gensokyo","Hermit","Koishi","Lobotomy","LobotomyExtend","MarisaÅiñ∂âJÅ@ñÇóùçπÅj","Minty Spire (QoL Compilation)","Quick Restart","Rare Cards Sparkle","ReimuÅiîé??öÎÅj","Relic Stats","Spicy Shops","StSLib","The Construct","Åy?ï®?îvÅzREMEMod"],"gold_per_floor":[114,114,214,232,232,232,264,264,264,264,296,306,46,81,81,176,176,175,190,190,206,206,241,241,273,273,153,184,203,223,223,223,223,223],"floor_reached":33,"language":"ENG","playtime":1276,"items_purged":[],"score":385,"play_id":"bcb9f078-a34f-4c81-bbd0-116e89de2378","local_time":"20210121213718","is_ascension_mode":true,"campfire_choices":[{"data":"construct:AttackMode","floor":6,"key":"SMITH"},{"data":"construct:AttackMode+1","floor":8,"key":"SMITH"},{"data":"hermit:Magnum","floor":10,"key":"SMITH"},{"data":"construct:HammerDown","floor":15,"key":"SMITH"},{"data":"construct:Zapper","floor":32,"key":"SMITH"}],"circlet_count":0,"master_deck":["construct:Strike_Gold","construct:Strike_Gold","construct:Strike_Gold","construct:Strike_Gold","construct:Strike_Gold","construct:Defend_Gold","construct:Defend_Gold+1","construct:Defend_Gold","construct:Defend_Gold","construct:Defend_Gold","construct:AttackMode+2","construct:DefenseMode","hermit:Magnum+1","construct:SweepLaser","construct:Analyze","construct:ClusterMines","construct:SaveState","SnowQueen","construct:OneWayMirror","construct:HammerDown+1","QueenOfHatred","construct:GatlingGun","RedShoes","GreedKing","WallGazer","construct:Zapper+1","construct:CripplingShot","CrumblingArmor","Gensokyo:MenInBlack+1","construct:SweepLaser","OSAHOGD"],"relics":["construct:ClockworkPhoenix","construct:Challenge1","REME_ComplimentaryCards","CogitoBucket","LetterFromLob","Bottled Flame","Ornamental Fan","Dead Branch","RuthlessExorcism:ReiMu","CrazyTorch:ReiMu","Black Star","LuminousBracelet","Gensokyo:DirgeOfMelancholy","REME_HourglassOfDeath","Calipers","War Paint","Du-Vu Doll","Blue Candle","Gensokyo:SpiderMask","Centennial Puzzle","construct:BoolHorns","BackwardClock"],"acts_visited":["Gensokyo:Gensokyo","Gensokyo:Gensokyoer"],"potions_floor_usage":[29,33],"damage_taken":[{"damage":4,"enemies":"Gensokyo:3_Fairies","floor":1,"turns":4},{"damage":0,"enemies":"Gensokyo:Python","floor":4,"turns":2},{"damage":14,"enemies":"Gensokyo:Cirno","floor":7,"turns":5},{"damage":10,"enemies":"Gensokyo:Aya","floor":11,"turns":5},{"damage":1,"enemies":"Gensokyo:2_Kodama","floor":12,"turns":2},{"damage":0,"enemies":"Gensokyo:Mamizou","floor":14,"turns":4},{"damage":46,"enemies":"Gensokyo:Reimu","floor":16,"turns":8},{"damage":23,"enemies":"Gensokyo:AngelMirror","floor":18,"turns":4},{"damage":11,"enemies":"Gensokyo:Chomper","floor":19,"turns":3},{"damage":30,"enemies":"Gensokyo:Monolith_and_Dog","floor":21,"turns":5},{"damage":0,"enemies":"Gensokyo:Reisen","floor":23,"turns":2},{"damage":28,"enemies":"Gensokyo:Koishi","floor":25,"turns":6},{"damage":20,"enemies":"Gensokyo:Tenshi","floor":28,"turns":3},{"damage":18,"enemies":"Gensokyo:Mirror_and_Dog","floor":29,"turns":3},{"damage":26,"enemies":"Gensokyo:Swordslinger","floor":30,"turns":4},{"damage":22,"enemies":"Gensokyo:Kaguya","floor":33,"turns":5}],"seed_played":"1925005413846204879","potions_obtained":[{"floor":1,"key":"Weak Potion"},{"floor":14,"key":"SteroidPotion"},{"floor":18,"key":"AttackPotion"},{"floor":19,"key":"DuplicationPotion"},{"floor":29,"key":"ZuzhouPotion:ReiMu"}],"is_trial":false,"path_per_floor":["M","?","?","M","?","R","E","R","T","R","E","M","$","E","R","B",null,"M","M","?","M","?","E","?","E","T","?","E","M","M","?","R","B"],"character_chosen":"THE_CONSTRUCT_MOD","items_purchased":["construct:OneWayMirror","RuthlessExorcism:ReiMu"],"campfire_rested":0,"item_purchase_floors":[13,13],"current_hp_per_floor":[81,81,81,81,81,81,67,67,67,67,57,56,56,56,56,16,85,83,78,78,63,63,69,69,55,55,55,44,27,11,11,11,0,0],"gold":223,"neow_bonus":"","is_daily":false,"chose_seed":false,"campfire_upgraded":5,"win_rate":0.0,"timestamp":1611283038,"path_taken":["M","?","?","M","?","R","E","R","T","R","E","?","$","E","R","BOSS","M","M","?","M","?","E","?","E","T","?","E","?","M","?","R","BOSS"],"items_purchased_type":["Card","Relic"],"build_version":"2020-12-18","purchased_purges":0,"victory":false,"max_hp_per_floor":[85,85,85,85,85,85,85,85,85,85,85,85,85,85,85,85,85,100,100,100,100,100,100,90,90,90,90,90,90,90,90,90,90,90],"relic_stats":{"Centennial Puzzle":[9],"counters":[18,66],"Ornamental Fan":[28],"Dead Branch":[63],"Blue Candle":[0],"Black Star":3,"War Paint":["construct:Defend_Gold","Gensokyo:MenInBlack"],"obtain_stats":[{"construct:BoolHorns":28,"BackwardClock":29,"Gensokyo:DirgeOfMelancholy":20,"Calipers":23,"Dead Branch":11,"Blue Candle":26,"LuminousBracelet":18,"Gensokyo:SpiderMask":27,"construct:ClockworkPhoenix":0,"War Paint":25,"construct:Challenge1":0,"Du-Vu Doll":25,"Frozen Eye":25,"CogitoBucket":0,"Bottled Flame":7,"Centennial Puzzle":28,"REME_HourglassOfDeath":23,"Ornamental Fan":9,"CrazyTorch:ReiMu":14,"LetterFromLob":1,"Black Star":17,"REME_ComplimentaryCards":0,"RuthlessExorcism:ReiMu":13},{"construct:BoolHorns":14,"BackwardClock":16,"Gensokyo:DirgeOfMelancholy":10,"Calipers":12,"Dead Branch":4,"Blue Candle":13,"LuminousBracelet":9,"Gensokyo:SpiderMask":13,"construct:ClockworkPhoenix":0,"War Paint":13,"construct:Challenge1":0,"Du-Vu Doll":13,"Frozen Eye":12,"CogitoBucket":0,"Bottled Flame":3,"Centennial Puzzle":14,"REME_HourglassOfDeath":12,"Ornamental Fan":3,"CrazyTorch:ReiMu":6,"LetterFromLob":1,"Black Star":7,"REME_ComplimentaryCards":0,"RuthlessExorcism:ReiMu":5},{"construct:BoolHorns":53,"BackwardClock":57,"Gensokyo:DirgeOfMelancholy":37,"Calipers":44,"Dead Branch":16,"Blue Candle":50,"LuminousBracelet":34,"Gensokyo:SpiderMask":50,"construct:ClockworkPhoenix":0,"War Paint":50,"construct:Challenge1":0,"Du-Vu Doll":50,"Frozen Eye":44,"CogitoBucket":0,"Bottled Flame":11,"Centennial Puzzle":53,"REME_HourglassOfDeath":44,"Ornamental Fan":11,"CrazyTorch:ReiMu":22,"LetterFromLob":4,"Black Star":30,"REME_ComplimentaryCards":0,"RuthlessExorcism:ReiMu":18}]},"card_choices":[{"not_picked":["construct:Disrupt","construct:HeavyBolt"],"picked":"construct:SweepLaser","floor":1},{"not_picked":["WhitesApple","Scorched","PunishingBird"],"picked":"Singing Bowl","floor":1},{"not_picked":["construct:Boost","construct:Reinforce"],"picked":"construct:Analyze","floor":2},{"not_picked":["construct:LongRangeLance","construct:Analyze"],"picked":"construct:ClusterMines","floor":4},{"not_picked":["SpiderBud","Bloodbath","MHz"],"picked":"Singing Bowl","floor":4},{"not_picked":["GalaxyChild","OldLady","MeatLantern"],"picked":"Singing Bowl","floor":7},{"not_picked":["construct:Tumble","construct:CriticalHit","construct:LongRangeLance"],"picked":"SKIP","floor":7},{"not_picked":["UniverseFragment","Mercenary","ShyLook"],"picked":"Singing Bowl","floor":11},{"not_picked":["construct:Disrupt","construct:Anticipate","construct:Backfire"],"picked":"SKIP","floor":11},{"not_picked":["construct:HeavyBolt","construct:FocusedBeam"],"picked":"construct:SaveState","floor":12},{"not_picked":["Bloodbath","NakedNest","CherryBlossoms"],"picked":"Singing Bowl","floor":12},{"not_picked":["UniverseFragment","LaLuna"],"picked":"SnowQueen","floor":12},{"not_picked":["construct:ClusterMines","construct:Chainstrike"],"picked":"construct:HammerDown","floor":14},{"not_picked":["OldLady","Murderer"],"picked":"QueenOfHatred","floor":14},{"not_picked":["construct:ShieldGenerator","construct:LongRangeLance"],"picked":"construct:GatlingGun","floor":16},{"not_picked":["CherryBlossoms","UniverseFragment","Wellcheers"],"picked":"Singing Bowl","floor":16},{"not_picked":["CherryBlossoms","Laetitia"],"picked":"RedShoes","floor":16},{"not_picked":["Wellcheers","Woodsman"],"picked":"GreedKing","floor":18},{"not_picked":["construct:Disrupt","construct:ElectricArmor","construct:OneWayMirror"],"picked":"SKIP","floor":18},{"not_picked":["LittlePrince","Scarecrow","Murderer"],"picked":"Singing Bowl","floor":19},{"not_picked":["construct:PowerUp","construct:Forcefield+1","construct:PointDefense"],"picked":"SKIP","floor":19},{"not_picked":["Laetitia","SpiderBud"],"picked":"WallGazer","floor":21},{"not_picked":["construct:BatteryAcid","construct:Versatility","construct:SyphonStrike+1"],"picked":"SKIP","floor":21},{"not_picked":["construct:SyphonStrike","construct:Antimatter"],"picked":"construct:CripplingShot","floor":23},{"not_picked":["Woodsman","Freischutz"],"picked":"CrumblingArmor","floor":23},{"not_picked":["Gensokyo:Apocalypse","Gensokyo:HAARP"],"picked":"Gensokyo:MenInBlack","floor":24},{"not_picked":["FairyFestival","Porccubus","WhitesApple"],"picked":"Singing Bowl","floor":25},{"not_picked":["construct:Autoturret","construct:ReactiveShield","construct:Tumble"],"picked":"SKIP","floor":25},{"not_picked":["construct:CripplingShot+1","construct:SyphonStrike+1"],"picked":"construct:SweepLaser","floor":28},{"not_picked":["DreamingCurrent","MHz","Bloodbath"],"picked":"Singing Bowl","floor":28},{"not_picked":["GalaxyChild","Scorched","FieryBird"],"picked":"Singing Bowl","floor":29},{"not_picked":["OldLady","Variant"],"picked":"OSAHOGD","floor":29},{"not_picked":["construct:Accumulate+1","construct:Construct_Overclock","construct:Analyze"],"picked":"SKIP","floor":29},{"not_picked":["PlagueDoctor","OldLady","Bloodbath"],"picked":"Singing Bowl","floor":30},{"not_picked":["construct:Autoturret","construct:Versatility+1","construct:ScrapCannon"],"picked":"SKIP","floor":30}],"player_experience":199262,"relics_obtained":[{"floor":1,"key":"LetterFromLob"},{"floor":7,"key":"Bottled Flame"},{"floor":9,"key":"Ornamental Fan"},{"floor":11,"key":"Dead Branch"},{"floor":14,"key":"CrazyTorch:ReiMu"},{"floor":23,"key":"REME_HourglassOfDeath"},{"floor":23,"key":"Calipers"},{"floor":25,"key":"War Paint"},{"floor":25,"key":"Du-Vu Doll"},{"floor":26,"key":"Blue Candle"},{"floor":28,"key":"Centennial Puzzle"},{"floor":28,"key":"construct:BoolHorns"}],"event_choices":[],"is_beta":true,"boss_relics":[{"not_picked":["REME_DuelDisc","Astrolabe"],"picked":"Black Star"}],"items_purged_floors":[],"is_endless":false,"potions_floor_spawned":[1,14,18,19,29],"killed_by":"Gensokyo:Kaguya","ascension_level":1}}