{"host":"k1zte7p040j04785","time":1611346722,"event":{"mods":["AchievementEnabler","BaseMod","Googly Eyes","Hermit","Minty Spire (QoL Compilation)","StSLib","The Cursed"],"gold_per_floor":[112,126,126,136,152,181,181,181,181,181,181,196,210,227,227,328,328,343,343,357,357,34,69,81,81,81,94,108,143,143,143,143,246,246,258,480,480,2,52,52,62,62,62,76,76,95,107,119,119,119],"floor_reached":51,"language":"RUS","playtime":2449,"items_purged":["Regret"],"score":821,"play_id":"680008f0-7c5a-410d-818d-14ad9026d987","local_time":"20210122231842","is_ascension_mode":false,"campfire_choices":[{"floor":7,"key":"REST"},{"floor":15,"key":"REST"},{"floor":25,"key":"REST"},{"floor":30,"key":"REST"},{"floor":32,"key":"REST"},{"data":"Enlightenment","floor":40,"key":"SMITH"},{"floor":49,"key":"REST"}],"circlet_count":0,"master_deck":["Strike_R","Strike_R","Strike_R","Strike_R","Strike_R","Defend_R","Defend_R+1","Bash","Perfected Strike","Uppercut","Perfected Strike","Twin Strike+1","Heavy Blade","Pommel Strike+1","Thunderclap+1","Headbutt+1","Double Tap","Clash+1","Clash+1","Carnage+1","Clash+1","Thunderclap+1","Heavy Blade+1","Heavy Blade+1","Limit Break","CurseOfTheBell","Heavy Blade+1","Violence","Flash of Steel+1","Enlightenment+1","Inflame+1","Cleave+1","Whirlwind+1","Madness","Madness","Clash+1","Clash+1","Rampage+1","Carnage+1"],"relics":["Burning Blood","Bag of Marbles","Darkstone Periapt","Molten Egg 2","Mummified Hand","Matryoshka","Black Star","MutagenicStrength","Shuriken","Mercury Hourglass","Oddly Smooth Stone","InkBottle","Frozen Egg 2","Red Mask","Nilry\u0027s Codex","Calling Bell","Centennial Puzzle","Letter Opener","Du-Vu Doll","Lizard Tail","Unceasing Top","Vajra","Bottled Flame"],"acts_visited":["Exordium","TheCity","TheBeyond"],"potions_floor_usage":[16,16,29,33,50],"damage_taken":[{"damage":15,"enemies":"Jaw Worm","floor":1,"turns":4},{"damage":0,"enemies":"Small Slimes","floor":2,"turns":2},{"damage":8,"enemies":"2 Louse","floor":4,"turns":2},{"damage":5,"enemies":"Looter","floor":5,"turns":2},{"damage":24,"enemies":"3 Sentries","floor":6,"turns":5},{"damage":21,"enemies":"Lots of Slimes","floor":12,"turns":4},{"damage":21,"enemies":"2 Fungi Beasts","floor":13,"turns":3},{"damage":2,"enemies":"Exordium Wildlife","floor":14,"turns":2},{"damage":61,"enemies":"Slime Boss","floor":16,"turns":9},{"damage":22,"enemies":"Shell Parasite","floor":18,"turns":3},{"damage":23,"enemies":"2 Thieves","floor":20,"turns":3},{"damage":30,"enemies":"Book of Stabbing","floor":23,"turns":3},{"damage":1,"enemies":"Sentry and Sphere","floor":24,"turns":3},{"damage":10,"enemies":"Chosen and Byrds","floor":27,"turns":3},{"damage":0,"enemies":"Snecko","floor":28,"turns":2},{"damage":0,"enemies":"Masked Bandits","floor":29,"turns":2},{"damage":64,"enemies":"Collector","floor":33,"turns":4},{"damage":13,"enemies":"3 Darklings","floor":35,"turns":2},{"damage":0,"enemies":"Mind Bloom Boss Battle","floor":39,"turns":3},{"damage":0,"enemies":"3 Shapes","floor":41,"turns":1},{"damage":6,"enemies":"3 Darklings","floor":44,"turns":2},{"damage":3,"enemies":"Transient","floor":46,"turns":5},{"damage":9,"enemies":"Sphere and 2 Shapes","floor":47,"turns":2},{"damage":28,"enemies":"Maw","floor":48,"turns":5},{"damage":148,"enemies":"Awakened One","floor":50,"turns":8}],"seed_played":"-4864043077139987324","potions_obtained":[{"floor":2,"key":"SneckoOil"},{"floor":5,"key":"SpeedPotion"},{"floor":12,"key":"SkillPotion"},{"floor":18,"key":"EssenceOfSteel"},{"floor":27,"key":"ColorlessPotion"},{"floor":29,"key":"Fruit Juice"},{"floor":39,"key":"ElixirPotion"}],"is_trial":false,"path_per_floor":["M","M","?","M","M","E","R","?","T","?","T","M","M","M","R","B",null,"M","?","M","?","$","E","M","R","T","M","M","?","R","?","R","B",null,"M","?","?","$","?","R","M","?","T","M","?","M","M","M","R","B",null],"character_chosen":"IRONCLAD","items_purchased":["Shuriken","Lizard Tail","FairyPotion","Inflame+1"],"campfire_rested":6,"item_purchase_floors":[22,38,38,38],"current_hp_per_floor":[71,77,77,75,76,58,80,86,86,69,69,54,39,43,68,13,86,70,70,53,53,53,29,34,59,59,55,61,72,91,75,91,33,97,90,90,80,80,86,86,92,80,80,80,80,83,80,58,87,40],"gold":119,"neow_bonus":"RANDOM_COMMON_RELIC","is_daily":false,"chose_seed":false,"campfire_upgraded":1,"win_rate":0.0,"timestamp":1611346722,"path_taken":["M","M","?","M","M","E","R","?","T","?","?","?","M","M","R","BOSS","M","?","M","?","?","E","M","R","T","M","?","?","R","?","R","BOSS","M","?","?","$","?","R","M","?","T","M","?","M","?","M","R","BOSS"],"items_purchased_type":["Relic","Relic","Potion","Card"],"build_version":"2020-12-22","purchased_purges":1,"victory":true,"max_hp_per_floor":[80,80,80,80,80,80,80,86,86,86,86,86,86,86,86,86,86,86,86,86,86,86,86,86,86,86,86,86,91,91,91,91,91,97,97,97,97,97,97,97,97,97,97,97,97,97,97,97,97,97],"card_choices":[{"not_picked":["Wild Strike","Armaments"],"picked":"Perfected Strike","floor":1},{"not_picked":["True Grit","Evolve"],"picked":"Uppercut","floor":2},{"not_picked":["Dual Wield","Iron Wave"],"picked":"Perfected Strike","floor":4},{"not_picked":["Berserk","Metallicize"],"picked":"Twin Strike","floor":5},{"not_picked":["Ghostly Armor","Shrug It Off"],"picked":"Heavy Blade","floor":6},{"not_picked":["Flame Barrier","Flex"],"picked":"Pommel Strike+1","floor":12},{"not_picked":["Intimidate","Blood for Blood+1"],"picked":"Thunderclap+1","floor":13},{"not_picked":["Rupture","Clothesline+1"],"picked":"Headbutt+1","floor":14},{"not_picked":["Juggernaut","Limit Break"],"picked":"Double Tap","floor":16},{"not_picked":["Headbutt+1","Second Wind+1"],"picked":"Clash+1","floor":18},{"not_picked":["Blood for Blood+1","Thunderclap+1"],"picked":"Clash+1","floor":20},{"not_picked":["Fire Breathing","Hemokinesis+1"],"picked":"Carnage+1","floor":23},{"not_picked":["Searing Blow+1","Wild Strike+1"],"picked":"Clash+1","floor":24},{"not_picked":["Spot Weakness+1","Body Slam+1"],"picked":"Thunderclap+1","floor":27},{"not_picked":["Uppercut+1","Battle Trance"],"picked":"Heavy Blade+1","floor":28},{"not_picked":["Sever Soul+1","Ghostly Armor+1"],"picked":"Heavy Blade+1","floor":29},{"not_picked":["Offering","Berserk+1"],"picked":"Limit Break","floor":33},{"not_picked":["Shrug It Off","Wild Strike+1"],"picked":"Heavy Blade+1","floor":35},{"not_picked":["Purity","Dark Shackles"],"picked":"Violence","floor":37},{"not_picked":["Panacea","Mind Blast+1"],"picked":"Flash of Steel+1","floor":37},{"not_picked":["Forethought","Panacea"],"picked":"Enlightenment","floor":37},{"not_picked":["Wild Strike+1","Evolve+1"],"picked":"Cleave+1","floor":39},{"not_picked":["Warcry+1","Shrug It Off"],"picked":"Whirlwind+1","floor":41},{"not_picked":["Shrug It Off","Pummel+1"],"picked":"Clash+1","floor":44},{"not_picked":["Combust+1","Thunderclap+1"],"picked":"Clash+1","floor":46},{"not_picked":["Limit Break","Dropkick+1"],"picked":"Rampage+1","floor":47},{"not_picked":["Sword Boomerang+1","Reckless Charge+1"],"picked":"Carnage+1","floor":48}],"player_experience":89391,"relics_obtained":[{"floor":6,"key":"Darkstone Periapt"},{"floor":9,"key":"Mummified Hand"},{"floor":11,"key":"Matryoshka"},{"floor":23,"key":"Mercury Hourglass"},{"floor":23,"key":"Oddly Smooth Stone"},{"floor":26,"key":"InkBottle"},{"floor":26,"key":"Frozen Egg 2"},{"floor":29,"key":"Red Mask"},{"floor":31,"key":"Nilry\u0027s Codex"},{"floor":34,"key":"Centennial Puzzle"},{"floor":34,"key":"Letter Opener"},{"floor":34,"key":"Du-Vu Doll"},{"floor":39,"key":"Unceasing Top"},{"floor":43,"key":"Vajra"},{"floor":43,"key":"Bottled Flame"}],"event_choices":[{"cards_removed":["Defend_R"],"damage_healed":0,"gold_gain":0,"player_choice":"Forget","damage_taken":0,"max_hp_gain":0,"max_hp_loss":0,"event_name":"Living Wall","floor":3,"gold_loss":0},{"damage_healed":0,"gold_gain":0,"player_choice":"Box","damage_taken":0,"relics_obtained":["Molten Egg 2"],"max_hp_gain":0,"max_hp_loss":0,"event_name":"Big Fish","floor":8,"gold_loss":0,"cards_obtained":["Regret"]},{"damage_healed":0,"gold_gain":0,"player_choice":"Entered Light","damage_taken":17,"max_hp_gain":0,"max_hp_loss":0,"event_name":"Shining Light","floor":10,"gold_loss":0,"cards_upgraded":["Twin Strike","Defend_R"]},{"damage_healed":0,"gold_gain":0,"player_choice":"Ignored","damage_taken":0,"max_hp_gain":0,"max_hp_loss":0,"event_name":"Vampires","floor":19,"gold_loss":0},{"damage_healed":0,"gold_gain":0,"player_choice":"Inject Mutagens","damage_taken":0,"relics_obtained":["MutagenicStrength"],"max_hp_gain":0,"max_hp_loss":0,"event_name":"Drug Dealer","floor":21,"gold_loss":0},{"damage_healed":0,"gold_gain":0,"player_choice":"Fought Bandits","damage_taken":0,"max_hp_gain":0,"max_hp_loss":0,"event_name":"Masked Bandits","floor":29,"gold_loss":0},{"damage_healed":0,"gold_gain":0,"player_choice":"Obtained Book","damage_taken":16,"max_hp_gain":0,"max_hp_loss":0,"event_name":"Cursed Tome","floor":31,"gold_loss":0},{"damage_healed":0,"gold_gain":222,"player_choice":"Wore Mask","damage_taken":0,"max_hp_gain":0,"max_hp_loss":0,"event_name":"Tomb of Lord Red Mask","floor":36,"gold_loss":0},{"damage_healed":0,"gold_gain":0,"player_choice":"Memory 3","damage_taken":10,"max_hp_gain":0,"max_hp_loss":0,"event_name":"SensoryStone","floor":37,"gold_loss":0},{"damage_healed":0,"gold_gain":0,"player_choice":"Fight","damage_taken":0,"max_hp_gain":0,"max_hp_loss":0,"event_name":"MindBloom","floor":39,"gold_loss":0},{"damage_healed":0,"gold_gain":0,"player_choice":"Embrace Madness","damage_taken":12,"max_hp_gain":0,"max_hp_loss":0,"event_name":"Winding Halls","floor":42,"gold_loss":0,"cards_obtained":["Madness","Madness"]},{"cards_removed":["Defend_R"],"damage_healed":0,"gold_gain":0,"player_choice":"Removed Skill","damage_taken":0,"max_hp_gain":0,"max_hp_loss":0,"event_name":"Falling","floor":45,"gold_loss":0}],"is_beta":false,"boss_relics":[{"not_picked":["Runic Pyramid","Snecko Eye"],"picked":"Black Star"},{"not_picked":["Velvet Choker","SlaversCollar"],"picked":"Calling Bell"}],"items_purged_floors":[22],"is_endless":false,"potions_floor_spawned":[2,5,12,18,27,28,29,39,41,48],"ascension_level":0}}