{"host":"4ag909k4xupnj24b","time":1611321272,"event":{"mods":["BaseMod","Minty Spire (QoL Compilation)","StSLib"],"gold_per_floor":[112,130,145,158,123,123,48,58,82,117,117,167,95,112,112,186,186,202,219,40,40,51,51,66,66,89,89,89],"floor_reached":27,"language":"ENG","playtime":1126,"items_purged":["Strike_B"],"score":376,"play_id":"21a14711-5180-40e7-9ea8-63450e6dac94","local_time":"20210122051432","is_ascension_mode":true,"campfire_choices":[{"data":"Static Discharge","floor":6,"key":"SMITH"},{"floor":11,"key":"REST"},{"data":"Loop","floor":15,"key":"SMITH"},{"data":"Double Energy","floor":23,"key":"SMITH"}],"circlet_count":0,"master_deck":["AscendersBane","Strike_B+1","Strike_B+1","Strike_B+1","Defend_B+1","Defend_B+1","Defend_B+1","Defend_B+1","Zap","Dualcast","Gash","Melter","Glacier","Static Discharge+1","Genetic Algorithm","Double Energy+1","Loop+1","Doom and Gloom","Seek","Sweeping Beam","Capacitor","Electrodynamics","Hologram","Lockon+1","Capacitor","Auto Shields"],"relics":["SacredBark","Akabeko","Regal Pillow","Runic Pyramid","Orrery","Omamori"],"acts_visited":["Exordium","TheCity"],"potions_floor_usage":[10,14,16],"damage_taken":[{"damage":7,"enemies":"Jaw Worm","floor":1,"turns":6},{"damage":9,"enemies":"Small Slimes","floor":2,"turns":6},{"damage":10,"enemies":"Cultist","floor":3,"turns":4},{"damage":4,"enemies":"3 Louse","floor":4,"turns":6},{"damage":13,"enemies":"Large Slime","floor":8,"turns":5},{"damage":24,"enemies":"Gremlin Nob","floor":10,"turns":4},{"damage":6,"enemies":"Blue Slaver","floor":14,"turns":6},{"damage":36,"enemies":"The Guardian","floor":16,"turns":14},{"damage":0,"enemies":"Spheric Guardian","floor":18,"turns":2},{"damage":5,"enemies":"3 Byrds","floor":19,"turns":5},{"damage":0,"enemies":"3 Cultists","floor":22,"turns":3},{"damage":18,"enemies":"Centurion and Healer","floor":24,"turns":5},{"damage":12,"enemies":"Cultist and Chosen","floor":27,"turns":4}],"seed_played":"-4731708468925876948","potions_obtained":[{"floor":2,"key":"PowerPotion"},{"floor":4,"key":"SkillPotion"},{"floor":10,"key":"PowerPotion"},{"floor":16,"key":"Strength Potion"},{"floor":22,"key":"Swift Potion"}],"is_trial":false,"path_per_floor":["M","M","M","M","?","R","$","M","T","E","R","?","$","M","R","B",null,"M","M","$","?","M","R","M","?","T","M"],"character_chosen":"DEFECT","items_purchased":["Loop","Capacitor","Orrery"],"campfire_rested":1,"item_purchase_floors":[13,20,20],"current_hp_per_floor":[57,48,38,34,51,51,51,38,38,14,50,43,43,37,37,1,54,54,49,49,29,29,29,11,11,11,0,0],"gold":89,"neow_bonus":"BOSS_RELIC","is_daily":false,"chose_seed":false,"campfire_upgraded":3,"win_rate":0.0,"timestamp":1611321272,"path_taken":["M","M","M","M","?","R","$","M","T","E","R","?","$","M","R","BOSS","M","?","$","?","M","R","M","?","T","M"],"items_purchased_type":["Card","Card","Relic"],"build_version":"2020-12-22","purchased_purges":1,"victory":false,"max_hp_per_floor":[71,71,71,71,71,71,71,71,71,71,71,71,71,71,71,71,71,71,71,71,76,76,76,76,76,76,76,76],"card_choices":[{"not_picked":["Force Field","Hologram"],"picked":"Gash","floor":1},{"not_picked":["Redo","Gash"],"picked":"Melter","floor":2},{"not_picked":["Undo","Tempest"],"picked":"Glacier","floor":3},{"not_picked":["White Noise","Stack"],"picked":"Static Discharge","floor":4},{"not_picked":["Tempest","Turbo"],"picked":"Genetic Algorithm","floor":8},{"not_picked":["Hologram","Beam Cell"],"picked":"Double Energy","floor":10},{"not_picked":["Steam Power","Darkness"],"picked":"Doom and Gloom","floor":14},{"not_picked":["Machine Learning","Meteor Strike"],"picked":"Seek","floor":16},{"not_picked":["Barrage","Conserve Battery+1"],"picked":"Sweeping Beam","floor":18},{"not_picked":["Cold Snap","Stack","Sweeping Beam"],"picked":"SKIP","floor":19},{"not_picked":["Lockon","Coolheaded"],"picked":"Electrodynamics","floor":20},{"not_picked":["Double Energy","Rebound"],"picked":"Hologram","floor":20},{"not_picked":["Reprogram","Ball Lightning"],"picked":"Lockon+1","floor":20},{"not_picked":["Melter+1","Hologram"],"picked":"Capacitor","floor":22},{"not_picked":["Streamline","Redo"],"picked":"Auto Shields","floor":24}],"player_experience":861757,"relics_obtained":[{"floor":9,"key":"Akabeko"},{"floor":10,"key":"Regal Pillow"},{"floor":26,"key":"Omamori"}],"event_choices":[{"damage_healed":17,"gold_gain":0,"player_choice":"Healed","damage_taken":0,"max_hp_gain":0,"max_hp_loss":0,"event_name":"The Cleric","floor":5,"gold_loss":35},{"damage_healed":0,"gold_gain":50,"player_choice":"Touch","damage_taken":7,"max_hp_gain":0,"max_hp_loss":0,"event_name":"FaceTrader","floor":12,"gold_loss":0},{"damage_healed":0,"gold_gain":0,"player_choice":"Shed Blood","damage_taken":25,"max_hp_gain":5,"max_hp_loss":0,"event_name":"Forgotten Altar","floor":21,"gold_loss":0},{"damage_healed":0,"gold_gain":0,"player_choice":"Simplicity","damage_taken":0,"max_hp_gain":0,"max_hp_loss":0,"event_name":"Back to Basics","floor":25,"gold_loss":0,"cards_upgraded":["Strike_B","Strike_B","Strike_B","Defend_B","Defend_B","Defend_B","Defend_B"]}],"is_beta":false,"boss_relics":[{"not_picked":["Velvet Choker","Busted Crown"],"picked":"Runic Pyramid"}],"items_purged_floors":[7],"is_endless":false,"potions_floor_spawned":[2,4,10,16,22],"killed_by":"Cultist and Chosen","ascension_level":15}}