{"host":"Nexxot","time":1611307911,"event":{"mods":["AchievementEnabler","BaseMod","Bestiary","Colored Map","Curses Come First","Highlight Path","Minty Spire (QoL Compilation)","Relic Stats","StSLib"],"gold_per_floor":[216,216,66,86,105,105,139,139,191,191,206,236,14,33,33,130,130,148,163,63,63,63,92,92,122,192,117,168,168,168,186,186,289,289,304,314,314,324,344,374,374,408,432,447,447,476,531,310,310,310,310,310,19,59,59],"floor_reached":56,"language":"ENG","playtime":4912,"items_purged":["Strike_G","Strike_G","Strike_G","Endless Agony"],"score":2037,"play_id":"918613ed-86ae-4ac7-bbb8-7f5381144dd1","local_time":"20210122103151","is_ascension_mode":true,"campfire_choices":[{"data":"Dash","floor":6,"key":"SMITH"},{"data":"Dagger Spray","floor":8,"key":"SMITH"},{"data":"Apotheosis","floor":15,"key":"SMITH"},{"floor":24,"key":"REST"},{"data":"Noxious Fumes","floor":32,"key":"SMITH"},{"data":"Tools of the Trade","floor":41,"key":"SMITH"},{"floor":49,"key":"RECALL"},{"data":"Acrobatics","floor":52,"key":"SMITH"}],"circlet_count":0,"master_deck":["Defend_G","Defend_G","Defend_G","Defend_G","Survivor","Neutralize","Dagger Spray+1","Footwork","Dash+1","Blur","Blur","Apotheosis+1","Backflip","Noxious Fumes+1","Tools of the Trade+1","Dodge and Roll","Dodge and Roll","Footwork","Leg Sweep","Ghostly","Ghostly","Ghostly","Ghostly","Ghostly","Bouncing Flask","Corpse Explosion","Acrobatics+1","Backflip+1","Night Terror","Calculated Gamble+1","Panache","Deadly Poison","Bouncing Flask+1","Noxious Fumes","Prepared+1","Dodge and Roll+1","PiercingWail","Blur","Footwork","Venomology"],"relics":["Ring of the Serpent","Art of War","Juzu Bracelet","Centennial Puzzle","Ancient Tea Set","The Courier","Blood Vial","Mercury Hourglass","MealTicket","Tiny Chest","HoveringKite","Bottled Tornado","Paper Crane","CeramicFish","Unceasing Top","Orrery","Medical Kit","CaptainsWheel"],"acts_visited":["Exordium","TheCity","TheBeyond","TheEnding"],"potions_floor_usage":[12,23,23,46,55,55],"damage_taken":[{"damage":4,"enemies":"Small Slimes","floor":1,"turns":5},{"damage":0,"enemies":"Cultist","floor":4,"turns":4},{"damage":0,"enemies":"2 Louse","floor":5,"turns":2},{"damage":12,"enemies":"Lagavulin","floor":7,"turns":12},{"damage":0,"enemies":"Looter","floor":11,"turns":4},{"damage":10,"enemies":"Gremlin Nob","floor":12,"turns":4},{"damage":0,"enemies":"Large Slime","floor":14,"turns":9},{"damage":5,"enemies":"Slime Boss","floor":16,"turns":12},{"damage":10,"enemies":"Spheric Guardian","floor":18,"turns":10},{"damage":1,"enemies":"3 Byrds","floor":19,"turns":6},{"damage":24,"enemies":"Gremlin Leader","floor":23,"turns":11},{"damage":0,"enemies":"Book of Stabbing","floor":25,"turns":13},{"damage":0,"enemies":"Centurion and Healer","floor":31,"turns":11},{"damage":0,"enemies":"Collector","floor":33,"turns":13},{"damage":2,"enemies":"3 Darklings","floor":35,"turns":5},{"damage":1,"enemies":"Orb Walker","floor":36,"turns":7},{"damage":7,"enemies":"Jaw Worm Horde","floor":38,"turns":6},{"damage":0,"enemies":"Maw","floor":39,"turns":9},{"damage":0,"enemies":"Giant Head","floor":40,"turns":14},{"damage":0,"enemies":"Nemesis","floor":42,"turns":11},{"damage":1,"enemies":"4 Shapes","floor":44,"turns":4},{"damage":0,"enemies":"Reptomancer","floor":46,"turns":8},{"damage":3,"enemies":"2 Orb Walkers","floor":47,"turns":6},{"damage":0,"enemies":"Time Eater","floor":50,"turns":15},{"damage":3,"enemies":"Shield and Spear","floor":54,"turns":7},{"damage":2,"enemies":"The Heart","floor":55,"turns":13}],"seed_played":"-2231342189459818890","potions_obtained":[{"floor":5,"key":"Energy Potion"},{"floor":11,"key":"GamblersBrew"},{"floor":12,"key":"Poison Potion"},{"floor":16,"key":"CunningPotion"},{"floor":19,"key":"FearPotion"},{"floor":25,"key":"Strength Potion"},{"floor":33,"key":"Strength Potion"},{"floor":36,"key":"DuplicationPotion"},{"floor":44,"key":"Energy Potion"}],"is_trial":false,"path_per_floor":["M","?","$","M","M","R","E","R","T","?","M","E","$","M","R","B",null,"M","M","$","?","$","E","R","E","T","?","T","?","?","M","R","B",null,"M","M","?","M","M","E","R","E","T","M","?","E","?","$","R","B",null,"R","$","E","B",null],"character_chosen":"THE_SILENT","items_purchased":["Footwork","Apotheosis","Backflip","Orrery","Blur","Medical Kit","Footwork"],"campfire_rested":1,"item_purchase_floors":[3,13,13,48,48,53,53],"current_hp_per_floor":[59,59,59,59,59,59,47,47,47,47,47,37,37,37,37,32,61,51,50,50,50,50,26,47,47,47,47,47,35,35,35,35,35,35,33,34,34,28,30,32,32,34,34,34,24,26,25,35,35,35,35,35,35,32,32],"gold":59,"neow_bonus":"HUNDRED_GOLD","is_daily":false,"chose_seed":false,"campfire_upgraded":6,"win_rate":0.0,"timestamp":1611307911,"path_taken":["M","?","$","M","M","R","E","R","T","?","M","E","$","M","R","BOSS","M","M","$","?","?","E","R","E","T","?","?","?","?","M","R","BOSS","M","M","?","M","M","E","R","E","T","M","?","E","?","$","R","BOSS","R","$","E","BOSS"],"items_purchased_type":["Card","Card","Card","Relic","Card","Relic","Card"],"build_version":"2020-12-18","purchased_purges":4,"victory":true,"max_hp_per_floor":[70,70,70,70,70,70,70,70,70,70,70,70,70,70,70,70,70,70,70,70,70,70,70,70,70,70,70,70,35,35,35,35,35,35,35,35,35,35,35,35,35,35,35,35,35,35,35,35,35,35,35,35,35,35,35],"relic_stats":{"counters":[26,221],"CeramicFish":81,"HoveringKite":[87],"Juzu Bracelet":3,"Medical Kit":[3],"Mercury Hourglass":[494],"Blood Vial":16,"Centennial Puzzle":[36],"MealTicket":10,"Tiny Chest":0,"Art of War":[94],"obtain_stats":[{"CeramicFish":46,"HoveringKite":34,"The Courier":23,"Juzu Bracelet":9,"Bottled Tornado":40,"Paper Crane":42,"Ancient Tea Set":12,"Medical Kit":53,"Mercury Hourglass":26,"Blood Vial":25,"Centennial Puzzle":10,"CaptainsWheel":54,"Orrery":48,"MealTicket":28,"Tiny Chest":30,"Art of War":7,"Ring of the Serpent":17,"Unceasing Top":47,"Ring of the Snake":0},{"CeramicFish":22,"HoveringKite":14,"The Courier":11,"Juzu Bracelet":4,"Bottled Tornado":19,"Paper Crane":20,"Ancient Tea Set":6,"Medical Kit":24,"Mercury Hourglass":12,"Blood Vial":12,"Centennial Puzzle":4,"CaptainsWheel":25,"Orrery":23,"MealTicket":12,"Tiny Chest":12,"Art of War":4,"Ring of the Serpent":8,"Unceasing Top":23,"Ring of the Snake":0},{"CeramicFish":180,"HoveringKite":116,"The Courier":79,"Juzu Bracelet":23,"Bottled Tornado":157,"Paper Crane":168,"Ancient Tea Set":31,"Medical Kit":201,"Mercury Hourglass":92,"Blood Vial":92,"Centennial Puzzle":23,"CaptainsWheel":208,"Orrery":186,"MealTicket":92,"Tiny Chest":92,"Art of War":23,"Ring of the Serpent":52,"Unceasing Top":186,"Ring of the Snake":0}],"Unceasing Top":[2]},"card_choices":[{"not_picked":["Outmaneuver","Deadly Poison"],"picked":"Dagger Spray","floor":1},{"not_picked":["Acrobatics","Outmaneuver"],"picked":"Dash","floor":4},{"not_picked":["Phantasmal Killer","Outmaneuver","Accuracy"],"picked":"SKIP","floor":5},{"not_picked":["Outmaneuver","Concentrate"],"picked":"Blur","floor":7},{"not_picked":["Choke","Accuracy"],"picked":"Endless Agony","floor":11},{"not_picked":["Infinite Blades","Concentrate"],"picked":"Blur","floor":12},{"not_picked":["Terror","Reflex"],"picked":"Noxious Fumes","floor":14},{"not_picked":["Unload","After Image"],"picked":"Tools of the Trade","floor":16},{"not_picked":["Dagger Spray+1","Bane"],"picked":"Dodge and Roll","floor":18},{"not_picked":["Expertise","Accuracy+1"],"picked":"Dodge and Roll","floor":19},{"not_picked":["Flying Knee","Dagger Throw","Endless Agony+1"],"picked":"SKIP","floor":23},{"not_picked":["Accuracy","PiercingWail"],"picked":"Leg Sweep","floor":25},{"not_picked":["Well Laid Plans","Blade Dance"],"picked":"Bouncing Flask","floor":31},{"not_picked":["Burst","Venomology"],"picked":"Corpse Explosion","floor":33},{"not_picked":["Deflect+1","Slice","Sucker Punch"],"picked":"SKIP","floor":35},{"not_picked":["Underhanded Strike","Slice"],"picked":"Acrobatics","floor":36},{"not_picked":["Concentrate","Slice+1","Dagger Spray"],"picked":"SKIP","floor":38},{"not_picked":["Underhanded Strike+1","Quick Slash+1"],"picked":"Backflip+1","floor":39},{"not_picked":["Masterful Stab","Cloak And Dagger","Dagger Throw+1"],"picked":"SKIP","floor":40},{"not_picked":["Prepared","Dagger Throw+1"],"picked":"Night Terror","floor":42},{"not_picked":["Setup","Deadly Poison+1"],"picked":"Calculated Gamble+1","floor":44},{"not_picked":["Jack Of All Trades","Metamorphosis"],"picked":"Panache","floor":45},{"not_picked":["Bane","Dagger Throw+1","Poisoned Stab+1"],"picked":"SKIP","floor":46},{"not_picked":["Backflip","Outmaneuver"],"picked":"Deadly Poison","floor":47},{"not_picked":["PiercingWail","Heel Hook+1"],"picked":"Bouncing Flask+1","floor":48},{"not_picked":["Finisher","Distraction"],"picked":"Noxious Fumes","floor":48},{"not_picked":["PiercingWail+1","Deflect+1"],"picked":"Prepared+1","floor":48},{"not_picked":["Backstab+1","Flying Knee"],"picked":"Dodge and Roll+1","floor":48},{"not_picked":["Dodge and Roll","Sucker Punch"],"picked":"PiercingWail","floor":48},{"not_picked":["Choke","Poisoned Stab+1"],"picked":"Venomology","floor":54}],"player_experience":327923,"relics_obtained":[{"floor":7,"key":"Art of War"},{"floor":9,"key":"Juzu Bracelet"},{"floor":12,"key":"Ancient Tea Set"},{"floor":23,"key":"The Courier"},{"floor":25,"key":"Blood Vial"},{"floor":26,"key":"Mercury Hourglass"},{"floor":28,"key":"MealTicket"},{"floor":30,"key":"Tiny Chest"},{"floor":40,"key":"Bottled Tornado"},{"floor":42,"key":"Paper Crane"},{"floor":46,"key":"CeramicFish"},{"floor":47,"key":"Unceasing Top"},{"floor":54,"key":"CaptainsWheel"}],"event_choices":[{"cards_removed":["Strike_G"],"damage_healed":0,"gold_gain":0,"player_choice":"Purged","damage_taken":0,"max_hp_gain":0,"max_hp_loss":0,"event_name":"Purifier","floor":2,"gold_loss":0},{"damage_healed":0,"gold_gain":0,"player_choice":"Gave Potion","damage_taken":0,"relics_obtained":["Centennial Puzzle"],"max_hp_gain":0,"max_hp_loss":0,"event_name":"WeMeetAgain","floor":10,"gold_loss":0},{"damage_healed":0,"gold_gain":0,"player_choice":"Copied","damage_taken":0,"max_hp_gain":0,"max_hp_loss":0,"event_name":"Duplicator","floor":21,"gold_loss":0,"cards_obtained":["Footwork"]},{"cards_removed":["Strike_G"],"damage_healed":0,"gold_gain":0,"player_choice":"Gave Gold","damage_taken":0,"max_hp_gain":0,"max_hp_loss":0,"event_name":"Beggar","floor":27,"gold_loss":75},{"damage_healed":0,"gold_gain":0,"player_choice":"Became a Ghost","damage_taken":0,"max_hp_gain":0,"max_hp_loss":35,"event_name":"Ghosts","floor":29,"gold_loss":0,"cards_obtained":["Ghostly","Ghostly","Ghostly","Ghostly","Ghostly"]},{"damage_healed":0,"gold_gain":0,"player_choice":"Relic","damage_taken":0,"max_hp_gain":0,"max_hp_loss":0,"event_name":"Wheel of Change","floor":30,"gold_loss":0},{"cards_removed":["Defend_G"],"damage_healed":0,"gold_gain":0,"player_choice":"Removed Skill","damage_taken":0,"max_hp_gain":0,"max_hp_loss":0,"event_name":"Falling","floor":37,"gold_loss":0},{"damage_healed":0,"gold_gain":0,"player_choice":"Memory 3","damage_taken":10,"max_hp_gain":0,"max_hp_loss":0,"event_name":"SensoryStone","floor":45,"gold_loss":0},{"damage_healed":0,"gold_gain":0,"player_choice":"Fight","damage_taken":0,"max_hp_gain":0,"max_hp_loss":0,"event_name":"Mysterious Sphere","floor":47,"gold_loss":0}],"is_beta":true,"boss_relics":[{"not_picked":["Ectoplasm","Snecko Eye"],"picked":"Ring of the Serpent"},{"not_picked":["Runic Dome","Busted Crown"],"picked":"HoveringKite"}],"items_purged_floors":[3,20,48,53],"is_endless":false,"potions_floor_spawned":[5,11,12,16,19,25,33,36,39,40,44],"ascension_level":9}}