{"host":"u7y9frlpoazak2mn","time":1611327601,"event":{"mods":["AchievementEnabler","Act Like it!","Alarm Clock","Aspiration","Astrologer","BaseMod","Beaked The Cultist","Better Altar","Better Match","Better Note","Better Sensory Stone","Better Skull","Better Third Choice","CCEM","Chen","Colored Map","Colored Powertips","Conspire","Curses Come First","Displayed Cursed Tome","Energized Spire","Fox Events","Friendly Minions","Gensokyo","GifTheSpireLib","Glutton Mod","Halation","Hallownest","Hermit","Hubris","Infinite Spire","Jedi Mod","KinomotoSakuraMod(????)","Koishi","Marisa????????","Mimic Mod","Minty Spire (QoL Compilation)","Pale of the Ancients","Prisma Mod","Quarter Circle Forward PUNCH!","Quick Restart","Random Character Button","Rare Cards Sparkle","Relic Stats","Remilia??????","Replay The Spire","Retaliation","Spicy Shops","Spikes Relics","StS++","StSLib","Stuff the Spire","The Administrix","The Blue Laboratory","The Bug Knight","The Construct","The Cursed","The Druid","The Forsaken","The Juggle","The Jungle","The Marked","The Servant 0.9.4","Trackpad","Waifu the Spire","Wandering Minibosses","Wide Potions","Yuri Mod","vexMod"],"gold_per_floor":[115,115,129,140,60,60,60,14,14,14,14,16,16,34,34,34,34],"floor_reached":16,"language":"ENG","playtime":584,"items_purged":[],"score":90,"play_id":"8fb0df78-8cda-45d7-8474-a7199bf68ada","local_time":"20210122100001","is_ascension_mode":false,"campfire_choices":[{"floor":6,"key":"REST"},{"data":"PrismaMod:IllyaAssassinRevenge","floor":11,"key":"SMITH"},{"data":"PrismaMod:IllyaStunPoison","floor":13,"key":"SMITH"},{"floor":15,"key":"REST"}],"circlet_count":0,"master_deck":["PrismaMod:IllyaCommonAttack","PrismaMod:IllyaCommonDefend","PrismaMod:IllyaCommonAttack","PrismaMod:IllyaCommonDefend","PrismaMod:IllyaCommonAttack","PrismaMod:IllyaCommonDefend","PrismaMod:IllyaCommonAttack","PrismaMod:IllyaCommonDefend","PrismaMod:IllyaCommonAttack","PrismaMod:IllyaCommonDefend","PrismaMod:IllyaUncommonAttack","PrismaMod:IllyaUncommonDefend","PrismaMod:IllyaMaid","PrismaMod:IllyaAssassinRevenge+1","PrismaMod:IllyaPoisonTippedWeapons","PrismaMod:IllyaPoisonTippedWeapons","PrismaMod:IllyaStunPoison+1"],"relics":["PrismaMod:PrismaRuby","NeowsBlessing","Hallownest:DreamNailRelic","trackpad:HandOfMidas"],"acts_visited":["Exordium"],"potions_floor_usage":[16],"damage_taken":[{"damage":0,"enemies":"Hallownest:2_Baldur","floor":1,"turns":1},{"damage":0,"enemies":"Hallownest:monsterHuskWarrior","floor":3,"turns":1},{"damage":0,"enemies":"Hallownest:monsterHuskGuard","floor":4,"turns":1},{"damage":16,"enemies":"Hallownest:monsterFoolEater","floor":12,"turns":7},{"damage":16,"enemies":"Hallownest:Wandering_and_Horned","floor":14,"turns":5},{"damage":67,"enemies":"Hallownest:BossHornet","floor":16,"turns":8}],"seed_played":"700187319843472512","potions_obtained":[{"floor":12,"key":"Fire Potion"}],"is_trial":false,"path_per_floor":["M","?","M","M","$","R","?","$","T","$","R","M","R","M","R","B"],"character_chosen":"ILLYA","items_purchased":["trackpad:HandOfMidas","PrismaMod:IllyaPoisonTippedWeapons"],"campfire_rested":2,"item_purchase_floors":[5,8],"current_hp_per_floor":[75,75,75,75,75,75,75,75,75,75,75,59,59,43,65,0,0],"gold":34,"neow_bonus":"THREE_ENEMY_KILL","is_daily":false,"chose_seed":false,"campfire_upgraded":2,"win_rate":0.0,"timestamp":1611327601,"path_taken":["M","?","M","?","$","R","?","$","T","?","R","M","R","?","R","BOSS"],"items_purchased_type":["Relic","Card"],"build_version":"2020-12-22","purchased_purges":0,"victory":false,"max_hp_per_floor":[75,75,75,75,75,75,75,75,75,75,75,75,75,75,75,75,75],"relic_stats":{"counters":[6,23],"obtain_stats":[{"PrismaMod:PrismaRuby":0,"NeowsBlessing":0,"trackpad:HandOfMidas":5,"Hallownest:DreamNailRelic":2,"InkBottle":9},{"PrismaMod:PrismaRuby":0,"NeowsBlessing":0,"trackpad:HandOfMidas":3,"Hallownest:DreamNailRelic":1,"InkBottle":3},{"PrismaMod:PrismaRuby":0,"NeowsBlessing":0,"trackpad:HandOfMidas":3,"Hallownest:DreamNailRelic":1,"InkBottle":3}]},"card_choices":[{"not_picked":["PrismaMod:IllyaCheapAttack","PrismaMod:IllyaRussianRoulette"],"picked":"PrismaMod:IllyaMaid","floor":1},{"not_picked":["PrismaMod:IllyaSaphire","PrismaMod:IllyaPoisonBlock"],"picked":"PrismaMod:IllyaAssassinRevenge","floor":3},{"not_picked":["PrismaMod:IllyaMinorRapidFire","PrismaMod:IllyaUncommonAOEAttack"],"picked":"PrismaMod:IllyaPoisonTippedWeapons","floor":4},{"not_picked":["PrismaMod:IllyaCarnivalPrismaAstolfo","PrismaMod:IllyaMaid"],"picked":"PrismaMod:IllyaStunPoison","floor":12},{"not_picked":["PrismaMod:IllyaEvokeAll","PrismaMod:IllyaBerserCAR","PrismaMod:IllyaCommonEvoke"],"picked":"SKIP","floor":14}],"player_experience":356574,"relics_obtained":[{"floor":9,"key":"InkBottle"}],"event_choices":[],"is_beta":false,"boss_relics":[],"items_purged_floors":[],"is_endless":false,"potions_floor_spawned":[12],"killed_by":"Hallownest:BossHornet","ascension_level":0}}