{"host":"mlczotyo8j5fj6lt","time":1611340176,"event":{"mods":["AchievementEnabler","Aspiration","BaseMod","Bestiary","Better Third Choice","BetterRewards","Colored Powertips","Defective Defect","Good Game Mod","Googly Eyes","Highlight Path","Minty Spire (QoL Compilation)","Quick Restart","StSLib","everything is the same but u backflip on backflip"],"gold_per_floor":[111,111,122,122,142,142,67,67,120,120,132,132,145,157,157,260,260,272,272,7,7,24,41,41,54,80,80,80,91,91,121,121,221,221,234,234,234,246,275,313,336,398,410,434,0,0,0,14,14,14],"floor_reached":51,"language":"ENG","playtime":6147,"items_purged":["Injury","Rupture"],"score":717,"play_id":"56487da2-77fe-4b85-a0be-1359f48d04d8","local_time":"20210122192936","is_ascension_mode":false,"campfire_choices":[{"data":"Bludgeon","floor":6,"key":"SMITH"},{"data":"Bash","floor":8,"key":"SMITH"},{"data":"Strike_R","floor":10,"key":"SMITH"},{"data":"Armaments","floor":12,"key":"SMITH"},{"data":"Defend_R","floor":15,"key":"SMITH"},{"floor":27,"key":"REST"},{"data":"Flame Barrier","floor":30,"key":"SMITH"},{"data":"Flex","floor":32,"key":"SMITH"},{"data":"Metallicize","floor":46,"key":"SMITH"},{"data":"PiercingWail","floor":49,"key":"SMITH"}],"circlet_count":0,"master_deck":["Defend_R+1","Defend_R","Defend_R","Defend_R","Bash+1","Sword Boomerang","Bludgeon+1","Feel No Pain","Thunderclap+1","Hemokinesis+1","Armaments+1","Cleave+1","Body Slam+1","Fiend Fire+1","Flex+1","Flame Barrier+1","Rampage+1","Bite+1","Bite+1","Bite+1","Bite+1","Bite+1","Conserve Battery+1","Necronomicurse","Skim+1","EmptyFist+1","Reflex","Hyperbeam+1","Flying Knee+1","Aggregate+1","PiercingWail+1","Heavy Blade+1","Spot Weakness+1","Metallicize+1"],"relics":["Black Blood","REME:ComplimentaryCards","Molten Egg 2","Bag of Marbles","aspiration:PoetsPen_weak","Nunchaku","PrismaticShard","Necronomicon","Dream Catcher","Question Card","Red Mask","MawBank","Blood Vial","Dead Branch","Torii","War Paint"],"acts_visited":["Exordium","TheCity","TheBeyond"],"potions_floor_usage":[16,16,16,16,33,40,42,50,50],"damage_taken":[{"damage":6,"enemies":"Jaw Worm","floor":1,"turns":4},{"damage":0,"enemies":"Cultist","floor":3,"turns":3},{"damage":0,"enemies":"Small Slimes","floor":5,"turns":2},{"damage":9,"enemies":"3 Louse","floor":11,"turns":3},{"damage":2,"enemies":"Blue Slaver","floor":13,"turns":2},{"damage":15,"enemies":"Exordium Thugs","floor":14,"turns":5},{"damage":2,"enemies":"Slime Boss","floor":16,"turns":4},{"damage":7,"enemies":"Shell Parasite","floor":18,"turns":2},{"damage":12,"enemies":"2 Thieves","floor":22,"turns":2},{"damage":0,"enemies":"Snecko","floor":23,"turns":3},{"damage":15,"enemies":"Shelled Parasite and Fungi","floor":25,"turns":2},{"damage":0,"enemies":"Sentry and Sphere","floor":29,"turns":3},{"damage":11,"enemies":"Masked Bandits","floor":31,"turns":3},{"damage":63,"enemies":"Automaton","floor":33,"turns":7},{"damage":15,"enemies":"3 Darklings","floor":35,"turns":3},{"damage":0,"enemies":"3 Shapes","floor":39,"turns":4},{"damage":8,"enemies":"Giant Head","floor":40,"turns":5},{"damage":6,"enemies":"Writhing Mass","floor":41,"turns":3},{"damage":25,"enemies":"Mind Bloom Boss Battle","floor":42,"turns":5},{"damage":15,"enemies":"4 Shapes","floor":44,"turns":2},{"damage":8,"enemies":"Transient","floor":48,"turns":5},{"damage":77,"enemies":"Time Eater","floor":50,"turns":7}],"seed_played":"-1171121591935445804","potions_obtained":[{"floor":4,"key":"EntropicBrew"},{"floor":4,"key":"Ancient Potion"},{"floor":4,"key":"HeartOfIron"},{"floor":13,"key":"BlessingOfTheForge"},{"floor":16,"key":"LiquidMemories"},{"floor":18,"key":"Strength Potion"},{"floor":25,"key":"BloodPotion"},{"floor":33,"key":"ColorlessPotion"},{"floor":42,"key":"FairyPotion"},{"floor":48,"key":"PowerPotion"}],"is_trial":false,"path_per_floor":["M","?","M","?","M","R","$","R","T","R","M","R","M","M","R","B",null,"M","?","$","?","M","M","?","M","T","R","T","M","R","?","R","B",null,"M","?","T","?","M","E","M","?","T","M","$","R","?","M","R","B",null],"character_chosen":"IRONCLAD","items_purchased":["PrismaticShard","Flame Barrier","Rampage+1","Heavy Blade+1","Spot Weakness","Metallicize","War Paint"],"campfire_rested":1,"item_purchase_floors":[20,20,20,45,45,45,45],"current_hp_per_floor":[80,80,80,80,80,80,80,80,80,80,77,77,80,71,71,75,80,79,79,79,56,50,56,40,31,31,47,47,56,56,51,51,14,56,56,53,53,53,53,53,53,49,49,53,53,53,53,53,53,27],"gold":14,"neow_bonus":"TRANSFORM_CARD","is_daily":false,"chose_seed":false,"campfire_upgraded":9,"win_rate":0.0,"timestamp":1611340176,"path_taken":["M","?","M","?","M","R","$","R","T","R","?","R","M","M","R","BOSS","M","?","?","?","M","M","?","?","T","R","?","M","R","?","R","BOSS","M","?","?","?","M","E","?","?","T","M","$","R","?","M","R","BOSS"],"items_purchased_type":["Relic","Card","Card","Card","Card","Card","Relic"],"build_version":"2020-12-22","purchased_purges":2,"victory":true,"max_hp_per_floor":[80,80,80,80,80,80,80,80,80,80,80,80,80,80,80,80,80,80,80,80,56,56,56,56,56,56,56,56,56,56,56,56,56,56,56,53,53,53,53,53,53,53,53,53,53,53,53,53,53,53],"card_choices":[{"not_picked":["Dropkick","Whirlwind"],"picked":"Feel No Pain","floor":1},{"not_picked":["Iron Wave+1","Flex"],"picked":"Thunderclap+1","floor":3},{"not_picked":["Pommel Strike+1","Dark Embrace"],"picked":"Hemokinesis+1","floor":5},{"not_picked":["Heavy Blade+1","Combust"],"picked":"Armaments","floor":11},{"not_picked":["Twin Strike+1","Wild Strike+1"],"picked":"Cleave+1","floor":13},{"not_picked":["Twin Strike+1","True Grit"],"picked":"Body Slam+1","floor":14},{"not_picked":["Berserk","Demon Form"],"picked":"Fiend Fire+1","floor":16},{"not_picked":["Clash+1","Hemokinesis+1"],"picked":"Flex","floor":18},{"not_picked":["Quick Slash+1","Consume"],"picked":"Rupture","floor":22},{"not_picked":["Sever Soul+1","Leg Sweep"],"picked":"Conserve Battery+1","floor":23},{"not_picked":["Dramatic Entrance+1","FollowUp+1"],"picked":"Skim","floor":25},{"not_picked":["Multi-Cast","Armaments"],"picked":"EmptyFist+1","floor":27},{"not_picked":["Masterful Stab+1","Backflip","WreathOfFlame"],"picked":"Reflex","floor":29},{"not_picked":["All For One+1","Glass Knife+1","Secret Weapon"],"picked":"Hyperbeam+1","floor":33},{"not_picked":["Redo+1","Chaos","Perfected Strike+1"],"picked":"Flying Knee+1","floor":35},{"not_picked":["Glacier+1","FlyingSleeves+1","Cleave+1"],"picked":"Aggregate+1","floor":39},{"not_picked":["Violence","Sword Boomerang+1","Storm of Steel","Cleave+1"],"picked":"SKIP","floor":40},{"not_picked":["Bane+1","Warcry","Compile Driver+1","Consecrate+1"],"picked":"SKIP","floor":41},{"not_picked":["FlyingSleeves+1","BattleHymn+1","Brutality"],"picked":"PiercingWail","floor":42},{"not_picked":["Sword Boomerang+1","Sucker Punch+1","Poisoned Stab+1"],"picked":"Well Laid Plans+1","floor":44},{"not_picked":["Conserve Battery","Purity+1","Thunderclap+1","Blade Dance"],"picked":"SKIP","floor":48}],"player_experience":226059,"relics_obtained":[{"floor":9,"key":"Bag of Marbles"},{"floor":19,"key":"Nunchaku"},{"floor":24,"key":"Necronomicon"},{"floor":26,"key":"Dream Catcher"},{"floor":28,"key":"Question Card"},{"floor":31,"key":"Red Mask"},{"floor":37,"key":"MawBank"},{"floor":40,"key":"Blood Vial"},{"floor":42,"key":"Dead Branch"},{"floor":43,"key":"Torii"}],"event_choices":[{"damage_healed":0,"gold_gain":0,"player_choice":"Got Potions","damage_taken":0,"max_hp_gain":0,"max_hp_loss":0,"event_name":"Lab","floor":4,"gold_loss":0},{"damage_healed":0,"gold_gain":0,"player_choice":"Relic","damage_taken":0,"max_hp_gain":0,"max_hp_loss":0,"event_name":"Wheel of Change","floor":19,"gold_loss":0},{"damage_healed":0,"gold_gain":0,"player_choice":"Became a vampire","damage_taken":0,"max_hp_gain":0,"max_hp_loss":24,"event_name":"Vampires","floor":21,"gold_loss":0,"cards_obtained":["Bite","Bite","Bite","Bite","Bite"]},{"damage_healed":0,"gold_gain":0,"player_choice":"Obtained Book","damage_taken":16,"max_hp_gain":0,"max_hp_loss":0,"event_name":"Cursed Tome","floor":24,"gold_loss":0},{"damage_healed":0,"gold_gain":0,"player_choice":"Fought Bandits","damage_taken":0,"max_hp_gain":0,"max_hp_loss":0,"event_name":"Masked Bandits","floor":31,"gold_loss":0},{"damage_healed":0,"gold_gain":0,"player_choice":"Max HP","damage_taken":0,"max_hp_gain":0,"max_hp_loss":3,"event_name":"Winding Halls","floor":36,"gold_loss":0},{"damage_healed":0,"gold_gain":0,"player_choice":"Bought 0 Potions","damage_taken":0,"max_hp_gain":0,"max_hp_loss":0,"event_name":"The Woman in Blue","floor":38,"gold_loss":0},{"damage_healed":0,"gold_gain":0,"player_choice":"Fight","damage_taken":0,"max_hp_gain":0,"max_hp_loss":0,"event_name":"MindBloom","floor":42,"gold_loss":0},{"cards_removed":["Well Laid Plans"],"damage_healed":0,"gold_gain":0,"player_choice":"Removed Power","damage_taken":0,"max_hp_gain":0,"max_hp_loss":0,"event_name":"Falling","floor":47,"gold_loss":0}],"is_beta":false,"boss_relics":[{"not_picked":["aspiration:SilentSkillbook","Calling Bell"],"picked":"aspiration:PoetsPen_weak"},{"not_picked":["aspiration:SecretTechniqueScroll","Runic Dome"],"picked":"Black Blood"}],"items_purged_floors":[7,45],"is_endless":false,"potions_floor_spawned":[13,14,16,18,25,29,33,39,42,48],"ascension_level":0}}