{"host":"qm4rv4rkpk76sbxu","time":1611322452,"event":{"mods":["BaseMod","Bestiary","Block Reminder","DeckTracker","Filter the Spire","Keyboard Shortcuts","Minty Spire (QoL Compilation)","MonsterHotkey","Quick Restart","Random Character Button","Relic Stats","Slay-I","StSLib","Unceasing Turn Reminder","ojb\u0027s Better Paths Mod","ojb\u0027s Info Mod"],"gold_per_floor":[111,61,61,76,95,95,107,119,119,144,144,0,25,45,45,143,143,158,257,257,34,34,61,61,89,141,167,167,196,211,230,230,328,328,343,396,396,409,5,35,35,69,69,81,97,97,108,108,108,108,108,108,35,68,68,68],"floor_reached":55,"language":"ENG","playtime":1540,"items_purged":["Writhe","Strike_G"],"score":1034,"play_id":"715e38e4-dbda-4f21-b9e8-bcc68c4c33e5","local_time":"20210122143412","is_ascension_mode":true,"campfire_choices":[{"data":"Bouncing Flask","floor":6,"key":"SMITH"},{"data":"Catalyst","floor":15,"key":"SMITH"},{"data":"Adrenaline","floor":28,"key":"SMITH"},{"data":"Noxious Fumes","floor":32,"key":"SMITH"},{"data":"Crippling Poison","floor":41,"key":"SMITH"},{"floor":49,"key":"RECALL"}],"circlet_count":0,"master_deck":["Strike_G+1","Strike_G+1","Strike_G+1","Defend_G+1","Defend_G+1","Defend_G+1","Defend_G+1","Survivor+1","Neutralize+1","Crippling Poison+1","Bouncing Flask+1","Underhanded Strike+1","Slice+1","Corpse Explosion+1","Catalyst+1","Adrenaline+1","Noxious Fumes+1","Outmaneuver+1","Backstab+1","Prepared+1","Malaise+1","Reflex+1","Calculated Gamble+1","Concentrate+1","Acrobatics+1","Catalyst+1","Venomology+1","Calculated Gamble+1","Footwork+1","Venomology"],"relics":["Ring of the Snake","Whetstone","Vajra","Blood Vial","Art of War","OrangePellets","Anchor","Black Star","Darkstone Periapt","Sundial","StrikeDummy","Snake Skull","Regal Pillow","Orichalcum","Tingsha","Bottled Lightning","Eternal Feather","Strawberry","Coffee Dripper","Torii","Tough Bandages","PreservedInsect","Matryoshka","Bag of Preparation","Frozen Egg 2","MealTicket","Mark of the Bloom","Gambling Chip","InkBottle"],"acts_visited":["Exordium","TheCity","TheBeyond","TheEnding"],"potions_floor_usage":[13,16,23,25,25,31,40,44,50,50,54,55,55],"damage_taken":[{"damage":3,"enemies":"Small Slimes","floor":1,"turns":4},{"damage":3,"enemies":"Jaw Worm","floor":4,"turns":3},{"damage":0,"enemies":"Cultist","floor":5,"turns":3},{"damage":0,"enemies":"2 Fungi Beasts","floor":7,"turns":3},{"damage":4,"enemies":"Blue Slaver","floor":8,"turns":3},{"damage":14,"enemies":"Gremlin Nob","floor":10,"turns":3},{"damage":1,"enemies":"3 Sentries","floor":13,"turns":4},{"damage":2,"enemies":"Looter","floor":14,"turns":3},{"damage":0,"enemies":"Slime Boss","floor":16,"turns":5},{"damage":0,"enemies":"Chosen","floor":18,"turns":3},{"damage":19,"enemies":"Gremlin Leader","floor":23,"turns":6},{"damage":0,"enemies":"Slavers","floor":25,"turns":1},{"damage":0,"enemies":"Gremlin Leader","floor":27,"turns":5},{"damage":7,"enemies":"Slavers","floor":29,"turns":3},{"damage":0,"enemies":"2 Thieves","floor":30,"turns":1},{"damage":0,"enemies":"Snecko","floor":31,"turns":2},{"damage":21,"enemies":"Champ","floor":33,"turns":6},{"damage":0,"enemies":"3 Darklings","floor":35,"turns":2},{"damage":13,"enemies":"2 Orb Walkers","floor":36,"turns":3},{"damage":0,"enemies":"3 Shapes","floor":38,"turns":4},{"damage":37,"enemies":"Nemesis","floor":40,"turns":5},{"damage":0,"enemies":"Reptomancer","floor":42,"turns":2},{"damage":0,"enemies":"Writhing Mass","floor":44,"turns":4},{"damage":0,"enemies":"Spire Growth","floor":45,"turns":2},{"damage":0,"enemies":"3 Darklings","floor":47,"turns":2},{"damage":24,"enemies":"Time Eater","floor":50,"turns":4},{"damage":26,"enemies":"Shield and Spear","floor":54,"turns":5},{"damage":24,"enemies":"The Heart","floor":55,"turns":3}],"seed_played":"-3102360066275968865","potions_obtained":[{"floor":1,"key":"SteroidPotion"},{"floor":4,"key":"Poison Potion"},{"floor":8,"key":"PowerPotion"},{"floor":14,"key":"SkillPotion"},{"floor":23,"key":"Explosive Potion"},{"floor":25,"key":"Strength Potion"},{"floor":29,"key":"Swift Potion"},{"floor":31,"key":"Fruit Juice"},{"floor":40,"key":"CunningPotion"},{"floor":42,"key":"DuplicationPotion"},{"floor":44,"key":"Ancient Potion"}],"is_trial":false,"path_per_floor":["M","?","T","M","M","R","M","M","T","E","?","$","E","M","R","B",null,"M","?","?","$","?","E","?","E","T","E","R","E","M","M","R","B",null,"M","?","?","M","$","E","R","E","T","M","M","?","M","?","R","B",null,"R","$","E","B"],"character_chosen":"THE_SILENT","items_purchased":["OrangePellets","Noxious Fumes","Outmaneuver","Dexterity Potion","Tough Bandages","Footwork+1"],"campfire_rested":0,"item_purchase_floors":[12,21,21,21,39,53],"current_hp_per_floor":[67,67,67,64,64,64,64,60,60,46,34,34,35,35,35,37,70,70,70,76,76,62,45,45,47,47,49,49,51,53,55,67,48,88,88,75,75,77,77,47,59,61,61,63,65,65,67,67,67,43,43,43,43,17,0,0],"gold":68,"neow_bonus":"THREE_CARDS","is_daily":false,"chose_seed":false,"campfire_upgraded":5,"win_rate":0.0,"timestamp":1611322452,"path_taken":["M","?","?","M","M","R","M","?","T","E","?","$","E","M","R","BOSS","M","?","?","?","?","E","?","E","T","E","R","E","M","M","R","BOSS","M","?","?","M","$","E","R","E","T","M","M","?","?","?","R","BOSS","R","$","E","BOSS"],"items_purchased_type":["Relic","Card","Card","Potion","Relic","Card"],"build_version":"2020-12-22","purchased_purges":2,"victory":false,"max_hp_per_floor":[70,70,70,70,70,70,70,70,70,70,70,70,70,70,70,70,70,70,70,76,76,81,81,81,81,81,81,81,88,88,88,88,88,88,88,88,88,88,88,93,93,93,93,93,93,93,93,93,93,93,93,93,93,93,93,93],"relic_stats":{"Darkstone Periapt":6,"Regal Pillow":0,"Mark of the Bloom":144,"Torii":0,"counters":[28,94],"Tingsha":[225],"Eternal Feather":24,"Snake Skull":[138],"PreservedInsect":124,"Bag of Preparation":[12],"Whetstone":["Strike_G","Strike_G"],"Orichalcum":[108],"Blood Vial":32,"OrangePellets":[2],"Tough Bandages":[204],"Sundial":[4],"Gambling Chip":[4],"MealTicket":0,"Art of War":[17],"Black Star":7,"obtain_stats":[{"Darkstone Periapt":20,"Regal Pillow":25,"Mark of the Bloom":48,"Torii":36,"Vajra":9,"Snake Skull":25,"Bag of Preparation":42,"Whetstone":3,"Blood Vial":10,"Tough Bandages":39,"Matryoshka":40,"Sundial":23,"Strawberry":29,"Gambling Chip":54,"MealTicket":43,"InkBottle":54,"Ring of the Snake":0,"Tingsha":27,"Eternal Feather":29,"PreservedInsect":40,"Orichalcum":26,"Frozen Egg 2":42,"OrangePellets":12,"Anchor":13,"Art of War":11,"Black Star":17,"Coffee Dripper":34,"Bottled Lightning":27,"StrikeDummy":23},{"Darkstone Periapt":10,"Regal Pillow":12,"Mark of the Bloom":25,"Torii":19,"Vajra":5,"Snake Skull":12,"Bag of Preparation":22,"Whetstone":1,"Blood Vial":6,"Tough Bandages":20,"Matryoshka":21,"Sundial":11,"Strawberry":14,"Gambling Chip":27,"MealTicket":22,"InkBottle":27,"Ring of the Snake":0,"Tingsha":13,"Eternal Feather":14,"PreservedInsect":21,"Orichalcum":12,"Frozen Egg 2":22,"OrangePellets":6,"Anchor":7,"Art of War":6,"Black Star":9,"Coffee Dripper":17,"Bottled Lightning":13,"StrikeDummy":11},{"Darkstone Periapt":34,"Regal Pillow":41,"Mark of the Bloom":82,"Torii":63,"Vajra":16,"Snake Skull":41,"Bag of Preparation":74,"Whetstone":4,"Blood Vial":19,"Tough Bandages":67,"Matryoshka":72,"Sundial":40,"Strawberry":49,"Gambling Chip":91,"MealTicket":74,"InkBottle":91,"Ring of the Snake":0,"Tingsha":46,"Eternal Feather":49,"PreservedInsect":72,"Orichalcum":41,"Frozen Egg 2":74,"OrangePellets":19,"Anchor":23,"Art of War":19,"Black Star":31,"Coffee Dripper":58,"Bottled Lightning":46,"StrikeDummy":40}],"InkBottle":[1],"Ring of the Snake":[56]},"card_choices":[{"not_picked":["Cloak And Dagger","Poisoned Stab"],"picked":"Crippling Poison","floor":0},{"not_picked":["Masterful Stab","PiercingWail"],"picked":"Bouncing Flask","floor":1},{"not_picked":["Choke","Quick Slash"],"picked":"Underhanded Strike","floor":4},{"not_picked":["Cloak And Dagger","Bane"],"picked":"Slice","floor":5},{"not_picked":["Outmaneuver","Slice","Sucker Punch"],"picked":"SKIP","floor":7},{"not_picked":["Flying Knee","Blade Dance","Cloak And Dagger"],"picked":"SKIP","floor":8},{"not_picked":["All Out Attack","Bouncing Flask"],"picked":"Corpse Explosion","floor":10},{"not_picked":["PiercingWail","Infinite Blades"],"picked":"Catalyst","floor":13},{"not_picked":["PiercingWail","Outmaneuver","Cloak And Dagger"],"picked":"SKIP","floor":14},{"not_picked":["Grand Finale","Doppelganger"],"picked":"Adrenaline","floor":16},{"not_picked":["Poisoned Stab","Deadly Poison","Slice"],"picked":"SKIP","floor":18},{"not_picked":["Flying Knee","Bouncing Flask"],"picked":"Backstab+1","floor":23},{"not_picked":["Outmaneuver","Acrobatics","Slice"],"picked":"SKIP","floor":25},{"not_picked":["Finisher","Slice","All Out Attack"],"picked":"SKIP","floor":27},{"not_picked":["Blade Dance","Quick Slash","Cloak And Dagger"],"picked":"SKIP","floor":29},{"not_picked":["Doppelganger","Underhanded Strike+1"],"picked":"Prepared+1","floor":30},{"not_picked":["Dagger Spray","Prepared","Heel Hook"],"picked":"SKIP","floor":31},{"not_picked":["Grand Finale","Glass Knife"],"picked":"Malaise","floor":33},{"not_picked":["Eviscerate","Blade Dance","Slice"],"picked":"SKIP","floor":35},{"not_picked":["Dagger Throw+1","Slice+1"],"picked":"Reflex+1","floor":36},{"not_picked":["Riddle With Holes","Blade Dance+1"],"picked":"Calculated Gamble","floor":38},{"not_picked":["PiercingWail+1","Distraction+1"],"picked":"Concentrate+1","floor":40},{"not_picked":["Distraction+1","Envenom+1"],"picked":"Acrobatics","floor":42},{"not_picked":["Eviscerate","Acrobatics+1"],"picked":"Catalyst","floor":44},{"not_picked":["Leg Sweep","Slice+1"],"picked":"Venomology","floor":45},{"not_picked":["Backflip","Tactician"],"picked":"Calculated Gamble+1","floor":47},{"not_picked":["Eviscerate","Dagger Throw+1"],"picked":"Venomology","floor":54}],"player_experience":1358058,"relics_obtained":[{"floor":3,"key":"Whetstone"},{"floor":9,"key":"Vajra"},{"floor":10,"key":"Blood Vial"},{"floor":13,"key":"Anchor"},{"floor":23,"key":"Sundial"},{"floor":23,"key":"StrikeDummy"},{"floor":25,"key":"Snake Skull"},{"floor":25,"key":"Regal Pillow"},{"floor":26,"key":"Orichalcum"},{"floor":27,"key":"Tingsha"},{"floor":27,"key":"Bottled Lightning"},{"floor":29,"key":"Eternal Feather"},{"floor":29,"key":"Strawberry"},{"floor":36,"key":"Torii"},{"floor":40,"key":"PreservedInsect"},{"floor":40,"key":"Matryoshka"},{"floor":42,"key":"Bag of Preparation"},{"floor":42,"key":"Frozen Egg 2"},{"floor":43,"key":"MealTicket"},{"floor":54,"key":"Gambling Chip"},{"floor":54,"key":"InkBottle"}],"event_choices":[{"cards_removed":["Defend_G"],"damage_healed":0,"gold_gain":0,"player_choice":"Card Removal","damage_taken":0,"max_hp_gain":0,"max_hp_loss":0,"event_name":"The Cleric","floor":2,"gold_loss":50},{"damage_healed":0,"gold_gain":0,"player_choice":"Success","damage_taken":12,"relics_obtained":["Art of War"],"max_hp_gain":0,"max_hp_loss":0,"event_name":"Scrap Ooze","floor":11,"gold_loss":0},{"damage_healed":0,"gold_gain":99,"player_choice":"Stole From Cult","damage_taken":0,"max_hp_gain":0,"max_hp_loss":0,"event_name":"Nest","floor":19,"gold_loss":0},{"damage_healed":0,"gold_gain":0,"player_choice":"Opened","damage_taken":0,"relics_obtained":["Darkstone Periapt"],"max_hp_gain":0,"max_hp_loss":0,"event_name":"The Mausoleum","floor":20,"gold_loss":0,"cards_obtained":["Writhe"]},{"damage_healed":0,"gold_gain":0,"player_choice":"Shed Blood","damage_taken":19,"max_hp_gain":5,"max_hp_loss":0,"event_name":"Forgotten Altar","floor":22,"gold_loss":0},{"damage_healed":0,"gold_gain":0,"player_choice":"Upgraded","damage_taken":0,"max_hp_gain":0,"max_hp_loss":0,"event_name":"Upgrade Shrine","floor":24,"gold_loss":0,"cards_upgraded":["Corpse Explosion"]},{"damage_healed":0,"gold_gain":0,"player_choice":"Fight","damage_taken":0,"max_hp_gain":0,"max_hp_loss":0,"event_name":"Mysterious Sphere","floor":36,"gold_loss":0},{"cards_removed":["Strike_G"],"damage_healed":0,"gold_gain":0,"player_choice":"Removed Attack","damage_taken":0,"max_hp_gain":0,"max_hp_loss":0,"event_name":"Falling","floor":37,"gold_loss":0},{"damage_healed":0,"gold_gain":0,"player_choice":"Ignored","damage_taken":0,"max_hp_gain":0,"max_hp_loss":0,"event_name":"SecretPortal","floor":46,"gold_loss":0},{"damage_healed":0,"gold_gain":0,"player_choice":"Upgrade","damage_taken":0,"relics_obtained":["Mark of the Bloom"],"max_hp_gain":0,"max_hp_loss":0,"event_name":"MindBloom","floor":48,"gold_loss":0,"cards_upgraded":["Strike_G","Strike_G","Defend_G","Defend_G","Defend_G","Defend_G","Survivor","Neutralize","Underhanded Strike","Slice","Outmaneuver","Malaise","Calculated Gamble","Acrobatics","Catalyst","Venomology"]}],"is_beta":false,"boss_relics":[{"not_picked":["Ectoplasm","Pandora\u0027s Box"],"picked":"Black Star"},{"not_picked":["Fusion Hammer","Sozu"],"picked":"Coffee Dripper"}],"items_purged_floors":[21,39],"is_endless":false,"potions_floor_spawned":[1,4,8,14,23,25,29,31,40,42,44,45,47],"killed_by":"The Heart","ascension_level":1}}