{"host":"nlowmoq7gy18n72d","time":1611342403,"event":{"mods":["BaseMod","Colored Powertips","Conspire","Downfall","Hermit","Highlight Path","Infinite Spire","Jorbs\u0027s Wanderer Trilogy","Minty Spire (QoL Compilation)","Rare Cards Sparkle","Replay The Spire","StSLib","The Cursed","The Hierophant"],"gold_per_floor":[113,113,113,113,125,125,170,182,255,255,287,304,304,314,314,426,426,437,461,103,122,122,122,130,152,176,176,197,197,222,241,241,357,357,357,357],"floor_reached":35,"language":"ENG","playtime":1904,"items_purged":["Delirium","stsjorbsmod:Strike_Wanderer"],"score":462,"play_id":"ec4d9177-e8d7-4fe2-9f4e-546a94c68936","local_time":"20210122220643","is_ascension_mode":false,"campfire_choices":[{"data":"stsjorbsmod:Prestidigitation","floor":6,"key":"SMITH"},{"data":"stsjorbsmod:FreshAdventure","floor":10,"key":"SMITH"},{"data":"stsjorbsmod:FlameWard","floor":13,"key":"SMITH"},{"data":"stsjorbsmod:Materialize","floor":15,"key":"SMITH"},{"data":"stsjorbsmod:Feast","floor":23,"key":"SMITH"},{"data":"stsjorbsmod:ScorchingRay","floor":27,"key":"SMITH"},{"floor":29,"key":"REST"},{"data":"stsjorbsmod:Thorns","floor":32,"key":"SMITH"}],"circlet_count":0,"master_deck":["stsjorbsmod:ForbiddenGrimoire+1","stsjorbsmod:Strike_Wanderer+1","stsjorbsmod:Strike_Wanderer","stsjorbsmod:Strike_Wanderer","stsjorbsmod:Defend_Wanderer","stsjorbsmod:Defend_Wanderer+1","stsjorbsmod:Defend_Wanderer","stsjorbsmod:Defend_Wanderer","stsjorbsmod:FreshAdventure+1","stsjorbsmod:EyeOfTheStorm+1","stsjorbsmod:ChainLightning+1","stsjorbsmod:Prestidigitation+1","stsjorbsmod:FlameWard+1","stsjorbsmod:Materialize+1","stsjorbsmod:Withdraw","stsjorbsmod:SmithingStrike","stsjorbsmod:Feast+1","stsjorbsmod:Mending+1","stsjorbsmod:DisguiseSelf+1","stsjorbsmod:ScorchingRay+1","stsjorbsmod:Thorns+1","stsjorbsmod:FaerieFire","stsjorbsmod:ArcaneForm"],"relics":["stsjorbsmod:GrimoireRelic","Pet Ghost","infinitespire:Midas Blood","infinitespire:FocusingShard","SacredBark","ReplayTheSpireMod:CursedCoin","Omamori","Replay:Ringing Soul","Bird Faced Urn","Nilry\u0027s Codex","champ:DuelingGlove","conspire:SlowCooker"],"acts_visited":["Exordium","TheCity","TheBeyond"],"potions_floor_usage":[11,11,12,16,30,30],"damage_taken":[{"damage":0,"enemies":"2 Louse","floor":1,"turns":3},{"damage":0,"enemies":"Jaw Worm","floor":5,"turns":4},{"damage":22,"enemies":"3 Sentries","floor":7,"turns":7},{"damage":0,"enemies":"Cultist","floor":8,"turns":4},{"damage":18,"enemies":"Lagavulin","floor":11,"turns":5},{"damage":0,"enemies":"Gremlin Gang","floor":12,"turns":2},{"damage":0,"enemies":"Red Slaver","floor":14,"turns":3},{"damage":26,"enemies":"The Guardian","floor":16,"turns":11},{"damage":0,"enemies":"3 Byrds","floor":18,"turns":3},{"damage":23,"enemies":"Spheric Guardian","floor":19,"turns":7},{"damage":4,"enemies":"Snake Plant","floor":21,"turns":6},{"damage":8,"enemies":"Snecko","floor":25,"turns":7},{"damage":31,"enemies":"Sentry and Sphere","floor":28,"turns":5},{"damage":0,"enemies":"Gremlin Leader","floor":30,"turns":5},{"damage":0,"enemies":"Snake Plant","floor":31,"turns":4},{"damage":75,"enemies":"Champ","floor":33,"turns":19},{"damage":0,"enemies":"3 Shapes","floor":35,"turns":1}],"seed_played":"-5621865639878708093","potions_obtained":[{"floor":1,"key":"ColorlessPotion"},{"floor":8,"key":"Adrenaline Potion"},{"floor":11,"key":"Explosive Potion"},{"floor":12,"key":"Fruit Juice"},{"floor":16,"key":"Explosive Potion"},{"floor":19,"key":"Energy Potion"},{"floor":28,"key":"PowerPotion"},{"floor":31,"key":"Adrenaline Potion"}],"is_trial":false,"path_per_floor":["M","?","?","?","M","R","E","M","T","R","E","M","R","M","R","B",null,"M","M","$","M","AVR","R","?","M","T","R","M","R","E","M","R","B",null,"M"],"character_chosen":"WANDERER","items_purchased":["ReplayTheSpireMod:CursedCoin","Omamori","Replay:Ringing Soul","stsjorbsmod:DisguiseSelf+1"],"campfire_rested":1,"item_purchase_floors":[20,20,20,20],"current_hp_per_floor":[74,74,74,74,74,74,53,54,54,54,38,43,43,44,44,18,79,81,58,61,65,65,65,49,46,46,46,23,51,62,69,69,11,102,102,102],"gold":357,"neow_bonus":"TEN_PERCENT_HP_BONUS","is_daily":false,"chose_seed":false,"campfire_upgraded":7,"win_rate":0.0,"timestamp":1611342403,"path_taken":["M","?","?","?","M","R","E","?","T","R","E","?","R","M","R","BOSS","M","M","$","M","AVR","R","?","M","T","R","M","R","E","M","R","BOSS","M"],"items_purchased_type":["Relic","Relic","Relic","Card"],"build_version":"2020-12-22","purchased_purges":2,"victory":false,"max_hp_per_floor":[74,74,74,74,74,74,74,74,74,74,74,79,79,79,79,79,79,81,81,84,89,89,89,89,89,89,89,94,94,99,99,99,102,102,102,102],"card_choices":[{"not_picked":["stsjorbsmod:Prestidigitation","stsjorbsmod:Mending"],"picked":"stsjorbsmod:ChainLightning","floor":1},{"not_picked":["stsjorbsmod:Will","stsjorbsmod:OldPocket"],"picked":"stsjorbsmod:Prestidigitation","floor":5},{"not_picked":["stsjorbsmod:RayOfFrost","stsjorbsmod:MirrorImage"],"picked":"stsjorbsmod:FlameWard","floor":7},{"not_picked":["stsjorbsmod:TollTheDead","stsjorbsmod:Index"],"picked":"stsjorbsmod:Materialize","floor":8},{"not_picked":["stsjorbsmod:ArcaneForm","stsjorbsmod:RayOfFrost"],"picked":"stsjorbsmod:Withdraw","floor":11},{"not_picked":["stsjorbsmod:Patron","stsjorbsmod:Thorns","stsjorbsmod:Mending"],"picked":"SKIP","floor":12},{"not_picked":["stsjorbsmod:LoseGrip","stsjorbsmod:Hurt"],"picked":"stsjorbsmod:SmithingStrike","floor":14},{"not_picked":["stsjorbsmod:IvoryTower","stsjorbsmod:Entangle"],"picked":"stsjorbsmod:Feast","floor":16},{"not_picked":["stsjorbsmod:AnimateObjects","stsjorbsmod:Introspection","stsjorbsmod:Will"],"picked":"SKIP","floor":18},{"not_picked":["stsjorbsmod:MageArmor","stsjorbsmod:Message"],"picked":"stsjorbsmod:Mending+1","floor":19},{"not_picked":["stsjorbsmod:ChainLightning","stsjorbsmod:Thorns"],"picked":"stsjorbsmod:ScorchingRay","floor":21},{"not_picked":["stsjorbsmod:Hibernate+1","stsjorbsmod:MistyStep+1","stsjorbsmod:Thorns"],"picked":"SKIP","floor":25},{"not_picked":["stsjorbsmod:TrueStrike+1","stsjorbsmod:SchoolsOfMagic"],"picked":"stsjorbsmod:Thorns","floor":28},{"not_picked":["stsjorbsmod:Rest","stsjorbsmod:UnseenServant"],"picked":"stsjorbsmod:FaerieFire","floor":30},{"not_picked":["stsjorbsmod:Prepare","stsjorbsmod:WanderingMind","stsjorbsmod:WeightOfMemory"],"picked":"SKIP","floor":31},{"not_picked":["stsjorbsmod:Banish","stsjorbsmod:DeathThroes"],"picked":"stsjorbsmod:ArcaneForm","floor":33}],"player_experience":714032,"relics_obtained":[{"floor":7,"key":"Pet Ghost"},{"floor":9,"key":"infinitespire:Midas Blood"},{"floor":11,"key":"infinitespire:FocusingShard"},{"floor":24,"key":"Nilry\u0027s Codex"},{"floor":30,"key":"champ:DuelingGlove"}],"event_choices":[{"damage_healed":0,"gold_gain":0,"player_choice":"Grow","damage_taken":0,"max_hp_gain":0,"max_hp_loss":0,"event_name":"Living Wall","floor":2,"gold_loss":0,"cards_upgraded":["stsjorbsmod:EyeOfTheStorm"]},{"damage_healed":0,"gold_gain":0,"player_choice":"Forge","damage_taken":0,"max_hp_gain":0,"max_hp_loss":0,"event_name":"Accursed Blacksmith","floor":4,"gold_loss":0,"cards_upgraded":["stsjorbsmod:ChainLightning"]},{"damage_healed":0,"gold_gain":0,"player_choice":"Obtained Book","damage_taken":16,"max_hp_gain":0,"max_hp_loss":0,"event_name":"Cursed Tome","floor":24,"gold_loss":0}],"is_beta":false,"boss_relics":[{"not_picked":["ReplayTheSpireMod:SealedPack","Ectoplasm"],"picked":"SacredBark"},{"not_picked":["Velvet Choker","Philosopher\u0027s Stone"],"picked":"conspire:SlowCooker"}],"items_purged_floors":[20,22],"is_endless":false,"potions_floor_spawned":[1,8,11,12,16,19,28,31],"killed_by":"3 Shapes","ascension_level":0}}