{"host":"q6ff4ns2kep02ti6","time":1611322256,"event":{"mods":["AchievementEnabler","BaseMod","Minty Spire (QoL Compilation)","Relic Stats","StSLib","Unceasing Turn Reminder"],"gold_per_floor":[12,28,28,42,61,61,61,96,148,161,161,174,174,191,191,264,264,276,276,276,276,296,296,296,296],"floor_reached":24,"language":"ENG","playtime":1201,"items_purged":[],"score":396,"play_id":"8cbafbf2-c659-4791-8825-0733074eb5dc","local_time":"20210122143056","is_ascension_mode":true,"campfire_choices":[{"data":"Bash","floor":6,"key":"SMITH"},{"data":"Demon Form","floor":13,"key":"SMITH"},{"data":"Double Tap","floor":15,"key":"SMITH"},{"data":"True Grit","floor":23,"key":"SMITH"}],"circlet_count":0,"master_deck":["AscendersBane","Strike_R","Strike_R+1","Strike_R","Strike_R+1","Defend_R","Defend_R","Defend_R","Bash+1","Headbutt","Armaments+1","Twin Strike","Sword Boomerang","Double Tap+1","True Grit+1","Demon Form+1","Limit Break","Sentinel+1"],"relics":["Burning Blood","Pantograph","Regal Pillow","Whetstone","Bag of Preparation","SlaversCollar","Enchiridion"],"acts_visited":["Exordium","TheCity"],"potions_floor_usage":[5,14,16],"damage_taken":[{"damage":7,"enemies":"Small Slimes","floor":1,"turns":4},{"damage":0,"enemies":"Jaw Worm","floor":2,"turns":4},{"damage":9,"enemies":"2 Louse","floor":4,"turns":3},{"damage":5,"enemies":"Gremlin Gang","floor":5,"turns":2},{"damage":32,"enemies":"Gremlin Nob","floor":8,"turns":4},{"damage":7,"enemies":"Large Slime","floor":10,"turns":5},{"damage":0,"enemies":"Lots of Slimes","floor":12,"turns":7},{"damage":16,"enemies":"Exordium Thugs","floor":14,"turns":4},{"damage":33,"enemies":"The Guardian","floor":16,"turns":8},{"damage":29,"enemies":"Shell Parasite","floor":18,"turns":4},{"damage":5,"enemies":"Chosen","floor":22,"turns":5},{"damage":25,"enemies":"Slavers","floor":24,"turns":2}],"seed_played":"7048091556628993566","potions_obtained":[{"floor":2,"key":"Explosive Potion"},{"floor":4,"key":"Regen Potion"},{"floor":8,"key":"Swift Potion"}],"is_trial":false,"path_per_floor":["M","M","?","M","M","R","?","E","T","M","T","M","R","M","R","B",null,"M","?","?","?","M","R","E"],"character_chosen":"IRONCLAD","items_purchased":[],"campfire_rested":0,"item_purchase_floors":[],"current_hp_per_floor":[67,73,73,70,71,71,66,40,40,39,39,45,45,47,47,45,68,45,24,24,24,25,25,0,0],"gold":296,"neow_bonus":"TRANSFORM_TWO_CARDS","is_daily":false,"chose_seed":false,"campfire_upgraded":4,"win_rate":0.0,"timestamp":1611322256,"path_taken":["M","M","?","M","M","R","?","E","T","M","?","M","R","M","R","BOSS","M","?","?","?","?","R","E"],"items_purchased_type":[],"build_version":"2020-12-22","purchased_purges":0,"victory":false,"max_hp_per_floor":[75,75,75,75,75,75,75,75,75,75,75,75,75,75,75,75,75,75,75,75,75,75,75,75,75],"relic_stats":{"Regal Pillow":0,"counters":[12,52],"Pantograph":25,"Bag of Preparation":[12],"Whetstone":["Strike_R","Strike_R"],"obtain_stats":[{"SlaversCollar":17,"Regal Pillow":8,"Pantograph":7,"Enchiridion":19,"Bag of Preparation":11,"Whetstone":9,"Burning Blood":0},{"SlaversCollar":9,"Regal Pillow":5,"Pantograph":4,"Enchiridion":10,"Bag of Preparation":6,"Whetstone":5,"Burning Blood":0},{"SlaversCollar":41,"Regal Pillow":17,"Pantograph":13,"Enchiridion":45,"Bag of Preparation":22,"Whetstone":17,"Burning Blood":0}],"Burning Blood":66},"card_choices":[{"not_picked":["Heavy Blade","Clash"],"picked":"Twin Strike","floor":1},{"not_picked":["Blood for Blood","Sentinel"],"picked":"Sword Boomerang","floor":2},{"not_picked":["Warcry","Wild Strike","Iron Wave"],"picked":"SKIP","floor":4},{"not_picked":["Seeing Red","Evolve","Dual Wield"],"picked":"SKIP","floor":5},{"not_picked":["Anger","Clothesline"],"picked":"Double Tap","floor":8},{"not_picked":["Thunderclap","Headbutt"],"picked":"True Grit","floor":10},{"not_picked":["Shrug It Off","Body Slam"],"picked":"Demon Form","floor":12},{"not_picked":["Havoc","Cleave","Iron Wave"],"picked":"SKIP","floor":14},{"not_picked":["Bludgeon","Fiend Fire"],"picked":"Limit Break","floor":16},{"not_picked":["Iron Wave+1","Havoc"],"picked":"Sentinel+1","floor":18},{"not_picked":["Havoc","Rage","Perfected Strike"],"picked":"SKIP","floor":22}],"player_experience":997823,"relics_obtained":[{"floor":8,"key":"Regal Pillow"},{"floor":9,"key":"Whetstone"},{"floor":11,"key":"Bag of Preparation"},{"floor":19,"key":"Enchiridion"}],"event_choices":[{"damage_healed":0,"gold_gain":0,"player_choice":"Grow","damage_taken":0,"max_hp_gain":0,"max_hp_loss":0,"event_name":"Living Wall","floor":3,"gold_loss":0,"cards_upgraded":["Armaments"]},{"damage_healed":0,"gold_gain":0,"player_choice":"Success","damage_taken":5,"relics_obtained":["Pantograph"],"max_hp_gain":0,"max_hp_loss":0,"event_name":"Scrap Ooze","floor":7,"gold_loss":0},{"damage_healed":0,"gold_gain":0,"player_choice":"Obtained Book","damage_taken":21,"max_hp_gain":0,"max_hp_loss":0,"event_name":"Cursed Tome","floor":19,"gold_loss":0},{"damage_healed":0,"gold_gain":0,"player_choice":"Smashed Altar","damage_taken":0,"max_hp_gain":0,"max_hp_loss":0,"event_name":"Forgotten Altar","floor":20,"gold_loss":0,"cards_obtained":["Decay"]},{"cards_removed":["Decay"],"damage_healed":0,"gold_gain":0,"player_choice":"Purged","damage_taken":0,"max_hp_gain":0,"max_hp_loss":0,"event_name":"Purifier","floor":21,"gold_loss":0}],"is_beta":false,"boss_relics":[{"not_picked":["Black Star","Astrolabe"],"picked":"SlaversCollar"}],"items_purged_floors":[],"is_endless":false,"potions_floor_spawned":[2,4,8],"killed_by":"Slavers","ascension_level":20}}