{"host":"r10yh36zs2k9z1sa","time":1611318126,"event":{"mods":["AchievementEnabler","Act Like it!","Aspiration","Astrologer","BaseMod","Colored Map","Conspire","Decade(¤ý¤p©ú)","Gensokyo","Hermit","Highlight Path","KinomotoSakuraMod(¤ì¤§¥»?)","Koishi","KomeijiMod","Marisa¡]Ãú«B¡@Å]²z¨F¡^","Minty Spire (QoL Compilation)","Permanent Neow","Quick Restart","Reimu¡]³Õ???¡^","Remilia¡]Á¢¦Ì²ú?¡^","StSLib","SuperFastMode","The Administrix","The Animator","The Bug Knight","The Cursed","The Gatherer","The Marked","The Mystic","The Saiyan","The Senshi","The Servant 0.9.4","Youmu¡]»î¾z§¯?¡^","Yuri Mod","Yuyuko"],"gold_per_floor":[209,209,226,242,260,294,313,14,38,53,64,24,24,44,44,44,44],"floor_reached":16,"language":"ZHS","playtime":754,"items_purged":[],"score":170,"play_id":"dcbd5fdf-72ff-416b-809f-8584421464f6","local_time":"20210122202206","is_ascension_mode":true,"campfire_choices":[{"floor":13,"key":"REST"},{"data":"KidneyShot","floor":15,"key":"SMITH"}],"circlet_count":0,"master_deck":["AscendersBane","Strike_S","Strike_S","Strike_S","Strike_S","Defend_S","Defend_S","Defend_S","Defend_S","KidneyShot+1","Exchange","Defy","BottledTime","InstantArmor","Defy","Sabotage","BottledTime","Read","InstantArmor"],"relics":["Uniform","FaceOfCleric","Calipers","Unceasing Top","Oddly Smooth Stone","PaintedHorse:ReiMu"],"acts_visited":["Exordium"],"potions_floor_usage":[11,16],"damage_taken":[{"damage":0.0,"enemies":"2 Louse","floor":1.0,"turns":2.0},{"damage":0.0,"enemies":"Cultist","floor":3.0,"turns":3.0},{"damage":7.0,"enemies":"Jaw Worm","floor":4.0,"turns":5.0},{"damage":2.0,"enemies":"2 Fungi Beasts","floor":5.0,"turns":7.0},{"damage":43.0,"enemies":"Gremlin Nob","floor":6.0,"turns":6.0},{"damage":0.0,"enemies":"Exordium Wildlife","floor":7.0,"turns":3.0},{"damage":0.0,"enemies":"Blue Slaver","floor":10.0,"turns":4.0},{"damage":7,"enemies":"Gremlin Gang","floor":11,"turns":6},{"damage":5,"enemies":"Red Slaver","floor":14,"turns":6},{"damage":0,"enemies":"Hexaghost","floor":16,"turns":23}],"seed_played":"1162925107737697509","potions_obtained":[{"floor":4.0,"key":"CalmPotion"},{"floor":6.0,"key":"FearPotion"},{"floor":7.0,"key":"Dexterity Potion"},{"floor":10.0,"key":"CultistPotion"},{"floor":14,"key":"AttackPotion"}],"is_trial":false,"path_per_floor":["M","?","M","M","M","E","M","$","T","M","M","?","R","M","R","B"],"character_chosen":"THE_SERVANT","items_purchased":["Unceasing Top"],"campfire_rested":1,"item_purchase_floors":[8],"current_hp_per_floor":[59,59,60,54,53,11,12,12,12,13,7,7,28,24,24,24,24],"gold":44,"neow_bonus":"HUNDRED_GOLD","is_daily":false,"chose_seed":false,"campfire_upgraded":1,"win_rate":0.0,"timestamp":1611318126,"path_taken":["M","?","?","M","M","E","M","?","T","M","M","?","R","M","R","BOSS"],"items_purchased_type":["Relic"],"build_version":"2020-12-22","purchased_purges":0,"victory":false,"max_hp_per_floor":[65,65,66,67,68,69,70,70,70,71,72,72,72,73,73,73,73],"card_choices":[{"not_picked":["Starlight","Gouge","Replace"],"picked":"SKIP","floor":1.0},{"not_picked":["Potential","Alleviate"],"picked":"Defy","floor":3.0},{"not_picked":["Alleviate","Replace"],"picked":"BottledTime","floor":4.0},{"not_picked":["Moonlight","Shuttle"],"picked":"InstantArmor","floor":5.0},{"not_picked":["Unruled","MurderousAura"],"picked":"Defy","floor":6.0},{"not_picked":["Ricochet","Foresight"],"picked":"Sabotage","floor":7.0},{"not_picked":["Collapse","Alleviate"],"picked":"BottledTime","floor":10.0},{"not_picked":["Rearm","Rewind"],"picked":"Read","floor":11},{"not_picked":["TimeTheft","Revamp"],"picked":"InstantArmor","floor":14}],"player_experience":292250,"relics_obtained":[{"floor":6.0,"key":"Calipers"},{"floor":9.0,"key":"Oddly Smooth Stone"}],"event_choices":[{"damage_healed":0.0,"max_hp_gain":0.0,"max_hp_loss":0.0,"gold_gain":0.0,"event_name":"FaceTrader","player_choice":"Trade","floor":2.0,"gold_loss":0.0,"damage_taken":0.0,"relics_obtained":["FaceOfCleric"]},{"damage_healed":0,"gold_gain":0,"player_choice":"¶ë?","damage_taken":0,"relics_obtained":["PaintedHorse:ReiMu"],"max_hp_gain":0,"max_hp_loss":0,"event_name":"yidonshenshe","floor":12,"gold_loss":40}],"is_beta":false,"boss_relics":[],"items_purged_floors":[],"is_endless":false,"potions_floor_spawned":[4,6,7,10,14],"killed_by":"Hexaghost","ascension_level":12}}