{"host":"l2dnabsh5e0fsksb","time":1611291784,"event":{"mods":["2.2 Compatiblity","BaseMod","Downfall","Minty Spire (QoL Compilation)","Quick Restart","StSLib"],"gold_per_floor":[99,99,99,374,374,374,398,427,427,427,227,239,252,271,287,388,388,388,400,420,420,175,175,223,252,262,287,309,337,299,311,335,451,463,375,397,409,441,469,148,186,198,285,310,322,353,365,388,415,427,439,451,451],"floor_reached":52,"language":"ENG","playtime":2901,"items_purged":["bronze:Strike"],"score":887,"play_id":"66dffad0-cb44-4f27-a9ce-84a588ca468a","local_time":"20210122153304","is_ascension_mode":true,"campfire_choices":[{"floor":1.0,"key":"RECALL"},{"floor":11.0,"key":"REST"},{"data":"bronze:Library","floor":18.0,"key":"SMITH"},{"data":"bronze:Separator","floor":35.0,"key":"SMITH"},{"data":"bronze:Iterate","floor":42.0,"key":"SMITH"},{"floor":45.0,"key":"REST"},{"data":"bronze:Optimize","floor":47.0,"key":"SMITH"}],"circlet_count":0,"master_deck":["bronze:Strike","bronze:Strike","bronze:Defend","bronze:Defend","bronze:Defend","bronze:Defend","bronze:Replicate","bronze:Goto","bronze:OilSpill","bronze:Iterate+1","bronze:BronzeOrb","bronze:BronzeArmor","bronze:RecursiveStrike","bronze:Iterate","bronze:FollowUp","bronze:Iterate","bronze:Library+1","bronze:InfiniteBeams+1","bronze:Separator+1","bronze:Repair","bronze:DelayedSlice+1","bronze:FineTuning+1","bronze:DelayedSlice+1","bronze:FollowUp","downfall:Bewildered","bronze:Optimize+1","bronze:InfiniteLoop","bronze:Constructor","bronze:Frontload+1","Decay","Parasite","bronze:Repair","bronze:FineTuning+1"],"relics":["bronze:PlatinumCore","downfall:HeartsMalice","Art of War","Pantograph","Regal Pillow","downfall:HeartBlessingRed","downfall:HeartBlessingGreen","expansioncontent:StudyCardRelic","Sling","Smiling Mask","MawBank","sneckomod:BabySnecko","downfall:HeartBlessingBlue","downfall:ExtraCursedKey","Akabeko"],"acts_visited":["Exordium","TheCity","TheBeyond","TheEnding"],"potions_floor_usage":[48,50,50],"damage_taken":[{"damage":0.0,"enemies":"Jaw Worm","floor":2.0,"turns":1.0},{"damage":0.0,"enemies":"Cultist","floor":3.0,"turns":1.0},{"damage":0.0,"enemies":"2 Louse","floor":5.0,"turns":1.0},{"damage":62.0,"enemies":"3 Sentries","floor":8.0,"turns":12.0},{"damage":0.0,"enemies":"Blue Slaver","floor":12.0,"turns":2.0},{"damage":0.0,"enemies":"3 Louse","floor":13.0,"turns":2.0},{"damage":0.0,"enemies":"Blue Slaver","floor":14.0,"turns":1.0},{"damage":0.0,"enemies":"2 Fungi Beasts","floor":15.0,"turns":2.0},{"damage":43.0,"enemies":"SI_SHIV_ARCHETYPE","floor":16.0,"turns":6.0},{"damage":1.0,"enemies":"Chosen","floor":19.0,"turns":3.0},{"damage":0.0,"enemies":"Cultist and Chosen","floor":20.0,"turns":4.0},{"damage":5.0,"enemies":"downfall:FleeingMerchant","floor":22.0,"turns":4.0},{"damage":25.0,"enemies":"Book of Stabbing","floor":25.0,"turns":4.0},{"damage":5.0,"enemies":"Chosen and Byrds","floor":26.0,"turns":4.0},{"damage":8.0,"enemies":"Slavers","floor":27.0,"turns":3.0},{"damage":0.0,"enemies":"Centurion and Healer","floor":28.0,"turns":3.0},{"damage":30.0,"enemies":"Snake Plant","floor":29.0,"turns":3.0},{"damage":13.0,"enemies":"Snecko","floor":32.0,"turns":4.0},{"damage":13.0,"enemies":"WA_ARCHETYPE_CALM","floor":33.0,"turns":5.0},{"damage":16.0,"enemies":"3 Darklings","floor":36.0,"turns":4.0},{"damage":4.0,"enemies":"Orb Walker","floor":38.0,"turns":2.0},{"damage":17.0,"enemies":"Transient","floor":39.0,"turns":5.0},{"damage":48.0,"enemies":"4 Shapes","floor":44.0,"turns":5.0},{"damage":15.0,"enemies":"Jaw Worm Horde","floor":46.0,"turns":3.0},{"damage":32,"enemies":"Writhing Mass","floor":48,"turns":4},{"damage":9,"enemies":"4 Shapes","floor":49,"turns":5},{"damage":178,"enemies":"IC_BLOCK_ARCHETYPE","floor":50,"turns":8},{"damage":145,"enemies":"downfall:CharBossMerchant","floor":52,"turns":6}],"seed_played":"1746608116050159646","potions_obtained":[{"floor":8.0,"key":"PowerPotion"},{"floor":12.0,"key":"SkillPotion"},{"floor":15.0,"key":"Weak Potion"},{"floor":16.0,"key":"SteroidPotion"},{"floor":26.0,"key":"bronze:BuildAFunctionPotion"},{"floor":28.0,"key":"SpeedPotion"},{"floor":29.0,"key":"FearPotion"},{"floor":36.0,"key":"CultistPotion"},{"floor":43.0,"key":"downfall:CursedFountainPotion"},{"floor":49,"key":"FairyPotion"}],"is_trial":false,"path_per_floor":["R","M","M","?","M","?","T","E","?","T","R","M","M","M","M","B",null,"R","M","M","?","$","?","T","E","M","E","M","M","?","?","M","B",null,"R","M","?","M","M","?","T","R","?","M","R","M","R","M","M","B",null,"E"],"character_chosen":"THE_AUTOMATON","items_purchased":["Sling"],"campfire_rested":2,"item_purchase_floors":[22],"current_hp_per_floor":[63,63,63,63,63,63,63,1,1,1,37,37,37,37,37,19,57,57,56,56,56,58,58,58,40,35,34,41,18,46,46,40,57,67,77,61,61,64,55,90,90,90,90,49,90,75,75,50,48,7,69,0,0,0],"gold":451,"neow_bonus":"THREE_ENEMY_KILL","is_daily":false,"chose_seed":false,"campfire_upgraded":4,"win_rate":0.0,"timestamp":1611291784,"path_taken":["R","M","M","?","?","?","T","E","?","?","R","?","M","M","M","BOSS","R","M","M","?","$","?","T","E","M","E","M","M","?","?","M","BOSS","R","M","?","M","M","?","T","R","?","M","R","?","R","M","M","BOSS","E"],"items_purchased_type":["Relic"],"build_version":"2020-12-22","purchased_purges":1,"victory":false,"max_hp_per_floor":[70,70,70,70,70,70,70,70,70,70,70,70,70,70,70,70,70,70,70,70,70,70,70,70,70,70,70,70,70,70,70,70,70,70,80,80,80,80,80,90,90,90,90,90,90,90,90,90,90,90,90,90,90,90],"card_choices":[{"not_picked":["bronze:ItsAFeature","bronze:Terminator"],"picked":"bronze:OilSpill","floor":2.0},{"not_picked":["bronze:CutThrough","bronze:Fortify"],"picked":"bronze:Iterate","floor":3.0},{"not_picked":["bronze:Frontload","bronze:BitShift"],"picked":"bronze:BronzeOrb","floor":5.0},{"not_picked":["bronze:WildBeam","bronze:BitShift"],"picked":"bronze:BronzeArmor","floor":8.0},{"not_picked":["bronze:BugBarrage","bronze:BronzeArmor"],"picked":"bronze:Iterate","floor":12.0},{"not_picked":["bronze:Deprecate","bronze:InfiniteBeams"],"picked":"bronze:FollowUp","floor":13.0},{"not_picked":["bronze:Repulsor","bronze:BugBarrage"],"picked":"bronze:Iterate","floor":14.0},{"not_picked":["bronze:BurnOut","bronze:BugBarrage","bronze:BronzeArmor"],"picked":"SKIP","floor":15.0},{"not_picked":["bronze:HardenedForm","bronze:Hardcode"],"picked":"bronze:Library","floor":16.0},{"not_picked":["bronze:Refactor","bronze:BitShift"],"picked":"bronze:InfiniteBeams+1","floor":19.0},{"not_picked":["bronze:ForceShield","bronze:BronzeArmor"],"picked":"bronze:Separator","floor":20.0},{"not_picked":["bronze:BuggyMess","bronze:Refactor"],"picked":"bronze:DelayedSlice+1","floor":22.0},{"not_picked":["bronze:Return","bronze:Shield"],"picked":"bronze:FineTuning+1","floor":25.0},{"not_picked":["bronze:NullPointer","bronze:Deprecate"],"picked":"bronze:DelayedSlice+1","floor":26.0},{"not_picked":["bronze:Backtrace","bronze:Deprecate"],"picked":"bronze:FollowUp","floor":27.0},{"not_picked":["bronze:Shield","bronze:Virus","bronze:BuggyMess"],"picked":"SKIP","floor":28.0},{"not_picked":["bronze:Separator","bronze:BugBarrage","bronze:DelayedGuard"],"picked":"SKIP","floor":29.0},{"not_picked":["bronze:Frontload","bronze:ChildClass"],"picked":"bronze:Optimize","floor":32.0},{"not_picked":["bronze:Virus","bronze:AlphaBuild"],"picked":"bronze:InfiniteLoop","floor":33.0},{"not_picked":["bronze:Refactor+1","bronze:BugBarrage"],"picked":"bronze:Constructor","floor":36.0},{"not_picked":["bronze:DelayedSlice","bronze:Invalidate","bronze:FineTuning+1"],"picked":"SKIP","floor":38.0},{"not_picked":["bronze:Constructor","bronze:Repair"],"picked":"bronze:Frontload+1","floor":39.0},{"not_picked":["bronze:Shield","bronze:Return+1","bronze:DarkDash+1"],"picked":"SKIP","floor":44.0},{"not_picked":["bronze:WildBeam","bronze:Deprecate+1"],"picked":"bronze:Repair","floor":46.0},{"not_picked":["bronze:BugBarrage+1","bronze:Break","bronze:Turbo+1"],"picked":"SKIP","floor":48},{"not_picked":["bronze:Iterate","bronze:WildBeam"],"picked":"bronze:FineTuning+1","floor":49}],"player_experience":1826857,"relics_obtained":[{"floor":7.0,"key":"Art of War"},{"floor":8.0,"key":"Pantograph"},{"floor":10.0,"key":"Regal Pillow"},{"floor":25.0,"key":"Smiling Mask"},{"floor":27.0,"key":"MawBank"},{"floor":41.0,"key":"Akabeko"}],"event_choices":[{"damage_healed":0.0,"max_hp_gain":0.0,"max_hp_loss":0.0,"gold_gain":0.0,"event_name":"The Library","player_choice":"Read","floor":21.0,"gold_loss":0.0,"damage_taken":0.0,"cards_obtained":["bronze:Repair"]},{"damage_healed":0.0,"max_hp_gain":0.0,"max_hp_loss":0.0,"gold_gain":0.0,"event_name":"Vampires","player_choice":"Ignored","floor":23.0,"gold_loss":0.0,"damage_taken":0.0}],"is_beta":false,"boss_relics":[{"not_picked":["Fusion Hammer","Runic Pyramid"],"picked":"expansioncontent:StudyCardRelic"},{"not_picked":["Runic Dome","Empty Cage"],"picked":"bronze:PlatinumCore"}],"items_purged_floors":[22],"is_endless":false,"potions_floor_spawned":[8,12,15,16,26,28,29,36,46,49],"killed_by":"downfall:CharBossMerchant","ascension_level":6}}