{"host":"oi6p1guiqfwwvxym","time":1611278835,"event":{"mods":["BaseMod","Colored Map","Minty Spire (QoL Compilation)","Relic Stats"],"gold_per_floor":[99,99,99,99,99,99,24,24,24,24,24,24,24,24,24,24,24,24,24,24,24,24,24,24,24,24,24,24,24,24,24,24,24,24],"floor_reached":33,"language":"ENG","playtime":1776,"items_purged":["Strike_R"],"score":599,"play_id":"22765c58-cb0a-4df8-9080-c1e5345ea5cc","local_time":"20210121172715","is_ascension_mode":true,"campfire_choices":[{"floor":8,"key":"REST"},{"data":"Fiend Fire","floor":10,"key":"SMITH"},{"floor":15,"key":"REST"},{"data":"Spot Weakness","floor":24,"key":"SMITH"},{"data":"Flame Barrier","floor":25,"key":"SMITH"},{"data":"Uppercut","floor":27,"key":"SMITH"},{"data":"Rage","floor":32,"key":"SMITH"}],"circlet_count":0,"master_deck":["AscendersBane","Strike_R","Strike_R","Strike_R","Strike_R","Defend_R","Defend_R","Defend_R","Defend_R","Bash","Pommel Strike","Uppercut+1","Fiend Fire+1","True Grit","Armaments","Shockwave","Shrug It Off","Reaper","Spot Weakness+1","Flame Barrier+1","Hemokinesis+1","Rage+1","Impervious"],"relics":["Ectoplasm","Pear","MealTicket","WingedGreaves","Pocketwatch","SlaversCollar","Juzu Bracelet","Orichalcum","Girya","Red Mask","Du-Vu Doll"],"acts_visited":["Exordium","TheCity"],"potions_floor_usage":[3,6,18,23,30],"damage_taken":[{"damage":1,"enemies":"Cultist","floor":1,"turns":4},{"damage":7,"enemies":"Jaw Worm","floor":2,"turns":2},{"damage":5,"enemies":"Small Slimes","floor":5,"turns":3},{"damage":40,"enemies":"3 Sentries","floor":6,"turns":10},{"damage":20,"enemies":"Lagavulin","floor":11,"turns":6},{"damage":2,"enemies":"3 Louse","floor":12,"turns":3},{"damage":5,"enemies":"Red Slaver","floor":13,"turns":3},{"damage":0,"enemies":"Large Slime","floor":14,"turns":2},{"damage":20,"enemies":"Hexaghost","floor":16,"turns":9},{"damage":12,"enemies":"3 Byrds","floor":18,"turns":6},{"damage":11,"enemies":"Spheric Guardian","floor":19,"turns":4},{"damage":21,"enemies":"Snake Plant","floor":20,"turns":4},{"damage":10,"enemies":"Gremlin Leader","floor":23,"turns":4},{"damage":12,"enemies":"Book of Stabbing","floor":28,"turns":4},{"damage":14,"enemies":"Centurion and Healer","floor":29,"turns":6},{"damage":13,"enemies":"Masked Bandits","floor":30,"turns":3},{"damage":27,"enemies":"Slavers","floor":31,"turns":5},{"damage":119,"enemies":"Automaton","floor":33,"turns":10}],"seed_played":"6747588044400130775","potions_obtained":[{"floor":2,"key":"BloodPotion"},{"floor":5,"key":"EssenceOfSteel"},{"floor":14,"key":"SpeedPotion"},{"floor":16,"key":"Fire Potion"},{"floor":19,"key":"AttackPotion"},{"floor":20,"key":"FairyPotion"},{"floor":28,"key":"BlessingOfTheForge"},{"floor":29,"key":"Explosive Potion"}],"is_trial":false,"path_per_floor":["M","M","?","?","M","E","$","R","T","R","E","M","M","M","R","B",null,"M","M","M","$","$","E","R","R","T","R","E","M","?","E","R","B"],"character_chosen":"IRONCLAD","items_purchased":[],"campfire_rested":2,"item_purchase_floors":[],"current_hp_per_floor":[67,60,52,52,47,7,22,47,47,47,27,25,20,20,45,25,70,64,53,39,54,69,75,75,75,75,75,63,61,66,57,57,0,0],"gold":24,"neow_bonus":"BOSS_RELIC","is_daily":false,"chose_seed":false,"campfire_upgraded":5,"win_rate":0.0,"timestamp":1611278835,"path_taken":["M","M","?","?","M","E","$","R","T","R","E","M","M","?","R","BOSS","M","M","M","?","$","E","R","R","T","R","E","M","?","E","R","BOSS"],"items_purchased_type":[],"build_version":"2020-12-22","purchased_purges":1,"victory":false,"max_hp_per_floor":[75,75,85,85,85,85,85,85,85,85,85,85,85,85,85,85,85,85,85,85,85,85,85,85,85,85,85,85,85,85,85,85,85,85],"relic_stats":{"counters":[18,88],"MealTicket":45,"Ectoplasm":379,"Juzu Bracelet":0,"Orichalcum":[30],"obtain_stats":[{"Du-Vu Doll":31,"SlaversCollar":17,"Girya":28,"Pear":3,"MealTicket":6,"Ectoplasm":0,"WingedGreaves":9,"Juzu Bracelet":23,"Red Mask":30,"Orichalcum":26,"Burning Blood":0,"Pocketwatch":11},{"Du-Vu Doll":17,"SlaversCollar":9,"Girya":14,"Pear":2,"MealTicket":4,"Ectoplasm":0,"WingedGreaves":4,"Juzu Bracelet":13,"Red Mask":16,"Orichalcum":13,"Burning Blood":0,"Pocketwatch":5},{"Du-Vu Doll":78,"SlaversCollar":42,"Girya":64,"Pear":6,"MealTicket":19,"Ectoplasm":0,"WingedGreaves":19,"Juzu Bracelet":60,"Red Mask":73,"Orichalcum":60,"Burning Blood":0,"Pocketwatch":25}],"Pocketwatch":[102]},"card_choices":[{"not_picked":["Inflame","Perfected Strike"],"picked":"Pommel Strike","floor":1},{"not_picked":["Heavy Blade","Clash","Warcry"],"picked":"SKIP","floor":2},{"not_picked":["Pommel Strike","True Grit"],"picked":"Uppercut","floor":5},{"not_picked":["Uppercut","Dual Wield"],"picked":"Fiend Fire","floor":6},{"not_picked":["Sever Soul","Perfected Strike"],"picked":"True Grit","floor":11},{"not_picked":["Sword Boomerang","Pommel Strike"],"picked":"Armaments","floor":12},{"not_picked":["Feel No Pain","Anger"],"picked":"Shockwave","floor":13},{"not_picked":["Intimidate","Power Through"],"picked":"Shrug It Off","floor":14},{"not_picked":["Impervious","Demon Form"],"picked":"Reaper","floor":16},{"not_picked":["Cleave","Power Through+1"],"picked":"Spot Weakness","floor":18},{"not_picked":["Flex+1","Thunderclap"],"picked":"Flame Barrier","floor":19},{"not_picked":["Shrug It Off","Perfected Strike","Wild Strike"],"picked":"SKIP","floor":20},{"not_picked":["Uppercut","Rupture"],"picked":"Hemokinesis+1","floor":23},{"not_picked":["Cleave","Reckless Charge"],"picked":"Rage","floor":28},{"not_picked":["Wild Strike+1","Thunderclap","Clash"],"picked":"SKIP","floor":29},{"not_picked":["Uppercut+1","Blood for Blood+1"],"picked":"Impervious","floor":30},{"not_picked":["Carnage","Heavy Blade","Clash"],"picked":"SKIP","floor":31}],"player_experience":378915,"relics_obtained":[{"floor":6,"key":"MealTicket"},{"floor":9,"key":"WingedGreaves"},{"floor":11,"key":"Pocketwatch"},{"floor":23,"key":"Juzu Bracelet"},{"floor":26,"key":"Orichalcum"},{"floor":28,"key":"Girya"},{"floor":30,"key":"Red Mask"},{"floor":31,"key":"Du-Vu Doll"}],"event_choices":[{"damage_healed":0,"gold_gain":0,"player_choice":"Success","damage_taken":35,"relics_obtained":["Pear"],"max_hp_gain":0,"max_hp_loss":0,"event_name":"Scrap Ooze","floor":3,"gold_loss":0},{"damage_healed":0,"gold_gain":0,"player_choice":"Ignored","damage_taken":0,"max_hp_gain":0,"max_hp_loss":0,"event_name":"Golden Shrine","floor":4,"gold_loss":0},{"damage_healed":0,"gold_gain":0,"player_choice":"Fought Bandits","damage_taken":0,"max_hp_gain":0,"max_hp_loss":0,"event_name":"Masked Bandits","floor":30,"gold_loss":0}],"is_beta":false,"boss_relics":[{"not_picked":["Tiny House","Fusion Hammer"],"picked":"SlaversCollar"}],"items_purged_floors":[7],"is_endless":false,"potions_floor_spawned":[2,5,14,16,19,20,28,29],"killed_by":"Automaton","ascension_level":18}}