{"host":"qxt9611uhnemh1bn","time":1611346685,"event":{"mods":["BaseMod","Hermit","Marisa（霧雨　魔理沙）","Minty Spire (QoL Compilation)","Remilia（蕾米莉?）","StSLib","The Bug Knight","The Cursed","The Hierophant","The Servant 0.9.4"],"gold_per_floor":[114,114,130,57,68,103,103,117,117,130,130,80,96,21,21,123,123,141,141,141,74,89,103,3,21,47,47,47,59,59,92,92,92,92],"floor_reached":33,"language":"ENG","playtime":1227,"items_purged":["Strike_G","EndlessPower"],"score":267,"play_id":"a86aaf38-8462-4f90-a433-c3997721da44","local_time":"20210122141805","is_ascension_mode":false,"campfire_choices":[{"data":"Footwork","floor":7,"key":"SMITH"},{"data":"Deadly Poison","floor":11,"key":"SMITH"},{"data":"Deadly Poison","floor":15,"key":"SMITH"},{"floor":28,"key":"REST"},{"data":"Catalyst","floor":30,"key":"SMITH"},{"data":"Crippling Poison","floor":32,"key":"SMITH"}],"circlet_count":0,"master_deck":["Strike_G","Strike_G","Strike_G","Defend_G","Defend_G","Defend_G","Defend_G","Defend_G","Survivor","Neutralize","Bane","Dash","Footwork+1","Deadly Poison+1","Flying Knee","Dagger Throw","Deadly Poison+1","Crippling Poison+1","Adrenaline","Dodge and Roll","Catalyst+1","Dodge and Roll+1"],"relics":["Ring of the Snake","Du-Vu Doll","Peace Pipe","Busted Crown","Bag of Marbles","Nloth\u0027s Gift","Molten Egg 2"],"acts_visited":["Exordium","TheCity"],"potions_floor_usage":[16,25,31,31,31,33,33,33],"damage_taken":[{"damage":0.0,"enemies":"2 Louse","floor":1.0,"turns":1.0},{"damage":0,"enemies":"Jaw Worm","floor":3,"turns":1},{"damage":0,"enemies":"Small Slimes","floor":5,"turns":1},{"damage":21,"enemies":"3 Sentries","floor":6,"turns":11},{"damage":0,"enemies":"2 Fungi Beasts","floor":8,"turns":5},{"damage":4,"enemies":"Exordium Wildlife","floor":10,"turns":4},{"damage":5,"enemies":"Blue Slaver","floor":13,"turns":3},{"damage":8,"enemies":"The Guardian","floor":16,"turns":8},{"damage":0,"enemies":"Chosen","floor":18,"turns":4},{"damage":11,"enemies":"Centurion and Healer","floor":22,"turns":5},{"damage":45,"enemies":"Snecko","floor":23,"turns":9},{"damage":2,"enemies":"Sentry and Sphere","floor":25,"turns":7},{"damage":3,"enemies":"Centurion and Healer","floor":29,"turns":9},{"damage":3,"enemies":"Gremlin Leader","floor":31,"turns":4},{"damage":38,"enemies":"Collector","floor":33,"turns":6}],"seed_played":"6077595070866240219","potions_obtained":[{"floor":5,"key":"Energy Potion"},{"floor":10,"key":"EntropicBrew"},{"floor":13,"key":"PowerPotion"},{"floor":16,"key":"SteroidPotion"},{"floor":22,"key":"DistilledChaos"},{"floor":31,"key":"SteroidPotion"}],"is_trial":false,"path_per_floor":["M","?","M","$","M","E","R","M","T","M","R","?","M","$","R","B",null,"M","?","?","$","M","M","$","M","T","?","R","M","R","E","R","B"],"character_chosen":"THE_SILENT","items_purchased":["Footwork","Catalyst"],"campfire_rested":1,"item_purchase_floors":[4,21],"current_hp_per_floor":[70,75,75,75,75,54,54,54,54,50,50,50,45,45,45,37,75,75,75,75,75,64,19,19,17,17,17,39,36,36,33,33,0,0],"gold":92,"neow_bonus":"THREE_ENEMY_KILL","is_daily":false,"chose_seed":false,"campfire_upgraded":5,"win_rate":0.0,"timestamp":1611346685,"path_taken":["M","?","M","$","M","E","R","M","T","M","R","?","M","$","R","BOSS","M","?","?","$","M","M","?","?","T","?","R","M","R","E","R","BOSS"],"items_purchased_type":["Card","Card"],"build_version":"2020-12-22","purchased_purges":2,"victory":false,"max_hp_per_floor":[70,75,75,75,75,75,75,75,75,75,75,75,75,75,75,75,75,75,75,75,75,75,75,75,75,75,75,75,75,75,75,75,75,75],"card_choices":[{"not_picked":["Slice","Dagger Spray"],"picked":"Bane","floor":1},{"not_picked":["Terror","Flechettes"],"picked":"Dash","floor":3},{"not_picked":["Slice","Dodge and Roll"],"picked":"Deadly Poison","floor":5},{"not_picked":["Riddle With Holes","Terror"],"picked":"Flying Knee","floor":6},{"not_picked":["Outmaneuver","Glass Knife"],"picked":"Dagger Throw","floor":8},{"not_picked":["Dagger Throw","Dodge and Roll"],"picked":"Deadly Poison","floor":10},{"not_picked":["Blade Dance","Flying Knee"],"picked":"Crippling Poison","floor":13},{"not_picked":["Wraith Form v2","Die Die Die"],"picked":"Adrenaline","floor":16},{"not_picked":[],"picked":"Dodge and Roll","floor":18},{"not_picked":["Escape Plan"],"picked":"SKIP","floor":22},{"not_picked":["Escape Plan"],"picked":"SKIP","floor":22},{"not_picked":[],"picked":"Dodge and Roll+1","floor":23},{"not_picked":["Dash"],"picked":"SKIP","floor":25},{"not_picked":["Outmaneuver"],"picked":"SKIP","floor":29},{"not_picked":["Endless Agony+1"],"picked":"SKIP","floor":31}],"player_experience":212899,"relics_obtained":[{"floor":6,"key":"Du-Vu Doll"},{"floor":9,"key":"Peace Pipe"},{"floor":26,"key":"Bag of Marbles"},{"floor":31,"key":"Molten Egg 2"}],"event_choices":[{"damage_healed":0,"gold_gain":0,"player_choice":"Donut","damage_taken":0,"max_hp_gain":5,"max_hp_loss":0,"event_name":"Big Fish","floor":2,"gold_loss":0},{"cards_removed":["Strike_G"],"damage_healed":0,"gold_gain":0,"player_choice":"Card Removal","damage_taken":0,"max_hp_gain":0,"max_hp_loss":0,"event_name":"The Cleric","floor":12,"gold_loss":50},{"cards_removed":["Wrath_TH"],"damage_healed":0,"gold_gain":0,"player_choice":"Elegance","damage_taken":0,"max_hp_gain":0,"max_hp_loss":0,"event_name":"Back to Basics","floor":20,"gold_loss":0},{"damage_healed":0,"gold_gain":0,"player_choice":"Traded Relic","damage_taken":0,"relics_obtained":["Nloth\u0027s Gift"],"max_hp_gain":0,"max_hp_loss":0,"event_name":"N\u0027loth","floor":27,"relics_lost":["NeowsBlessing"],"gold_loss":0}],"is_beta":false,"boss_relics":[{"not_picked":["Pandora\u0027s Box","Philosopher\u0027s Stone"],"picked":"Busted Crown"}],"items_purged_floors":[14,24],"is_endless":false,"potions_floor_spawned":[5,10,13,16,22,31],"killed_by":"Collector","ascension_level":0}}