{"host":"hpt6dcq85ksi3d55","time":1611299545,"event":{"mods":["AchievementEnabler","BaseMod","Colored Map","Colored Powertips","Downfall","Highlight Path","Marisa????????","Minty Spire (QoL Compilation)","Remilia??????","Shop Mod","StSLib","The Animator","The Cursed","The Necromancer","The Servant 0.9.4"],"gold_per_floor":[124,299,299,327,342,342,384,384,384,417,417,449,459,479,479,479,479],"floor_reached":16,"language":"ENG","playtime":3107,"items_purged":[],"score":152,"play_id":"dd7608a9-e6ec-4360-9bfa-a51fd2531327","local_time":"20210122021225","is_ascension_mode":true,"campfire_choices":[{"floor":6,"key":"RECALL"},{"floor":15,"key":"REST"}],"circlet_count":0,"master_deck":["animator:Strike_Elsword","animator:Defend_Elsword+1","animator:Strike","animator:Strike","animator:Strike","animator:Defend","animator:Defend","animator:Defend","animator:Chung","animator:Raven","animator:Ciel","Doubt","Pain","animator:Kaijin","animator:Rena","animator:Add","downfall:Haunted","Shame","animator:Evileye","animator:ElricAlphonse","animator:Sebas","animator:NarberalGamma"],"relics":["animator:LivingPicture","animator:TheMissingPiece","animator:PurgingStone","WarpedTongs","Happy Flower","downfall:ExtraCursedKey","Tiny Chest","animator:OldCoffin"],"acts_visited":["Exordium"],"potions_floor_usage":[7,12,16,16],"damage_taken":[{"damage":0,"enemies":"Small Slimes","floor":1,"turns":4},{"damage":4,"enemies":"Cultist","floor":4,"turns":4},{"damage":6,"enemies":"2 Louse","floor":5,"turns":3},{"damage":15,"enemies":"3 Sentries","floor":7,"turns":16},{"damage":7,"enemies":"Lagavulin","floor":10,"turns":7},{"damage":23,"enemies":"3 Sentries","floor":12,"turns":15},{"damage":10,"enemies":"Gremlin Gang","floor":13,"turns":7},{"damage":7,"enemies":"2 Fungi Beasts","floor":14,"turns":7},{"damage":23,"enemies":"Slime Boss","floor":16,"turns":5}],"seed_played":"-7620547467897094960","potions_obtained":[{"floor":1,"key":"EssenceOfSteel"},{"floor":4,"key":"LiquidBronze"},{"floor":5,"key":"FearPotion"},{"floor":7,"key":"sneckomod:MuddlingPotion"}],"is_trial":false,"path_per_floor":["M","?","?","M","M","R","E","?","T","E","?","E","M","M","R","B"],"character_chosen":"THE_ANIMATOR","items_purchased":[],"campfire_rested":1,"item_purchase_floors":[],"current_hp_per_floor":[72,72,72,68,63,63,48,48,48,41,41,18,8,1,22,0,0],"gold":479,"neow_bonus":"TEN_PERCENT_HP_BONUS","is_daily":false,"chose_seed":false,"campfire_upgraded":0,"win_rate":0.0,"timestamp":1611299545,"path_taken":["M","?","?","?","M","R","E","?","T","E","?","E","M","M","R","BOSS"],"items_purchased_type":[],"build_version":"2020-12-22","purchased_purges":0,"victory":false,"max_hp_per_floor":[72,72,72,72,73,73,73,73,73,73,73,73,73,73,73,73,73],"card_choices":[{"not_picked":["animator:Laby","animator:Witch"],"picked":"animator:Ciel","floor":1},{"not_picked":["animator:RoyMustang","animator:NagisaMomoe"],"picked":"animator:Kaijin","floor":4},{"not_picked":["animator:Sloth","animator:Pride"],"picked":"animator:Rena","floor":5},{"not_picked":["animator:Ciel","animator:Chung"],"picked":"animator:Add","floor":7},{"not_picked":["animator:Guy","animator:Gillette"],"picked":"animator:Evileye","floor":10},{"not_picked":["animator:Viivi","animator:MetalKnight"],"picked":"animator:ElricAlphonse","floor":12},{"not_picked":["animator:PandorasActor","animator:Aqua"],"picked":"animator:Sebas","floor":13},{"not_picked":["animator:Entoma","animator:Shalltear"],"picked":"animator:NarberalGamma","floor":14}],"player_experience":178971,"relics_obtained":[{"floor":7,"key":"Happy Flower"},{"floor":10,"key":"Tiny Chest"},{"floor":12,"key":"animator:OldCoffin"}],"event_choices":[{"damage_healed":0,"gold_gain":175,"player_choice":"AGREE","damage_taken":0,"max_hp_gain":0,"max_hp_loss":0,"event_name":"Liars Game","floor":2,"gold_loss":0,"cards_obtained":["Doubt"]},{"damage_healed":0,"gold_gain":0,"player_choice":"Rummage","damage_taken":0,"relics_obtained":["WarpedTongs"],"max_hp_gain":0,"max_hp_loss":0,"event_name":"Accursed Blacksmith","floor":3,"gold_loss":0,"cards_obtained":["Pain"]},{"damage_healed":0,"gold_gain":0,"player_choice":"Bought 0 Potions","damage_taken":0,"max_hp_gain":0,"max_hp_loss":0,"event_name":"The Woman in Blue","floor":11,"gold_loss":0}],"is_beta":false,"boss_relics":[],"items_purged_floors":[],"is_endless":false,"potions_floor_spawned":[1,4,5,7],"killed_by":"Slime Boss","ascension_level":1}}