{"host":"gfmw02tnhhvp9jba","time":1611346099,"event":{"mods":["AchievementEnabler","BaseMod","Colored Map","Downfall","Highlight Path","Minty Spire (QoL Compilation)","StSLib"],"gold_per_floor":[99,115,215,215,235,235,235,235,251,263,263,2,2,13,23,126,126,26,45,60,60,70,70,70,70],"floor_reached":23,"language":"ENG","playtime":974,"items_purged":[],"score":183,"play_id":"a4b1f2fa-af28-451a-9077-914f3e7b3504","local_time":"20210122210819","is_ascension_mode":false,"campfire_choices":[{"data":"Slimebound:Split","floor":1,"key":"SMITH"},{"data":"Slimebound:SamplingLick","floor":6,"key":"SMITH"},{"floor":13,"key":"RECALL"},{"data":"Slimebound:OneTwoCombo","floor":18,"key":"SMITH"}],"circlet_count":0,"master_deck":["Slimebound:Strike_Slimebound","Slimebound:Strike_Slimebound","Slimebound:Tackle","Slimebound:Defend_Slimebound","Slimebound:Defend_Slimebound","Slimebound:Defend_Slimebound","Slimebound:Defend_Slimebound","Slimebound:Split+1","Slimebound:CorrosiveSpit","Slimebound:SamplingLick+1","Slimebound:Split+1","Slimebound:LeadByExample","Slimebound:SplitAcid","Slimebound:Split","PanicButton","Slimebound:SamplingLick","Slimebound:SplitMire","Slimebound:OneTwoCombo+1","Slimebound:LeechEnergy","RitualDagger"],"relics":["Slimebound:AbsorbEndCombat","Art of War","Frozen Egg 2","Sozu","downfall:HeartBlessingRed"],"acts_visited":["Exordium","TheCity"],"potions_floor_usage":[16,23,23],"damage_taken":[{"damage":5,"enemies":"2 Louse","floor":2,"turns":3},{"damage":0,"enemies":"Jaw Worm","floor":5,"turns":3},{"damage":0,"enemies":"Small Slimes","floor":9,"turns":3},{"damage":11,"enemies":"Gremlin Gang","floor":10,"turns":4},{"damage":0,"enemies":"downfall:FleeingMerchant","floor":12,"turns":4},{"damage":5,"enemies":"3 Louse","floor":14,"turns":3},{"damage":11,"enemies":"Exordium Thugs","floor":15,"turns":4},{"damage":50,"enemies":"DF_ARCHETYPE_STREAMLINE","floor":16,"turns":9},{"damage":0,"enemies":"Chosen","floor":19,"turns":5},{"damage":16,"enemies":"Centurion and Healer","floor":20,"turns":8},{"damage":30,"enemies":"Cultist and Chosen","floor":22,"turns":6},{"damage":37,"enemies":"Slavers","floor":23,"turns":2}],"seed_played":"8299465240427255891","potions_obtained":[{"floor":14,"key":"Energy Potion"},{"floor":15,"key":"FearPotion"},{"floor":16,"key":"PowerPotion"}],"is_trial":false,"path_per_floor":["R","M","?","?","M","R","T","?","M","M","?","$","R","M","M","B",null,"R","M","M","?","M","E"],"character_chosen":"SLIMEBOUND","items_purchased":["Frozen Egg 2"],"campfire_rested":0,"item_purchase_floors":[12],"current_hp_per_floor":[65,62,62,62,65,65,65,65,65,56,56,60,60,55,50,8,65,65,65,53,47,23,0,0,0],"gold":70,"neow_bonus":"RANDOM_COMMON_RELIC","is_daily":false,"chose_seed":false,"campfire_upgraded":3,"win_rate":0.0,"timestamp":1611346099,"path_taken":["R","M","?","?","M","R","T","?","?","M","?","?","R","M","M","BOSS","R","M","M","?","M","E"],"items_purchased_type":["Relic"],"build_version":"2020-12-22","purchased_purges":0,"victory":false,"max_hp_per_floor":[65,65,65,65,65,65,65,65,65,65,65,65,65,65,65,65,65,65,65,65,65,65,65,65,65],"card_choices":[{"not_picked":["Slimebound:HauntingLick","Slimebound:Schlurp"],"picked":"Slimebound:SamplingLick","floor":2},{"not_picked":["Slimebound:MegaLick","Slimebound:GoopSpray","Slimebound:LivingWall"],"picked":"SKIP","floor":5},{"not_picked":["Slimebound:ServeAndProtect","Slimebound:LeechingTouch"],"picked":"Slimebound:LeadByExample","floor":9},{"not_picked":["Slimebound:Gluttony","Slimebound:TongueLash"],"picked":"Slimebound:SplitAcid","floor":10},{"not_picked":["Slimebound:ServeAndProtect","Slimebound:Dissolve","Slimebound:AcidTongue"],"picked":"SKIP","floor":12},{"not_picked":["Slimebound:RainOfGoop","Slimebound:GoopSpray","Slimebound:Teamwork"],"picked":"SKIP","floor":14},{"not_picked":["Slimebound:GoopSpray","Slimebound:LeechingTouch"],"picked":"Slimebound:SplitMire","floor":15},{"not_picked":["Slimebound:Overexert+1","Slimebound:LeechLife"],"picked":"Slimebound:OneTwoCombo","floor":16},{"not_picked":["Slimebound:ViciousTackle","Slimebound:Gluttony+1","Slimebound:Dissolve"],"picked":"SKIP","floor":19},{"not_picked":["Slimebound:FinishingTackle","Slimebound:ItLooksTasty"],"picked":"Slimebound:LeechEnergy","floor":20},{"not_picked":["Slimebound:ForwardTackle","Slimebound:TongueLash","Slimebound:GoopTackle+1"],"picked":"SKIP","floor":22}],"player_experience":53960,"relics_obtained":[],"event_choices":[],"is_beta":false,"boss_relics":[{"not_picked":["bronze:MakeshiftBattery","Philosopher\u0027s Stone"],"picked":"Sozu"}],"items_purged_floors":[],"is_endless":false,"potions_floor_spawned":[14,15,16,19],"killed_by":"Slavers","ascension_level":0}}