{"host":"fqepcc6wiujntn7y","time":1611329441,"event":{"mods":["AchievementEnabler","BaseMod","Minty Spire (QoL Compilation)","Quick Restart","Replay The Spire","StSLib","The Jungle"],"gold_per_floor":[117,117,133,156,156,156,200,224,251,271,310,310,19,92,92,212,212,233,248,272,13,13,13],"floor_reached":22,"language":"ENG","playtime":5204,"items_purged":[],"score":232,"play_id":"59e4fbfb-5d9f-4547-9437-d2f9a28da218","local_time":"20210122153041","is_ascension_mode":true,"campfire_choices":[{"data":"Inflame","floor":6,"key":"SMITH"},{"floor":15,"key":"REST"}],"circlet_count":0,"master_deck":["Strike_R","Strike_R","Strike_R","Strike_R","Strike_R","Defend_R","Defend_R","Defend_R","Defend_R","Bash","Inflame+1","Headbutt","Pommel Strike","Regret","Uppercut","Sword Boomerang","Shrug It Off","Uppercut","Wild Strike+1","Uppercut","Demon Form+1","Armaments","Thunderclap","Fire Breathing+1"],"relics":["Burning Blood","Golden Idol","Oddly Smooth Stone","Vajra","Omamori","Matryoshka","Red Skull","Onion Ring","Frozen Egg 2","Replay:Bottled Snecko","Black Star","Mummified Hand"],"acts_visited":["Exordium","TheCity"],"potions_floor_usage":[11,11,16],"damage_taken":[{"damage":0,"enemies":"2 Louse","floor":1,"turns":3},{"damage":5,"enemies":"Jaw Worm","floor":3,"turns":4},{"damage":0,"enemies":"Small Slimes","floor":4,"turns":4},{"damage":38,"enemies":"Lagavulin","floor":7,"turns":4},{"damage":9,"enemies":"Blue Slaver","floor":8,"turns":4},{"damage":11,"enemies":"2 Fungi Beasts","floor":10,"turns":3},{"damage":6,"enemies":"3 Sentries","floor":11,"turns":6},{"damage":16,"enemies":"Lagavulin Event","floor":14,"turns":3},{"damage":15,"enemies":"Hexaghost","floor":16,"turns":7},{"damage":4,"enemies":"Chosen","floor":18,"turns":4},{"damage":41,"enemies":"3 Byrds","floor":19,"turns":7},{"damage":23,"enemies":"Snake Plant","floor":20,"turns":3},{"damage":38,"enemies":"Shelled Parasite and Fungi","floor":22,"turns":5}],"seed_played":"244547480974602840","potions_obtained":[{"floor":1,"key":"EssenceOfSteel"},{"floor":8,"key":"Cursed Concoction"},{"floor":10,"key":"HeartOfIron"},{"floor":16,"key":"Elixir"}],"is_trial":false,"path_per_floor":["M","?","M","M","?","R","E","M","T","M","E","T","$","?","R","B",null,"M","M","M","$","M"],"character_chosen":"IRONCLAD","items_purchased":["Frozen Egg 2","Wild Strike+1","Mummified Hand"],"campfire_rested":1,"item_purchase_floors":[13,13,21],"current_hp_per_floor":[88,66,67,73,73,73,41,38,38,33,33,33,33,23,49,40,88,88,53,36,36,0,0],"gold":13,"neow_bonus":"TEN_PERCENT_HP_BONUS","is_daily":false,"chose_seed":false,"campfire_upgraded":1,"win_rate":0.0,"timestamp":1611329441,"path_taken":["M","?","M","M","?","R","E","M","T","M","E","?","$","?","R","BOSS","M","M","M","$","M"],"items_purchased_type":["Relic","Card","Relic"],"build_version":"2020-12-22","purchased_purges":0,"victory":false,"max_hp_per_floor":[88,88,88,88,88,88,88,88,88,88,88,88,88,88,88,88,88,88,88,88,88,88,88],"card_choices":[{"not_picked":["Sword Boomerang","Thunderclap"],"picked":"Inflame","floor":1},{"not_picked":["Pommel Strike","Perfected Strike"],"picked":"Headbutt","floor":3},{"not_picked":["Clash","Warcry"],"picked":"Pommel Strike","floor":4},{"not_picked":["Replay:Undeath\u0027s Touch","Bloodletting"],"picked":"Uppercut","floor":7},{"not_picked":["Entrench","Body Slam"],"picked":"Sword Boomerang","floor":8},{"not_picked":["Wild Strike","Defy Death"],"picked":"Shrug It Off","floor":10},{"not_picked":["Twin Strike","Combust"],"picked":"Uppercut","floor":11},{"not_picked":["Headbutt","ReplayTheSpireMod:Strike From Hell"],"picked":"Uppercut","floor":14},{"not_picked":["Brutality+1","Reaper"],"picked":"Demon Form+1","floor":16},{"not_picked":["Sever Soul","Replay:Undeath\u0027s Touch+1"],"picked":"Armaments","floor":18},{"not_picked":["True Grit","Clothesline"],"picked":"Thunderclap","floor":19},{"not_picked":["Twin Strike","Burning Pact+1"],"picked":"Fire Breathing+1","floor":20}],"player_experience":40960,"relics_obtained":[{"floor":7,"key":"Vajra"},{"floor":9,"key":"Omamori"},{"floor":11,"key":"Matryoshka"},{"floor":12,"key":"Red Skull"},{"floor":12,"key":"Onion Ring"},{"floor":14,"key":"Replay:Bottled Snecko"}],"event_choices":[{"damage_healed":0,"gold_gain":0,"player_choice":"Take Damage","damage_taken":22,"relics_obtained":["Golden Idol"],"max_hp_gain":0,"max_hp_loss":0,"event_name":"Golden Idol","floor":2,"gold_loss":0},{"damage_healed":0,"gold_gain":0,"player_choice":"Box","damage_taken":0,"relics_obtained":["Oddly Smooth Stone"],"max_hp_gain":0,"max_hp_loss":0,"event_name":"Big Fish","floor":5,"gold_loss":0,"cards_obtained":["Regret"]},{"damage_healed":0,"gold_gain":30,"player_choice":"Searched \u00272\u0027 times","damage_taken":0,"max_hp_gain":0,"max_hp_loss":0,"event_name":"Dead Adventurer","floor":14,"gold_loss":0}],"is_beta":false,"boss_relics":[{"not_picked":["Replay:Drink Me","SlaversCollar"],"picked":"Black Star"}],"items_purged_floors":[],"is_endless":false,"potions_floor_spawned":[1,8,10,16],"killed_by":"Shelled Parasite and Fungi","ascension_level":1}}