{"host":"b7j598ve05halrwk","time":1611302125,"event":{"mods":["2.2 Compatiblity","BaseMod","Block Reminder","DeckTracker","Minty Spire (QoL Compilation)","Relic Stats","Slay the Relics Exporter","StSLib","ojb\u0027s Better Paths Mod","ojb\u0027s Info Mod"],"gold_per_floor":[112,8,308,318,332,332,366,366,366,398,398,425,437,452,452,529,529,529,543,117,117,28,28,56,56,82,124,124,49,49,49,49],"floor_reached":31,"language":"ENG","playtime":1711,"items_purged":["Clumsy","Regret"],"score":583,"play_id":"c713df51-b506-48ef-80df-8cf7eeca8631","local_time":"20210122025525","is_ascension_mode":true,"campfire_choices":[{"data":"Streamline","floor":6.0,"key":"SMITH"},{"data":"Genetic Algorithm","floor":8.0,"key":"SMITH"},{"data":"Defragment","floor":15,"key":"SMITH"},{"data":"Biased Cognition","floor":23,"key":"SMITH"},{"floor":25,"key":"REST"}],"circlet_count":0,"master_deck":["AscendersBane","Strike_B","Strike_B","Strike_B","Defend_B","Defend_B","Defend_B","Defend_B","Zap","Dualcast","Genetic Algorithm+1","Streamline+1","Compile Driver","Auto Shields","Electrodynamics","Defragment+1","Coolheaded","Lockon","Ball Lightning","Biased Cognition+1","Recycle","Heatsinks","Scrape","Core Surge","Cold Snap+1","Heatsinks"],"relics":["Cracked Core","Old Coin","Ornamental Fan","Turnip","Emotion Chip","Mango","Odd Mushroom","Snecko Eye","ClockworkSouvenir","Nilry\u0027s Codex","Toxic Egg 2","CeramicFish","Letter Opener","Bottled Lightning"],"acts_visited":["Exordium","TheCity"],"potions_floor_usage":[13,18,31],"damage_taken":[{"damage":2.0,"enemies":"Cultist","floor":1.0,"turns":4.0},{"damage":3.0,"enemies":"Small Slimes","floor":4.0,"turns":4.0},{"damage":2.0,"enemies":"Jaw Worm","floor":5.0,"turns":3.0},{"damage":15.0,"enemies":"3 Sentries","floor":7.0,"turns":6.0},{"damage":8.0,"enemies":"Gremlin Nob","floor":10.0,"turns":3.0},{"damage":9.0,"enemies":"The Mushroom Lair","floor":12.0,"turns":4.0},{"damage":21,"enemies":"Exordium Wildlife","floor":13,"turns":4},{"damage":1,"enemies":"Looter","floor":14,"turns":2},{"damage":14,"enemies":"The Guardian","floor":16,"turns":8},{"damage":0,"enemies":"2 Thieves","floor":18,"turns":1},{"damage":0,"enemies":"Chosen","floor":19,"turns":3},{"damage":25,"enemies":"Slavers","floor":24,"turns":3},{"damage":33,"enemies":"Gremlin Leader","floor":27,"turns":5},{"damage":31,"enemies":"Book of Stabbing","floor":31,"turns":3}],"seed_played":"3545912343697115704","potions_obtained":[{"floor":1.0,"key":"LiquidMemories"},{"floor":5.0,"key":"Fire Potion"},{"floor":10.0,"key":"BlessingOfTheForge"},{"floor":14,"key":"SmokeBomb"},{"floor":16,"key":"SpeedPotion"}],"is_trial":false,"path_per_floor":["M","$","T","M","M","R","E","R","T","E","?","?","M","M","R","B",null,"M","M","$","?","$","R","E","R","T","E","T","?","$","E"],"character_chosen":"DEFECT","items_purchased":["Streamline","ClockworkSouvenir","Heatsinks","Scrape","Core Surge"],"campfire_rested":1,"item_purchase_floors":[2,20,20,20,22],"current_hp_per_floor":[76,76,76,73,71,71,56,56,56,48,62,53,32,31,31,17,79,79,79,79,58,58,58,33,62,62,29,29,29,29,0,0],"gold":49,"neow_bonus":"TWENTY_PERCENT_HP_BONUS","is_daily":false,"chose_seed":false,"campfire_upgraded":4,"win_rate":0.0,"timestamp":1611302125,"path_taken":["M","$","?","M","M","R","E","R","T","E","?","?","?","M","R","BOSS","M","M","$","?","$","R","E","R","T","E","?","?","$","E"],"items_purchased_type":["Card","Relic","Card","Card","Card"],"build_version":"2020-12-22","purchased_purges":2,"victory":false,"max_hp_per_floor":[85,85,85,85,85,85,85,85,85,85,99,99,99,99,99,99,99,99,99,99,99,99,99,99,99,99,99,99,99,99,99,99],"relic_stats":{"Emotion Chip":[25,21,4,0,0],"counters":[14,53],"Ornamental Fan":[28],"CeramicFish":9,"Snecko Eye":[20,30,26,33],"Turnip":[0],"Letter Opener":[0],"obtain_stats":[{"Nilry\u0027s Codex":21,"CeramicFish":26,"Mango":11,"Letter Opener":27,"Odd Mushroom":12,"Old Coin":3,"ClockworkSouvenir":20,"Emotion Chip":10,"Ornamental Fan":7,"Snecko Eye":17,"Turnip":9,"Bottled Lightning":28,"Toxic Egg 2":24,"Cracked Core":0},{"Nilry\u0027s Codex":11,"CeramicFish":12,"Mango":5,"Letter Opener":13,"Odd Mushroom":6,"Old Coin":1,"ClockworkSouvenir":11,"Emotion Chip":5,"Ornamental Fan":4,"Snecko Eye":9,"Turnip":4,"Bottled Lightning":13,"Toxic Egg 2":12,"Cracked Core":0},{"Nilry\u0027s Codex":42,"CeramicFish":45,"Mango":20,"Letter Opener":50,"Odd Mushroom":24,"Old Coin":4,"ClockworkSouvenir":42,"Emotion Chip":20,"Ornamental Fan":17,"Snecko Eye":38,"Turnip":17,"Bottled Lightning":50,"Toxic Egg 2":45,"Cracked Core":0}]},"card_choices":[{"not_picked":["Stack","Redo"],"picked":"Genetic Algorithm","floor":1.0},{"not_picked":["Streamline","Tempest"],"picked":"Compile Driver","floor":4.0},{"not_picked":["Turbo","Loop"],"picked":"Auto Shields","floor":5.0},{"not_picked":["Ball Lightning","Leap"],"picked":"Electrodynamics","floor":7.0},{"not_picked":["Undo","Melter"],"picked":"Defragment","floor":10.0},{"not_picked":["Darkness","Leap"],"picked":"Coolheaded","floor":12.0},{"not_picked":["Consume","Steam"],"picked":"Lockon","floor":13},{"not_picked":["Streamline","Turbo"],"picked":"Ball Lightning","floor":14},{"not_picked":["Seek","Rainbow"],"picked":"Biased Cognition","floor":16},{"not_picked":["Sweeping Beam","Melter"],"picked":"Recycle","floor":19},{"not_picked":["Sweeping Beam","Hello World"],"picked":"Cold Snap+1","floor":24},{"not_picked":["Steam Power+1","Barrage+1"],"picked":"Heatsinks","floor":27}],"player_experience":1033453,"relics_obtained":[{"floor":3.0,"key":"Old Coin"},{"floor":7.0,"key":"Ornamental Fan"},{"floor":9.0,"key":"Turnip"},{"floor":10.0,"key":"Emotion Chip"},{"floor":12.0,"key":"Odd Mushroom"},{"floor":21,"key":"Nilry\u0027s Codex"},{"floor":24,"key":"Toxic Egg 2"},{"floor":26,"key":"CeramicFish"},{"floor":27,"key":"Letter Opener"},{"floor":28,"key":"Bottled Lightning"}],"event_choices":[{"damage_healed":0.0,"max_hp_gain":0.0,"max_hp_loss":0.0,"gold_gain":0.0,"event_name":"Big Fish","player_choice":"Box","floor":11.0,"gold_loss":0.0,"damage_taken":0.0,"relics_obtained":["Mango"],"cards_obtained":["Regret"]},{"damage_healed":0.0,"max_hp_gain":0.0,"max_hp_loss":0.0,"gold_gain":0.0,"event_name":"Mushrooms","player_choice":"Fought Mushrooms","floor":12.0,"gold_loss":0.0,"damage_taken":0.0},{"damage_healed":0,"gold_gain":0,"player_choice":"Obtained Book","damage_taken":21,"max_hp_gain":0,"max_hp_loss":0,"event_name":"Cursed Tome","floor":21,"gold_loss":0},{"cards_removed":["Strike_B"],"damage_healed":0,"gold_gain":0,"player_choice":"Gave Gold","damage_taken":0,"max_hp_gain":0,"max_hp_loss":0,"event_name":"Beggar","floor":29,"gold_loss":75}],"is_beta":false,"boss_relics":[{"not_picked":["Black Star","Fusion Hammer"],"picked":"Snecko Eye"}],"items_purged_floors":[2,20],"is_endless":false,"potions_floor_spawned":[1,5,10,14,16,18],"killed_by":"Book of Stabbing","ascension_level":20}}