{"host":"och2iitg9ibgz06n","time":1611298910,"event":{"mods":["Abigail Mod","AchievementEnabler","Aspiration","BaseMod","Colored Powertips","Dio Mod","Hubris","Hyrulean Relics","Infinite Spire","Minty Spire (QoL Compilation)","Replay The Spire","Small Relic Pack","StSLib","The Animator","The Bug Knight","The Hierophant","The Jungle","The Saiyan","TheHero","Wandering Minibosses","everything is the same but u backflip on backflip","slay the spire mod where everything is the same but ironclad has a cowboy hat","vexMod"],"gold_per_floor":[117,117,127,173,99,99,125,143,194,194,220,102,135,184,184,295,295,321,359,403,403,438,438,456,456],"floor_reached":24,"language":"ENG","playtime":1205,"items_purged":[],"score":248,"play_id":"a3bc642d-97ce-4f08-b2b8-de1bb4f4f755","local_time":"20210122010150","is_ascension_mode":true,"campfire_choices":[{"data":"Infinite Blades","floor":6,"key":"SMITH"},{"floor":10,"key":"REST"},{"floor":15,"key":"REST"},{"floor":23,"key":"REST"}],"circlet_count":0,"master_deck":["Strike_G","Strike_G","Strike_G","Strike_G","Strike_G","Defend_G","Defend_G","Defend_G","Defend_G","Defend_G","Survivor","Neutralize","Dodge and Roll","Infinite Blades+1","Cloak And Dagger","Slice","Backflip","Accuracy","ReplayTheSpireMod:Private Reserves","Noxious Fumes","Tools of the Trade","Blade Dance","Slice+1","PiercingWail","Deflect+1"],"relics":["Oddly Smooth Stone","hubris:SlimyHat","MealTicket","Orichalcum","Happy Flower","Replay:Bandana","Replay:Rubber Ducky","Replay:Fungal Core","Nloth\u0027s Gift"],"acts_visited":["Exordium","TheCity"],"potions_floor_usage":[14,20],"damage_taken":[{"damage":3,"enemies":"Small Slimes","floor":1,"turns":3},{"damage":0,"enemies":"Cultist","floor":3,"turns":4},{"damage":39,"enemies":"Lagavulin","floor":7,"turns":12},{"damage":0,"enemies":"2 Louse","floor":8,"turns":2},{"damage":30,"enemies":"Gremlin Nob","floor":11,"turns":5},{"damage":6,"enemies":"Exordium Thugs","floor":13,"turns":3},{"damage":2,"enemies":"3 Sentries","floor":14,"turns":8},{"damage":9,"enemies":"Slime Boss","floor":16,"turns":11},{"damage":16,"enemies":"Chosen","floor":18,"turns":6},{"damage":0,"enemies":"3 Byrds","floor":19,"turns":6},{"damage":17,"enemies":"Snake Plant","floor":20,"turns":4},{"damage":21,"enemies":"Centurion and Healer","floor":22,"turns":7},{"damage":44,"enemies":"Gremlin Leader","floor":24,"turns":8}],"seed_played":"-3798209409011743687","potions_obtained":[{"floor":7,"key":"Dexterity Potion"},{"floor":11,"key":"LifebloodPotion"},{"floor":18,"key":"SkillPotion"},{"floor":22,"key":"Elixir"}],"is_trial":false,"path_per_floor":["M","?","M","T","$","R","E","M","T","R","E","$","M","E","R","B",null,"M","M","M","?","M","R","E"],"character_chosen":"THE_SILENT","items_purchased":["Infinite Blades","Accuracy","ReplayTheSpireMod:Private Reserves"],"campfire_rested":3,"item_purchase_floors":[5,12,12],"current_hp_per_floor":[67,67,67,67,70,70,31,31,31,52,22,37,31,29,50,41,70,54,54,37,37,16,37,0,0],"gold":456,"neow_bonus":"RANDOM_COMMON_RELIC","is_daily":false,"chose_seed":false,"campfire_upgraded":1,"win_rate":0.0,"timestamp":1611298910,"path_taken":["M","?","?","?","$","R","E","M","T","R","E","$","M","E","R","BOSS","M","M","M","?","M","R","E"],"items_purchased_type":["Card","Card","Card"],"build_version":"2020-12-22","purchased_purges":0,"victory":false,"max_hp_per_floor":[70,70,70,70,70,70,70,70,70,70,70,70,70,70,70,70,70,70,70,70,70,70,70,70,70],"card_choices":[{"not_picked":["Well Laid Plans","Deflect"],"picked":"Sucker Punch","floor":1},{"not_picked":["Deadly Poison","Slice"],"picked":"Dodge and Roll","floor":3},{"not_picked":["hubris:Sniper","Choke"],"picked":"Cloak And Dagger","floor":7},{"not_picked":["Cloak And Dagger","Acrobatics"],"picked":"Slice","floor":8},{"not_picked":["ReplayTheSpireMod:The Works","hubris:SlightOfHand"],"picked":"Backflip","floor":11},{"not_picked":["Bouncing Flask","Acrobatics","Calculated Gamble"],"picked":"SKIP","floor":13},{"not_picked":["Masterful Stab","Well Laid Plans"],"picked":"Noxious Fumes","floor":14},{"not_picked":["Phantasmal Killer","ReplayTheSpireMod:From All Sides"],"picked":"Tools of the Trade","floor":16},{"not_picked":["Underhanded Strike","Dagger Spray"],"picked":"Blade Dance","floor":18},{"not_picked":["Bane+1","Underhanded Strike+1"],"picked":"Slice+1","floor":19},{"not_picked":["Flying Knee","Eviscerate"],"picked":"PiercingWail","floor":20},{"not_picked":["Heel Hook","Dagger Spray"],"picked":"Deflect+1","floor":22}],"player_experience":460179,"relics_obtained":[{"floor":4,"key":"MealTicket"},{"floor":7,"key":"Orichalcum"},{"floor":9,"key":"Happy Flower"},{"floor":11,"key":"Replay:Bandana"},{"floor":14,"key":"Replay:Rubber Ducky"}],"event_choices":[{"cards_removed":["Sucker Punch"],"damage_healed":0,"gold_gain":0,"player_choice":"Gave Card","damage_taken":0,"relics_obtained":["hubris:SlimyHat"],"max_hp_gain":0,"max_hp_loss":0,"event_name":"WeMeetAgain","floor":2,"gold_loss":0},{"damage_healed":0,"gold_gain":0,"player_choice":"Traded Relic","damage_taken":0,"relics_obtained":["Nloth\u0027s Gift"],"max_hp_gain":0,"max_hp_loss":0,"event_name":"N\u0027loth","floor":21,"relics_lost":["Ring of the Snake"],"gold_loss":0}],"is_beta":false,"boss_relics":[{"not_picked":["hubris:TerracottaHorce","vexMod:ImprovementManual"],"picked":"Replay:Fungal Core"}],"items_purged_floors":[],"is_endless":false,"potions_floor_spawned":[7,11,18,22],"killed_by":"Gremlin Leader","ascension_level":3}}