{"host":"52y3gsbc2ynoze7d","time":1611301919,"event":{"mods":["Act Like it!","BaseMod","Colored Powertips","Hallownest","Minty Spire (QoL Compilation)","StSLib","The Bug Knight"],"gold_per_floor":[116,116,116,135,155,155,184,184,184,184,194,205,220,240,240,240,240],"floor_reached":16,"language":"ENG","playtime":892,"items_purged":[],"score":104,"play_id":"096ac944-f4bd-4bf1-86c7-ca0f815e41de","local_time":"20210121235159","is_ascension_mode":false,"campfire_choices":[{"data":"HollowMod:QuirrelsAssistance","floor":6,"key":"SMITH"},{"data":"HollowMod:FocusHealStart","floor":8,"key":"SMITH"},{"data":"HollowMod:PogoStrike","floor":10,"key":"SMITH"},{"data":"HollowMod:SiblingsSouls","floor":15,"key":"SMITH"}],"circlet_count":0,"master_deck":["HollowMod:NailStrikeStart","HollowMod:NailStrikeStart","HollowMod:NailStrikeStart","HollowMod:NailStrikeStart","HollowMod:QuickDashStart","HollowMod:QuickDashStart","HollowMod:QuickDashStart","HollowMod:QuickDashStart","HollowMod:FocusHealStart+1","HollowMod:PogoStrike+1","HollowMod:QuirrelsAssistance+1","HollowMod:InfectedCysts","HollowMod:FallenFury","HollowMod:CornifersMapStart","HollowMod:HowlingWraiths","HollowMod:SiblingsSouls+1","HollowMod:DoubleDash","HollowMod:MonarchWings"],"relics":["HollowMod:VesselMask","NeowsBlessing","Hallownest:DreamNailRelic","Mummified Hand","Potion Belt"],"acts_visited":["Hallownest:Greenpath"],"potions_floor_usage":[13,16,16,16],"damage_taken":[{"damage":0,"enemies":"2_ Uuma","floor":1,"turns":1},{"damage":0,"enemies":"Hallownest:2_Baldur","floor":4,"turns":1},{"damage":0,"enemies":"Hallownest:monsterHuskWarrior","floor":5,"turns":1},{"damage":38,"enemies":"Hallownest:eliteCrystalGuardian","floor":7,"turns":8},{"damage":10,"enemies":"Hallownest:Wandering_and_Horned","floor":11,"turns":3},{"damage":3,"enemies":"Hallownest:MossCreep_and_Mosskin","floor":12,"turns":7},{"damage":14,"enemies":"Hallownest:2_Tiktiks_1_Baldur_1_Crawlid","floor":13,"turns":3},{"damage":12,"enemies":"Hallownest:Wandering_and_Horned","floor":14,"turns":7},{"damage":73,"enemies":"Hallownest:BossBrokenVessel","floor":16,"turns":14}],"seed_played":"-3717160974540916488","potions_obtained":[{"floor":7,"key":"FearPotion"},{"floor":11,"key":"Energy Potion"},{"floor":12,"key":"AttackPotion"},{"floor":13,"key":"Regen Potion"},{"floor":14,"key":"EssenceOfSteel"}],"is_trial":false,"path_per_floor":["M","?","?","M","M","R","E","R","T","R","M","M","M","M","R","B"],"character_chosen":"THE_BUGKNIGHT","items_purchased":[],"campfire_rested":0,"item_purchase_floors":[],"current_hp_per_floor":[75,75,75,75,75,75,49,49,49,49,45,54,46,46,46,0,0],"gold":240,"neow_bonus":"THREE_ENEMY_KILL","is_daily":false,"chose_seed":false,"campfire_upgraded":4,"win_rate":0.0,"timestamp":1611301919,"path_taken":["M","?","?","M","?","R","E","R","T","R","M","M","M","?","R","BOSS"],"items_purchased_type":[],"build_version":"2020-12-22","purchased_purges":0,"victory":false,"max_hp_per_floor":[75,75,75,75,75,75,75,75,75,75,75,75,75,75,75,75,75],"card_choices":[{"not_picked":["HollowMod:WraithStrike","HollowMod:SoulSplash"],"picked":"HollowMod:QuirrelsAssistance","floor":1},{"not_picked":["HollowMod:PureNailStrike","HollowMod:LifebloodCocoon"],"picked":"HollowMod:InfectedCysts","floor":4},{"not_picked":["HollowMod:WraithStrike","HollowMod:QuirrelsAssistance"],"picked":"HollowMod:FallenFury","floor":5},{"not_picked":["HollowMod:Hiveblood","HollowMod:HowlingWraiths"],"picked":"HollowMod:CornifersMapStart","floor":7},{"not_picked":["HollowMod:NewJinnsSoul","HollowMod:InfectionAssault"],"picked":"HollowMod:HowlingWraiths","floor":11},{"not_picked":["HollowMod:CycloneSlash","HollowMod:ChannelNail"],"picked":"HollowMod:SiblingsSouls","floor":12},{"not_picked":["HollowMod:NewLittleFool","HollowMod:WraithStrike"],"picked":"HollowMod:DoubleDash","floor":13},{"not_picked":["HollowMod:LifebloodCocoon","HollowMod:VengefulVoid"],"picked":"HollowMod:MonarchWings","floor":14}],"player_experience":199020,"relics_obtained":[{"floor":7,"key":"Mummified Hand"},{"floor":9,"key":"Potion Belt"}],"event_choices":[],"is_beta":false,"boss_relics":[],"items_purged_floors":[],"is_endless":false,"potions_floor_spawned":[7,11,12,13,14],"killed_by":"Hallownest:BossBrokenVessel","ascension_level":0}}