{"host":"urvvf8749ekcxo1a","time":1611342920,"event":{"mods":["AchievementEnabler","BaseMod","Better Sensory Stone","BetterRewards","Colored Powertips","Evolution","Gold Saver","Marisa????????","Minty Spire (QoL Compilation)","Quick Restart","StSLib","SuperFastMode","The Cursed","The Hierophant","The Saiyan","The Servant 0.9.4","The Wild Card"],"gold_per_floor":[1132,1142,652,652,727,727,727,727,727,742,742,760,793,537,537,635,635,645,303,303,303,321,321,196,226,226,251,271,271,296,146,146,242,242,261,261,104,104,204,204,204,233,233,258,258,293,293,328,328,328],"floor_reached":51,"language":"ENG","playtime":1018,"items_purged":["Deadly Poison","Footwork","Dagger Throw","Flying Knee"],"score":1236,"play_id":"761d19c8-7d07-444c-970a-600354e702d7","local_time":"20210122141520","daily_mods":["SealedDeck","Vintage","Heirloom","Time Dilation","Flight","DeadlyEvents","Elite Swarm"],"is_ascension_mode":false,"campfire_choices":[{"data":"Noxious Fumes","floor":6,"key":"SMITH"},{"data":"Concentrate","floor":7,"key":"SMITH"},{"data":"Dagger Spray","floor":8,"key":"SMITH"},{"data":"Sucker Punch","floor":11,"key":"SMITH"},{"data":"Heel Hook","floor":15,"key":"SMITH"},{"data":"Backstab","floor":23,"key":"SMITH"},{"data":"Grand Finale","floor":29,"key":"SMITH"},{"data":"Panache","floor":32,"key":"SMITH"},{"floor":40,"key":"REST"},{"floor":41,"key":"REST"},{"data":"Grand Finale","floor":45,"key":"SMITH"},{"floor":49,"key":"RECALL"}],"circlet_count":0,"master_deck":["Heel Hook+1","Sucker Punch+1","Dagger Spray+1","Backstab+1","Concentrate+1","Slice+1","Grand Finale+1","Adrenaline+1","Adrenaline+1","Grand Finale+1","Grand Finale+1","Adrenaline+1"],"relics":["Ring of the Snake","EVO:Axolotl","Dead Branch","Boot","Mercury Hourglass","TwistedFunnel","Pear","HornCleat","Ornamental Fan","Bottled Flame","Meat on the Bone","Runic Pyramid","Orichalcum","Blue Candle","Enchiridion","Toxic Egg 2","Bag of Preparation","Whetstone","Matryoshka","Singing Bowl","Happy Flower","Empty Cage","Dream Catcher","DollysMirror","StrikeDummy","Akabeko","War Paint","Shuriken","Omamori","Ninja Scroll","Gremlin Horn","Sundial"],"acts_visited":["Exordium","TheCity","TheBeyond"],"potions_floor_usage":[28,48],"damage_taken":[{"damage":0,"enemies":"Cultist","floor":1,"turns":2},{"damage":0,"enemies":"Small Slimes","floor":2,"turns":1},{"damage":0,"enemies":"Jaw Worm","floor":10,"turns":1},{"damage":0,"enemies":"Red Slaver","floor":12,"turns":1},{"damage":5,"enemies":"3 Sentries","floor":13,"turns":3},{"damage":0,"enemies":"Slime Boss","floor":16,"turns":3},{"damage":4,"enemies":"Shell Parasite","floor":18,"turns":2},{"damage":13,"enemies":"2 Thieves","floor":22,"turns":2},{"damage":0,"enemies":"Gremlin Leader","floor":25,"turns":2},{"damage":0,"enemies":"Slavers","floor":27,"turns":2},{"damage":0,"enemies":"3 Cultists","floor":28,"turns":2},{"damage":0,"enemies":"Gremlin Leader","floor":30,"turns":1},{"damage":0,"enemies":"Automaton","floor":33,"turns":4},{"damage":0,"enemies":"Orb Walker","floor":35,"turns":1},{"damage":0,"enemies":"Nemesis","floor":42,"turns":1},{"damage":0,"enemies":"Reptomancer","floor":44,"turns":1},{"damage":0,"enemies":"Nemesis","floor":46,"turns":1},{"damage":0,"enemies":"Giant Head","floor":48,"turns":3},{"damage":10,"enemies":"Time Eater","floor":50,"turns":4}],"seed_played":"8615342299279066101","potions_obtained":[{"floor":13,"key":"EssenceOfSteel"},{"floor":16,"key":"ColorlessPotion"},{"floor":25,"key":"DistilledChaos"},{"floor":27,"key":"Explosive Potion"},{"floor":33,"key":"Swift Potion"}],"is_trial":true,"path_per_floor":["M","M","$","$","?","R","R","R","T","M","R","M","E","$","R","B",null,"M","$","?","?","M","R","$","E","T","E","M","R","E","$","R","B",null,"M","?","$","$","?","R","R","E","T","E","R","E","T","E","R","B",null],"character_chosen":"THE_SILENT","items_purchased":["Noxious Fumes","TwistedFunnel","Pear","Poisoned Stab","Panache","Blue Candle","DollysMirror"],"campfire_rested":2,"item_purchase_floors":[3,3,3,3,14,19,37],"current_hp_per_floor":[81,81,91,91,80,80,80,80,80,80,80,80,75,75,75,75,91,87,87,71,71,58,58,58,58,58,58,58,58,60,60,60,60,93,93,93,93,93,93,95,97,99,99,99,99,101,101,101,101,91],"gold":328,"neow_bonus":"","is_daily":false,"chose_seed":false,"campfire_upgraded":9,"win_rate":0.0,"timestamp":1611342920,"path_taken":["M","?","$","$","?","R","R","R","T","M","R","?","?","?","R","BOSS","M","$","?","?","M","R","$","E","T","?","?","R","?","?","R","BOSS","M","?","$","$","?","R","R","E","T","?","R","E","?","E","R","BOSS"],"items_purchased_type":["Card","Relic","Relic","Card","Card","Relic","Relic"],"build_version":"2020-12-22","purchased_purges":4,"victory":true,"max_hp_per_floor":[81,81,91,91,91,91,91,91,91,91,91,91,91,91,91,91,91,91,91,91,91,91,91,91,91,91,91,91,91,93,93,93,93,93,93,93,93,93,93,95,97,99,99,99,99,101,101,101,101,101],"card_choices":[{"not_picked":["After Image","Storm of Steel"],"picked":"Grand Finale","floor":13},{"not_picked":["Tools of the Trade","Wraith Form v2","Bullet Time+1"],"picked":"SKIP","floor":25},{"not_picked":["Tools of the Trade","Grand Finale"],"picked":"Adrenaline+1","floor":27},{"not_picked":["Unload","Night Terror+1","A Thousand Cuts"],"picked":"Singing Bowl","floor":30},{"not_picked":["A Thousand Cuts","Bullet Time+1"],"picked":"Adrenaline+1","floor":33},{"not_picked":["Bouncing Flask+1","Slice","Leg Sweep+1"],"picked":"Singing Bowl","floor":40},{"not_picked":["Crippling Poison+1","Acrobatics+1","Slice"],"picked":"Singing Bowl","floor":41},{"not_picked":["Adrenaline+1","Wraith Form v2","Tools of the Trade"],"picked":"Singing Bowl","floor":42},{"not_picked":["Storm of Steel+1","Glass Knife"],"picked":"Grand Finale","floor":44},{"not_picked":["Burst+1","Wraith Form v2","After Image"],"picked":"Singing Bowl","floor":46},{"not_picked":["Unload","Venomology+1"],"picked":"Adrenaline+1","floor":48}],"player_experience":132568,"relics_obtained":[{"floor":1,"key":"Boot"},{"floor":2,"key":"Mercury Hourglass"},{"floor":9,"key":"HornCleat"},{"floor":10,"key":"Ornamental Fan"},{"floor":12,"key":"Bottled Flame"},{"floor":13,"key":"Meat on the Bone"},{"floor":18,"key":"Orichalcum"},{"floor":20,"key":"Enchiridion"},{"floor":22,"key":"Bag of Preparation"},{"floor":25,"key":"Whetstone"},{"floor":27,"key":"Matryoshka"},{"floor":28,"key":"Singing Bowl"},{"floor":30,"key":"Happy Flower"},{"floor":35,"key":"Dream Catcher"},{"floor":42,"key":"StrikeDummy"},{"floor":43,"key":"Akabeko"},{"floor":43,"key":"War Paint"},{"floor":44,"key":"Shuriken"},{"floor":46,"key":"Omamori"},{"floor":47,"key":"Ninja Scroll"},{"floor":47,"key":"Gremlin Horn"},{"floor":48,"key":"Sundial"}],"event_choices":[{"damage_healed":0,"gold_gain":75,"player_choice":"Gather Gold","damage_taken":11,"max_hp_gain":0,"max_hp_loss":0,"event_name":"World of Goop","floor":5,"gold_loss":0},{"damage_healed":0,"gold_gain":0,"player_choice":"Obtained Book","damage_taken":16,"max_hp_gain":0,"max_hp_loss":0,"event_name":"Cursed Tome","floor":20,"gold_loss":0},{"damage_healed":0,"gold_gain":0,"player_choice":"Gave Potion","damage_taken":0,"relics_obtained":["Toxic Egg 2"],"max_hp_gain":0,"max_hp_loss":0,"event_name":"WeMeetAgain","floor":21,"gold_loss":0},{"cards_removed":["Panache"],"damage_healed":0,"gold_gain":0,"player_choice":"Removed Power","damage_taken":0,"max_hp_gain":0,"max_hp_loss":0,"event_name":"Falling","floor":36,"gold_loss":0},{"damage_healed":0,"gold_gain":100,"player_choice":"Pray","damage_taken":0,"max_hp_gain":0,"max_hp_loss":0,"event_name":"Golden Shrine","floor":39,"gold_loss":0}],"is_beta":false,"boss_relics":[{"not_picked":["WristBlade","Cursed Key"],"picked":"Runic Pyramid"},{"not_picked":["Coffee Dripper","Black Star"],"picked":"Empty Cage"}],"items_purged_floors":[14,19,24,31],"is_endless":false,"potions_floor_spawned":[12,13,16,25,27,33,46,48],"ascension_level":0}}