{"host":"f7rb14kzcw8hx1r1","time":1611357757,"event":{"mods":["BaseMod","Better Note","Better Third Choice","Colored Map","Highlight Path","Hubris","Minty Spire (QoL Compilation)","Replay The Spire","StSLib","The Forsaken"],"gold_per_floor":[109,34,34,49,49,78,78,93,140,168,168,168,34,48,48,149,149,169,0,75,89,108,141,141,153,204,214,241,256,256,270,270,367,367,377,377,203,203,217,217,12,12,12,12,39,39,53,69,69,69],"floor_reached":51,"language":"ENG","playtime":1693,"items_purged":["Strike_B","Strike_B","Strike_B","Strike_B"],"score":850,"play_id":"2757ac54-7255-44b0-8807-6815cca9ec61","local_time":"20210123002237","is_ascension_mode":false,"campfire_choices":[{"data":"Dualcast","floor":7.0,"key":"SMITH"},{"data":"Defragment","floor":12.0,"key":"SMITH"},{"data":"Electrodynamics","floor":15.0,"key":"SMITH"},{"data":"Mirror Shield","floor":24.0,"key":"SMITH"},{"data":"Coolheaded","floor":30.0,"key":"SMITH"},{"data":"Capacitor","floor":32.0,"key":"SMITH"},{"data":"hubris:EnhanceAbility","floor":40.0,"key":"SMITH"},{"data":"Capacitor","floor":42.0,"key":"SMITH"},{"data":"ReplayTheSpireMod:Calculation Training","floor":49,"key":"SMITH"}],"circlet_count":0,"master_deck":["Defend_B","Defend_B","Defend_B","Defend_B","Zap+1","Dualcast+1","Electrodynamics+1","Defragment+1","Glacier","Replay:Bag of Tricks+1","Capacitor+1","hubris:Ukulele","Mirror Shield+1","Ball Lightning","Coolheaded+1","Sweeping Beam","Capacitor+1","Conserve Battery","Chill+1","Tempest+1","Seek","ReplayTheSpireMod:Calculation Training+1","ReplayTheSpireMod:Calculation Training+1","hubris:EnhanceAbility+1","Parasite","Seek","Conserve Battery"],"relics":["Cracked Core","Pen Nib","Replay:Antivirus Software","hubris:Spice","hubris:RunicObelisk","Membership Card","Blue Doll","Philosopher\u0027s Stone","Oddly Smooth Stone","Snack Pack","hubris:Icosahedron","hubris:SoftwareUpdate"],"acts_visited":["Exordium","TheCity","TheBeyond"],"potions_floor_usage":[47,50,50,50],"damage_taken":[{"damage":1.0,"enemies":"Jaw Worm","floor":1.0,"turns":3.0},{"damage":0.0,"enemies":"2 Louse","floor":4.0,"turns":1.0},{"damage":18.0,"enemies":"3 Sentries","floor":6.0,"turns":3.0},{"damage":0.0,"enemies":"Cultist","floor":8.0,"turns":3.0},{"damage":17.0,"enemies":"Lagavulin","floor":10.0,"turns":7.0},{"damage":0.0,"enemies":"Exordium Wildlife","floor":14.0,"turns":2.0},{"damage":0.0,"enemies":"The Guardian","floor":16.0,"turns":9.0},{"damage":0.0,"enemies":"2 Thieves","floor":18.0,"turns":2.0},{"damage":0.0,"enemies":"Shell Parasite","floor":21.0,"turns":4.0},{"damage":0.0,"enemies":"Sentry and Sphere","floor":22.0,"turns":3.0},{"damage":0.0,"enemies":"Replay:Snechameleon","floor":23.0,"turns":6.0},{"damage":6.0,"enemies":"Snake Plant","floor":25.0,"turns":3.0},{"damage":0.0,"enemies":"Cultist and Chosen","floor":27.0,"turns":3.0},{"damage":12.0,"enemies":"Slavers","floor":28.0,"turns":4.0},{"damage":0.0,"enemies":"Snecko","floor":29.0,"turns":4.0},{"damage":0.0,"enemies":"3 Cultists","floor":31.0,"turns":3.0},{"damage":0.0,"enemies":"Champ","floor":33.0,"turns":7.0},{"damage":0.0,"enemies":"Orb Walker","floor":35.0,"turns":2.0},{"damage":0.0,"enemies":"3 Shapes","floor":39.0,"turns":2.0},{"damage":5.0,"enemies":"Nemesis","floor":45.0,"turns":5.0},{"damage":0,"enemies":"Writhing Mass","floor":47,"turns":5},{"damage":0,"enemies":"Maw","floor":48,"turns":5},{"damage":10,"enemies":"Time Eater","floor":50,"turns":6}],"seed_played":"7500460184424450523","potions_obtained":[{"floor":1.0,"key":"Dexterity Potion"},{"floor":10.0,"key":"Block Potion"},{"floor":16.0,"key":"Weak Potion"},{"floor":18.0,"key":"Ancient Potion"},{"floor":22.0,"key":"Elixir"},{"floor":27.0,"key":"FocusPotion"},{"floor":35.0,"key":"PotionOfCapacity"},{"floor":47,"key":"Venom Potion"}],"is_trial":false,"path_per_floor":["M","$","?","M","?","E","R","M","T","E","?","R","$","M","R","B",null,"M","$","?","M","M","E","R","M","T","M","E","M","R","M","R","B",null,"M","?","$","?","M","R","$","R","T","?","E","?","M","M","R","B",null],"character_chosen":"DEFECT","items_purchased":["Capacitor","Membership Card","Coolheaded","ReplayTheSpireMod:Calculation Training","hubris:EnhanceAbility","Oddly Smooth Stone","Flashbang"],"campfire_rested":0,"item_purchase_floors":[13,19,19,37,37,41,41],"current_hp_per_floor":[74,74,74,74,74,56,56,56,56,47,47,47,47,47,47,47,83,83,83,75,75,75,75,75,69,77,77,65,65,65,65,65,65,83,83,83,83,79,79,79,79,79,79,79,76,76,76,78,78,70],"gold":69,"neow_bonus":"ONE_RANDOM_RARE_CARD","is_daily":false,"chose_seed":false,"campfire_upgraded":9,"win_rate":0.0,"timestamp":1611357757,"path_taken":["M","$","?","M","?","E","R","?","T","E","?","R","$","M","R","BOSS","M","$","?","M","?","E","R","M","T","M","E","M","R","M","R","BOSS","M","?","$","?","M","R","$","R","T","?","E","?","M","?","R","BOSS"],"items_purchased_type":["Card","Relic","Card","Card","Card","Relic","Potion"],"build_version":"2020-12-22","purchased_purges":4,"victory":true,"max_hp_per_floor":[75,75,75,75,75,75,75,75,75,83,83,83,83,83,83,83,83,83,83,83,83,83,83,83,83,91,91,83,83,83,83,83,83,83,83,83,83,79,79,79,79,79,79,79,79,79,79,79,79,79],"card_choices":[{"not_picked":["Gash","Turbo","Hologram"],"picked":"SKIP","floor":1.0},{"not_picked":["Steam","Sweeping Beam"],"picked":"Defragment","floor":4.0},{"not_picked":["hubris:PowerSurge","Reboot"],"picked":"Glacier","floor":6.0},{"not_picked":["Go for the Eyes","ReplayTheSpireMod:Repulse","Rip and Tear"],"picked":"SKIP","floor":8.0},{"not_picked":["Tempest","Reprogram","Panic Button"],"picked":"SKIP","floor":10.0},{"not_picked":["Hello World","Melter"],"picked":"hubris:Ukulele","floor":14.0},{"not_picked":["hubris:SpecializedCircuitry","Buffer"],"picked":"Mirror Shield","floor":16.0},{"not_picked":["White Noise+1","Storm+1"],"picked":"Ball Lightning","floor":18.0},{"not_picked":["Go for the Eyes","Steam+1","Recycle+1"],"picked":"SKIP","floor":21.0},{"not_picked":["Rebound","Consume"],"picked":"Sweeping Beam","floor":22.0},{"not_picked":["Gash","Skim","Steam"],"picked":"SKIP","floor":23.0},{"not_picked":["Streamline+1","FTL"],"picked":"Capacitor","floor":25.0},{"not_picked":["Rebound","ReplayTheSpireMod:GoodbyeWorld"],"picked":"Conserve Battery","floor":27.0},{"not_picked":["Beam Cell","ReplayTheSpireMod:Omega Cannon"],"picked":"Chill+1","floor":28.0},{"not_picked":["hubris:SpiceAddiction","Melter+1","hubris:SpiceAddiction"],"picked":"SKIP","floor":29.0},{"not_picked":["Stack","ReplayTheSpireMod:Repulse"],"picked":"Tempest+1","floor":31.0},{"not_picked":["Buffer","hubris:SpiceAddiction"],"picked":"Seek","floor":33.0},{"not_picked":["Cold Snap+1","hubris:SpiceAddiction","Steam"],"picked":"SKIP","floor":35.0},{"not_picked":["Storm","hubris:SpiceAddiction","Melter+1"],"picked":"SKIP","floor":39.0},{"not_picked":["hubris:SpiceAddiction","Coolheaded","ReplayTheSpireMod:Repulse+1"],"picked":"SKIP","floor":45.0},{"not_picked":["hubris:SpiceAddiction","Coolheaded+1"],"picked":"Seek","floor":47},{"not_picked":["Hologram+1","Heatsinks+1"],"picked":"Conserve Battery","floor":48}],"player_experience":933672,"relics_obtained":[{"floor":6.0,"key":"Pen Nib"},{"floor":9.0,"key":"Replay:Antivirus Software"},{"floor":10.0,"key":"hubris:Spice"},{"floor":23.0,"key":"Blue Doll"},{"floor":26.0,"key":"hubris:Spice"},{"floor":28.0,"key":"hubris:Spice"},{"floor":43.0,"key":"Snack Pack"},{"floor":45.0,"key":"hubris:SoftwareUpdate"}],"event_choices":[{"damage_healed":0.0,"max_hp_gain":0.0,"max_hp_loss":0.0,"gold_gain":0.0,"event_name":"Accursed Blacksmith","player_choice":"Forge","floor":5.0,"gold_loss":0.0,"damage_taken":0.0,"cards_upgraded":["Zap"]},{"cards_removed":["Zap"],"damage_healed":0.0,"max_hp_gain":0.0,"max_hp_loss":0.0,"gold_gain":0.0,"event_name":"betterNote:BetterNote","player_choice":"Take \u0026 Give","floor":11.0,"gold_loss":0.0,"damage_taken":0.0,"cards_obtained":["Replay:Bag of Tricks"]},{"damage_healed":0.0,"max_hp_gain":0.0,"max_hp_loss":0.0,"gold_gain":75.0,"event_name":"FaceTrader","player_choice":"Touch","floor":20.0,"gold_loss":0.0,"damage_taken":8.0},{"damage_healed":0.0,"max_hp_gain":0.0,"max_hp_loss":0.0,"gold_gain":0.0,"event_name":"Tomb of Lord Red Mask","player_choice":"Ignored","floor":36.0,"gold_loss":0.0,"damage_taken":0.0},{"damage_healed":0.0,"max_hp_gain":0.0,"max_hp_loss":4.0,"gold_gain":0.0,"event_name":"Winding Halls","player_choice":"Max HP","floor":38.0,"gold_loss":0.0,"damage_taken":0.0}],"is_beta":false,"boss_relics":[{"not_picked":["hubris:Spice","Calling Bell"],"picked":"hubris:RunicObelisk"},{"not_picked":["Replay:Ancient Bell","hubris:Spice"],"picked":"Philosopher\u0027s Stone"}],"items_purged_floors":[2,13,37,41],"is_endless":false,"potions_floor_spawned":[1,10,16,18,22,27,31,33,35,47],"ascension_level":0}}