{"host":"eemx8njkng76fu5x","time":1611355762,"event":{"mods":["2.2 Compatiblity","BaseMod","Colored Map","Downfall","Minty Spire (QoL Compilation)","Permanent Neow","StSLib","Unceasing Turn Reminder","Unknown Chances"],"gold_per_floor":[99,110,110,120,137,137,137,153,188,201,1,12,41,61,75,177,177,177,195,105,125,125,138,190,209,241,241,241,241,141,141,154,258,258,258,278,278,294,305,340,363,389,406,425,413,413,32,52,64,64,64,97,20,20,20,20,20,20],"floor_reached":56,"language":"ENG","playtime":3898,"items_purged":["bronze:Strike","bronze:Replicate+1"],"score":1109,"play_id":"302a5a3a-2917-4d91-afa7-6ba701025b5e","local_time":"20210123064922","is_ascension_mode":true,"campfire_choices":[{"data":"bronze:Replicate","floor":1.0,"key":"SMITH"},{"data":"bronze:Boost","floor":11.0,"key":"SMITH"},{"data":"bronze:BronzeOrb","floor":18.0,"key":"SMITH"},{"floor":27.0,"key":"RECALL"},{"data":"bronze:RecursiveStrike","floor":30.0,"key":"SMITH"},{"data":"bronze:BuggyMess","floor":35.0,"key":"SMITH"},{"data":"bronze:Fortify","floor":46,"key":"SMITH"},{"data":"bronze:CutThrough","floor":54,"key":"SMITH"}],"circlet_count":0,"master_deck":["bronze:Strike+1","bronze:Defend","bronze:Defend","bronze:Defend","bronze:Boost+1","bronze:Frontload","bronze:WildBeam","bronze:Frontload","bronze:BronzeOrb+1","bronze:DigitalCarnage","bronze:RecursiveStrike","bronze:CutThrough+1","bronze:Boost","bronze:Frontload","bronze:RecursiveStrike+1","bronze:Flail+1","bronze:BuggyMess+1","bronze:ChildClass+1","bronze:Frontload+1","bronze:DigitalCarnage+1","bronze:ChildClass+1","bronze:Fortify+1","bronze:ForceShield"],"relics":["bronze:BronzeCore","Mercury Hourglass","PreservedInsect","downfall:HeartBlessingBlue","downfall:HeartBlessingGreen","Lizard Tail","Philosopher\u0027s Stone","Whetstone","bronze:Timepiece","downfall:HeartBlessingRed","Cursed Key","Omamori","Happy Flower","Art of War","Kunai","Oddly Smooth Stone","Ornamental Fan"],"acts_visited":["Exordium","TheCity","TheBeyond","TheEnding"],"potions_floor_usage":[50,52,56],"damage_taken":[{"damage":6.0,"enemies":"2 Louse","floor":2.0,"turns":3.0},{"damage":0.0,"enemies":"Cultist","floor":4.0,"turns":3.0},{"damage":2.0,"enemies":"Jaw Worm","floor":5.0,"turns":4.0},{"damage":1.0,"enemies":"Large Slime","floor":8.0,"turns":5.0},{"damage":2.0,"enemies":"Lagavulin","floor":9.0,"turns":8.0},{"damage":0.0,"enemies":"2 Fungi Beasts","floor":10.0,"turns":4.0},{"damage":1.0,"enemies":"Red Slaver","floor":12.0,"turns":3.0},{"damage":3.0,"enemies":"3 Sentries","floor":13.0,"turns":4.0},{"damage":0.0,"enemies":"Exordium Wildlife","floor":14.0,"turns":3.0},{"damage":0.0,"enemies":"3 Louse","floor":15.0,"turns":2.0},{"damage":16.0,"enemies":"IC_STATUS_ARCHETYPE","floor":16.0,"turns":7.0},{"damage":3.0,"enemies":"Shell Parasite","floor":19.0,"turns":4.0},{"damage":6.0,"enemies":"downfall:FleeingMerchant","floor":20.0,"turns":4.0},{"damage":0.0,"enemies":"3 Byrds","floor":21.0,"turns":4.0},{"damage":0.0,"enemies":"3 Cultists","floor":23.0,"turns":5.0},{"damage":9.0,"enemies":"Sentry and Sphere","floor":25.0,"turns":5.0},{"damage":4.0,"enemies":"Slavers","floor":26.0,"turns":3.0},{"damage":0.0,"enemies":"Centurion and Healer","floor":32.0,"turns":4.0},{"damage":54.0,"enemies":"SI_MIRROR_ARCHETYPE","floor":33.0,"turns":9.0},{"damage":0.0,"enemies":"3 Shapes","floor":36.0,"turns":5.0},{"damage":0.0,"enemies":"3 Darklings","floor":38.0,"turns":4.0},{"damage":0.0,"enemies":"4 Shapes","floor":39.0,"turns":4.0},{"damage":0.0,"enemies":"Giant Head","floor":40.0,"turns":5.0},{"damage":0.0,"enemies":"Nemesis","floor":42.0,"turns":3.0},{"damage":0.0,"enemies":"Transient","floor":43.0,"turns":5.0},{"damage":0.0,"enemies":"Spire Growth","floor":44.0,"turns":3.0},{"damage":0.0,"enemies":"downfall:FleeingMerchant","floor":45.0,"turns":2.0},{"damage":0,"enemies":"Jaw Worm Horde","floor":48,"turns":2},{"damage":4,"enemies":"Sphere and 2 Shapes","floor":49,"turns":4},{"damage":36,"enemies":"WA_ARCHETYPE_DIVINITY","floor":50,"turns":9},{"damage":0,"enemies":"downfall:CharBossMerchant","floor":52,"turns":7},{"damage":53,"enemies":"downfall:NeowBoss","floor":55,"turns":39},{"damage":83,"enemies":"downfall:NeowBossFinal","floor":56,"turns":12}],"seed_played":"-1086570218754588759","potions_obtained":[{"floor":2.0,"key":"hexamod:SoulburnPotion"},{"floor":5.0,"key":"FairyPotion"},{"floor":10.0,"key":"PowerPotion"},{"floor":12.0,"key":"bronze:FreeFunctionsPotion"},{"floor":13.0,"key":"bronze:FreeFunctionsPotion"},{"floor":25.0,"key":"DistilledChaos"},{"floor":32.0,"key":"DistilledChaos"},{"floor":38.0,"key":"GamblersBrew"},{"floor":40.0,"key":"Explosive Potion"},{"floor":43.0,"key":"SkillPotion"},{"floor":49,"key":"bronze:FreeFunctionsPotion"}],"is_trial":false,"path_per_floor":["R","M","?","M","M","?","T","M","E","M","R","M","E","M","M","B",null,"R","M","$","M","?","M","T","M","E","R","?","?","R","?","M","B",null,"R","M","?","M","M","E","T","E","M","M","$","R","$","M","M","B",null,"E","$","R","B","B"],"character_chosen":"THE_AUTOMATON","items_purchased":["Kunai","bronze:Fortify","Oddly Smooth Stone","bronze:ForceShield"],"campfire_rested":0,"item_purchase_floors":[45,45,47,53],"current_hp_per_floor":[63,57,54,54,52,63,63,62,60,60,70,69,66,66,66,50,67,67,64,58,58,45,45,45,36,32,32,32,32,32,88,88,34,75,75,75,75,75,75,75,75,75,75,75,75,75,75,75,71,35,75,75,75,75,22,0,0,0],"gold":20,"neow_bonus":"REMOVE_TWO","is_daily":false,"chose_seed":false,"campfire_upgraded":7,"win_rate":0.0,"timestamp":1611355762,"path_taken":["R","M","?","M","M","?","T","?","E","M","R","M","E","M","M","BOSS","R","M","$","M","?","M","T","M","E","R","?","?","R","?","M","BOSS","R","M","?","M","M","E","T","E","M","M","$","R","$","M","M","BOSS","E","$","R","BOSS","BOSS"],"items_purchased_type":["Relic","Card","Relic","Card"],"build_version":"2020-12-22","purchased_purges":2,"victory":false,"max_hp_per_floor":[63,63,63,63,63,63,63,63,63,63,73,73,73,73,73,73,73,73,73,73,73,78,78,78,78,78,78,78,78,78,88,88,88,88,88,88,88,88,88,88,88,88,88,88,88,88,88,88,88,88,88,88,88,88,88,88,88,88],"card_choices":[{"not_picked":["bronze:Shield","bronze:BugBarrage"],"picked":"bronze:Boost","floor":2.0},{"not_picked":["bronze:Invalidate","bronze:WhirlingStrike"],"picked":"bronze:Frontload","floor":4.0},{"not_picked":["bronze:WhirlingStrike","bronze:Shell"],"picked":"bronze:ForLoop","floor":5.0},{"not_picked":["bronze:FineTuning","bronze:DelayedSlice"],"picked":"bronze:WildBeam","floor":8.0},{"not_picked":["bronze:MaxOutput","bronze:CutThrough"],"picked":"bronze:Frontload","floor":9.0},{"not_picked":["bronze:WildBeam","bronze:OilSpill"],"picked":"bronze:BronzeOrb","floor":10.0},{"not_picked":["bronze:ForceShield","bronze:Turbo"],"picked":"bronze:DigitalCarnage","floor":12.0},{"not_picked":["bronze:Constructor","bronze:TinkerersToolbox"],"picked":"bronze:RecursiveStrike","floor":13.0},{"not_picked":["bronze:Repulsor","bronze:Constructor"],"picked":"bronze:CutThrough","floor":14.0},{"not_picked":["bronze:Overheat","bronze:BugBarrage"],"picked":"bronze:Boost","floor":15.0},{"not_picked":["bronze:Virus","bronze:BurnOut"],"picked":"bronze:TinkerersToolbox","floor":16.0},{"not_picked":["bronze:Shield+1","bronze:BugBarrage"],"picked":"bronze:Frontload","floor":19.0},{"not_picked":["bronze:Separator","bronze:BronzeArmor"],"picked":"bronze:ForLoop+1","floor":20.0},{"not_picked":["bronze:Branch","bronze:DarkDash"],"picked":"bronze:RecursiveStrike","floor":21.0},{"not_picked":["bronze:Iterate","bronze:Branch","bronze:Turbo"],"picked":"SKIP","floor":23.0},{"not_picked":["bronze:CloningBeam","bronze:BugBarrage+1","bronze:CleanCode"],"picked":"SKIP","floor":25.0},{"not_picked":["bronze:WildBeam","bronze:Overheat"],"picked":"bronze:Flail+1","floor":26.0},{"not_picked":["bronze:FollowUp+1","bronze:ForceShield"],"picked":"bronze:BuggyMess","floor":32.0},{"not_picked":["bronze:BronzeArmor+1","bronze:Iterate+1","bronze:Turbo"],"picked":"SKIP","floor":36.0},{"not_picked":["bronze:OilSpill+1","bronze:DelayedGuard","bronze:Turbo"],"picked":"SKIP","floor":38.0},{"not_picked":["bronze:Separator","bronze:BitShift+1"],"picked":"bronze:ChildClass+1","floor":39.0},{"not_picked":["bronze:WhirlingStrike+1","bronze:Turbo+1"],"picked":"bronze:Frontload+1","floor":40.0},{"not_picked":["bronze:FineTuning","bronze:Invalidate","bronze:Deprecate+1"],"picked":"SKIP","floor":42.0},{"not_picked":["bronze:FineTuning+1","bronze:BuggyMess+1"],"picked":"bronze:DigitalCarnage+1","floor":43.0},{"not_picked":["bronze:OilSpill+1","bronze:Branch+1"],"picked":"bronze:ChildClass+1","floor":44.0},{"not_picked":["bronze:Hardcode","bronze:DarkDash","bronze:Shell+1"],"picked":"SKIP","floor":48},{"not_picked":["bronze:Terminator","bronze:BugBarrage+1","bronze:BuggyMess"],"picked":"SKIP","floor":49},{"not_picked":["bronze:SpaghettiCode","bronze:Library","bronze:FineTuning"],"picked":"SKIP","floor":52}],"player_experience":517520,"relics_obtained":[{"floor":9.0,"key":"PreservedInsect"},{"floor":13.0,"key":"Lizard Tail"},{"floor":24.0,"key":"Whetstone"},{"floor":26.0,"key":"bronze:Timepiece"},{"floor":40.0,"key":"Omamori"},{"floor":41.0,"key":"Happy Flower"},{"floor":42.0,"key":"Art of War"},{"floor":52,"key":"Ornamental Fan"}],"event_choices":[{"damage_healed":0.0,"max_hp_gain":0.0,"max_hp_loss":0.0,"gold_gain":0.0,"event_name":"Scrap Ooze","player_choice":"Success","floor":3.0,"gold_loss":0.0,"damage_taken":3.0,"relics_obtained":["Mercury Hourglass"]},{"cards_removed":["bronze:ForLoop"],"damage_healed":11.0,"max_hp_gain":0.0,"max_hp_loss":0.0,"gold_gain":0.0,"event_name":"Bonfire Elementals","player_choice":"Offered Uncommon","floor":6.0,"gold_loss":0.0,"damage_taken":0.0},{"damage_healed":0.0,"max_hp_gain":0.0,"max_hp_loss":0.0,"gold_gain":0.0,"event_name":"Ghosts","player_choice":"Ignored","floor":28.0,"gold_loss":0.0,"damage_taken":0.0},{"cards_removed":["bronze:Strike"],"damage_healed":0.0,"max_hp_gain":0.0,"max_hp_loss":0.0,"gold_gain":0.0,"event_name":"Falling","player_choice":"Removed Attack","floor":37.0,"gold_loss":0.0,"damage_taken":0.0}],"is_beta":false,"boss_relics":[{"not_picked":["Calling Bell","bronze:MakeshiftBattery"],"picked":"Philosopher\u0027s Stone"},{"not_picked":["expansioncontent:StudyCardRelic","Runic Dome"],"picked":"Cursed Key"}],"items_purged_floors":[20,47],"is_endless":false,"potions_floor_spawned":[2,5,10,12,13,21,25,32,38,40,42,43,49],"killed_by":"downfall:NeowBossFinal","ascension_level":6}}