{"host":"qsusua7l529r8z9k","time":1611295121,"event":{"mods":["BaseMod","Minty Spire (QoL Compilation)","Spicy Shops","StSLib"],"gold_per_floor":[113,63,63,88,88,131,131,164,164,184,223,223,239,263,263,359,359,384,399,498,521,521,521,556,108,157,282,318,318,361,361,361],"floor_reached":31,"language":"ZHS","playtime":1343,"items_purged":["Strike_B"],"score":538,"play_id":"39ceb91d-b50b-4905-b36e-2cb585deb3ae","local_time":"20210122135841","is_ascension_mode":true,"campfire_choices":[{"data":"Dualcast","floor":7.0,"key":"SMITH"},{"floor":12.0,"key":"REST"},{"data":"Double Energy","floor":15.0,"key":"SMITH"},{"data":"Coolheaded","floor":23.0,"key":"SMITH"}],"circlet_count":0,"master_deck":["AscendersBane","Strike_B","Strike_B","Defend_B","Defend_B","Defend_B","Defend_B","Zap","Dualcast+1","Electrodynamics","Coolheaded+1","Reboot","Echo Form","Double Energy+1","Creative AI","Cold Snap","All For One","Coolheaded","Ghostly","Ghostly","Ghostly","Ghostly","Ghostly","Capacitor","Recycle"],"relics":["Cracked Core","Golden Idol","Pocketwatch","Happy Flower","Cables","Shuriken","Runic Dome","Akabeko","Juzu Bracelet","Regal Pillow","ClockworkSouvenir","Smiling Mask","Bird Faced Urn","StrikeDummy","Dream Catcher","Molten Egg 2"],"acts_visited":["Exordium","TheCity"],"potions_floor_usage":[30],"damage_taken":[{"damage":12.0,"enemies":"Jaw Worm","floor":1.0,"turns":3.0},{"damage":0.0,"enemies":"Small Slimes","floor":4.0,"turns":3.0},{"damage":18.0,"enemies":"Gremlin Nob","floor":6.0,"turns":3.0},{"damage":18.0,"enemies":"3 Sentries","floor":8.0,"turns":4.0},{"damage":1.0,"enemies":"Cultist","floor":10.0,"turns":3.0},{"damage":18.0,"enemies":"Lagavulin","floor":11.0,"turns":6.0},{"damage":0.0,"enemies":"Exordium Wildlife","floor":13.0,"turns":2.0},{"damage":1.0,"enemies":"Looter","floor":14.0,"turns":2.0},{"damage":3.0,"enemies":"The Guardian","floor":16.0,"turns":12.0},{"damage":21.0,"enemies":"2 Thieves","floor":18.0,"turns":4.0},{"damage":2.0,"enemies":"Chosen","floor":19.0,"turns":4.0},{"damage":10.0,"enemies":"Centurion and Healer","floor":21.0,"turns":10.0},{"damage":16.0,"enemies":"Book of Stabbing","floor":24.0,"turns":9.0},{"damage":0.0,"enemies":"Colosseum Slavers","floor":27.0,"turns":4.0},{"damage":0.0,"enemies":"Colosseum Nobs","floor":27.0,"turns":6.0},{"damage":14.0,"enemies":"Gremlin Leader","floor":28.0,"turns":9.0},{"damage":29,"enemies":"Slavers","floor":30,"turns":6},{"damage":24,"enemies":"Snake Plant","floor":31,"turns":1}],"seed_played":"-1095192741520266681","potions_obtained":[{"floor":4.0,"key":"DuplicationPotion"},{"floor":8.0,"key":"LiquidBronze"},{"floor":11.0,"key":"Ancient Potion"},{"floor":14.0,"key":"SpeedPotion"},{"floor":16.0,"key":"LiquidBronze"},{"floor":21.0,"key":"ColorlessPotion"},{"floor":30,"key":"Fruit Juice"}],"is_trial":false,"path_per_floor":["M","?","?","M","?","E","R","E","T","M","E","R","M","M","R","B",null,"M","M","?","M","?","R","E","$","T","?","E","?","E","M"],"character_chosen":"DEFECT","items_purchased":["Juzu Bracelet","Regal Pillow","ClockworkSouvenir"],"campfire_rested":1,"item_purchase_floors":[25,25,25],"current_hp_per_floor":[56,56,56,56,56,38,38,20,20,19,1,19,19,18,18,15,51,30,28,28,18,18,18,2,2,2,2,26,26,22,0,0],"gold":361,"neow_bonus":"THREE_RARE_CARDS","is_daily":false,"chose_seed":false,"campfire_upgraded":3,"win_rate":0.0,"timestamp":1611295121,"path_taken":["M","?","?","M","?","E","R","E","T","M","E","R","?","M","R","BOSS","M","M","?","M","?","R","E","$","T","?","E","?","E","M"],"items_purchased_type":["Relic","Relic","Relic"],"build_version":"2020-12-22","purchased_purges":1,"victory":false,"max_hp_per_floor":[68,68,63,63,63,63,63,63,63,63,63,63,63,63,63,63,63,63,63,63,63,31,31,31,31,31,31,31,31,36,36,36],"card_choices":[{"not_picked":["Fission","Reboot"],"picked":"Electrodynamics","floor":0.0},{"not_picked":["Compile Driver","Reprogram"],"picked":"Coolheaded","floor":1.0},{"not_picked":["Sunder","Coolheaded"],"picked":"Ball Lightning","floor":4.0},{"not_picked":["Conserve Battery","Consume"],"picked":"Echo Form","floor":6.0},{"not_picked":["Redo","Leap","Go for the Eyes"],"picked":"SKIP","floor":8.0},{"not_picked":["Leap","Gash"],"picked":"Double Energy","floor":10.0},{"not_picked":["Genetic Algorithm","Glacier"],"picked":"Creative AI","floor":11.0},{"not_picked":["Melter","Sweeping Beam"],"picked":"Cold Snap","floor":13.0},{"not_picked":["Barrage","Force Field","Streamline"],"picked":"SKIP","floor":14.0},{"not_picked":["Machine Learning","Multi-Cast"],"picked":"All For One","floor":16.0},{"not_picked":["Heatsinks","Leap","Steam Power"],"picked":"SKIP","floor":18.0},{"not_picked":["Stack","Go for the Eyes"],"picked":"Coolheaded","floor":19.0},{"not_picked":["Auto Shields+1","FTL","Reprogram"],"picked":"SKIP","floor":21.0},{"not_picked":["Auto Shields+1","FTL","Reprogram"],"picked":"SKIP","floor":21.0},{"not_picked":["Rebound","Barrage+1","Auto Shields"],"picked":"SKIP","floor":24.0},{"not_picked":["Rebound+1","Gash"],"picked":"Capacitor","floor":27.0},{"not_picked":["Hello World+1","Beam Cell"],"picked":"Recycle","floor":28.0},{"not_picked":["Sweeping Beam+1","Scrape+1","Gash+1"],"picked":"SKIP","floor":30}],"player_experience":444962,"relics_obtained":[{"floor":6.0,"key":"Pocketwatch"},{"floor":8.0,"key":"Happy Flower"},{"floor":9.0,"key":"Cables"},{"floor":11.0,"key":"Shuriken"},{"floor":24.0,"key":"Akabeko"},{"floor":26.0,"key":"Smiling Mask"},{"floor":27.0,"key":"Bird Faced Urn"},{"floor":27.0,"key":"StrikeDummy"},{"floor":28.0,"key":"Dream Catcher"},{"floor":30,"key":"Molten Egg 2"}],"event_choices":[{"cards_removed":["Strike_B"],"damage_healed":0.0,"max_hp_gain":0.0,"max_hp_loss":0.0,"gold_gain":0.0,"event_name":"The Cleric","player_choice":"Card Removal","floor":2.0,"gold_loss":50.0,"damage_taken":0.0},{"damage_healed":0.0,"max_hp_gain":0.0,"max_hp_loss":5.0,"gold_gain":0.0,"event_name":"Golden Idol","player_choice":"Lose Max HP","floor":3.0,"gold_loss":0.0,"damage_taken":0.0,"relics_obtained":["Golden Idol"]},{"damage_healed":0.0,"max_hp_gain":0.0,"max_hp_loss":0.0,"gold_gain":0.0,"cards_transformed":["Ball Lightning"],"event_name":"Transmorgrifier","player_choice":"Transformed","floor":5.0,"gold_loss":0.0,"damage_taken":0.0,"cards_obtained":["Reboot"]},{"damage_healed":0.0,"max_hp_gain":0.0,"max_hp_loss":0.0,"gold_gain":99.0,"event_name":"Nest","player_choice":"Stole From Cult","floor":20.0,"gold_loss":0.0,"damage_taken":0.0},{"damage_healed":0.0,"max_hp_gain":0.0,"max_hp_loss":32.0,"gold_gain":0.0,"event_name":"Ghosts","player_choice":"Became a Ghost","floor":22.0,"gold_loss":0.0,"damage_taken":0.0,"cards_obtained":["Ghostly","Ghostly","Ghostly","Ghostly","Ghostly"]},{"damage_healed":0.0,"max_hp_gain":0.0,"max_hp_loss":0.0,"gold_gain":0.0,"event_name":"Colosseum","player_choice":"Fight","floor":27.0,"gold_loss":0.0,"damage_taken":0.0},{"damage_healed":0.0,"max_hp_gain":0.0,"max_hp_loss":0.0,"gold_gain":0.0,"event_name":"Colosseum","player_choice":"Fought Nobs","floor":27.0,"gold_loss":0.0,"damage_taken":0.0},{"damage_healed":0,"gold_gain":0,"player_choice":"Ignored","damage_taken":0,"max_hp_gain":0,"max_hp_loss":0,"event_name":"The Mausoleum","floor":29,"gold_loss":0}],"is_beta":false,"boss_relics":[{"not_picked":["Coffee Dripper","Fusion Hammer"],"picked":"Runic Dome"}],"items_purged_floors":[25],"is_endless":false,"potions_floor_spawned":[4,8,11,14,16,21,27,30],"killed_by":"Snake Plant","ascension_level":13}}