{"host":"rolltorest","time":1611279348,"event":{"mods":["BaseMod","Minty Spire (QoL Compilation)","Relic Stats","Slay the Relics Exporter","StSLib"],"gold_per_floor":[109,159,177,197,209,240,240,259,286,302,302,336,336,362,362,435,435,446,456,381,398,137,171,171,171,171,182,57,83,83,83],"floor_reached":30,"language":"ENG","playtime":1044,"items_purged":["Strike_P","Strike_P","Writhe"],"score":630,"play_id":"7c0170a8-6b88-48f1-9b30-e71709b08fd2","local_time":"20210121173548","is_ascension_mode":true,"campfire_choices":[{"data":"WheelKick","floor":7,"key":"SMITH"},{"data":"Meditate","floor":11,"key":"SMITH"},{"data":"ReachHeaven","floor":13,"key":"SMITH"},{"data":"Vigilance","floor":15,"key":"SMITH"},{"data":"BowlingBash","floor":24,"key":"SMITH"}],"circlet_count":0,"master_deck":["AscendersBane","Strike_P","Strike_P+1","Defend_P+1","Defend_P","Defend_P","Defend_P+1","Eruption+1","Vigilance+1","WheelKick+1","EmptyFist+1","ReachHeaven+1","BowlingBash+1","Meditate+1","Indignation+1","LessonLearned+1","Swivel","ThirdEye+1","Meditate+1","Scrawl+1"],"relics":["Snecko Eye","Tiny Chest","Happy Flower","Whetstone","VioletLotus","DollysMirror","Sundial","Turnip","StoneCalendar","Pantograph"],"acts_visited":["Exordium","TheCity"],"potions_floor_usage":[12,18,19],"damage_taken":[{"damage":0,"enemies":"Jaw Worm","floor":1,"turns":2},{"damage":0,"enemies":"Cultist","floor":3,"turns":3},{"damage":0,"enemies":"Small Slimes","floor":4,"turns":2},{"damage":11,"enemies":"Exordium Thugs","floor":5,"turns":3},{"damage":6,"enemies":"3 Sentries","floor":6,"turns":4},{"damage":13,"enemies":"Blue Slaver","floor":8,"turns":2},{"damage":0,"enemies":"2 Fungi Beasts","floor":10,"turns":2},{"damage":0,"enemies":"Lagavulin","floor":12,"turns":3},{"damage":12,"enemies":"3 Sentries","floor":14,"turns":4},{"damage":12,"enemies":"Hexaghost","floor":16,"turns":5},{"damage":18,"enemies":"2 Thieves","floor":18,"turns":3},{"damage":3,"enemies":"3 Byrds","floor":19,"turns":3},{"damage":0,"enemies":"Snecko","floor":21,"turns":3},{"damage":6,"enemies":"Slavers","floor":23,"turns":3},{"damage":0,"enemies":"3 Cultists","floor":27,"turns":2},{"damage":6,"enemies":"Gremlin Leader","floor":29,"turns":5}],"seed_played":"-888085904509853895","potions_obtained":[{"floor":3,"key":"SkillPotion"},{"floor":4,"key":"PowerPotion"},{"floor":12,"key":"BlessingOfTheForge"},{"floor":16,"key":"Ancient Potion"},{"floor":18,"key":"Dexterity Potion"},{"floor":23,"key":"SteroidPotion"}],"is_trial":false,"path_per_floor":["M","?","M","M","M","E","R","M","T","M","R","E","R","E","R","B",null,"M","M","$","M","$","E","R","?","T","M","$","E","?"],"character_chosen":"WATCHER","items_purchased":["DollysMirror"],"campfire_rested":0,"item_purchase_floors":[22],"current_hp_per_floor":[61,61,61,61,50,44,44,31,31,31,31,31,31,19,19,7,53,35,32,32,32,32,26,26,26,26,26,26,20,0,0],"gold":83,"neow_bonus":"BOSS_RELIC","is_daily":false,"chose_seed":false,"campfire_upgraded":5,"win_rate":0.0,"timestamp":1611279348,"path_taken":["M","?","M","M","?","E","R","M","T","M","R","E","R","E","R","BOSS","M","M","$","M","$","E","R","?","T","M","$","E","?"],"items_purchased_type":["Relic"],"build_version":"2020-12-18","purchased_purges":3,"victory":false,"max_hp_per_floor":[68,68,68,68,68,68,68,68,68,68,68,68,68,68,68,68,68,68,68,68,68,68,68,68,68,68,68,68,68,68,68],"relic_stats":{"Happy Flower":[9],"counters":[16,49],"Sundial":[2],"Pantograph":0,"Snecko Eye":[99,89,76,89],"Tiny Chest":0,"StoneCalendar":[0],"VioletLotus":[11],"Turnip":[0],"Whetstone":["EmptyFist","Strike_P"],"obtain_stats":[{"Happy Flower":12,"DollysMirror":22,"Sundial":23,"Pantograph":29,"Snecko Eye":0,"Tiny Chest":6,"StoneCalendar":26,"VioletLotus":17,"Turnip":25,"Whetstone":14,"PureWater":0},{"Happy Flower":8,"DollysMirror":13,"Sundial":14,"Pantograph":16,"Snecko Eye":0,"Tiny Chest":5,"StoneCalendar":14,"VioletLotus":10,"Turnip":14,"Whetstone":9,"PureWater":0},{"Happy Flower":21,"DollysMirror":39,"Sundial":42,"Pantograph":49,"Snecko Eye":0,"Tiny Chest":14,"StoneCalendar":42,"VioletLotus":30,"Turnip":42,"Whetstone":25,"PureWater":0}]},"card_choices":[{"not_picked":["Protect","TalkToTheHand"],"picked":"WheelKick","floor":1},{"not_picked":["FollowUp","JustLucky"],"picked":"EmptyFist","floor":3},{"not_picked":["CrushJoints","FlurryOfBlows"],"picked":"ReachHeaven","floor":4},{"not_picked":["Weave","Evaluate"],"picked":"BowlingBash","floor":5},{"not_picked":["SashWhip","MasterReality","Sanctity"],"picked":"SKIP","floor":6},{"not_picked":["ThirdEye","BattleHymn"],"picked":"Meditate","floor":8},{"not_picked":["Consecrate","ClearTheMind"],"picked":"Indignation","floor":10},{"not_picked":["BattleHymn","CrushJoints","Prostrate"],"picked":"SKIP","floor":12},{"not_picked":["Prostrate","ThirdEye","ClearTheMind"],"picked":"SKIP","floor":14},{"not_picked":["MasterReality","Blasphemy"],"picked":"LessonLearned","floor":16},{"not_picked":["CutThroughFate","FlurryOfBlows"],"picked":"Swivel","floor":18},{"not_picked":["FollowUp","BowlingBash","Protect"],"picked":"SKIP","floor":19},{"not_picked":["PathToVictory","Evaluate"],"picked":"ThirdEye+1","floor":21},{"not_picked":["Fasting2","SashWhip"],"picked":"Scrawl","floor":23},{"not_picked":["Evaluate","ThirdEye","Halt"],"picked":"SKIP","floor":27},{"not_picked":["Consecrate","Meditate","FlyingSleeves"],"picked":"SKIP","floor":29}],"player_experience":1760827,"relics_obtained":[{"floor":6,"key":"Tiny Chest"},{"floor":12,"key":"Happy Flower"},{"floor":14,"key":"Whetstone"},{"floor":23,"key":"Sundial"},{"floor":26,"key":"StoneCalendar"},{"floor":29,"key":"Pantograph"}],"event_choices":[{"damage_healed":0,"gold_gain":50,"player_choice":"Pray","damage_taken":0,"max_hp_gain":0,"max_hp_loss":0,"event_name":"Golden Shrine","floor":2,"gold_loss":0},{"damage_healed":0,"gold_gain":0,"player_choice":"Opened","damage_taken":0,"relics_obtained":["Turnip"],"max_hp_gain":0,"max_hp_loss":0,"event_name":"The Mausoleum","floor":25,"gold_loss":0,"cards_obtained":["Writhe"]}],"is_beta":true,"boss_relics":[{"not_picked":["Velvet Choker","SacredBark"],"picked":"VioletLotus"}],"items_purged_floors":[20,22,28],"is_endless":false,"potions_floor_spawned":[3,4,12,14,16,18,23,27],"ascension_level":20}}