{"host":"3tbs13n5exv4kv31","time":1611350516,"event":{"mods":["BaseMod","Hubris","Infinite Spire","Minty Spire (QoL Compilation)","Relic Sorter","Replay The Spire","StSLib"],"gold_per_floor":[132,132,132,168,225,225,330,330,330,429,110,194,242,51,51,342,342,372,372,372,402,402,402,453,483,533,533,533],"floor_reached":27,"language":"ENG","playtime":1791,"items_purged":[],"score":575,"play_id":"716d47fa-7a4a-457b-9629-7d6980d313fa","local_time":"20210122132156","daily_mods":["SealedDeck","Hoarder","Chimera","Shiny","Specialized","Vintage","Allstar","Diverse","Colorless Cards","Heirloom","Time Dilation","DeadlyEvents","Binary","Cursed Run","Elite Swarm","Lethality","Midas","Night Terrors","Terminal","Uncertain Future","Binary"],"is_ascension_mode":true,"campfire_choices":[{"floor":6,"key":"REST"},{"floor":8,"key":"REST"},{"floor":15,"key":"REST"},{"floor":23,"key":"REST"}],"circlet_count":0,"master_deck":["Demon Form","Wraith Form v2","Echo Form","DevaForm","Bash","Survivor","Zap","Eruption","Strike_R","Strike_G","Strike_B","Defend_R","Defend_G","Defend_P","Brilliance","Devotion","Replay:AllIn","LessonLearned","Vault","Alpha","Establishment","Replay:LoomingThreat","DeusExMachina","Judgement","ConjureBlade","MasterReality","Blasphemy","Ragnarok","Scrawl","Wish","Omniscience","SpiritShield","DevaForm","Hyperbeam","Machine Learning","Buffer","Mirror Shield","Seek","Echo Form","All For One","Reboot","Fission","Core Surge","Thunder Strike","hubris:DoWhile","Biased Cognition","Electrodynamics","ReplayRNGCard","ReplayTheSpireMod:Omega Cannon","Rainbow","Meteor Strike","Amplify","hubris:Prefetch","hubris:SpecializedCircuitry","Creative AI","ReplayTheSpireMod:Necrosis+1","Corpse Explosion","Die Die Die","Atom Bomb","ReplayTheSpireMod:From All Sides","Adrenaline","Envenom","Doppelganger","Burst","Wraith Form v2","Tools of the Trade","After Image","Poison Darts","A Thousand Cuts","Venomology","Replay:Bag of Tricks","Malaise+1","Phantasmal Killer","Night Terror","infinitespire:Neurotoxin","Unload","Bullet Time","Storm of Steel","Glass Knife","Grand Finale","Double Tap","Demon Form","Fiend Fire","Eclipse","Berserk","Impervious","Juggernaut","Brutality","Demonic Infusion+1","Exhume","Offering","Bludgeon","Feed","Replay:Many Hands","Limit Break+1","Corruption","Barricade","Hemogenesis","hubris:StunningStrike","Reaper","Immolate","Thinking Ahead","Metamorphosis","Master of Strategy","Magnetism","Chrysalis","Mayhem","Secret Weapon","Midas Touch","ReplayTheSpireMod:Brewmster","Poisoned Strike","Sadistic Nature","Replay:Dark Deal","ReplayUltimateDefense","Transmutation","HandOfGreed","ReplayTheSpireMod:Necrogeddon","Apotheosis","Panache","Violence","Secret Technique","The Bomb","Crow Ritual","hubris:EnhanceAbility","Cloak And Dagger","Cloak And Dagger","Cloak And Dagger","Cloak And Dagger","Cloak And Dagger","Cloak And Dagger","Cloak And Dagger","Cloak And Dagger","Cloak And Dagger","Cloak And Dagger","Cloak And Dagger","Cloak And Dagger","Cloak And Dagger","Cloak And Dagger","Cloak And Dagger","Sneak Up","Sneak Up","Sneak Up","ReplayTheSpireMod:The Works","ReplayTheSpireMod:The Works","ReplayTheSpireMod:The Works","Hologram","Hologram","Hologram","Consecrate","Consecrate","Consecrate","Gash","Gash","Gash","Slice","Slice","Slice","hubris:ReadiedAction","hubris:ReadiedAction","hubris:ReadiedAction","Gash","Gash","Gash","Slice","Slice","Slice+1","Panacea","Panacea","Panacea","infinitespire:UltimateForm","infinitespire:UltimateForm","infinitespire:UltimateForm","Dramatic Entrance","Dramatic Entrance","Dramatic Entrance","Clumsy","Clumsy","Clumsy"],"relics":["Snecko Eye","Unceasing Top","Busted Crown","Ice Cream","Kunai","Pet Ghost","Replay:Baseball","hubris:MedicalManual","Oddly Smooth Stone","Quantum Egg","Replay:Wax Seal","Lee\u0027s Waffle","War Paint","Singing Bowl","Prayer Wheel","Replay:Mystery Machine","BargainBundle","Snecko Heart","Replay:Ringing Soul","MutagenicStrength","hubris:Towel","ReplayTheSpireMod:Ninjato","Guide Book","Akabeko","Anchor","Dream Catcher"],"acts_visited":["Exordium","TheCity"],"potions_floor_usage":[12,13,24,24,24],"damage_taken":[{"damage":0,"enemies":"Small Slimes","floor":1,"turns":1},{"damage":0,"enemies":"2 Louse","floor":4,"turns":3},{"damage":0,"enemies":"Jaw Worm","floor":5,"turns":2},{"damage":0,"enemies":"Lagavulin","floor":7,"turns":3},{"damage":0,"enemies":"Replay:BlueRogue","floor":10,"turns":2},{"damage":0,"enemies":"Lagavulin","floor":12,"turns":3},{"damage":0,"enemies":"3 Louse","floor":13,"turns":2},{"damage":0,"enemies":"The Guardian","floor":16,"turns":3},{"damage":0,"enemies":"2 Thieves","floor":18,"turns":2},{"damage":0,"enemies":"Spheric Guardian","floor":21,"turns":1},{"damage":0,"enemies":"3 Cultists","floor":24,"turns":4},{"damage":0,"enemies":"Chosen and Byrds","floor":25,"turns":2},{"damage":1,"enemies":"Nightmare","floor":27,"turns":4}],"seed_played":"-6838092368024793401","potions_obtained":[{"floor":1,"key":"Adrenaline Potion"},{"floor":5,"key":"BloodPotion"},{"floor":7,"key":"BloodPotion"},{"floor":13,"key":"SkillPotion"},{"floor":18,"key":"LifebloodPotion"},{"floor":24,"key":"Languid Potion"}],"is_trial":true,"path_per_floor":["M","?","?","M","M","R","E","R","T","E","$","E","M","$","R","B",null,"M","?","?","M","AVR","R","M","M","T","NM"],"character_chosen":"IRONCLAD","items_purchased":["Replay:Wax Seal","Lee\u0027s Waffle","War Paint","BargainBundle","Dramatic Entrance"],"campfire_rested":4,"item_purchase_floors":[11,11,11,14,14],"current_hp_per_floor":[1,1,1,1,1,1,1,1,1,1,7,6,5,4,1,1,1,1,1,1,1,1,1,1,1,1,0,0],"gold":533,"neow_bonus":"","is_daily":false,"chose_seed":false,"campfire_upgraded":0,"win_rate":0.0,"timestamp":1611350516,"path_taken":["M","?","?","M","M","R","E","R","T","E","$","E","M","?","R","BOSS","M","?","?","M","AVR","R","?","M","T","NM"],"items_purchased_type":["Relic","Relic","Relic","Relic","Card"],"build_version":"2020-12-22","purchased_purges":0,"victory":false,"max_hp_per_floor":[1,1,1,1,1,1,1,1,1,1,7,6,5,4,1,1,1,1,1,1,1,1,1,1,1,1,1,1],"card_choices":[{"not_picked":["infinitespire:Fortify","ReplayTheSpireMod:Black Plague"],"picked":"infinitespire:UltimateForm","floor":3}],"player_experience":224007,"relics_obtained":[{"floor":1,"key":"Kunai"},{"floor":4,"key":"Pet Ghost"},{"floor":5,"key":"Replay:Baseball"},{"floor":7,"key":"hubris:MedicalManual"},{"floor":9,"key":"Oddly Smooth Stone"},{"floor":10,"key":"Quantum Egg"},{"floor":12,"key":"Singing Bowl"},{"floor":13,"key":"Replay:Mystery Machine"},{"floor":18,"key":"Replay:Ringing Soul"},{"floor":21,"key":"ReplayTheSpireMod:Ninjato"},{"floor":24,"key":"Akabeko"},{"floor":25,"key":"Anchor"},{"floor":26,"key":"Dream Catcher"}],"event_choices":[{"damage_healed":0,"gold_gain":0,"player_choice":"Inject Mutagens","damage_taken":0,"relics_obtained":["MutagenicStrength"],"max_hp_gain":0,"max_hp_loss":0,"event_name":"Drug Dealer","floor":19,"gold_loss":0}],"is_beta":false,"boss_relics":[{"not_picked":["Painkiller Herb","Honey Jar"],"picked":"Snecko Heart"}],"items_purged_floors":[],"is_endless":false,"potions_floor_spawned":[1,5,7,13,18,21,24],"killed_by":"Nightmare","ascension_level":1}}