{"host":"lnt5dzsuhru0aonl","time":1611310560,"event":{"mods":["2.2 Compatiblity","BaseMod","Colored Map","Colored Powertips","DeckTracker","Keyboard Shortcuts","Minty Spire (QoL Compilation)","Permanent Neow","Rare Cards Sparkle","StSLib","SuperFastMode","everything is the same but u backflip on backflip"],"gold_per_floor":[111,111,36,49,63,63,89,107,107,127,27,27,84,84,84,161,161,173,191,191,191],"floor_reached":20,"language":"KOR","playtime":566,"items_purged":["Strike_R","Strike_R"],"score":348,"play_id":"bb532f7b-0978-4792-86aa-b29296f26244","local_time":"20210122191600","is_ascension_mode":true,"campfire_choices":[{"data":"Uppercut","floor":6.0,"key":"SMITH"},{"data":"True Grit","floor":15.0,"key":"SMITH"}],"circlet_count":0,"master_deck":["AscendersBane","Strike_R","Defend_R","Bash","Dropkick","Uppercut+1","True Grit+1","Evolve+1"],"relics":["Burning Blood","Pen Nib","Pear","Champion Belt","Empty Cage"],"acts_visited":["Exordium","TheCity"],"potions_floor_usage":[20],"damage_taken":[{"damage":6.0,"enemies":"2 Louse","floor":1.0,"turns":3.0},{"damage":1.0,"enemies":"Cultist","floor":4.0,"turns":3.0},{"damage":6.0,"enemies":"Jaw Worm","floor":5.0,"turns":4.0},{"damage":29.0,"enemies":"Gremlin Nob","floor":7.0,"turns":4.0},{"damage":8.0,"enemies":"Exordium Wildlife","floor":8.0,"turns":3.0},{"damage":4.0,"enemies":"Looter","floor":10.0,"turns":3.0},{"damage":6.0,"enemies":"Gremlin Nob","floor":13.0,"turns":3.0},{"damage":17.0,"enemies":"Hexaghost","floor":16.0,"turns":9.0},{"damage":16.0,"enemies":"2 Thieves","floor":18.0,"turns":4.0},{"damage":13,"enemies":"Shell Parasite","floor":19,"turns":5},{"damage":54,"enemies":"Masked Bandits","floor":20,"turns":4}],"seed_played":"6069142988991504391","potions_obtained":[{"floor":4.0,"key":"SkillPotion"},{"floor":5.0,"key":"ElixirPotion"},{"floor":8.0,"key":"Strength Potion"},{"floor":10.0,"key":"AttackPotion"},{"floor":16.0,"key":"Strength Potion"},{"floor":18.0,"key":"Ancient Potion"}],"is_trial":false,"path_per_floor":["M","?","$","M","M","R","E","M","T","M","$","?","?","$","R","B",null,"M","M","?"],"character_chosen":"IRONCLAD","items_purchased":[],"campfire_rested":0,"item_purchase_floors":[],"current_hp_per_floor":[68,68,68,68,68,68,45,43,53,55,55,48,48,48,48,37,68,58,51,0,0],"gold":191,"neow_bonus":"REMOVE_TWO","is_daily":false,"chose_seed":false,"campfire_upgraded":2,"win_rate":0.0,"timestamp":1611310560,"path_taken":["M","?","$","M","?","R","E","?","T","?","?","?","?","$","R","BOSS","M","M","?"],"items_purchased_type":[],"build_version":"2020-12-22","purchased_purges":2,"victory":false,"max_hp_per_floor":[68,68,68,68,68,68,68,68,78,78,78,78,78,78,78,78,78,78,78,78,78],"card_choices":[{"not_picked":["True Grit","Twin Strike"],"picked":"Dropkick","floor":1.0},{"not_picked":["Heavy Blade","Body Slam","Wild Strike"],"picked":"SKIP","floor":4.0},{"not_picked":["Flex","Demon Form"],"picked":"Uppercut","floor":5.0},{"not_picked":["Sword Boomerang","Seeing Red","Havoc"],"picked":"SKIP","floor":7.0},{"not_picked":["Disarm","Cleave"],"picked":"True Grit","floor":8.0},{"not_picked":["Intimidate","Infernal Blade","Clothesline"],"picked":"SKIP","floor":10.0},{"not_picked":["Rampage","Sever Soul","Havoc"],"picked":"SKIP","floor":18.0},{"not_picked":["Blood for Blood","Cleave"],"picked":"Evolve+1","floor":19}],"player_experience":724590,"relics_obtained":[{"floor":7.0,"key":"Pen Nib"},{"floor":9.0,"key":"Pear"},{"floor":13.0,"key":"Champion Belt"}],"event_choices":[{"damage_healed":0.0,"max_hp_gain":0.0,"max_hp_loss":0.0,"gold_gain":0.0,"event_name":"Match and Keep!","player_choice":"0 cards matched","floor":2.0,"gold_loss":0.0,"damage_taken":0.0,"cards_obtained":[]},{"cards_removed":["Defend_R"],"damage_healed":0.0,"max_hp_gain":0.0,"max_hp_loss":0.0,"gold_gain":0.0,"event_name":"Golden Wing","player_choice":"Card Removal","floor":12.0,"gold_loss":0.0,"damage_taken":7.0},{"damage_healed":0.0,"max_hp_gain":0.0,"max_hp_loss":0.0,"gold_gain":0.0,"event_name":"Dead Adventurer","player_choice":"Searched \u00271\u0027 times","floor":13.0,"gold_loss":0.0,"damage_taken":0.0},{"damage_healed":0,"gold_gain":0,"player_choice":"Fought Bandits","damage_taken":0,"max_hp_gain":0,"max_hp_loss":0,"event_name":"Masked Bandits","floor":20,"gold_loss":0}],"is_beta":false,"boss_relics":[{"not_picked":["SlaversCollar","Snecko Eye"],"picked":"Empty Cage"}],"items_purged_floors":[3,11],"is_endless":false,"potions_floor_spawned":[4,5,8,10,16,18],"killed_by":"Masked Bandits","ascension_level":20}}