{"host":"dpbezu80jg8zk7un","time":1611285558,"event":{"mods":["BaseMod","Colored Map","Colored Powertips","Custom Start","DeckTracker","Minty Spire (QoL Compilation)","Quick Restart","StSLib","SuperFastMode"],"gold_per_floor":[114,164,60,77,77,77,92,92,116,146,31,56,131,160,160,160,160],"floor_reached":16,"language":"KOR","playtime":278,"items_purged":["Defend_P"],"score":232,"play_id":"cd01d01c-7e52-429a-b17b-efea427b4456","local_time":"20210122121918","is_ascension_mode":true,"campfire_choices":[{"data":"Eruption","floor":6,"key":"SMITH"},{"data":"EmptyFist","floor":8,"key":"SMITH"},{"data":"CrushJoints","floor":15,"key":"SMITH"}],"circlet_count":0,"master_deck":["AscendersBane","Strike_P","Strike_P","Strike_P","Strike_P","Defend_P","Defend_P","Defend_P","Eruption+1","Vigilance","EmptyFist+1","MentalFortress","CrushJoints+1","Scrawl"],"relics":["PureWater","NeowsBlessing","Anchor","Damaru","Question Card","Tiny Chest"],"acts_visited":["Exordium"],"potions_floor_usage":[10,14],"damage_taken":[{"damage":0.0,"enemies":"Small Slimes","floor":1.0,"turns":1.0},{"damage":0.0,"enemies":"Cultist","floor":4.0,"turns":1.0},{"damage":0,"enemies":"2 Louse","floor":7,"turns":2},{"damage":8,"enemies":"Gremlin Nob","floor":10,"turns":3},{"damage":8,"enemies":"3 Sentries","floor":12,"turns":7},{"damage":13,"enemies":"Lagavulin","floor":14,"turns":6},{"damage":15,"enemies":"Hexaghost","floor":16,"turns":7}],"seed_played":"6481349512327000880","potions_obtained":[{"floor":4.0,"key":"StancePotion"},{"floor":12,"key":"AttackPotion"},{"floor":14,"key":"BottledMiracle"}],"is_trial":false,"path_per_floor":["M","?","$","M","?","R","M","R","T","E","$","E","?","E","R","B"],"character_chosen":"WATCHER","items_purchased":["EmptyFist","MentalFortress","CrushJoints"],"campfire_rested":0,"item_purchase_floors":[3,11,11],"current_hp_per_floor":[61,55,55,55,55,55,55,55,55,47,47,39,28,15,15,0,0],"gold":160,"neow_bonus":"THREE_ENEMY_KILL","is_daily":false,"chose_seed":false,"campfire_upgraded":3,"win_rate":0.0,"timestamp":1611285558,"path_taken":["M","?","?","M","?","R","?","R","T","E","$","E","?","E","R","BOSS"],"items_purchased_type":["Card","Card","Card"],"build_version":"2020-12-22","purchased_purges":1,"victory":false,"max_hp_per_floor":[68,68,68,68,68,68,68,68,68,68,68,68,68,68,68,68,68],"card_choices":[{"not_picked":["CutThroughFate","Protect","ThirdEye"],"picked":"SKIP","floor":1.0},{"not_picked":["Swivel","ThirdEye","CutThroughFate"],"picked":"SKIP","floor":4.0},{"not_picked":["Worship","Evaluate","Prostrate"],"picked":"SKIP","floor":7},{"not_picked":["Vengeance","Devotion","JustLucky"],"picked":"SKIP","floor":10},{"not_picked":["CutThroughFate","DevaForm","Evaluate"],"picked":"SKIP","floor":12},{"not_picked":["SashWhip","ClearTheMind","Collect"],"picked":"Scrawl","floor":14}],"player_experience":2915016,"relics_obtained":[{"floor":9,"key":"Anchor"},{"floor":10,"key":"Damaru"},{"floor":12,"key":"Question Card"},{"floor":14,"key":"Tiny Chest"}],"event_choices":[{"damage_healed":0.0,"max_hp_gain":0.0,"max_hp_loss":0.0,"gold_gain":50.0,"event_name":"FaceTrader","player_choice":"Touch","floor":2.0,"gold_loss":0.0,"damage_taken":6.0},{"damage_healed":0,"gold_gain":0,"player_choice":"0 cards matched","damage_taken":0,"max_hp_gain":0,"max_hp_loss":0,"event_name":"Match and Keep!","floor":5,"gold_loss":0,"cards_obtained":[]},{"damage_healed":0,"gold_gain":75,"player_choice":"Gather Gold","damage_taken":11,"max_hp_gain":0,"max_hp_loss":0,"event_name":"World of Goop","floor":13,"gold_loss":0}],"is_beta":false,"boss_relics":[],"items_purged_floors":[3],"is_endless":false,"potions_floor_spawned":[4,12,14],"killed_by":"Hexaghost","ascension_level":20}}