{"host":"0cm5wy4nhuju7tij","time":1611278194,"event":{"mods":["100% Spire Juice","2.2 Compatiblity","AchievementEnabler","Aspiration","BaseMod","Better Third Choice","BetterRewards","CCEM","CapriCore","Colored Powertips","Curses Come First","Custom Start","Displayed Cursed Tome","Downfall","Energized Spire","Evolution","Filter the Spire","Highlight Path","Jess\u0027s Bottle","Minty Spire (QoL Compilation)","Permanent Neow","Poor People Problems","Relic Stats","Shop Mod","Spicy Shops","StSLib","The Cursed","The Juggle","The Sage"],"gold_per_floor":[110,123,137,154,229,259,276,304,328,328,344,374,374,400,400,495,495,511,80,80,98,111,144,243,243,243],"floor_reached":25,"language":"ENG","playtime":1803,"items_purged":[],"score":350,"play_id":"1fc54670-c8ea-4dcc-9c5f-cb1fc5e1a4e8","local_time":"20210121201634","is_ascension_mode":true,"campfire_choices":[{"data":"TheCursedMod:ParallelWorld","floor":10,"key":"SMITH"},{"data":"TheCursedMod:NeowsMight","floor":13,"key":"SMITH"},{"data":"TheCursedMod:CollectTribute","floor":15,"key":"SMITH"}],"circlet_count":0,"master_deck":["TheCursedMod:CleanUpWorkshop","TheCursedMod:CursedAmulet","TheCursedMod:HellfireBreathing","TheCursedMod:HellfireBreathing","TheCursedMod:SpitefulPlan","TheCursedMod:LuckyCharm","TheCursedMod:CursedSpellbook","TheCursedMod:NeowsMight+1","TheCursedMod:ParallelWorld+1","TheCursedMod:SoulReap","TheCursedMod:CursedStaff","TheCursedMod:CursedMace","TheCursedMod:Evocation","TheCursedMod:ReleasedStrength","TheCursedMod:ManaBullet","TheCursedMod:CursedStaff","TheCursedMod:CircleOfCorruption","TheCursedMod:SurpriseAttack","TheCursedMod:LuckyCharm","TheCursedMod:CollectTribute+1","TheCursedMod:VoidForm","TheCursedMod:Grudge","TheCursedMod:HellsGateOpen","TheCursedMod:CircleOfCorruption","TheCursedMod:FleshFromBone+1","TheCursedMod:Stretching","TheCursedMod:Obscuration"],"relics":["TheCursedMod:BlackMagicAdvanced","EVO:Axolotl","CCEMRelics:TinyMinotavrHorn","Odd Mushroom","Bag of Marbles","Happy Flower","aspiration:FrozenJewel","Runic Pyramid","Juzu Bracelet","Frozen Eye","CultistMask","aspiration:HiddenCompartment"],"acts_visited":["Exordium","TheCity"],"potions_floor_usage":[],"damage_taken":[{"damage":0,"enemies":"Small Slimes","floor":1,"turns":3},{"damage":0,"enemies":"2 Louse","floor":2,"turns":2},{"damage":4,"enemies":"Cultist","floor":3,"turns":4},{"damage":6,"enemies":"Exordium Wildlife","floor":4,"turns":3},{"damage":2,"enemies":"3 Sentries","floor":6,"turns":4},{"damage":8,"enemies":"Exordium Thugs","floor":7,"turns":3},{"damage":18,"enemies":"The Mushroom Lair","floor":8,"turns":4},{"damage":0,"enemies":"Blue Slaver","floor":11,"turns":1},{"damage":0,"enemies":"Gremlin Nob","floor":12,"turns":1},{"damage":0,"enemies":"3 Sentries","floor":14,"turns":3},{"damage":28,"enemies":"Hexaghost","floor":16,"turns":5},{"damage":21,"enemies":"2 Thieves","floor":18,"turns":4},{"damage":10,"enemies":"Chosen","floor":21,"turns":3},{"damage":7,"enemies":"Snecko","floor":22,"turns":5},{"damage":34,"enemies":"Slavers","floor":23,"turns":6},{"damage":31,"enemies":"Book of Stabbing","floor":25,"turns":3}],"seed_played":"7659887901268062817","potions_obtained":[{"floor":1,"key":"Slimebound:ThreeZeroPotion"},{"floor":2,"key":"FearPotion"},{"floor":11,"key":"BlessingOfTheForge"},{"floor":23,"key":"Block Potion"}],"is_trial":false,"path_per_floor":["M","M","M","M","?","E","M","?","T","R","M","E","R","E","R","B",null,"M","$","?","M","M","E","?","E"],"character_chosen":"THE_CURSED","items_purchased":["TheCursedMod:HellsGateOpen","TheCursedMod:CircleOfCorruption","Juzu Bracelet","Frozen Eye"],"campfire_rested":0,"item_purchase_floors":[19,19,19,19],"current_hp_per_floor":[75,75,71,70,59,59,56,48,48,48,48,48,48,64,64,69,75,54,54,54,54,47,18,18,0,0],"gold":243,"neow_bonus":"TRANSFORM_CARD","is_daily":false,"chose_seed":false,"campfire_upgraded":3,"win_rate":0.0,"timestamp":1611278194,"path_taken":["M","M","M","M","?","E","M","?","T","R","M","E","R","E","R","BOSS","M","$","?","M","M","E","?","E"],"items_purchased_type":["Card","Card","Relic","Relic"],"build_version":"2020-12-22","purchased_purges":0,"victory":false,"max_hp_per_floor":[75,75,75,75,75,75,75,75,75,75,75,75,75,75,75,75,75,75,75,75,75,75,75,75,75,75],"relic_stats":{"Happy Flower":[9],"counters":[16,50],"Juzu Bracelet":1,"obtain_stats":[{"Frozen Eye":19,"TheCursedMod:BlackMagicAdvanced":0,"Happy Flower":12,"CCEMRelics:TinyMinotavrHorn":6,"CultistMask":20,"Bag of Marbles":9,"Juzu Bracelet":19,"EVO:Axolotl":0,"Odd Mushroom":8,"aspiration:HiddenCompartment":23,"aspiration:FrozenJewel":14,"Runic Pyramid":17},{"Frozen Eye":12,"TheCursedMod:BlackMagicAdvanced":0,"Happy Flower":9,"CCEMRelics:TinyMinotavrHorn":5,"CultistMask":12,"Bag of Marbles":7,"Juzu Bracelet":12,"EVO:Axolotl":0,"Odd Mushroom":7,"aspiration:HiddenCompartment":15,"aspiration:FrozenJewel":10,"Runic Pyramid":11},{"Frozen Eye":34,"TheCursedMod:BlackMagicAdvanced":0,"Happy Flower":22,"CCEMRelics:TinyMinotavrHorn":13,"CultistMask":34,"Bag of Marbles":20,"Juzu Bracelet":34,"EVO:Axolotl":0,"Odd Mushroom":20,"aspiration:HiddenCompartment":47,"aspiration:FrozenJewel":25,"Runic Pyramid":30}]},"card_choices":[{"not_picked":["TheCursedMod:SmokeScreen","TheCursedMod:VitalStrike"],"picked":"TheCursedMod:CursedStaff","floor":1},{"not_picked":["TheCursedMod:WearCloak","TheCursedMod:Mangle"],"picked":"TheCursedMod:CursedMace","floor":2},{"not_picked":["TheCursedMod:CircleOfFlame","TheCursedMod:Stigma"],"picked":"TheCursedMod:Evocation","floor":3},{"not_picked":["TheCursedMod:Mangle","TheCursedMod:TacticalStrike"],"picked":"TheCursedMod:ReleasedStrength","floor":4},{"not_picked":["TheCursedMod:VitalStrike","TheCursedMod:CircleOfWindfury"],"picked":"TheCursedMod:ManaBullet","floor":6},{"not_picked":["TheCursedMod:FuryStrike","TheCursedMod:Stretching"],"picked":"TheCursedMod:CursedStaff","floor":7},{"not_picked":["TheCursedMod:Wield","TheCursedMod:CursedRelics"],"picked":"TheCursedMod:CircleOfCorruption","floor":8},{"not_picked":["TheCursedMod:Stretching","TheCursedMod:AshesToAshes"],"picked":"TheCursedMod:SurpriseAttack","floor":11},{"not_picked":["TheCursedMod:DemonSword","TheCursedMod:Stretching"],"picked":"TheCursedMod:LuckyCharm","floor":12},{"not_picked":["TheCursedMod:CircleOfAmplification","TheCursedMod:Stigma"],"picked":"TheCursedMod:CollectTribute","floor":14},{"not_picked":["TheCursedMod:UltimatePain","TheCursedMod:NeowsMight"],"picked":"TheCursedMod:VoidForm","floor":16},{"not_picked":["TheCursedMod:CursedShiv+1","TheCursedMod:Obscuration"],"picked":"TheCursedMod:Grudge","floor":18},{"not_picked":["TheCursedMod:CircleOfFlame","TheCursedMod:CursedMace+1"],"picked":"TheCursedMod:FleshFromBone+1","floor":21},{"not_picked":["TheCursedMod:CursedBlade","TheCursedMod:AshesToAshes"],"picked":"TheCursedMod:Stretching","floor":22},{"not_picked":["TheCursedMod:StunningStrike","TheCursedMod:CursedRelics"],"picked":"TheCursedMod:Obscuration","floor":23}],"player_experience":236013,"relics_obtained":[{"floor":6,"key":"CCEMRelics:TinyMinotavrHorn"},{"floor":8,"key":"Odd Mushroom"},{"floor":9,"key":"Bag of Marbles"},{"floor":12,"key":"Happy Flower"},{"floor":14,"key":"aspiration:FrozenJewel"},{"floor":23,"key":"aspiration:HiddenCompartment"}],"event_choices":[{"damage_healed":0,"gold_gain":75,"player_choice":"Gold","damage_taken":11,"max_hp_gain":0,"max_hp_loss":0,"event_name":"betterThird:BetterGoop","floor":5,"gold_loss":0},{"damage_healed":0,"gold_gain":0,"player_choice":"Fought Mushrooms","damage_taken":0,"max_hp_gain":0,"max_hp_loss":0,"event_name":"Mushrooms","floor":8,"gold_loss":0},{"damage_healed":0,"gold_gain":0,"player_choice":"Trade","damage_taken":0,"relics_obtained":["CultistMask"],"max_hp_gain":0,"max_hp_loss":0,"event_name":"FaceTrader","floor":20,"gold_loss":0},{"damage_healed":0,"gold_gain":99,"player_choice":"Steal","damage_taken":0,"max_hp_gain":0,"max_hp_loss":0,"event_name":"betterThird:BetterNest","floor":24,"gold_loss":0}],"is_beta":false,"boss_relics":[{"not_picked":["jessBottle:WaterBottleRelic","aspiration:DefectSkillbook"],"picked":"Runic Pyramid"}],"items_purged_floors":[],"is_endless":false,"potions_floor_spawned":[1,2,6,11,21,23],"killed_by":"Book of Stabbing","ascension_level":2}}