{"host":"qsusua7l529r8z9k","time":1611285310,"event":{"mods":["BaseMod","Minty Spire (QoL Compilation)","Spicy Shops","StSLib"],"gold_per_floor":[116,129,204,204,154,154,179,179,179,213,229,229,254,254,254,254,254],"floor_reached":16,"language":"ZHS","playtime":355,"items_purged":[],"score":210,"play_id":"acf232b4-091e-4f2a-9af2-7bb5cf2bddd9","local_time":"20210122111510","is_ascension_mode":true,"campfire_choices":[{"data":"Dualcast","floor":6.0,"key":"SMITH"},{"data":"Loop","floor":12,"key":"SMITH"},{"data":"Coolheaded","floor":15,"key":"SMITH"}],"circlet_count":0,"master_deck":["AscendersBane","Strike_B","Strike_B","Defend_B","Defend_B","Defend_B","Defend_B","Zap","Dualcast+1","Streamline","Conserve Battery","Reboot","Loop+1","Coolheaded+1","Leap"],"relics":["Cracked Core","NeowsBlessing","The Courier","Juzu Bracelet","Meat on the Bone","Bag of Preparation","Odd Mushroom"],"acts_visited":["Exordium"],"potions_floor_usage":[],"damage_taken":[{"damage":0.0,"enemies":"2 Louse","floor":1.0,"turns":1.0},{"damage":0.0,"enemies":"Jaw Worm","floor":2.0,"turns":1.0},{"damage":0.0,"enemies":"3 Sentries","floor":7.0,"turns":1.0},{"damage":31,"enemies":"Lagavulin","floor":10,"turns":9},{"damage":0,"enemies":"Small Slimes","floor":11,"turns":3},{"damage":16,"enemies":"The Mushroom Lair","floor":13,"turns":4},{"damage":34,"enemies":"Slime Boss","floor":16,"turns":9}],"seed_played":"6182008913178138768","potions_obtained":[{"floor":2.0,"key":"PowerPotion"},{"floor":11,"key":"PowerPotion"}],"is_trial":false,"path_per_floor":["M","M","?","?","?","R","E","?","T","E","M","R","?","?","R","B"],"character_chosen":"DEFECT","items_purchased":[],"campfire_rested":0,"item_purchase_floors":[],"current_hp_per_floor":[68,68,57,45,45,45,45,45,45,26,38,38,34,34,34,0,0],"gold":254,"neow_bonus":"THREE_ENEMY_KILL","is_daily":false,"chose_seed":false,"campfire_upgraded":3,"win_rate":0.0,"timestamp":1611285310,"path_taken":["M","M","?","?","?","R","E","?","T","E","M","R","?","?","R","BOSS"],"items_purchased_type":[],"build_version":"2020-12-22","purchased_purges":0,"victory":false,"max_hp_per_floor":[75,75,75,75,75,75,75,75,75,75,75,75,75,75,75,75,75],"card_choices":[{"not_picked":["Beam Cell","Steam"],"picked":"Streamline","floor":1.0},{"not_picked":["Stack","Leap"],"picked":"Conserve Battery","floor":2.0},{"not_picked":["Stack","Consume"],"picked":"Reboot","floor":7.0},{"not_picked":["Turbo","Compile Driver"],"picked":"Loop","floor":10},{"not_picked":["Stack","Gash","Genetic Algorithm"],"picked":"SKIP","floor":11},{"not_picked":["Double Energy","Go for the Eyes"],"picked":"Coolheaded","floor":13}],"player_experience":437833,"relics_obtained":[{"floor":7.0,"key":"Juzu Bracelet"},{"floor":9.0,"key":"Meat on the Bone"},{"floor":10,"key":"Bag of Preparation"},{"floor":13,"key":"Odd Mushroom"}],"event_choices":[{"damage_healed":0.0,"max_hp_gain":0.0,"max_hp_loss":0.0,"gold_gain":75.0,"event_name":"World of Goop","player_choice":"Gather Gold","floor":3.0,"gold_loss":0.0,"damage_taken":11.0},{"damage_healed":0.0,"max_hp_gain":0.0,"max_hp_loss":0.0,"gold_gain":0.0,"event_name":"Scrap Ooze","player_choice":"Success","floor":4.0,"gold_loss":0.0,"damage_taken":12.0,"relics_obtained":["The Courier"]},{"cards_removed":["Strike_B"],"damage_healed":0.0,"max_hp_gain":0.0,"max_hp_loss":0.0,"gold_gain":0.0,"event_name":"The Cleric","player_choice":"Card Removal","floor":5.0,"gold_loss":50.0,"damage_taken":0.0},{"damage_healed":0.0,"max_hp_gain":0.0,"max_hp_loss":0.0,"gold_gain":0.0,"event_name":"The Woman in Blue","player_choice":"Bought 0 Potions","floor":8.0,"gold_loss":0.0,"damage_taken":0.0},{"damage_healed":0,"gold_gain":0,"player_choice":"Fought Mushrooms","damage_taken":0,"max_hp_gain":0,"max_hp_loss":0,"event_name":"Mushrooms","floor":13,"gold_loss":0},{"damage_healed":0,"gold_gain":0,"cards_transformed":["Strike_B"],"player_choice":"Transformed","damage_taken":0,"max_hp_gain":0,"max_hp_loss":0,"event_name":"Transmorgrifier","floor":14,"gold_loss":0,"cards_obtained":["Leap"]}],"is_beta":false,"boss_relics":[],"items_purged_floors":[],"is_endless":false,"potions_floor_spawned":[2,11],"killed_by":"Slime Boss","ascension_level":12}}