{"host":"7gewg82ormp6yt4e","time":1611320130,"event":{"mods":["BaseMod","Block Reminder","Colored Map","DeckTracker","Highlight Path","Minty Spire (QoL Compilation)","Relic Stats","StSLib","ojb\u0027s Info Mod"],"gold_per_floor":[119,130,130,26,26,26,2,17,17,17,46,57,57,92,92,163,163,180,196,196,35,53,53,81,81,81,100,100,111,111,127,127,206,206,224,224,273,273,1272,1272,299,329,329,343,356,356,369,369,369,369,369,369,369,129,154,154],"floor_reached":57,"language":"JPN","playtime":4534,"items_purged":["Normality","Normality"],"score":2616,"play_id":"a6a318cf-4773-493d-93d7-2a70ba71fe17","local_time":"20210122215530","is_ascension_mode":true,"campfire_choices":[{"data":"Streamline","floor":6.0,"key":"SMITH"},{"data":"Barrage","floor":10.0,"key":"SMITH"},{"data":"Defragment","floor":15.0,"key":"SMITH"},{"data":"Electrodynamics","floor":23,"key":"SMITH"},{"data":"Coolheaded","floor":25,"key":"SMITH"},{"floor":28,"key":"REST"},{"data":"Leap","floor":30,"key":"SMITH"},{"floor":32,"key":"REST"},{"floor":40,"key":"RECALL"},{"floor":46,"key":"REST"},{"floor":49,"key":"REST"},{"floor":53,"key":"REST"}],"circlet_count":0,"master_deck":["AscendersBane","Strike_B","Defend_B","Defend_B","Defend_B","Zap","Dualcast","Barrage+1","Coolheaded+1","Defragment+1","Streamline+1","Leap+1","Ball Lightning","Electrodynamics+1","Turbo+1","Reinforced Body+1","Seek+1","Coolheaded+1","Undo+1","Conserve Battery+1","Undo+1","Amplify+1","Conserve Battery+1","Echo Form","Force Field+1","Apotheosis+1","Blind+1","Coolheaded+1","Capacitor","Cold Snap","Defragment+1","Darkness+1","Chaos+1","Defragment+1","Go for the Eyes+1"],"relics":["Cracked Core","NeowsBlessing","Oddly Smooth Stone","Toxic Egg 2","Potion Belt","Bag of Preparation","Snecko Eye","Toy Ornithopter","Torii","Fusion Hammer","CaptainsWheel","Blue Candle","Gambling Chip","Frozen Egg 2","Cables","HornCleat"],"acts_visited":["Exordium","TheCity","TheBeyond","TheEnding"],"potions_floor_usage":[27,31,33,33,42,50,56,56,56,56],"damage_taken":[{"damage":0.0,"enemies":"Jaw Worm","floor":1.0,"turns":1.0},{"damage":0.0,"enemies":"Small Slimes","floor":2.0,"turns":1.0},{"damage":0.0,"enemies":"Cultist","floor":8.0,"turns":1.0},{"damage":10.0,"enemies":"Gremlin Nob","floor":11.0,"turns":3.0},{"damage":8.0,"enemies":"Looter","floor":12.0,"turns":3.0},{"damage":8.0,"enemies":"Lagavulin","floor":14.0,"turns":6.0},{"damage":13.0,"enemies":"The Guardian","floor":16.0,"turns":9.0},{"damage":5.0,"enemies":"Spheric Guardian","floor":18.0,"turns":3.0},{"damage":9.0,"enemies":"2 Thieves","floor":19.0,"turns":2.0},{"damage":2,"enemies":"Snake Plant","floor":22,"turns":5},{"damage":0,"enemies":"Book of Stabbing","floor":24,"turns":5},{"damage":28,"enemies":"Chosen and Byrds","floor":27,"turns":7},{"damage":0,"enemies":"Cultist and Chosen","floor":29,"turns":3},{"damage":0,"enemies":"Snecko","floor":31,"turns":5},{"damage":17,"enemies":"Automaton","floor":33,"turns":13},{"damage":0,"enemies":"3 Shapes","floor":35,"turns":3},{"damage":13,"enemies":"2 Orb Walkers","floor":37,"turns":4},{"damage":10,"enemies":"Giant Head","floor":42,"turns":11},{"damage":1,"enemies":"3 Darklings","floor":44,"turns":3},{"damage":1,"enemies":"Jaw Worm Horde","floor":45,"turns":3},{"damage":0,"enemies":"4 Shapes","floor":47,"turns":1},{"damage":42,"enemies":"Awakened One","floor":50,"turns":15},{"damage":2,"enemies":"Time Eater","floor":51,"turns":13},{"damage":13,"enemies":"Shield and Spear","floor":55,"turns":8},{"damage":21,"enemies":"The Heart","floor":56,"turns":13}],"seed_played":"6017762264446803114","potions_obtained":[{"floor":2.0,"key":"Dexterity Potion"},{"floor":8.0,"key":"EssenceOfDarkness"},{"floor":11.0,"key":"BlessingOfTheForge"},{"floor":22,"key":"Swift Potion"},{"floor":24,"key":"PotionOfCapacity"},{"floor":27,"key":"Fire Potion"},{"floor":31,"key":"Regen Potion"},{"floor":35,"key":"EssenceOfSteel"},{"floor":45,"key":"SteroidPotion"},{"floor":47,"key":"Weak Potion"}],"is_trial":false,"path_per_floor":["M","M","?","$","?","R","$","M","T","R","E","M","?","E","R","B",null,"M","M","?","$","M","R","E","R","T","M","R","M","R","M","R","B",null,"M","?","?","?","?","R","$","E","T","M","M","R","M","?","R","B","B",null,"R","$","E","B",null],"character_chosen":"DEFECT","items_purchased":["Defragment","Streamline","Leap","Toy Ornithopter","Blue Candle","Gambling Chip","Coolheaded+1","Capacitor","Ancient Potion","DuplicationPotion","Defragment+1","Swift Potion"],"campfire_rested":5,"item_purchase_floors":[4,4,7,21,41,41,41,41,41,41,54,54],"current_hp_per_floor":[64,64,57,57,57,57,57,57,57,57,47,39,39,31,31,18,58,53,44,44,44,42,42,42,42,42,19,40,40,40,45,66,59,68,68,68,55,45,45,45,45,55,55,54,53,71,71,71,71,31,29,61,71,71,58,55],"gold":154,"neow_bonus":"THREE_ENEMY_KILL","is_daily":false,"chose_seed":false,"campfire_upgraded":6,"win_rate":0.0,"timestamp":1611320130,"path_taken":["M","M","?","$","?","R","$","?","T","R","E","M","?","E","R","BOSS","M","?","?","$","M","R","E","R","T","?","R","M","R","?","R","BOSS","M","?","?","?","?","R","$","E","T","M","M","R","?","?","R","BOSS","BOSS","R","$","E","BOSS"],"items_purchased_type":["Card","Card","Card","Relic","Relic","Relic","Card","Card","Potion","Potion","Card","Potion"],"build_version":"2020-12-22","purchased_purges":2,"victory":true,"max_hp_per_floor":[71,71,71,71,71,71,71,71,71,71,71,71,71,71,71,71,71,71,71,71,71,71,71,71,71,71,71,71,71,71,71,71,71,71,71,71,71,71,71,71,71,71,71,71,71,71,71,71,71,71,71,71,71,71,71,71],"relic_stats":{"Torii":13,"counters":[25,141],"Blue Candle":[4],"Gambling Chip":[41],"Snecko Eye":[205,209,205,202],"Bag of Preparation":[38],"obtain_stats":[{"Potion Belt":13,"NeowsBlessing":0,"Torii":24,"Blue Candle":41,"Oddly Smooth Stone":9,"Bag of Preparation":14,"Frozen Egg 2":42,"Cables":43,"CaptainsWheel":37,"HornCleat":55,"Gambling Chip":41,"Snecko Eye":17,"Fusion Hammer":34,"Toxic Egg 2":11,"Cracked Core":0,"Toy Ornithopter":21},{"Potion Belt":5,"NeowsBlessing":0,"Torii":11,"Blue Candle":17,"Oddly Smooth Stone":3,"Bag of Preparation":6,"Frozen Egg 2":18,"Cables":18,"CaptainsWheel":17,"HornCleat":24,"Gambling Chip":17,"Snecko Eye":7,"Fusion Hammer":15,"Toxic Egg 2":4,"Cracked Core":0,"Toy Ornithopter":9},{"Potion Belt":9,"NeowsBlessing":0,"Torii":39,"Blue Candle":74,"Oddly Smooth Stone":3,"Bag of Preparation":15,"Frozen Egg 2":85,"Cables":85,"CaptainsWheel":74,"HornCleat":128,"Gambling Chip":74,"Snecko Eye":24,"Fusion Hammer":67,"Toxic Egg 2":6,"Cracked Core":0,"Toy Ornithopter":29}],"Toy Ornithopter":45,"Cables":[54,18,28,8,0]},"card_choices":[{"not_picked":["Turbo","Rebound"],"picked":"Barrage","floor":1.0},{"not_picked":["Go for the Eyes","Redo"],"picked":"Coolheaded","floor":2.0},{"not_picked":["Hologram","Consume"],"picked":"Ball Lightning","floor":8.0},{"not_picked":["Double Energy+1","Hologram+1"],"picked":"Electrodynamics","floor":11.0},{"not_picked":["Lockon","Rebound"],"picked":"Turbo+1","floor":12.0},{"not_picked":["Self Repair","Compile Driver"],"picked":"Reinforced Body+1","floor":14.0},{"not_picked":["Echo Form","Meteor Strike"],"picked":"Seek+1","floor":16.0},{"not_picked":["Go for the Eyes","Ball Lightning"],"picked":"Coolheaded+1","floor":18.0},{"not_picked":["Scrape","Rebound"],"picked":"Undo+1","floor":19.0},{"not_picked":["Chill+1","Blizzard"],"picked":"Conserve Battery+1","floor":22},{"not_picked":["Sweeping Beam","Chill+1","Genetic Algorithm+1"],"picked":"SKIP","floor":24},{"not_picked":["Blizzard","Conserve Battery+1"],"picked":"Undo+1","floor":27},{"not_picked":["Compile Driver","Beam Cell"],"picked":"Amplify+1","floor":29},{"not_picked":["BootSequence+1","Heatsinks"],"picked":"Conserve Battery+1","floor":31},{"not_picked":["Buffer","Biased Cognition"],"picked":"Echo Form","floor":33},{"not_picked":["Rebound+1","Gash"],"picked":"Force Field+1","floor":35},{"not_picked":["Impatience+1","Madness+1"],"picked":"Apotheosis+1","floor":38},{"not_picked":["Finesse+1","Good Instincts+1"],"picked":"Blind+1","floor":38},{"not_picked":["Turbo+1","Genetic Algorithm+1"],"picked":"Cold Snap","floor":42},{"not_picked":["BootSequence+1","Compile Driver+1"],"picked":"Defragment+1","floor":44},{"not_picked":["Rebound","Gash"],"picked":"Darkness+1","floor":45},{"not_picked":["Redo+1","BootSequence+1"],"picked":"Chaos+1","floor":47},{"not_picked":["Cold Snap","Electrodynamics+1"],"picked":"Go for the Eyes+1","floor":55}],"player_experience":2651472,"relics_obtained":[{"floor":9.0,"key":"Oddly Smooth Stone"},{"floor":11.0,"key":"Toxic Egg 2"},{"floor":13.0,"key":"Potion Belt"},{"floor":14.0,"key":"Bag of Preparation"},{"floor":24,"key":"Torii"},{"floor":37,"key":"CaptainsWheel"},{"floor":42,"key":"Frozen Egg 2"},{"floor":43,"key":"Cables"},{"floor":55,"key":"HornCleat"}],"event_choices":[{"cards_removed":["Strike_B"],"damage_healed":0.0,"max_hp_gain":0.0,"max_hp_loss":0.0,"gold_gain":0.0,"event_name":"Golden Wing","player_choice":"Card Removal","floor":3.0,"gold_loss":0.0,"damage_taken":7.0},{"cards_removed":["Strike_B"],"damage_healed":0.0,"max_hp_gain":0.0,"max_hp_loss":0.0,"gold_gain":0.0,"event_name":"Purifier","player_choice":"Purged","floor":5.0,"gold_loss":0.0,"damage_taken":0.0},{"damage_healed":0.0,"max_hp_gain":0.0,"max_hp_loss":0.0,"gold_gain":0.0,"event_name":"Wheel of Change","player_choice":"Relic","floor":13.0,"gold_loss":0.0,"damage_taken":0.0},{"cards_removed":["Strike_B"],"damage_healed":0.0,"max_hp_gain":0.0,"max_hp_loss":0.0,"gold_gain":0.0,"event_name":"Bonfire Elementals","player_choice":"Offered Basic","floor":20.0,"gold_loss":0.0,"damage_taken":0.0},{"cards_removed":["Defend_B"],"damage_healed":0,"gold_gain":0,"player_choice":"Removed Skill","damage_taken":0,"max_hp_gain":0,"max_hp_loss":0,"event_name":"Falling","floor":36,"gold_loss":0},{"damage_healed":0,"gold_gain":0,"player_choice":"Fight","damage_taken":0,"max_hp_gain":0,"max_hp_loss":0,"event_name":"Mysterious Sphere","floor":37,"gold_loss":0},{"damage_healed":0,"gold_gain":0,"player_choice":"Memory 3","damage_taken":10,"max_hp_gain":0,"max_hp_loss":0,"event_name":"SensoryStone","floor":38,"gold_loss":0},{"damage_healed":0,"gold_gain":999,"player_choice":"Gold","damage_taken":0,"max_hp_gain":0,"max_hp_loss":0,"event_name":"MindBloom","floor":39,"gold_loss":0,"cards_obtained":["Normality","Normality"]},{"damage_healed":0,"gold_gain":0,"player_choice":"Ignored","damage_taken":0,"max_hp_gain":0,"max_hp_loss":0,"event_name":"Tomb of Lord Red Mask","floor":48,"gold_loss":0}],"is_beta":false,"boss_relics":[{"not_picked":["Empty Cage","FrozenCore"],"picked":"Snecko Eye"},{"not_picked":["Tiny House","Calling Bell"],"picked":"Fusion Hammer"}],"items_purged_floors":[41,54],"is_endless":false,"potions_floor_spawned":[2,8,11,12,22,24,27,31,35,45,47,55],"ascension_level":20}}