{"host":"6p0attdrtjqaih7v","time":1611347206,"event":{"mods":["2.2 Compatiblity","AchievementEnabler","Bard","BaseMod","Better Skull","Better Third Choice","Colored Powertips","Hermit","Highlight Path","Jorbs\u0027s Wanderer Trilogy","Key Reminder","Minty Spire (QoL Compilation)","Permanent Neow","Quick Restart","Random Character Button","Relic Stats","Replay The Spire","Robot Space Explorer","StSLib"],"gold_per_floor":[360,60,80,80,92,119,119,146,219,219,95,106,116,134,134,210,210,224,241,254,21,21,21,21,46,46,70,82,111,123,164,176,264,276,305,317,346,166,166,166,166,195,218,218,28,38,38,56,56,56],"floor_reached":51,"language":"ENG","playtime":3930,"items_purged":["Pain","RobotSpaceExplorer:Strike+1"],"score":1338,"play_id":"adba750b-421f-4b4e-ace7-c4851e39d7e6","local_time":"20210122152646","is_ascension_mode":true,"campfire_choices":[{"data":"RobotSpaceExplorer:Electropulse","floor":7,"key":"SMITH"},{"data":"RobotSpaceExplorer:SwiftStep","floor":10,"key":"SMITH"},{"data":"RobotSpaceExplorer:SwiftStep","floor":15,"key":"SMITH"},{"floor":23,"key":"REST"},{"floor":30,"key":"REST"},{"floor":32,"key":"REST"},{"data":"RobotSpaceExplorer:IronShell","floor":40,"key":"SMITH"},{"data":"RobotSpaceExplorer:Accelerator","floor":44,"key":"SMITH"},{"data":"RobotSpaceExplorer:IronShell","floor":47,"key":"SMITH"},{"floor":49,"key":"REST"}],"circlet_count":0,"master_deck":["AscendersBane","RobotSpaceExplorer:Strike+1","RobotSpaceExplorer:Strike+1","RobotSpaceExplorer:Defend+1","RobotSpaceExplorer:Defend+1","RobotSpaceExplorer:Defend+1","RobotSpaceExplorer:Defend+1","RobotSpaceExplorer:Scan","RobotSpaceExplorer:MiniLasers","RobotSpaceExplorer:IronShell+1","RobotSpaceExplorer:ShovelStrike","RobotSpaceExplorer:Electropulse+1","RobotSpaceExplorer:ShovelStrike","RobotSpaceExplorer:SwiftStep+1","RobotSpaceExplorer:MetalStrike","RobotSpaceExplorer:Smokescreen","RobotSpaceExplorer:SwiftStep+1","RobotSpaceExplorer:TrailblazerForm","AbeCurse","RobotSpaceExplorer:SelfCleaning+1","RobotSpaceExplorer:ScrapToss","RobotSpaceExplorer:ScrapToss","RobotSpaceExplorer:StunGrenade","RobotSpaceExplorer:JunkDive","RobotSpaceExplorer:Accelerator+1","RobotSpaceExplorer:ImprovisedAttack+1","Finesse","RobotSpaceExplorer:ScrapToss","RobotSpaceExplorer:Jetpack","RobotSpaceExplorer:IronShell+1"],"relics":["RobotSpaceExplorer:TurboCore","Shuriken","WarpedTongs","Ice Cream","Bronze Scales","Gremlin Horn","Abe\u0027s Treasure","DollysMirror","ReplayTheSpireMod:Ninjato","MawBank","Replay:Bottled Flurry","Replay:Ringing Soul","RobotSpaceExplorer:FoglandsKnife"],"acts_visited":["Exordium","TheCity","TheBeyond"],"potions_floor_usage":[29,31,31,50,50,50],"damage_taken":[{"damage":1,"enemies":"2 Louse","floor":1,"turns":3},{"damage":0,"enemies":"Cultist","floor":3,"turns":3},{"damage":4,"enemies":"Jaw Worm","floor":5,"turns":3},{"damage":17,"enemies":"Replay:BlueRogue","floor":6,"turns":6},{"damage":21,"enemies":"Lagavulin","floor":8,"turns":6},{"damage":14,"enemies":"Exordium Wildlife","floor":12,"turns":7},{"damage":0,"enemies":"Blue Slaver","floor":13,"turns":2},{"damage":0,"enemies":"Looter","floor":14,"turns":3},{"damage":26,"enemies":"The Guardian","floor":16,"turns":14},{"damage":3,"enemies":"Shell Parasite","floor":18,"turns":3},{"damage":1,"enemies":"3 Byrds","floor":19,"turns":2},{"damage":14,"enemies":"Centurion and Healer","floor":20,"turns":6},{"damage":5,"enemies":"Book of Stabbing","floor":25,"turns":5},{"damage":7,"enemies":"Snake Plant","floor":27,"turns":4},{"damage":8,"enemies":"Snecko","floor":29,"turns":6},{"damage":7,"enemies":"Replay:Snechameleon","floor":31,"turns":6},{"damage":0,"enemies":"Champ","floor":33,"turns":8},{"damage":22,"enemies":"3 Darklings","floor":35,"turns":5},{"damage":3,"enemies":"3 Shapes","floor":37,"turns":5},{"damage":0,"enemies":"Giant Head","floor":42,"turns":4},{"damage":0,"enemies":"Sphere and 2 Shapes","floor":46,"turns":7},{"damage":0,"enemies":"3 Darklings","floor":48,"turns":5},{"damage":9,"enemies":"Time Eater","floor":50,"turns":9}],"seed_played":"3665472644185457801","potions_obtained":[{"floor":6,"key":"LiquidBronze"},{"floor":12,"key":"FairyPotion"},{"floor":20,"key":"RobotSpaceExplorer:PlasmaFlask"},{"floor":25,"key":"EssenceOfSteel"},{"floor":29,"key":"FearPotion"},{"floor":35,"key":"EntropicBrew"},{"floor":46,"key":"SpeedPotion"}],"is_trial":false,"path_per_floor":["M","$","M","?","M","E","R","E","T","R","$","M","M","M","R","B",null,"M","M","M","$","?","R","?","E","T","M","$","M","R","E","R","B",null,"M","?","M","$","?","R","?","E","T","R","$","M","R","M","R","B",null],"character_chosen":"RobotSpaceExplorer","items_purchased":["Shuriken","RobotSpaceExplorer:ShovelStrike","Dexterity Potion","RobotSpaceExplorer:ScrapToss","DollysMirror","Finesse","RobotSpaceExplorer:ScrapToss","RobotSpaceExplorer:Jetpack","Dexterity Potion"],"campfire_rested":4,"item_purchase_floors":[2,2,11,21,21,38,45,45,45],"current_hp_per_floor":[63,63,63,63,59,42,42,21,21,21,21,7,7,7,7,12,51,48,47,33,33,16,36,36,31,31,24,24,16,36,29,49,49,64,42,42,39,39,39,39,39,39,39,39,42,45,45,45,67,58],"gold":56,"neow_bonus":"TWO_FIFTY_GOLD","is_daily":false,"chose_seed":false,"campfire_upgraded":6,"win_rate":0.0,"timestamp":1611347206,"path_taken":["M","$","M","?","?","E","R","E","T","R","?","M","M","M","R","BOSS","M","M","M","$","?","R","?","E","T","?","$","M","R","E","R","BOSS","M","?","M","$","?","R","?","E","T","R","?","?","R","M","R","BOSS"],"items_purchased_type":["Relic","Card","Potion","Card","Relic","Card","Card","Card","Potion"],"build_version":"2020-12-22","purchased_purges":2,"victory":true,"max_hp_per_floor":[64,64,64,64,64,64,64,64,64,64,64,64,64,64,64,64,64,64,64,64,64,69,69,69,69,69,69,69,69,69,69,69,69,69,69,69,69,69,69,69,69,69,69,69,72,75,75,75,75,75],"relic_stats":{"Gremlin Horn":[12,12],"counters":[23,122],"Shuriken":[73],"Bronze Scales":[363],"MawBank":144,"obtain_stats":[{"Ice Cream":6,"ReplayTheSpireMod:Ninjato":25,"Gremlin Horn":9,"RobotSpaceExplorer:RoboCore":0,"MawBank":26,"RobotSpaceExplorer:TurboCore":34,"WarpedTongs":4,"Replay:Ringing Soul":42,"RobotSpaceExplorer:FoglandsKnife":43,"Shuriken":2,"DollysMirror":21,"Bronze Scales":8,"Replay:Bottled Flurry":31,"Abe\u0027s Treasure":17},{"Ice Cream":4,"ReplayTheSpireMod:Ninjato":13,"Gremlin Horn":5,"RobotSpaceExplorer:RoboCore":0,"MawBank":13,"RobotSpaceExplorer:TurboCore":17,"WarpedTongs":2,"Replay:Ringing Soul":20,"RobotSpaceExplorer:FoglandsKnife":20,"Shuriken":1,"DollysMirror":12,"Bronze Scales":5,"Replay:Bottled Flurry":16,"Abe\u0027s Treasure":9},{"Ice Cream":15,"ReplayTheSpireMod:Ninjato":63,"Gremlin Horn":21,"RobotSpaceExplorer:RoboCore":0,"MawBank":63,"RobotSpaceExplorer:TurboCore":87,"WarpedTongs":6,"Replay:Ringing Soul":101,"RobotSpaceExplorer:FoglandsKnife":101,"Shuriken":3,"DollysMirror":58,"Bronze Scales":21,"Replay:Bottled Flurry":79,"Abe\u0027s Treasure":47}],"WarpedTongs":[106]},"card_choices":[{"not_picked":["RobotSpaceExplorer:LaserBurst","RobotSpaceExplorer:SlimeMissile"],"picked":"RobotSpaceExplorer:IronShell","floor":1},{"not_picked":["RobotSpaceExplorer:Counterblock","RobotSpaceExplorer:Ammunition"],"picked":"RobotSpaceExplorer:Electropulse","floor":3},{"not_picked":["RobotSpaceExplorer:Ammunition","RobotSpaceExplorer:SurgingShield"],"picked":"RobotSpaceExplorer:ShovelStrike","floor":5},{"not_picked":["RobotSpaceExplorer:Autoloader","RobotSpaceExplorer:BigMissile","RobotSpaceExplorer:FrostMissile"],"picked":"SKIP","floor":6},{"not_picked":["RobotSpaceExplorer:FreezeRay","RobotSpaceExplorer:ScrapMissile"],"picked":"RobotSpaceExplorer:SwiftStep","floor":8},{"not_picked":["RobotSpaceExplorer:DualCore","RobotSpaceExplorer:Counterblock"],"picked":"RobotSpaceExplorer:MetalStrike","floor":12},{"not_picked":["RobotSpaceExplorer:Ammunition","RobotSpaceExplorer:Pulsar"],"picked":"RobotSpaceExplorer:Smokescreen","floor":13},{"not_picked":["RobotSpaceExplorer:ShockKick","RobotSpaceExplorer:Scanner"],"picked":"RobotSpaceExplorer:SwiftStep","floor":14},{"not_picked":["RobotSpaceExplorer:DroneSwarm","RobotSpaceExplorer:BlastShield"],"picked":"RobotSpaceExplorer:TrailblazerForm","floor":16},{"not_picked":["RobotSpaceExplorer:ShockKick","RobotSpaceExplorer:Ammunition","RobotSpaceExplorer:Reload"],"picked":"SKIP","floor":18},{"not_picked":["RobotSpaceExplorer:StarDust","RobotSpaceExplorer:DoubleBlock","RobotSpaceExplorer:Pulsar"],"picked":"SKIP","floor":19},{"not_picked":["RobotSpaceExplorer:FreezingShield","RobotSpaceExplorer:StunGrenade"],"picked":"RobotSpaceExplorer:SelfCleaning+1","floor":20},{"not_picked":["RobotSpaceExplorer:Multitool","RobotSpaceExplorer:Discharger"],"picked":"RobotSpaceExplorer:StunGrenade","floor":25},{"not_picked":["RobotSpaceExplorer:BigMissile","RobotSpaceExplorer:ImprovisedAttack"],"picked":"RobotSpaceExplorer:JunkDive","floor":27},{"not_picked":["RobotSpaceExplorer:PlasmaMissile","RobotSpaceExplorer:StunGrenade","RobotSpaceExplorer:ImprovisedAttack"],"picked":"SKIP","floor":29},{"not_picked":["RobotSpaceExplorer:PowerCollector","RobotSpaceExplorer:FreezingShield","RobotSpaceExplorer:GlueShot"],"picked":"SKIP","floor":31},{"not_picked":["RobotSpaceExplorer:Comet","RobotSpaceExplorer:Wormhole"],"picked":"RobotSpaceExplorer:Accelerator","floor":33},{"not_picked":["RobotSpaceExplorer:FrostMissile","RobotSpaceExplorer:Ammunition"],"picked":"RobotSpaceExplorer:ImprovisedAttack+1","floor":35},{"not_picked":["RobotSpaceExplorer:SelfCleaning","RobotSpaceExplorer:FranticSearch","RobotSpaceExplorer:ShovelStrike"],"picked":"SKIP","floor":37},{"not_picked":["RobotSpaceExplorer:PowerCollector","RobotSpaceExplorer:DualCore","RobotSpaceExplorer:MiniDrones"],"picked":"SKIP","floor":42},{"not_picked":["RobotSpaceExplorer:GlueShot","RobotSpaceExplorer:DoubleBlock"],"picked":"RobotSpaceExplorer:IronShell","floor":46},{"not_picked":["RobotSpaceExplorer:ToxicBomb+1","RobotSpaceExplorer:Multitool","RobotSpaceExplorer:GlueShot"],"picked":"SKIP","floor":48}],"player_experience":912202,"relics_obtained":[{"floor":6,"key":"Ice Cream"},{"floor":8,"key":"Bronze Scales"},{"floor":9,"key":"Gremlin Horn"},{"floor":25,"key":"ReplayTheSpireMod:Ninjato"},{"floor":26,"key":"MawBank"},{"floor":31,"key":"Replay:Bottled Flurry"},{"floor":42,"key":"Replay:Ringing Soul"},{"floor":43,"key":"RobotSpaceExplorer:FoglandsKnife"}],"event_choices":[{"damage_healed":0,"gold_gain":0,"player_choice":"Rummage","damage_taken":0,"relics_obtained":["WarpedTongs"],"max_hp_gain":0,"max_hp_loss":0,"event_name":"Accursed Blacksmith","floor":4,"gold_loss":0,"cards_obtained":["Pain"]},{"damage_healed":0,"gold_gain":0,"player_choice":"Shed Blood","damage_taken":22,"max_hp_gain":5,"max_hp_loss":0,"event_name":"Forgotten Altar","floor":22,"gold_loss":0},{"damage_healed":0,"gold_gain":0,"player_choice":"Simplicity","damage_taken":0,"max_hp_gain":0,"max_hp_loss":0,"event_name":"Back to Basics","floor":24,"gold_loss":0,"cards_upgraded":["RobotSpaceExplorer:Strike","RobotSpaceExplorer:Strike","RobotSpaceExplorer:Strike","RobotSpaceExplorer:Strike","RobotSpaceExplorer:Defend","RobotSpaceExplorer:Defend","RobotSpaceExplorer:Defend","RobotSpaceExplorer:Defend"]},{"damage_healed":0,"gold_gain":0,"player_choice":"Ignored","damage_taken":0,"max_hp_gain":0,"max_hp_loss":0,"event_name":"Tomb of Lord Red Mask","floor":36,"gold_loss":0},{"cards_removed":["RobotSpaceExplorer:Strike"],"damage_healed":0,"gold_gain":0,"player_choice":"Removed Attack","damage_taken":0,"max_hp_gain":0,"max_hp_loss":0,"event_name":"Falling","floor":39,"gold_loss":0}],"is_beta":false,"boss_relics":[{"not_picked":["Replay:Drink Me","Philosopher\u0027s Stone"],"picked":"Abe\u0027s Treasure"},{"not_picked":["Snecko Eye","Ring of Chaos"],"picked":"RobotSpaceExplorer:TurboCore"}],"items_purged_floors":[11,38],"is_endless":false,"potions_floor_spawned":[6,12,13,20,25,29,35,46],"ascension_level":15}}