{"host":"btt6ntw6a1bnaigc","time":1611336874,"event":{"mods":["AchievementEnabler","BaseMod","Downfall","Hermit","Minty Spire (QoL Compilation)","StSLib","The Cursed","The Mystic"],"gold_per_floor":[113,188,199,219,96,96,121,121,121,147,157,173,173,189,189,287,287,304,304,316,316,25,25,52,52,52,67,67,77,109,129,129,232,232,245,245,262,137,154,154,184,184,184,218,270,270,120,120,120,120,120,120,24,53,53,53],"floor_reached":55,"language":"ENG","playtime":4768,"items_purged":["Strike_R","Strike_R","Strike_R","Defend_R"],"score":759,"play_id":"8f37364a-2ad0-4cc6-be5f-e763e27299eb","local_time":"20210122173434","is_ascension_mode":true,"campfire_choices":[{"data":"Whirlwind","floor":6.0,"key":"SMITH"},{"data":"Double Tap","floor":13.0,"key":"SMITH"},{"data":"Pommel Strike","floor":15.0,"key":"SMITH"},{"data":"Limit Break","floor":23.0,"key":"SMITH"},{"data":"Secret Technique","floor":25.0,"key":"SMITH"},{"floor":32.0,"key":"REST"},{"floor":40.0,"key":"RECALL"},{"floor":42.0,"key":"REST"},{"floor":49.0,"key":"REST"},{"data":"Disarm","floor":52.0,"key":"SMITH"}],"circlet_count":0,"master_deck":["Defend_R","Defend_R","Defend_R","Bash","Whirlwind+1","Inflame+1","Pommel Strike+1","Clothesline","Double Tap+1","Headbutt","Carnage","Limit Break+1","Disarm+1","Cleave","Bloodletting","Secret Technique+1","Reaper","Demon Form+1","Inflame+1","PanicButton"],"relics":["Burning Blood","Bottled Tornado","Blood Vial","Frozen Egg 2","Sozu","Happy Flower","Bottled Lightning","Boot","Busted Crown","MealTicket","Potion Belt","Magic Flower","Letter Opener"],"acts_visited":["Exordium","TheCity","TheBeyond","TheEnding"],"potions_floor_usage":[],"damage_taken":[{"damage":6.0,"enemies":"Jaw Worm","floor":1.0,"turns":6.0},{"damage":0.0,"enemies":"Small Slimes","floor":3.0,"turns":3.0},{"damage":5.0,"enemies":"Cultist","floor":4.0,"turns":4.0},{"damage":22.0,"enemies":"3 Sentries","floor":7.0,"turns":5.0},{"damage":5.0,"enemies":"Lagavulin","floor":10.0,"turns":5.0},{"damage":0.0,"enemies":"3 Louse","floor":11.0,"turns":1.0},{"damage":10.0,"enemies":"Looter","floor":12.0,"turns":2.0},{"damage":17.0,"enemies":"Exordium Thugs","floor":14.0,"turns":3.0},{"damage":39.0,"enemies":"The Guardian","floor":16.0,"turns":13.0},{"damage":1.0,"enemies":"3 Byrds","floor":18.0,"turns":4.0},{"damage":0.0,"enemies":"Chosen","floor":20.0,"turns":4.0},{"damage":53.0,"enemies":"Gremlin Leader","floor":24.0,"turns":7.0},{"damage":31.0,"enemies":"Centurion and Healer","floor":27.0,"turns":3.0},{"damage":1.0,"enemies":"Snecko","floor":29.0,"turns":3.0},{"damage":29.0,"enemies":"Slavers","floor":30.0,"turns":3.0},{"damage":5.0,"enemies":"Chosen and Byrds","floor":31.0,"turns":3.0},{"damage":40.0,"enemies":"Automaton","floor":33.0,"turns":6.0},{"damage":24.0,"enemies":"3 Shapes","floor":35.0,"turns":2.0},{"damage":11.0,"enemies":"Orb Walker","floor":37.0,"turns":3.0},{"damage":53.0,"enemies":"Writhing Mass","floor":39.0,"turns":4.0},{"damage":31.0,"enemies":"Reptomancer","floor":41.0,"turns":3.0},{"damage":38.0,"enemies":"Nemesis","floor":44.0,"turns":5.0},{"damage":28.0,"enemies":"2 Orb Walkers","floor":45.0,"turns":2.0},{"damage":74.0,"enemies":"Time Eater","floor":50.0,"turns":5.0},{"damage":73,"enemies":"Shield and Spear","floor":54,"turns":5},{"damage":66,"enemies":"The Heart","floor":55,"turns":3}],"seed_played":"-7487956096859451723","potions_obtained":[{"floor":0.0,"key":"Guardian:BlockOnCardUsePotion"},{"floor":0.0,"key":"SteroidPotion"},{"floor":0.0,"key":"Block Potion"},{"floor":3.0,"key":"LiquidMemories"},{"floor":4.0,"key":"AttackPotion"},{"floor":14.0,"key":"Strength Potion"}],"is_trial":false,"path_per_floor":["M","?","M","M","$","R","E","?","T","E","M","M","R","M","R","B",null,"M","?","M","?","$","R","E","R","T","M","?","M","E","M","R","B",null,"M","?","M","$","M","R","E","R","T","E","?","?","$","?","R","B",null,"R","$","E","B"],"character_chosen":"IRONCLAD","items_purchased":["Clothesline","Secret Technique","PanicButton"],"campfire_rested":3,"item_purchase_floors":[5,22,53],"current_hp_per_floor":[80,69,75,76,76,76,60,60,60,63,71,69,69,60,60,29,80,80,80,80,80,80,80,33,33,33,35,20,42,21,24,49,47,85,67,67,80,80,40,40,56,81,81,58,38,38,53,53,77,60,81,81,81,35,0,0],"gold":53,"neow_bonus":"THREE_SMALL_POTIONS","is_daily":false,"chose_seed":false,"campfire_upgraded":6,"win_rate":0.0,"timestamp":1611336874,"path_taken":["M","?","M","M","$","R","E","?","T","E","M","?","R","M","R","BOSS","M","?","M","?","$","R","E","R","T","?","?","M","E","M","R","BOSS","M","?","M","?","?","R","E","R","T","E","?","?","$","?","R","BOSS","R","$","E","BOSS"],"items_purchased_type":["Card","Card","Card"],"build_version":"2020-12-22","purchased_purges":4,"victory":false,"max_hp_per_floor":[80,80,80,80,80,80,80,80,80,80,80,80,80,80,80,80,80,80,80,80,80,80,80,80,80,80,80,85,85,85,85,85,85,85,85,85,85,85,85,85,85,85,85,85,85,85,85,81,81,81,81,81,81,81,81,81],"card_choices":[{"not_picked":["Armaments","Flex"],"picked":"Whirlwind","floor":1.0},{"not_picked":["Second Wind","Wild Strike"],"picked":"Inflame","floor":3.0},{"not_picked":["Body Slam","Shrug It Off"],"picked":"Pommel Strike","floor":4.0},{"not_picked":["Anger","Perfected Strike","Rupture"],"picked":"SKIP","floor":7.0},{"not_picked":["Uppercut","Evolve+1"],"picked":"Double Tap","floor":10.0},{"not_picked":["Sever Soul","Cleave","Wild Strike"],"picked":"SKIP","floor":11.0},{"not_picked":["Burning Pact","Rampage"],"picked":"Headbutt","floor":12.0},{"not_picked":["Anger","Rage"],"picked":"Carnage","floor":14.0},{"not_picked":["Brutality+1","Fiend Fire"],"picked":"Limit Break","floor":16.0},{"not_picked":["True Grit","Armaments","Power Through+1"],"picked":"SKIP","floor":18.0},{"not_picked":["Pommel Strike","Headbutt"],"picked":"Cleave","floor":20.0},{"not_picked":["Rupture+1","Body Slam"],"picked":"Reaper","floor":24.0},{"not_picked":["Dual Wield","Metallicize+1","Clash"],"picked":"SKIP","floor":27.0},{"not_picked":["Armaments","Headbutt","Twin Strike"],"picked":"SKIP","floor":29.0},{"not_picked":["Wild Strike+1","Cleave","Intimidate"],"picked":"SKIP","floor":30.0},{"not_picked":["Perfected Strike","Feel No Pain+1","Twin Strike"],"picked":"SKIP","floor":31.0},{"not_picked":["Berserk+1","Fiend Fire"],"picked":"Demon Form+1","floor":33.0},{"not_picked":["Anger"],"picked":"SKIP","floor":35.0},{"not_picked":["Rupture+1"],"picked":"SKIP","floor":37.0},{"not_picked":["Intimidate+1"],"picked":"SKIP","floor":39.0},{"not_picked":["Combust+1"],"picked":"SKIP","floor":41.0},{"not_picked":["Pummel+1"],"picked":"SKIP","floor":44.0},{"not_picked":["Clothesline+1"],"picked":"SKIP","floor":54}],"player_experience":266463,"relics_obtained":[{"floor":7.0,"key":"Bottled Tornado"},{"floor":9.0,"key":"Blood Vial"},{"floor":10.0,"key":"Frozen Egg 2"},{"floor":24.0,"key":"Happy Flower"},{"floor":26.0,"key":"Bottled Lightning"},{"floor":30.0,"key":"Boot"},{"floor":41.0,"key":"MealTicket"},{"floor":44.0,"key":"Potion Belt"},{"floor":45.0,"key":"Magic Flower"},{"floor":54,"key":"Letter Opener"}],"event_choices":[{"damage_healed":0.0,"max_hp_gain":0.0,"max_hp_loss":0.0,"gold_gain":75.0,"event_name":"World of Goop","player_choice":"Gather Gold","floor":2.0,"gold_loss":0.0,"damage_taken":11.0},{"damage_healed":0.0,"max_hp_gain":0.0,"max_hp_loss":0.0,"gold_gain":0.0,"event_name":"Accursed Blacksmith","player_choice":"Forge","floor":8.0,"gold_loss":0.0,"damage_taken":0.0,"cards_upgraded":["Inflame"]},{"damage_healed":0.0,"max_hp_gain":0.0,"max_hp_loss":0.0,"gold_gain":0.0,"event_name":"The Library","player_choice":"Read","floor":19.0,"gold_loss":0.0,"damage_taken":0.0,"cards_obtained":["Disarm"]},{"damage_healed":0.0,"max_hp_gain":0.0,"max_hp_loss":0.0,"gold_gain":0.0,"cards_transformed":["Strike_R"],"event_name":"Transmorgrifier","player_choice":"Transformed","floor":21.0,"gold_loss":0.0,"damage_taken":0.0,"cards_obtained":["Bloodletting"]},{"damage_healed":0.0,"max_hp_gain":5.0,"max_hp_loss":0.0,"gold_gain":0.0,"event_name":"Forgotten Altar","player_choice":"Shed Blood","floor":28.0,"gold_loss":0.0,"damage_taken":20.0},{"damage_healed":0.0,"max_hp_gain":0.0,"max_hp_loss":0.0,"gold_gain":0.0,"cards_transformed":["Strike_R"],"event_name":"Transmorgrifier","player_choice":"Transformed","floor":36.0,"gold_loss":0.0,"damage_taken":0.0,"cards_obtained":["Inflame"]},{"damage_healed":0.0,"max_hp_gain":0.0,"max_hp_loss":0.0,"gold_gain":0.0,"event_name":"Mysterious Sphere","player_choice":"Fight","floor":45.0,"gold_loss":0.0,"damage_taken":0.0},{"damage_healed":0.0,"max_hp_gain":0.0,"max_hp_loss":0.0,"gold_gain":0.0,"event_name":"Tomb of Lord Red Mask","player_choice":"Ignored","floor":46.0,"gold_loss":0.0,"damage_taken":0.0},{"damage_healed":0.0,"max_hp_gain":0.0,"max_hp_loss":4.0,"gold_gain":0.0,"event_name":"Winding Halls","player_choice":"Max HP","floor":48.0,"gold_loss":0.0,"damage_taken":0.0}],"is_beta":false,"boss_relics":[{"not_picked":["Fusion Hammer","Empty Cage"],"picked":"Sozu"},{"not_picked":["Philosopher\u0027s Stone","Mark of Pain"],"picked":"Busted Crown"}],"items_purged_floors":[5,22,38,47],"is_endless":false,"potions_floor_spawned":[3,4,14,20,31,33,41,44,45],"killed_by":"The Heart","ascension_level":1}}