{"host":"och2iitg9ibgz06n","time":1611292151,"event":{"mods":["Abigail Mod","AchievementEnabler","Aspiration","BaseMod","Colored Powertips","Dio Mod","Hubris","Hyrulean Relics","Infinite Spire","Minty Spire (QoL Compilation)","Replay The Spire","Small Relic Pack","StSLib","The Animator","The Bug Knight","The Hierophant","The Jungle","The Saiyan","TheHero","Wandering Minibosses","everything is the same but u backflip on backflip","slay the spire mod where everything is the same but ironclad has a cowboy hat","vexMod"],"gold_per_floor":[111,56,26,39,59,85,85,96,143,162,178,207,207,240,240,339,339,323,323,283,299,319,349,349,349,349,366,395,415,426,445,445,544,544,561,561,561,561,576,607,623,224,224,239,274,274,289,289,289,289,289,289,50,81,81,81],"floor_reached":55,"language":"ENG","playtime":2587,"items_purged":[],"score":988,"play_id":"d82c8474-1499-4e6c-903b-bd8b3f3e41b8","local_time":"20210121230911","is_ascension_mode":true,"campfire_choices":[{"floor":7.0,"key":"REST"},{"data":"dioMod:HeavyLifting","floor":13.0,"key":"SMITH"},{"floor":15.0,"key":"REST"},{"data":"dioMod:MudaMudaMuda","floor":24.0,"key":"SMITH"},{"data":"dioMod:GoodbyeJojo","floor":32.0,"key":"SMITH"},{"floor":46.0,"key":"RECALL"},{"floor":49.0,"key":"REST"},{"data":"dioMod:Refresh","floor":52.0,"key":"SMITH"}],"circlet_count":0,"master_deck":["dioMod:Strike","dioMod:Strike","dioMod:Strike","Bite","dioMod:Defend","dioMod:Defend","dioMod:Defend","dioMod:Defend","dioMod:StreetSign","dioMod:BloodTransfusion+1","dioMod:Diversion","dioMod:BloodSplash","dioMod:Hiss","dioMod:TripleThreat","dioMod:DaggerToss","dioMod:HeavyLifting+1","dioMod:DoubleTime+1","dioMod:BloodTransfusion","dioMod:GoldVial","dioMod:CutDeep","dioMod:Muda+1","dioMod:GoldVial","dioMod:MudaMudaMuda+1","dioMod:GoodbyeJojo+1","dioMod:DarkRebirth","dioMod:Muda","dioMod:DominatingPresence+1","dioMod:BloodSuck+1","dioMod:Refresh+1","dioMod:CautiousMuda","dioMod:Muda","dioMod:DaggerToss+1","dioMod:Donut","dioMod:MudaMudaMuda","hubris:EnhanceAbility","dioMod:Regeneration","dioMod:Freeze+1","dioMod:BloodShield+1","Dramatic Entrance"],"relics":["dioMod:VampireBlood","aspiration:ChemicalBlood","Chameleon Ring","aspiration:FutureDiary","relicPack:DSword","infinitespire:Broken Mirror","infinitespire:EmpoweringShard","aspiration:PoetsPen_weak","Blood Vial","Potion Belt","Meat on the Bone","Snack Pack","Bronze Scales","Replay:Baseball"],"acts_visited":["Exordium","TheCity","TheBeyond","TheEnding"],"potions_floor_usage":[],"damage_taken":[{"damage":3.0,"enemies":"2 Louse","floor":1.0,"turns":4.0},{"damage":1.0,"enemies":"Cultist","floor":4.0,"turns":3.0},{"damage":4.0,"enemies":"Small Slimes","floor":5.0,"turns":4.0},{"damage":69.0,"enemies":"Lagavulin","floor":6.0,"turns":8.0},{"damage":23.0,"enemies":"Blue Slaver","floor":8.0,"turns":5.0},{"damage":40.0,"enemies":"Lots of Slimes","floor":10.0,"turns":5.0},{"damage":12.0,"enemies":"2 Fungi Beasts","floor":11.0,"turns":4.0},{"damage":31.0,"enemies":"Gremlin Nob","floor":12.0,"turns":4.0},{"damage":24.0,"enemies":"Lagavulin","floor":14.0,"turns":7.0},{"damage":116.0,"enemies":"Slime Boss","floor":16.0,"turns":17.0},{"damage":36.0,"enemies":"2 Thieves","floor":18.0,"turns":4.0},{"damage":36.0,"enemies":"Shell Parasite","floor":21.0,"turns":5.0},{"damage":42.0,"enemies":"3 Cultists","floor":22.0,"turns":5.0},{"damage":55.0,"enemies":"Book of Stabbing","floor":23.0,"turns":5.0},{"damage":30.0,"enemies":"Snake Plant","floor":27.0,"turns":4.0},{"damage":29.0,"enemies":"HollowMod:Nosk","floor":28.0,"turns":7.0},{"damage":33.0,"enemies":"Cultist and Chosen","floor":29.0,"turns":6.0},{"damage":84.0,"enemies":"Snecko","floor":30.0,"turns":8.0},{"damage":4.0,"enemies":"Centurion and Healer","floor":31.0,"turns":2.0},{"damage":97.0,"enemies":"Automaton","floor":33.0,"turns":8.0},{"damage":46.0,"enemies":"3 Shapes","floor":35.0,"turns":3.0},{"damage":0.0,"enemies":"Orb Walker","floor":39.0,"turns":1.0},{"damage":20.0,"enemies":"Giant Head","floor":40.0,"turns":5.0},{"damage":46.0,"enemies":"Writhing Mass","floor":41.0,"turns":5.0},{"damage":37.0,"enemies":"Maw","floor":44.0,"turns":5.0},{"damage":36.0,"enemies":"Reptomancer","floor":45.0,"turns":4.0},{"damage":27.0,"enemies":"Writhing Mass","floor":47.0,"turns":4.0},{"damage":107.0,"enemies":"Donu and Deca","floor":50.0,"turns":5.0},{"damage":111.0,"enemies":"Shield and Spear","floor":54.0,"turns":5.0},{"damage":137,"enemies":"The Heart","floor":55,"turns":5}],"seed_played":"-3973374393596265023","potions_obtained":[{"floor":1.0,"key":"Explosive Potion"},{"floor":3.0,"key":"DistilledChaos"},{"floor":3.0,"key":"FairyPotion"},{"floor":5.0,"key":"Regen Potion"},{"floor":8.0,"key":"Flashbang"},{"floor":10.0,"key":"Energy Potion"},{"floor":12.0,"key":"infinitespire:BlackPotion"},{"floor":14.0,"key":"Block Potion"},{"floor":16.0,"key":"FairyPotion"},{"floor":21.0,"key":"AttackPotion"},{"floor":22.0,"key":"Fruit Juice"},{"floor":22.0,"key":"Block Potion"},{"floor":23.0,"key":"Regen Potion"},{"floor":25.0,"key":"infinitespire:BlackPotion"},{"floor":29.0,"key":"Flashbang"},{"floor":30.0,"key":"Doom Potion"},{"floor":35.0,"key":"EntropicBrew"},{"floor":50.0,"key":"FairyPotion"},{"floor":54.0,"key":"Dexterity Potion"},{"floor":55,"key":"Block Potion"}],"is_trial":false,"path_per_floor":["M","$","?","M","M","E","R","M","T","M","M","E","R","E","R","B",null,"M","?","?","M","M","E","R","?","T","M","E","M","M","M","R","B",null,"M","$","?","?","M","E","M","$","T","M","E","R","M","?","R","B",null,"R","$","E","B"],"character_chosen":"THE_DEFAULT","items_purchased":["dioMod:BloodTransfusion+1","Potion Belt","dioMod:MudaMudaMuda","hubris:EnhanceAbility","Bronze Scales","Dramatic Entrance"],"campfire_rested":3,"item_purchase_floors":[2,42,42,42,53,53],"current_hp_per_floor":[82,82,82,82,82,33,57,57,57,49,58,45,45,43,67,58,76,79,44,44,48,58,62,62,62,62,57,77,89,74,89,89,49,79,44,44,44,44,47,89,81,81,81,59,67,67,66,66,83,54,76,76,76,68,0,0],"gold":81,"neow_bonus":"TEN_PERCENT_HP_BONUS","is_daily":false,"chose_seed":false,"campfire_upgraded":4,"win_rate":0.0,"timestamp":1611292151,"path_taken":["M","$","?","?","?","E","R","M","T","M","M","E","R","E","R","BOSS","M","?","?","?","M","E","R","?","T","?","E","M","M","M","R","BOSS","M","$","?","?","M","E","M","$","T","M","E","R","M","?","R","BOSS","R","$","E","BOSS"],"items_purchased_type":["Card","Relic","Card","Card","Relic","Card"],"build_version":"2020-12-22","purchased_purges":0,"victory":false,"max_hp_per_floor":[82,82,82,82,82,82,82,82,82,82,82,82,82,82,82,82,82,82,82,82,82,89,89,89,89,89,89,89,89,89,89,89,89,89,89,89,89,89,89,89,89,89,89,89,89,89,89,83,83,83,83,83,83,83,83,83],"card_choices":[{"not_picked":["dioMod:Donut","dioMod:CautiousMuda"],"picked":"dioMod:StreetSign","floor":1.0},{"not_picked":["dioMod:VengefulMuda","dioMod:BloodTransfusion"],"picked":"dioMod:Diversion","floor":4.0},{"not_picked":["dioMod:TripleThreat","dioMod:Donut"],"picked":"dioMod:BloodSplash","floor":5.0},{"not_picked":["dioMod:DaggerSpree","dioMod:HeavyLifting"],"picked":"dioMod:Hiss","floor":6.0},{"not_picked":["dioMod:LaserVision","dioMod:VengefulMuda"],"picked":"dioMod:TripleThreat","floor":8.0},{"not_picked":["dioMod:VengefulMuda","dioMod:StreetSign"],"picked":"dioMod:DaggerToss","floor":10.0},{"not_picked":["dioMod:Minions","dioMod:Donut"],"picked":"dioMod:HeavyLifting","floor":11.0},{"not_picked":["dioMod:WRYYY","dioMod:CoffinBath"],"picked":"dioMod:DoubleTime","floor":12.0},{"not_picked":["dioMod:Minions","dioMod:DaggerSpree"],"picked":"dioMod:BloodTransfusion","floor":14.0},{"not_picked":["dioMod:PathToHeaven","dioMod:Pluck"],"picked":"dioMod:GoldVial","floor":16.0},{"not_picked":["dioMod:HeavyLifting+1","dioMod:LaserVision"],"picked":"dioMod:CutDeep","floor":18.0},{"not_picked":["dioMod:GoodbyeJojo+1","dioMod:SadisticLaugh"],"picked":"dioMod:Muda+1","floor":21.0},{"not_picked":["dioMod:ComboFever","dioMod:MudaMudaMuda"],"picked":"dioMod:GoldVial","floor":22.0},{"not_picked":["dioMod:TripleThreat","dioMod:WRYYY"],"picked":"dioMod:MudaMudaMuda","floor":23.0},{"not_picked":["dioMod:HeavyLifting+1","dioMod:WRYYY"],"picked":"dioMod:GoodbyeJojo","floor":27.0},{"not_picked":["dioMod:TripleThreat","dioMod:Hiss"],"picked":"dioMod:DarkRebirth","floor":28.0},{"not_picked":["dioMod:BloodShield","dioMod:StreetSign"],"picked":"dioMod:Muda","floor":29.0},{"not_picked":["dioMod:CoffinBath","dioMod:StreetSign"],"picked":"dioMod:DominatingPresence+1","floor":30.0},{"not_picked":["dioMod:GoodbyeJojo+1","dioMod:StreetSign"],"picked":"dioMod:BloodSuck+1","floor":31.0},{"not_picked":["dioMod:UltimateSacrifice","dioMod:SevenPageMuda"],"picked":"dioMod:Refresh","floor":33.0},{"not_picked":["dioMod:BloodSuck","dioMod:CutDeep"],"picked":"dioMod:CautiousMuda","floor":35.0},{"not_picked":["dioMod:Roundabout","dioMod:SecretPlan+1","dioMod:SlashThroughTime"],"picked":"SKIP","floor":39.0},{"not_picked":["dioMod:SlashThroughTime+1","dioMod:BloodShield"],"picked":"dioMod:DaggerToss+1","floor":40.0},{"not_picked":["dioMod:GoodbyeJojo+1","dioMod:StreetSign+1"],"picked":"dioMod:Donut","floor":41.0},{"not_picked":["dioMod:CautiousMuda+1","dioMod:Roundabout+1"],"picked":"dioMod:Regeneration","floor":44.0},{"not_picked":["dioMod:TripleThreat","dioMod:DaggerToss+1"],"picked":"dioMod:Freeze+1","floor":45.0},{"not_picked":["dioMod:ComboFever","dioMod:BlendIn+1"],"picked":"dioMod:BloodShield+1","floor":47.0},{"not_picked":["dioMod:FlyAway","dioMod:WRYYY","dioMod:Donut+1"],"picked":"SKIP","floor":54.0}],"player_experience":452132,"relics_obtained":[{"floor":6.0,"key":"aspiration:ChemicalBlood"},{"floor":14.0,"key":"Chameleon Ring"},{"floor":23.0,"key":"infinitespire:Broken Mirror"},{"floor":26.0,"key":"infinitespire:EmpoweringShard"},{"floor":40.0,"key":"Blood Vial"},{"floor":43.0,"key":"Meat on the Bone"},{"floor":45.0,"key":"Snack Pack"},{"floor":54.0,"key":"Replay:Baseball"}],"event_choices":[{"damage_healed":0.0,"max_hp_gain":0.0,"max_hp_loss":0.0,"gold_gain":0.0,"event_name":"The Woman in Blue","player_choice":"Bought 2 Potions","floor":3.0,"gold_loss":0.0,"damage_taken":0.0},{"damage_healed":0.0,"max_hp_gain":0.0,"max_hp_loss":0.0,"gold_gain":0.0,"event_name":"Designer","player_choice":"Upgrade","floor":20.0,"gold_loss":40.0,"damage_taken":0.0,"cards_upgraded":["dioMod:DoubleTime"]},{"damage_healed":0.0,"max_hp_gain":0.0,"max_hp_loss":0.0,"gold_gain":0.0,"event_name":"Lab","player_choice":"Got Potions","floor":25.0,"gold_loss":0.0,"damage_taken":0.0},{"cards_removed":["dioMod:Strike"],"damage_healed":0.0,"max_hp_gain":0.0,"max_hp_loss":0.0,"gold_gain":0.0,"event_name":"Falling","player_choice":"Removed Attack","floor":37.0,"gold_loss":0.0,"damage_taken":0.0},{"cards_removed":["Parasite","Parasite"],"damage_healed":0.0,"max_hp_gain":0.0,"max_hp_loss":0.0,"gold_gain":0.0,"event_name":"Fountain of Cleansing","player_choice":"Removed Curses","floor":48.0,"gold_loss":0.0,"damage_taken":0.0}],"is_beta":false,"boss_relics":[{"not_picked":["vexMod:FluxCapacitor","vexMod:RockOfEvil"],"picked":"aspiration:FutureDiary"},{"not_picked":["aspiration:RunicSpoon","relicPack:KazumaCape"],"picked":"aspiration:PoetsPen_weak"}],"items_purged_floors":[],"is_endless":false,"potions_floor_spawned":[1,5,12,14,21,22,27,29,31,40,41,45],"killed_by":"The Heart","ascension_level":6}}