{"host":"rwzz6mk6bpmb57ql","time":1611278088,"event":{"mods":["AchievementEnabler","BaseMod","Better Third Choice","BetterRewards","Colored Map","Highlight Path","Hubris","Infinite Spire","Minty Spire (QoL Compilation)","Replay The Spire","StSLib","Wandering Minibosses"],"gold_per_floor":[5516,5530,5530,4864,4880,4880,4905,4905,4905,4905,4905,4945,4228,4262,4262,4352,4352,4377,4392,4405,4405,4420,4463,4477,4502,4502,4542,4563,3858,3891,3906,3906,4005,4005,4018,4018,4032,4032,3691,3691,3734,3734,3734,3859,3874,3887,3906,3919,3919,3919,3919,3919,3378,3422,3422],"floor_reached":56,"language":"ENG","playtime":5207,"items_purged":["Strike_G","Defend_G","Catalyst+1","Defend_G","Strike_G","Strike_G"],"score":2124,"play_id":"2a76d7c8-d848-485e-9911-24e47e3b7ac1","local_time":"20210121191448","is_ascension_mode":true,"campfire_choices":[{"floor":6.0,"key":"RECALL"},{"data":"hubris:Sniper","floor":8.0,"key":"SMITH"},{"data":"Prepared","floor":8.0,"key":"SMITH"},{"data":"ReplayTheSpireMod:Scrap Shanks","floor":10.0,"key":"SMITH"},{"data":"ReplayTheSpireMod:Shiv Toss","floor":10.0,"key":"SMITH"},{"data":"Phantasmal Killer","floor":15.0,"key":"SMITH"},{"data":"Survivor","floor":15.0,"key":"SMITH"},{"data":"Terror","floor":32.0,"key":"SMITH"},{"data":"ReplayTheSpireMod:Shiv Toss","floor":32.0,"key":"SMITH"},{"data":"Storm of Steel","floor":40.0,"key":"SMITH"},{"data":"Accuracy","floor":40.0,"key":"SMITH"},{"data":"Prepared","floor":42.0,"key":"SMITH"},{"data":"hubris:Sniper","floor":42.0,"key":"SMITH"},{"floor":49,"key":"DIG"},{"data":"Underhanded Strike","floor":52,"key":"SMITH"},{"data":"Underhanded Strike","floor":52,"key":"SMITH"}],"circlet_count":0,"master_deck":["AscendersBane","Survivor+1","ReplayTheSpireMod:Scrap Shanks+1","Blade Dance","Blade Dance","hubris:Sniper+1","Phantasmal Killer+1","Storm of Steel+1","hubris:Sniper+1","Infinite Blades","Terror+1","Prepared+1","ReplayTheSpireMod:Shiv Toss+1","Underhanded Strike+1","Accuracy+1","Prepared+1","Underhanded Strike+1","Blade Dance","hubris:DuctTapeCard","hubris:Sniper","hubris:Sniper","hubris:Sniper"],"relics":["Ring of the Snake","Golden Idol","Ancient Tea Set","Replay:Arrowhead","ReplayTheSpireMod:Ninjato","hubris:DuctTape","Ornamental Fan","PreservedInsect","SlaversCollar","Eternal Feather","Replay:Accelerometer","Replay:Mystery Machine","Blue Candle","Orrery","Red Mask","Empty Cage","Sozu","infinitespire:Satchel","Blue Doll","hubris:AncientText","ReplayTheSpireMod:TigerMarble","Ice Cream","Happy Flower","infinitespire:Lucky Rock","DollysMirror"],"acts_visited":["Exordium","TheCity","TheBeyond","TheEnding"],"potions_floor_usage":[55,55],"damage_taken":[{"damage":2.0,"enemies":"2 Louse","floor":1.0,"turns":3.0},{"damage":8.0,"enemies":"Cultist","floor":2.0,"turns":5.0},{"damage":3.0,"enemies":"Jaw Worm","floor":5.0,"turns":3.0},{"damage":0.0,"enemies":"Large Slime","floor":7.0,"turns":4.0},{"damage":35.0,"enemies":"Lagavulin","floor":12.0,"turns":5.0},{"damage":15.0,"enemies":"3 Sentries","floor":14.0,"turns":5.0},{"damage":34.0,"enemies":"Hexaghost","floor":16.0,"turns":4.0},{"damage":17.0,"enemies":"Shell Parasite","floor":18.0,"turns":3.0},{"damage":0.0,"enemies":"2 Thieves","floor":19.0,"turns":2.0},{"damage":7.0,"enemies":"Sentry and Sphere","floor":20.0,"turns":3.0},{"damage":12.0,"enemies":"Snake Plant","floor":22.0,"turns":3.0},{"damage":0.0,"enemies":"Book of Stabbing","floor":23.0,"turns":2.0},{"damage":15.0,"enemies":"Centurion and Healer","floor":24.0,"turns":2.0},{"damage":0.0,"enemies":"Sentry and Sphere","floor":25.0,"turns":1.0},{"damage":37.0,"enemies":"Slavers","floor":27.0,"turns":4.0},{"damage":19.0,"enemies":"Snecko","floor":28.0,"turns":4.0},{"damage":0.0,"enemies":"Masked Bandits","floor":30.0,"turns":2.0},{"damage":1.0,"enemies":"3 Cultists","floor":31.0,"turns":2.0},{"damage":3.0,"enemies":"hubris:MusketHawk","floor":33.0,"turns":2.0},{"damage":24.0,"enemies":"3 Shapes","floor":35.0,"turns":2.0},{"damage":1.0,"enemies":"3 Darklings","floor":37.0,"turns":2.0},{"damage":1.0,"enemies":"R_Hoarder","floor":41.0,"turns":2.0},{"damage":0.0,"enemies":"infinitespire:Three Voidlings","floor":44.0,"turns":2.0},{"damage":289.0,"enemies":"Nightmare_Alpha","floor":44.0,"turns":7.0},{"damage":0,"enemies":"Spire Growth","floor":45,"turns":2},{"damage":39,"enemies":"4 Shapes","floor":46,"turns":2},{"damage":17,"enemies":"3 Darklings","floor":47,"turns":2},{"damage":10,"enemies":"Transient","floor":48,"turns":2},{"damage":26,"enemies":"Replay:Hell Engine","floor":50,"turns":2},{"damage":1,"enemies":"Shield and Spear","floor":54,"turns":2},{"damage":86,"enemies":"The Heart","floor":55,"turns":4}],"seed_played":"723897265762009581","potions_obtained":[{"floor":1.0,"key":"Elixir"},{"floor":7.0,"key":"Poison Potion"},{"floor":20.0,"key":"CunningPotion"},{"floor":21.0,"key":"LifebloodPotion"},{"floor":22.0,"key":"Swift Potion"},{"floor":27.0,"key":"Elixir"},{"floor":28.0,"key":"Energy Potion"},{"floor":33.0,"key":"EntropicBrew"}],"is_trial":false,"path_per_floor":["M","M","?","$","M","R","M","R","T","R","?","E","$","E","R","B",null,"M","M","M","?","M","E","M","M","T","E","M","$","?","M","R","B",null,"M","AVR","M","?","$","R","E","R","T","?","M","M","M","M","R_BF","B",null,"R","$","E","B",null],"character_chosen":"THE_SILENT","items_purchased":["Ancient Tea Set","Replay:Arrowhead","Blade Dance","Prepared","hubris:DuctTape","Ornamental Fan","LifebloodPotion","Accuracy","Prepared","Blue Candle","Orrery","Blue Doll","Blade Dance","infinitespire:Lucky Rock","hubris:Sniper","DollysMirror"],"campfire_rested":0,"item_purchase_floors":[4,4,4,4,13,13,13,29,29,29,29,39,39,53,53,53],"current_hp_per_floor":[127,119,72,72,69,69,69,69,69,69,69,34,34,119,119,85,123,106,106,99,99,87,87,72,72,72,35,116,116,116,115,130,127,134,110,110,109,109,109,121,120,132,132,136,136,97,80,70,82,56,116,128,128,127,49],"gold":3422,"neow_bonus":"TRANSFORM_TWO_CARDS","is_daily":false,"chose_seed":false,"campfire_upgraded":14,"win_rate":0.0,"timestamp":1611278088,"path_taken":["M","M","?","$","M","R","M","R","T","R","?","E","$","E","R","BOSS","M","M","M","?","M","E","M","M","T","E","?","$","?","M","R","BOSS","M","AVR","M","?","$","R","E","R","T","?","M","M","M","M","R_BF","BOSS","R","$","E","BOSS"],"items_purchased_type":["Relic","Relic","Card","Card","Relic","Relic","Potion","Card","Card","Relic","Relic","Relic","Card","Relic","Card","Relic"],"build_version":"2020-12-22","purchased_purges":6,"victory":true,"max_hp_per_floor":[136,136,136,136,136,136,136,136,136,136,136,136,136,136,136,136,136,136,136,136,136,136,136,136,136,136,136,136,136,136,136,136,136,136,136,136,136,136,136,136,136,136,136,136,136,136,136,136,136,136,136,136,136,136,136],"card_choices":[{"not_picked":["Dagger Spray","PiercingWail"],"picked":"ReplayTheSpireMod:Scrap Shanks","floor":1.0},{"not_picked":["Draining Mist","Sucker Punch"],"picked":"Blade Dance","floor":2.0},{"not_picked":["Underhanded Strike","Outmaneuver"],"picked":"hubris:Sniper","floor":5.0},{"not_picked":["Deflect","Bane","Heel Hook"],"picked":"SKIP","floor":7.0},{"not_picked":["ReplayTheSpireMod:The Works","Acrobatics"],"picked":"Phantasmal Killer","floor":12.0},{"not_picked":["Deadly Poison","Backflip","After Image"],"picked":"SKIP","floor":14.0},{"not_picked":["Doppelganger","Night Terror"],"picked":"Storm of Steel","floor":16.0},{"not_picked":["hubris:SlightOfHand","Escape Plan"],"picked":"hubris:Sniper","floor":18.0},{"not_picked":["Acrobatics","Slice","hubris:SlightOfHand"],"picked":"SKIP","floor":19.0},{"not_picked":["Crippling Poison","Dodge and Roll"],"picked":"Infinite Blades","floor":20.0},{"not_picked":["Hidden Blade","Poisoned Stab","hubris:SlightOfHand"],"picked":"SKIP","floor":22.0},{"not_picked":["Dodge and Roll","Dagger Spray"],"picked":"Terror","floor":23.0},{"not_picked":["Blade Dance","Poisoned Stab"],"picked":"Prepared+1","floor":24.0},{"not_picked":["Escape Plan+1","Blade Dance"],"picked":"ReplayTheSpireMod:Shiv Toss","floor":25.0},{"not_picked":["Backflip+1","Finisher","Blade Dance"],"picked":"SKIP","floor":27.0},{"not_picked":["Heel Hook","Dodge and Roll"],"picked":"Underhanded Strike","floor":28.0},{"not_picked":["Bane","Deadly Poison"],"picked":"Underhanded Strike","floor":29.0},{"not_picked":["Backflip","Deflect","Bane"],"picked":"SKIP","floor":31.0},{"not_picked":["Cloak And Dagger","Fluid Movement","Endless Agony+1"],"picked":"SKIP","floor":35.0},{"not_picked":["Infinite Blades","Flying Knee+1","Dodge and Roll"],"picked":"SKIP","floor":37.0},{"not_picked":["ReplayTheSpireMod:Shiv Toss+1","Finisher","Flying Knee"],"picked":"SKIP","floor":41.0},{"not_picked":["Acrobatics","PiercingWail+1","Quick Slash"],"picked":"SKIP","floor":45},{"not_picked":["Bane+1","Riddle With Holes","Backflip"],"picked":"SKIP","floor":46},{"not_picked":["Bane","Hidden Blade+1","Flying Knee+1"],"picked":"SKIP","floor":47},{"not_picked":["Underhanded Strike","Setup","Crippling Poison+1"],"picked":"SKIP","floor":48},{"not_picked":["Underhanded Strike","Setup","Crippling Poison+1"],"picked":"SKIP","floor":48},{"not_picked":["Flechettes","Replay:Bag of Tricks","Eviscerate"],"picked":"SKIP","floor":54}],"player_experience":191489,"relics_obtained":[{"floor":12.0,"key":"ReplayTheSpireMod:Ninjato"},{"floor":14.0,"key":"PreservedInsect"},{"floor":23.0,"key":"Eternal Feather"},{"floor":26.0,"key":"Replay:Accelerometer"},{"floor":27.0,"key":"Replay:Mystery Machine"},{"floor":30.0,"key":"Red Mask"},{"floor":41.0,"key":"hubris:AncientText"},{"floor":43.0,"key":"ReplayTheSpireMod:TigerMarble"},{"floor":44,"key":"Ice Cream"},{"floor":49,"key":"Happy Flower"}],"event_choices":[{"damage_healed":0.0,"max_hp_gain":0.0,"max_hp_loss":0.0,"gold_gain":0.0,"event_name":"Golden Idol","player_choice":"Take Damage","floor":3.0,"gold_loss":0.0,"damage_taken":47.0,"relics_obtained":["Golden Idol"]},{"damage_healed":0.0,"max_hp_gain":0.0,"max_hp_loss":0.0,"gold_gain":0.0,"event_name":"Lab","player_choice":"Got Potions","floor":21.0,"gold_loss":0.0,"damage_taken":0.0},{"damage_healed":0.0,"max_hp_gain":0.0,"max_hp_loss":0.0,"gold_gain":0.0,"event_name":"Masked Bandits","player_choice":"Fought Bandits","floor":30.0,"gold_loss":0.0,"damage_taken":0.0},{"cards_removed":["Noxious Fumes"],"damage_healed":0.0,"max_hp_gain":0.0,"max_hp_loss":0.0,"gold_gain":0.0,"event_name":"Falling","player_choice":"Removed Power","floor":38.0,"gold_loss":0.0,"damage_taken":0.0},{"cards_removed":["Defend_G"],"damage_healed":0,"gold_gain":0,"player_choice":"Removed Skill","damage_taken":0,"max_hp_gain":0,"max_hp_loss":0,"event_name":"Falling","floor":44,"gold_loss":0}],"is_beta":false,"boss_relics":[{"not_picked":["Painkiller Herb","Calling Bell"],"picked":"SlaversCollar"},{"not_picked":["HoveringKite","Snecko Scales"],"picked":"Empty Cage"}],"items_purged_floors":[4,13,29,36,39,53],"is_endless":false,"potions_floor_spawned":[1,7,20,22,27,28,33,44,44,48],"ascension_level":18}}