{"host":"42xf941fomyavgzy","time":1611288381,"event":{"mods":["BaseMod","Colored Map","HololiveMod","KinomotoSakuraMod(–Ø”V–{?)","Minty Spire (QoL Compilation)","Shop Mod","StSLib","SuperFastMode","The Cursed"],"gold_per_floor":[83,83,102,102,112,112,141,155,155,170,183,201,276,356,356,458,458,469,485,485,500,600,627,627,659,741,766,766,780,272,292,292,393,393,410,421,331,347,49,49,101,101,101,101,111,163,176,195,195,195,195],"floor_reached":50,"language":"JPN","playtime":2641,"items_purged":["Hololive_Defend+1","Hololive_Defend+1"],"score":788,"play_id":"fd90d086-c0ed-441c-84d0-e599ef0cecb6","local_time":"20210122130621","is_ascension_mode":false,"campfire_choices":[{"data":"Hololive_CocoNews","floor":6,"key":"SMITH"},{"data":"Hololive_Psychosis","floor":15,"key":"SMITH"},{"data":"Hololive_CallYukihanaLamy","floor":24,"key":"SMITH"},{"data":"Hololive_OpenUp","floor":28,"key":"SMITH"},{"data":"Hololive_CallShishiroBotan","floor":32,"key":"SMITH"},{"floor":40,"key":"RECALL"},{"data":"Hololive_OvertimeWork","floor":42,"key":"SMITH"},{"data":"Hololive_StrengthChampion+1","floor":44,"key":"SMITH"},{"data":"Hololive_StrengthChampion+2","floor":49,"key":"SMITH"}],"circlet_count":0,"master_deck":["Hololive_OvertimeWork+1","Hololive_CallHoshimachiSuisei","Hololive_CallRosalyn","Hololive_CallAyundaRisu","Hololive_CallAyundaRisu","Hololive_CallMoonaHoshinova+1","Hololive_Psychosis+1","Hololive_CallShiroganeNoel","Hololive_CocoNews+1","Hololive_LuckPotion","Hololive_StarCraft","Hololive_SummonFox","Hololive_CallYukihanaLamy+1","Hololive_CallTsunomakiWatame","Hololive_OpenUp+1","Hololive_CallUsadaPekora+1","Hololive_FlyingPonyTail+1","Hololive_Psychosis+1","Hololive_CallHoushouMarine","Hololive_CallShishiroBotan+1","Hololive_ILoveYou","Hololive_FlareMind","Hololive_StrengthChampion+3","Hololive_LuckPotion+1","Hololive_RevenueBasedLive","Hololive_Yoholoon+1"],"relics":["Hololive_TheStar","NeowsBlessing","Bronze Scales","War Paint","Singing Bowl","Hololive_Finger","HornCleat","Omamori","Sundial","Molten Egg 2","Dead Branch","SlaversCollar","Blood Vial","White Beast Statue"],"acts_visited":["Exordium","TheCity","TheBeyond"],"potions_floor_usage":[46,46,46],"damage_taken":[{"damage":0,"enemies":"Small Slimes","floor":1,"turns":1},{"damage":0,"enemies":"2 Louse","floor":3,"turns":1},{"damage":0,"enemies":"Cultist","floor":5,"turns":1},{"damage":0,"enemies":"Gremlin Nob","floor":7,"turns":3},{"damage":0,"enemies":"Large Slime","floor":8,"turns":3},{"damage":0,"enemies":"Blue Slaver","floor":10,"turns":3},{"damage":0,"enemies":"Red Slaver","floor":11,"turns":3},{"damage":0,"enemies":"Exordium Thugs","floor":12,"turns":3},{"damage":0,"enemies":"Slime Boss","floor":16,"turns":4},{"damage":0,"enemies":"3 Byrds","floor":18,"turns":3},{"damage":0,"enemies":"Chosen","floor":19,"turns":2},{"damage":0,"enemies":"Sentry and Sphere","floor":21,"turns":3},{"damage":0,"enemies":"Gremlin Leader","floor":23,"turns":5},{"damage":0,"enemies":"Book of Stabbing","floor":25,"turns":4},{"damage":17,"enemies":"Slavers","floor":27,"turns":7},{"damage":0,"enemies":"Cultist and Chosen","floor":29,"turns":3},{"damage":0,"enemies":"Snake Plant","floor":31,"turns":4},{"damage":0,"enemies":"Automaton","floor":33,"turns":7},{"damage":0,"enemies":"3 Darklings","floor":35,"turns":5},{"damage":0,"enemies":"3 Shapes","floor":36,"turns":4},{"damage":8,"enemies":"Jaw Worm Horde","floor":38,"turns":4},{"damage":0,"enemies":"Maw","floor":41,"turns":6},{"damage":0,"enemies":"Writhing Mass","floor":45,"turns":4},{"damage":0,"enemies":"Reptomancer","floor":46,"turns":5},{"damage":0,"enemies":"Transient","floor":47,"turns":5},{"damage":0,"enemies":"Spire Growth","floor":48,"turns":4},{"damage":53,"enemies":"Awakened One","floor":50,"turns":4}],"seed_played":"1397142772814995575","potions_obtained":[{"floor":7,"key":"Explosive Potion"},{"floor":8,"key":"Swift Potion"},{"floor":11,"key":"EssenceOfSteel"},{"floor":46,"key":"BlessingOfTheForge"},{"floor":47,"key":"EssenceOfSteel"},{"floor":48,"key":"SmokeBomb"}],"is_trial":false,"path_per_floor":["M","?","M","?","M","R","E","M","T","M","M","M","?","T","R","B",null,"M","M","?","M","?","E","R","E","T","E","R","M","$","M","R","B",null,"M","M","?","M","$","R","M","R","T","R","M","E","M","M","R","B"],"character_chosen":"Hololive_HololiveCharacter","items_purchased":["Dead Branch","Hololive_CallShishiroBotan","Hololive_ILoveYou","Blood Vial","Hololive_RevenueBasedLive"],"campfire_rested":0,"item_purchase_floors":[30,30,30,39,39],"current_hp_per_floor":[35,32,32,32,32,32,32,32,32,32,32,32,21,21,21,21,35,37,39,33,33,33,33,33,33,33,16,16,18,18,20,20,20,43,43,45,45,37,37,37,41,41,41,41,45,47,51,53,53,0,0],"gold":195,"neow_bonus":"THREE_ENEMY_KILL","is_daily":false,"chose_seed":false,"campfire_upgraded":8,"win_rate":0.0,"timestamp":1611288381,"path_taken":["M","?","M","?","M","R","E","?","T","M","M","M","?","?","R","BOSS","M","M","?","?","?","E","R","E","T","E","R","M","?","?","R","BOSS","M","M","?","M","$","R","M","R","T","R","M","E","?","M","R","BOSS"],"items_purchased_type":["Relic","Card","Card","Relic","Card"],"build_version":"2020-12-22","purchased_purges":2,"victory":false,"max_hp_per_floor":[35,35,35,35,35,35,35,35,35,35,35,35,35,35,35,35,35,37,39,39,39,39,39,39,39,39,39,39,41,41,43,43,43,43,43,45,45,45,45,45,47,47,47,47,49,49,51,53,53,53,53],"card_choices":[{"not_picked":["Hololive_CocoNews","Hololive_RevenueBasedLive","Hololive_CallShiranuiFlare"],"picked":"Hololive_Psychosis","floor":1},{"not_picked":["Hololive_StrengthChampion","Hololive_FlyingPonyTail","Hololive_Psychosis"],"picked":"Hololive_CallShiroganeNoel","floor":3},{"not_picked":["Hololive_CallFriendA","Hololive_CallYozoraMel","Hololive_CallShiroganeNoel"],"picked":"Hololive_CocoNews","floor":5},{"not_picked":["Hololive_Breathe","Hololive_Trident","Hololive_Psychosis"],"picked":"Hololive_LuckPotion","floor":7},{"not_picked":["Hololive_Breathe","Hololive_CocoNews","Hololive_CallTsunomakiWatame"],"picked":"Hololive_StarCraft","floor":8},{"not_picked":["Hololive_CallRosalyn","Hololive_ILoveYou","Hololive_StrengthChampion"],"picked":"Hololive_SummonFox","floor":10},{"not_picked":["Hololive_CocoNews","Hololive_Sequa","Hololive_StrengthChampion"],"picked":"Hololive_CallYukihanaLamy","floor":11},{"not_picked":["Hololive_CallNekomataOkayu","Hololive_Sequa","Hololive_CallArtia"],"picked":"Hololive_CallTsunomakiWatame","floor":12},{"not_picked":["Hololive_Recruit","Hololive_ScarfAndHalo","Hololive_ASMR"],"picked":"Hololive_OpenUp","floor":16},{"not_picked":["Hololive_CandyCastle","Hololive_CallAkiRosenthal","Hololive_Drill","Hololive_RevenueBasedLive"],"picked":"Singing Bowl","floor":18},{"not_picked":["Hololive_LuckPotion","Hololive_OvertimeWork","Hololive_CallAyundaRisu","Hololive_Sequa"],"picked":"Singing Bowl","floor":19},{"not_picked":["Hololive_StrengthChampion","Hololive_Spy","Hololive_CandyCastle"],"picked":"Hololive_CallUsadaPekora+1","floor":21},{"not_picked":["Hololive_OvertimeWork","Hololive_CallAkiRosenthal","Hololive_OpenUp"],"picked":"Hololive_FlyingPonyTail+1","floor":23},{"not_picked":["Hololive_FlyingPonyTail","Hololive_CallRoboco+1","Hololive_Sequa"],"picked":"Hololive_Psychosis+1","floor":25},{"not_picked":["Hololive_ManjiGathering+1","Hololive_CocoNews+1","Hololive_FlyingPonyTail+1"],"picked":"Hololive_CallHoushouMarine","floor":27},{"not_picked":["Hololive_Watashimo","Hololive_Psychosis+1","Hololive_OvertimeWork+1","Hololive_Teleport"],"picked":"Singing Bowl","floor":29},{"not_picked":["Hololive_Rebound","Hololive_Drill+1","Hololive_CallAyundaRisu","Hololive_LuckPotion"],"picked":"Singing Bowl","floor":31},{"not_picked":["Hololive_BeCareful","Hololive_IdolExercise","Hololive_WolfAndLamb"],"picked":"Hololive_FlareMind","floor":33},{"not_picked":["Hololive_OvertimeWork+1","Hololive_RevenueBasedLive","Hololive_HuntDinosaur+1"],"picked":"Hololive_StrengthChampion+1","floor":35},{"not_picked":["Hololive_CallAyundaRisu","Hololive_Breathe+1","Hololive_HuntDinosaur+1","Hololive_FlyingPonyTail"],"picked":"Singing Bowl","floor":36},{"not_picked":["Hololive_CallManoAloe+1","Hololive_CallTokinoSora","Hololive_WolfAndLamb"],"picked":"Hololive_LuckPotion+1","floor":38},{"not_picked":["Hololive_Breathe+1","Hololive_Trident+1","Hololive_CallArtia","Hololive_Rebound"],"picked":"Singing Bowl","floor":41},{"not_picked":["Hololive_FlyingPonyTail+1","Hololive_OvertimeWork+1","Hololive_Trident+1","Hololive_CallManoAloe+1"],"picked":"Singing Bowl","floor":45},{"not_picked":["Hololive_CallArtia+1","Hololive_StrengthChampion+1","Hololive_Breathe"],"picked":"Hololive_Yoholoon+1","floor":46},{"not_picked":["Hololive_CocoNews+1","Hololive_RevenueBasedLive+1","Hololive_HuntDinosaur","Hololive_LuckPotion+1"],"picked":"Singing Bowl","floor":47},{"not_picked":["Hololive_Breathe+1","Hololive_Drill+1","Hololive_Psychosis+1","Hololive_CallShiroganeNoel"],"picked":"Singing Bowl","floor":48}],"player_experience":414746,"relics_obtained":[{"floor":7,"key":"Bronze Scales"},{"floor":9,"key":"War Paint"},{"floor":14,"key":"Singing Bowl"},{"floor":23,"key":"HornCleat"},{"floor":25,"key":"Omamori"},{"floor":26,"key":"Sundial"},{"floor":27,"key":"Molten Egg 2"},{"floor":46,"key":"White Beast Statue"}],"event_choices":[{"damage_healed":0,"gold_gain":0,"player_choice":"Fled","damage_taken":3,"max_hp_gain":0,"max_hp_loss":0,"event_name":"Scrap Ooze","floor":2,"gold_loss":0},{"cards_removed":["Hololive_Strike"],"damage_healed":0,"gold_gain":0,"player_choice":"Purged","damage_taken":0,"max_hp_gain":0,"max_hp_loss":0,"event_name":"Purifier","floor":4,"gold_loss":0},{"damage_healed":0,"gold_gain":75,"player_choice":"Gather Gold","damage_taken":11,"max_hp_gain":0,"max_hp_loss":0,"event_name":"World of Goop","floor":13,"gold_loss":0},{"damage_healed":0,"gold_gain":0,"player_choice":"","damage_taken":6,"max_hp_gain":0,"max_hp_loss":0,"event_name":"Knowing Skull","floor":20,"potions_obtained":[],"gold_loss":0,"cards_obtained":[]},{"damage_healed":0,"gold_gain":100,"player_choice":"Pray","damage_taken":0,"max_hp_gain":0,"max_hp_loss":0,"event_name":"Golden Shrine","floor":22,"gold_loss":0},{"cards_removed":["Hololive_Strike"],"damage_healed":0,"gold_gain":0,"player_choice":"Upgrade and Remove","damage_taken":0,"max_hp_gain":0,"max_hp_loss":0,"event_name":"Designer","floor":37,"gold_loss":90,"cards_upgraded":["Hololive_CallMoonaHoshinova"]}],"is_beta":false,"boss_relics":[{"not_picked":["Sozu","Ectoplasm"],"picked":"Hololive_Finger"},{"not_picked":["Philosopher\u0027s Stone","Fusion Hammer"],"picked":"SlaversCollar"}],"items_purged_floors":[30,39],"is_endless":false,"potions_floor_spawned":[7,8,11,16,18,21,25,31,36,41,46,47,48],"killed_by":"Awakened One","ascension_level":0}}