{"host":"yqm","time":1611335930,"event":{"mods":["BaseMod","Challenge The Spire","Colored Map","Colored Powertips","DeckTracker","Good Game Mod","Minty Spire (QoL Compilation)","MostiFishMod","Quick Restart","Relic Filter","Relic Stats","Remove Card Discount Mod","StSLib","noobMod","óô»ðÖ¸ÄÏ"],"gold_per_floor":[19,19,138,266,393,405,213,1,121,240,355,355,82,82,197,314,424,540],"floor_reached":19,"language":"ZHS","playtime":1364,"items_purged":["Strike_R","Strike_R","Strike_R","Strike_R","Strike_R","Defend_R","Defend_R","Defend_R","Defend_R","Armaments+1"],"score":5305,"play_id":"1c727136-9d37-46c7-92cb-3a057fa50d02","local_time":"20210123011850","daily_mods":["challengethespire:Platinum Difficulty","challengethespire:Boss Rush","Uncertain Future"],"is_ascension_mode":true,"campfire_choices":[{"data":"Bash","floor":2,"key":"SMITH"}],"circlet_count":0,"master_deck":["AscendersBane","Bash+1","Noxious Fumes+1","Pommel Strike+1","Shrug It Off+1","Body Slam+1","Shrug It Off+1","Entrench+1","Demon Form+1","Pommel Strike+1","Finesse+1","Impervious+1","Heavy Blade+1","Barricade+1","Dual Wield+1","Juggernaut+1"],"relics":["Black Blood","The Courier","Molten Egg 2","Toxic Egg 2","Frozen Egg 2","REME:ComplimentaryCards","ice","DaveBox","GuanYuAspect","StrikeDummy","Kunai","Matryoshka","MawBank","Red Skull","Nunchaku","Sozu","StoneCalendar","Toy Ornithopter","InkBottle","Mercury Hourglass","HornCleat","Potion Belt","Pantograph","Art of War"],"acts_visited":["Exordium"],"potions_floor_usage":[10],"damage_taken":[{"damage":28,"enemies":"Hexaghost","floor":3,"turns":9},{"damage":0,"enemies":"The Guardian","floor":4,"turns":8},{"damage":44,"enemies":"Slime Boss","floor":5,"turns":8},{"damage":0,"enemies":"Champ","floor":9,"turns":5},{"damage":0,"enemies":"Collector","floor":10,"turns":6},{"damage":0,"enemies":"Automaton","floor":11,"turns":5},{"damage":39,"enemies":"Donu and Deca","floor":15,"turns":7},{"damage":57,"enemies":"Time Eater","floor":16,"turns":8},{"damage":24,"enemies":"Awakened One","floor":17,"turns":5},{"damage":50,"enemies":"The Heart","floor":18,"turns":7}],"seed_played":"514565006497948452","potions_obtained":[{"floor":5,"key":"Swift Potion"}],"is_trial":true,"path_per_floor":["$","R","M","M","M","T","$","$","M","M","M","T","$","$","M","M","M","M",null],"character_chosen":"IRONCLAD","items_purchased":["Pommel Strike+1","StrikeDummy","Kunai","Matryoshka","Armaments+1","Shrug It Off+1","Demon Form+1","Pommel Strike+1","Finesse+1","Impervious+1","Juggernaut+1","Mercury Hourglass"],"campfire_rested":0,"item_purchase_floors":[1,1,1,1,1,1,7,7,8,8,13,13],"current_hp_per_floor":[38,38,27,38,10,10,10,10,26,38,38,38,38,38,27,21,26,55],"gold":540,"neow_bonus":"","is_daily":false,"chose_seed":false,"campfire_upgraded":1,"win_rate":0.0,"timestamp":1611335930,"path_taken":["$","R","M","M","M","T","$","$","M","M","M","T","$","$","M","M","M","M"],"items_purchased_type":["Card","Relic","Relic","Relic","Card","Card","Card","Card","Card","Card","Card","Relic"],"build_version":"2020-12-18","purchased_purges":10,"victory":true,"max_hp_per_floor":[38,38,38,38,38,38,38,38,38,38,38,38,38,38,38,44,56,128],"relic_stats":{"counters":[10,68],"Black Blood":33,"StoneCalendar":[52],"MawBank":48,"Mercury Hourglass":[100],"Sozu":3,"Nunchaku":[8],"Pantograph":13,"Art of War":[0],"Kunai":[23],"obtain_stats":[{"DaveBox":0,"Black Blood":12,"StoneCalendar":9,"ice":0,"Burning Blood":0,"Sozu":6,"Nunchaku":5,"Matryoshka":1,"HornCleat":15,"GuanYuAspect":0,"Pantograph":17,"Kunai":1,"Toxic Egg 2":0,"Red Skull":4,"InkBottle":11,"Potion Belt":16,"The Courier":0,"Frozen Egg 2":0,"MawBank":3,"Mercury Hourglass":13,"REME:ComplimentaryCards":0,"Molten Egg 2":0,"Art of War":18,"StrikeDummy":1,"Toy Ornithopter":10},{"DaveBox":0,"Black Blood":6,"StoneCalendar":4,"ice":0,"Burning Blood":0,"Sozu":3,"Nunchaku":3,"Matryoshka":0,"HornCleat":7,"GuanYuAspect":0,"Pantograph":9,"Kunai":0,"Toxic Egg 2":0,"Red Skull":2,"InkBottle":6,"Potion Belt":8,"The Courier":0,"Frozen Egg 2":0,"MawBank":1,"Mercury Hourglass":6,"REME:ComplimentaryCards":0,"Molten Egg 2":0,"Art of War":10,"StrikeDummy":0,"Toy Ornithopter":5},{"DaveBox":0,"Black Blood":41,"StoneCalendar":30,"ice":0,"Burning Blood":0,"Sozu":25,"Nunchaku":25,"Matryoshka":0,"HornCleat":48,"GuanYuAspect":0,"Pantograph":61,"Kunai":0,"Toxic Egg 2":0,"Red Skull":17,"InkBottle":41,"Potion Belt":56,"The Courier":0,"Frozen Egg 2":0,"MawBank":9,"Mercury Hourglass":41,"REME:ComplimentaryCards":0,"Molten Egg 2":0,"Art of War":68,"StrikeDummy":0,"Toy Ornithopter":36}],"Toy Ornithopter":0,"InkBottle":[13]},"card_choices":[],"player_experience":830240,"relics_obtained":[{"floor":3,"key":"MawBank"},{"floor":4,"key":"Red Skull"},{"floor":5,"key":"Nunchaku"},{"floor":9,"key":"StoneCalendar"},{"floor":10,"key":"Toy Ornithopter"},{"floor":11,"key":"InkBottle"},{"floor":15,"key":"HornCleat"},{"floor":16,"key":"Potion Belt"},{"floor":17,"key":"Pantograph"},{"floor":18,"key":"Art of War"}],"event_choices":[],"is_beta":true,"boss_relics":[{"not_picked":["Ectoplasm","SynthV:MejaisSoulstealer"],"picked":"Sozu"},{"not_picked":["OneHitWonderSystem","Runic Pyramid"],"picked":"Black Blood"}],"items_purged_floors":[7,7,7,7,7,7,7,7,7,7],"is_endless":false,"potions_floor_spawned":[5,10,15,18],"ascension_level":20}}