{"host":"c3lc60y5x60jlt1y","time":1611314218,"event":{"mods":["AchievementEnabler","BaseMod","Bestiary","Colored Map","Minty Spire (QoL Compilation)","Quick Restart","StSLib","ojb\u0027s Info Mod"],"gold_per_floor":[111,111,126,126,15,50,64,97,97,97,111,145,145,156,156,233,233,250,114,114,131,131,160,172,172,227,227,27,41,59,86,86,159,159,178,178,178,197,210,239,239,272,272,285,54,54,73,105,105,105],"floor_reached":51,"language":"ENG","playtime":8544,"items_purged":["Strike_B","Strike_B","Strike_B"],"score":1616,"play_id":"2d1dd193-f690-4db9-bf2c-1f5b2bbee4b0","local_time":"20210122131658","is_ascension_mode":true,"campfire_choices":[{"data":"Go for the Eyes","floor":10,"key":"SMITH"},{"data":"Defragment","floor":13,"key":"SMITH"},{"data":"Coolheaded","floor":15,"key":"SMITH"},{"data":"Ghostly","floor":25,"key":"SMITH"},{"data":"Ghostly","floor":27,"key":"SMITH"},{"data":"Ghostly","floor":32,"key":"SMITH"},{"data":"Echo Form","floor":49,"key":"SMITH"}],"circlet_count":0,"master_deck":["AscendersBane","Strike_B","Defend_B","Defend_B","Defend_B","Defend_B","Zap","Dualcast","Go for the Eyes+1","Coolheaded+1","BootSequence","Genetic Algorithm","Lockon","Undo","Defragment+1","Force Field","Cold Snap","Creative AI","BootSequence","Ghostly+1","Ghostly+1","Ghostly+1","Turbo","RitualDagger","Sunder+1","Loop","Defragment","Self Repair+1","Beam Cell","Echo Form+1","Turbo+1","Purity","Trip","Ghostly+1","Defragment","Aggregate","Hologram+1","Panacea","Buffer"],"relics":["Cracked Core","NeowsBlessing","Pen Nib","Letter Opener","Meat on the Bone","Kunai","Runic Pyramid","White Beast Statue","Oddly Smooth Stone","HornCleat","Cursed Key","Anchor","Mercury Hourglass","Symbiotic Virus","DataDisk"],"acts_visited":["Exordium","TheCity","TheBeyond"],"potions_floor_usage":[8,12,16,18,23,30,33,33,38,40,42],"damage_taken":[{"damage":0,"enemies":"2 Louse","floor":1,"turns":1},{"damage":0,"enemies":"Jaw Worm","floor":3,"turns":1},{"damage":0,"enemies":"Gremlin Nob","floor":6,"turns":1},{"damage":5,"enemies":"Small Slimes","floor":7,"turns":4},{"damage":24,"enemies":"Lagavulin","floor":8,"turns":5},{"damage":0,"enemies":"Blue Slaver","floor":11,"turns":5},{"damage":0,"enemies":"3 Sentries","floor":12,"turns":3},{"damage":14,"enemies":"Exordium Wildlife","floor":14,"turns":4},{"damage":32,"enemies":"Slime Boss","floor":16,"turns":13},{"damage":58,"enemies":"3 Byrds","floor":18,"turns":6},{"damage":0,"enemies":"Chosen","floor":21,"turns":8},{"damage":9,"enemies":"Slavers","floor":23,"turns":10},{"damage":8,"enemies":"Sentry and Sphere","floor":24,"turns":9},{"damage":4,"enemies":"Cultist and Chosen","floor":29,"turns":9},{"damage":17,"enemies":"3 Cultists","floor":30,"turns":7},{"damage":4,"enemies":"Gremlin Leader","floor":31,"turns":9},{"damage":0,"enemies":"Collector","floor":33,"turns":17},{"damage":3,"enemies":"3 Shapes","floor":35,"turns":4},{"damage":0,"enemies":"3 Darklings","floor":38,"turns":8},{"damage":1,"enemies":"Sphere and 2 Shapes","floor":39,"turns":8},{"damage":4,"enemies":"Nemesis","floor":40,"turns":11},{"damage":3,"enemies":"Giant Head","floor":42,"turns":10},{"damage":0,"enemies":"Maw","floor":44,"turns":8},{"damage":3,"enemies":"3 Darklings","floor":47,"turns":8},{"damage":0,"enemies":"Nemesis","floor":48,"turns":9},{"damage":2,"enemies":"Awakened One","floor":50,"turns":16}],"seed_played":"153267345949913880","potions_obtained":[{"floor":1,"key":"ColorlessPotion"},{"floor":8,"key":"PowerPotion"},{"floor":11,"key":"ColorlessPotion"},{"floor":16,"key":"BlessingOfTheForge"},{"floor":21,"key":"Fire Potion"},{"floor":24,"key":"Energy Potion"},{"floor":29,"key":"FearPotion"},{"floor":30,"key":"ColorlessPotion"},{"floor":33,"key":"GamblersBrew"},{"floor":35,"key":"ColorlessPotion"},{"floor":38,"key":"SpeedPotion"},{"floor":39,"key":"Weak Potion"},{"floor":40,"key":"PowerPotion"},{"floor":42,"key":"EntropicBrew"},{"floor":47,"key":"FairyPotion"}],"is_trial":false,"path_per_floor":["M","?","M","?","$","E","M","E","T","R","M","E","R","M","R","B",null,"M","$","?","M","?","E","M","R","T","R","$","M","M","E","R","B",null,"M","?","?","M","M","E","?","E","T","M","$","T","M","E","R","B",null],"character_chosen":"DEFECT","items_purchased":["BootSequence","BootSequence","Defragment","Panacea","Buffer"],"campfire_rested":0,"item_purchase_floors":[5,19,28,45,45],"current_hp_per_floor":[64,69,69,69,69,69,64,40,40,40,40,40,40,38,38,18,62,16,16,16,28,22,25,29,29,29,29,29,25,30,36,36,38,38,35,25,25,35,38,38,38,35,35,38,38,38,38,38,38,38],"gold":105,"neow_bonus":"THREE_ENEMY_KILL","is_daily":false,"chose_seed":false,"campfire_upgraded":7,"win_rate":0.0,"timestamp":1611314218,"path_taken":["M","?","M","?","?","E","M","E","T","R","M","E","R","M","R","BOSS","M","$","?","M","?","E","M","R","T","R","?","M","M","E","R","BOSS","M","?","?","M","?","E","?","E","T","M","$","?","M","E","R","BOSS"],"items_purchased_type":["Card","Card","Card","Card","Card"],"build_version":"2020-12-22","purchased_purges":3,"victory":true,"max_hp_per_floor":[71,76,76,76,76,76,76,76,76,76,76,76,76,76,76,76,76,76,76,38,38,38,38,38,38,38,38,38,38,38,38,38,38,38,38,38,38,38,38,38,38,38,38,38,38,38,38,38,38,38],"card_choices":[{"not_picked":["Chaos","Stack"],"picked":"Go for the Eyes","floor":1},{"not_picked":["Compile Driver","Conserve Battery"],"picked":"Coolheaded","floor":3},{"not_picked":["Streamline","Consume"],"picked":"Genetic Algorithm","floor":6},{"not_picked":["Leap","Stack"],"picked":"Lockon","floor":7},{"not_picked":["Hello World","Rebound"],"picked":"Undo","floor":8},{"not_picked":["Rebound","Beam Cell"],"picked":"Defragment","floor":11},{"not_picked":["Beam Cell","Static Discharge"],"picked":"Force Field","floor":12},{"not_picked":["Force Field","Go for the Eyes"],"picked":"Cold Snap","floor":14},{"not_picked":["All For One","Machine Learning"],"picked":"Creative AI","floor":16},{"not_picked":["Hologram","Stack","Go for the Eyes"],"picked":"SKIP","floor":18},{"not_picked":["Barrage","Beam Cell"],"picked":"Turbo","floor":21},{"not_picked":["Biased Cognition","Double Energy"],"picked":"Sunder+1","floor":23},{"not_picked":["Cold Snap","Rebound"],"picked":"Loop","floor":24},{"not_picked":["Streamline","Go for the Eyes"],"picked":"Self Repair+1","floor":29},{"not_picked":["Sunder","Cold Snap","Conserve Battery"],"picked":"SKIP","floor":30},{"not_picked":["Ball Lightning","Skim+1"],"picked":"Beam Cell","floor":31},{"not_picked":["Machine Learning","Biased Cognition"],"picked":"Echo Form","floor":33},{"not_picked":["Streamline+1","Steam"],"picked":"Turbo+1","floor":35},{"not_picked":["Swift Strike","Discovery"],"picked":"Purity","floor":36},{"not_picked":["Good Instincts","Finesse"],"picked":"Trip","floor":36},{"not_picked":["FTL","Leap"],"picked":"Defragment","floor":38},{"not_picked":["Ball Lightning+1","Double Energy","Leap"],"picked":"SKIP","floor":39},{"not_picked":["Compile Driver","Barrage+1","Sweeping Beam+1"],"picked":"SKIP","floor":40},{"not_picked":["Turbo","Conserve Battery+1"],"picked":"Aggregate","floor":42},{"not_picked":["Sweeping Beam","Barrage"],"picked":"Hologram+1","floor":44},{"not_picked":["Cold Snap","Hologram","Steam"],"picked":"SKIP","floor":47},{"not_picked":["White Noise","Creative AI","Redo"],"picked":"SKIP","floor":48}],"player_experience":8331314,"relics_obtained":[{"floor":6,"key":"Pen Nib"},{"floor":8,"key":"Letter Opener"},{"floor":9,"key":"Meat on the Bone"},{"floor":12,"key":"Kunai"},{"floor":23,"key":"White Beast Statue"},{"floor":26,"key":"Oddly Smooth Stone"},{"floor":31,"key":"HornCleat"},{"floor":40,"key":"Anchor"},{"floor":41,"key":"Mercury Hourglass"},{"floor":42,"key":"Symbiotic Virus"},{"floor":48,"key":"DataDisk"}],"event_choices":[{"damage_healed":0,"gold_gain":0,"player_choice":"Donut","damage_taken":0,"max_hp_gain":5,"max_hp_loss":0,"event_name":"Big Fish","floor":2,"gold_loss":0},{"damage_healed":0,"gold_gain":0,"player_choice":"Ignored","damage_taken":0,"max_hp_gain":0,"max_hp_loss":0,"event_name":"Liars Game","floor":4,"gold_loss":0},{"damage_healed":0,"gold_gain":0,"player_choice":"Became a Ghost","damage_taken":0,"max_hp_gain":0,"max_hp_loss":38,"event_name":"Ghosts","floor":20,"gold_loss":0,"cards_obtained":["Ghostly","Ghostly","Ghostly"]},{"damage_healed":0,"gold_gain":0,"player_choice":"Joined the Cult","damage_taken":6,"max_hp_gain":0,"max_hp_loss":0,"event_name":"Nest","floor":22,"gold_loss":0,"cards_obtained":["RitualDagger"]},{"damage_healed":0,"gold_gain":0,"player_choice":"Memory 3","damage_taken":10,"max_hp_gain":0,"max_hp_loss":0,"event_name":"SensoryStone","floor":36,"gold_loss":0},{"damage_healed":0,"gold_gain":0,"player_choice":"Copied","damage_taken":0,"max_hp_gain":0,"max_hp_loss":0,"event_name":"Duplicator","floor":37,"gold_loss":0,"cards_obtained":["Ghostly"]},{"damage_healed":0,"gold_gain":0,"player_choice":"Relic","damage_taken":0,"max_hp_gain":0,"max_hp_loss":0,"event_name":"Wheel of Change","floor":41,"gold_loss":0}],"is_beta":false,"boss_relics":[{"not_picked":["Busted Crown","Tiny House"],"picked":"Runic Pyramid"},{"not_picked":["Astrolabe","Black Star"],"picked":"Cursed Key"}],"items_purged_floors":[5,19,28],"is_endless":false,"potions_floor_spawned":[1,8,11,16,21,24,29,30,31,33,35,38,39,40,42,44,47,48],"ascension_level":15}}