{"host":"ugys05tpep779cl6","time":1611310414,"event":{"mods":["AchievementEnabler","Aspiration","BaseMod","Beaked The Cultist","CatGirl Mod","Colored Powertips","HololiveMod","Lobotomy","Minty Spire (QoL Compilation)","Quick Restart","Replay The Spire","Spicy Shops","StSLib","The Druid","vexMod"],"gold_per_floor":[111,128,128,171,187,187,226,226,226,269,289,314,349,363,363,461,461,486,93,117,142,142,142,180,203,230,271,1,1,17,36,36,125,125,150,61,77,98,431,464,464,493,493,521,521,521,534,545,545,545,545,545,155,181,181],"floor_reached":56,"language":"ENG","playtime":4434,"items_purged":["Strike_G","Strike_G"],"score":2123,"play_id":"77761ded-4a51-4bc6-809d-b29b2515e3a3","local_time":"20210122111334","is_ascension_mode":true,"campfire_choices":[{"data":"Cloak And Dagger","floor":6.0,"key":"SMITH"},{"data":"Neutralize","floor":8.0,"key":"SMITH"},{"data":"Blade Dance","floor":15.0,"key":"SMITH"},{"floor":23.0,"key":"DIG"},{"floor":32.0,"key":"RECALL"},{"floor":41.0,"key":"DIG"},{"data":"Infinite Blades","floor":49.0,"key":"SMITH"},{"data":"Draining Mist","floor":52.0,"key":"SMITH"}],"circlet_count":0,"master_deck":["AscendersBane","Strike_G","Strike_G","Strike_G","Defend_G","Defend_G","Defend_G","Defend_G","Survivor","Neutralize+1","Infinite Blades","PiercingWail","Blade Dance+1","Cloak And Dagger+1","Blur","Backstab","Escape Plan","Finisher","Backstab","Burst+1","Bouncing Flask","Catalyst","Calculated Gamble","Doppelganger","Draining Mist+1","ReplayTheSpireMod:Necrosis","Infinite Blades+1","Fluid Movement","Catalyst","PiercingWail"],"relics":["Ring of the Snake","aspiration:Nostalgia","beaked:MendingPlumage","Meat on the Bone","ReplayFunnel","Omamori","ReplayTheSpireMod:Shallot","vexMod:MegatonBomb","Shovel","Replay:Ringing Soul","Potion Belt","TungstenRod","vexMod:Dragonfruit","Nloth\u0027s Gift","vexMod:TanglingVine","ReplayTheSpireMod:Ninjato","Replay:Baseball","vexMod:MemoryStick","Blue Candle","Byrd Skull","Lizard Tail","BargainBundle","Nunchaku","Strawberry"],"acts_visited":["Exordium","TheCity","TheBeyond","TheEnding"],"potions_floor_usage":[55,55,55,55],"damage_taken":[{"damage":8.0,"enemies":"Cultist","floor":1.0,"turns":6.0},{"damage":0.0,"enemies":"2 Louse","floor":2.0,"turns":3.0},{"damage":0.0,"enemies":"Jaw Worm","floor":5.0,"turns":5.0},{"damage":17.0,"enemies":"3 Sentries","floor":7.0,"turns":10.0},{"damage":45.0,"enemies":"Lagavulin","floor":10.0,"turns":9.0},{"damage":2.0,"enemies":"Large Slime","floor":11.0,"turns":7.0},{"damage":0.0,"enemies":"Red Slaver","floor":12.0,"turns":4.0},{"damage":44.0,"enemies":"Gremlin Nob","floor":13.0,"turns":5.0},{"damage":0.0,"enemies":"Lots of Slimes","floor":14.0,"turns":4.0},{"damage":39.0,"enemies":"Slime Boss","floor":16.0,"turns":12.0},{"damage":12.0,"enemies":"2 Thieves","floor":18.0,"turns":5.0},{"damage":24.0,"enemies":"Spheric Guardian","floor":20.0,"turns":4.0},{"damage":4.0,"enemies":"Chosen and Byrds","floor":21.0,"turns":5.0},{"damage":53.0,"enemies":"Gremlin Leader","floor":24.0,"turns":10.0},{"damage":5.0,"enemies":"Shelled Parasite and Fungi","floor":25.0,"turns":4.0},{"damage":60.0,"enemies":"Slavers","floor":27.0,"turns":8.0},{"damage":16.0,"enemies":"Centurion and Healer","floor":30.0,"turns":5.0},{"damage":16.0,"enemies":"Cultist and Chosen","floor":31.0,"turns":6.0},{"damage":108.0,"enemies":"Collector","floor":33.0,"turns":13.0},{"damage":0.0,"enemies":"Orb Walker","floor":35.0,"turns":3.0},{"damage":9.0,"enemies":"3 Shapes","floor":37.0,"turns":5.0},{"damage":57.0,"enemies":"Transient","floor":38.0,"turns":5.0},{"damage":83.0,"enemies":"beaked:SuperParasite","floor":40.0,"turns":11.0},{"damage":85.0,"enemies":"Reptomancer","floor":42.0,"turns":8.0},{"damage":38.0,"enemies":"R_Hoarder","floor":44.0,"turns":10.0},{"damage":1.0,"enemies":"Jaw Worm Horde","floor":47.0,"turns":3.0},{"damage":12.0,"enemies":"Spire Growth","floor":48.0,"turns":4.0},{"damage":176.0,"enemies":"Donu and Deca","floor":50.0,"turns":13.0},{"damage":44.0,"enemies":"Shield and Spear","floor":54.0,"turns":7.0},{"damage":183,"enemies":"The Heart","floor":55,"turns":14}],"seed_played":"5637860760922926276","potions_obtained":[{"floor":1.0,"key":"Regen Potion"},{"floor":10.0,"key":"Doom Potion"},{"floor":11.0,"key":"LiquidMemories"},{"floor":16.0,"key":"PowerPotion"},{"floor":27.0,"key":"Dexterity Potion"},{"floor":30.0,"key":"SteroidPotion"},{"floor":35.0,"key":"Block Potion"},{"floor":44.0,"key":"LiquidMemories"}],"is_trial":false,"path_per_floor":["M","M","?","?","M","R","E","R","T","E","M","M","E","M","R","B",null,"M","$","M","M","?","R","E","M","T","E","$","?","M","M","R","B",null,"M","$","M","M","?","E","R","E","T","E","?","T","M","M","R","B",null,"R","$","E","B",null],"character_chosen":"THE_SILENT","items_purchased":["Shovel","vexMod:Dragonfruit","Draining Mist","BargainBundle","Nunchaku","Catalyst","PiercingWail","Dexterity Potion","DistilledChaos","Swift Potion"],"campfire_rested":0,"item_purchase_floors":[19,28,36,53,53,53,53,53,53,53],"current_hp_per_floor":[62,66,43,43,63,63,66,66,66,47,66,66,45,64,64,66,66,66,66,50,66,66,66,69,69,69,48,53,53,69,73,73,55,76,83,86,86,57,57,54,54,44,44,78,78,78,92,91,91,38,81,81,84,105,55],"gold":181,"neow_bonus":"NOSTALGIA","is_daily":false,"chose_seed":false,"campfire_upgraded":5,"win_rate":0.0,"timestamp":1611310414,"path_taken":["M","?","?","?","?","R","E","R","T","E","M","M","E","M","R","BOSS","M","$","M","M","?","R","E","?","T","E","?","?","M","M","R","BOSS","M","$","M","?","?","E","R","E","T","E","?","?","?","M","R","BOSS","R","$","E","BOSS"],"items_purchased_type":["Relic","Relic","Card","Relic","Relic","Card","Card","Potion","Potion","Potion"],"build_version":"2020-12-22","purchased_purges":2,"victory":true,"max_hp_per_floor":[66,66,66,66,66,66,66,66,66,66,66,66,66,66,66,66,66,66,66,66,66,66,66,69,69,69,69,74,74,77,80,80,83,83,83,86,86,86,86,89,89,89,89,89,89,89,92,95,95,95,95,95,98,105,105],"card_choices":[{"not_picked":["Eviscerate","Acrobatics","Flying Knee"],"picked":"SKIP","floor":1.0},{"not_picked":["Fluid Movement","Flying Knee"],"picked":"Infinite Blades","floor":2.0},{"not_picked":["Deflect","Dagger Spray"],"picked":"PiercingWail","floor":4.0},{"not_picked":["Flying Knee","Setup"],"picked":"Blade Dance","floor":4.0},{"not_picked":["Bane","Sucker Punch"],"picked":"Cloak And Dagger","floor":5.0},{"not_picked":["Dodge and Roll","Deflect"],"picked":"Blur","floor":7.0},{"not_picked":["Outmaneuver","Slice"],"picked":"Backstab","floor":10.0},{"not_picked":["aspiration:Lunge","Dagger Throw","Poisoned Stab"],"picked":"SKIP","floor":11.0},{"not_picked":["Backflip","Flying Knee"],"picked":"Escape Plan","floor":12.0},{"not_picked":["Dodge and Roll","Outmaneuver"],"picked":"Finisher","floor":13.0},{"not_picked":["Hidden Blade","Flechettes"],"picked":"Backstab","floor":14.0},{"not_picked":["Bullet Time","Unload"],"picked":"Burst","floor":16.0},{"not_picked":["Hidden Blade","All Out Attack","Dagger Throw"],"picked":"SKIP","floor":18.0},{"not_picked":["ReplayTheSpireMod:The Works","Deadly Poison","Expertise"],"picked":"SKIP","floor":20.0},{"not_picked":["Dagger Throw","Riddle With Holes","Dodge and Roll"],"picked":"SKIP","floor":21.0},{"not_picked":["Outmaneuver+1","Cloak And Dagger"],"picked":"Bouncing Flask","floor":24.0},{"not_picked":["Predator","Dash+1","Bane"],"picked":"SKIP","floor":25.0},{"not_picked":["Eviscerate","Quick Slash","Acrobatics"],"picked":"SKIP","floor":27.0},{"not_picked":["Tools of the Trade","Sucker Punch"],"picked":"Catalyst","floor":30.0},{"not_picked":["Slice","PiercingWail"],"picked":"Calculated Gamble","floor":31.0},{"not_picked":["Atom Bomb","Night Terror"],"picked":"Doppelganger","floor":33.0},{"not_picked":["Blade Dance+1","Dagger Spray+1","Endless Agony"],"picked":"SKIP","floor":35.0},{"not_picked":["Flechettes+1","ReplayTheSpireMod:Speed Training","Hidden Blade"],"picked":"SKIP","floor":37.0},{"not_picked":["PiercingWail","Riddle With Holes+1","Tactician"],"picked":"SKIP","floor":38.0},{"not_picked":["Atom Bomb","ReplayTheSpireMod:Exploit Weakness"],"picked":"ReplayTheSpireMod:Necrosis","floor":40.0},{"not_picked":["Bullet Time","Underhanded Strike+1","Cloak And Dagger"],"picked":"SKIP","floor":42.0},{"not_picked":["Bullet Time","ReplayTheSpireMod:The Works","Dodge and Roll+1"],"picked":"SKIP","floor":44.0},{"not_picked":["Flying Knee+1","Dagger Spray"],"picked":"Infinite Blades","floor":47.0},{"not_picked":["Endless Agony","Acrobatics+1"],"picked":"Fluid Movement","floor":48.0},{"not_picked":["Choke","Hidden Blade","Fluid Movement"],"picked":"SKIP","floor":54.0}],"player_experience":1165525,"relics_obtained":[{"floor":4.0,"key":"Meat on the Bone"},{"floor":7.0,"key":"ReplayFunnel"},{"floor":9.0,"key":"Omamori"},{"floor":10.0,"key":"ReplayTheSpireMod:Shallot"},{"floor":13.0,"key":"Darkstone Periapt"},{"floor":23.0,"key":"Replay:Ringing Soul"},{"floor":24.0,"key":"Potion Belt"},{"floor":27.0,"key":"TungstenRod"},{"floor":40.0,"key":"ReplayTheSpireMod:Ninjato"},{"floor":41.0,"key":"Replay:Baseball"},{"floor":42.0,"key":"vexMod:MemoryStick"},{"floor":43.0,"key":"Blue Candle"},{"floor":44.0,"key":"Byrd Skull"},{"floor":46.0,"key":"Lizard Tail"},{"floor":54.0,"key":"Strawberry"}],"event_choices":[{"damage_healed":0.0,"max_hp_gain":0.0,"max_hp_loss":0.0,"gold_gain":0.0,"event_name":"Golden Idol","player_choice":"Take Damage","floor":3.0,"gold_loss":0.0,"damage_taken":23.0,"relics_obtained":["Golden Idol"]},{"damage_healed":0.0,"max_hp_gain":0.0,"max_hp_loss":0.0,"gold_gain":0.0,"event_name":"Upgrade Shrine","player_choice":"Upgraded","floor":22.0,"gold_loss":0.0,"damage_taken":0.0,"cards_upgraded":["Burst"]},{"damage_healed":0.0,"max_hp_gain":0.0,"max_hp_loss":0.0,"gold_gain":0.0,"event_name":"N\u0027loth","player_choice":"Traded Relic","floor":29.0,"relics_lost":["Darkstone Periapt"],"gold_loss":0.0,"damage_taken":0.0,"relics_obtained":["Nloth\u0027s Gift"]},{"damage_healed":0.0,"max_hp_gain":0.0,"max_hp_loss":0.0,"gold_gain":333.0,"event_name":"The Moai Head","player_choice":"Gave Idol","floor":39.0,"relics_lost":["Golden Idol"],"gold_loss":0.0,"damage_taken":0.0},{"cards_removed":["Defend_G"],"damage_healed":0.0,"max_hp_gain":0.0,"max_hp_loss":0.0,"gold_gain":0.0,"event_name":"Falling","player_choice":"Removed Skill","floor":45.0,"gold_loss":0.0,"damage_taken":0.0}],"is_beta":false,"boss_relics":[{"not_picked":["vexMod:MysteryBossChallenge","Replay:Bronze Core"],"picked":"vexMod:MegatonBomb"},{"not_picked":["Velvet Choker","Replay:Wanted Poster"],"picked":"vexMod:TanglingVine"}],"items_purged_floors":[19,53],"is_endless":false,"potions_floor_spawned":[1,10,11,14,16,20,27,30,35,44],"ascension_level":16}}