{"host":"h1qktzcccqnez8tx","time":1611326858,"event":{"mods":["BaseMod","Block Reminder","Colored Map","Colored Powertips","Curses Come First","Highlight Path","Infinite Spire","Minty Spire (QoL Compilation)","Permanent Neow","Quick Restart","Replay The Spire","StSLib","The Jungle"],"gold_per_floor":[11,11,31,31,48,79,79,90,141,141,161,181,199,213,213,309,309,323,323,338,308,321,321,351,351,351,384,402,431,431,531,531,630,630,647,647,647,278,300,331,331,351,351,385,385,385,385,424,424,428,428,428,26,67,73,73],"floor_reached":55,"language":"ENG","playtime":6916,"items_purged":["Defend_B","CommonCold","Defend_B"],"score":995,"play_id":"aaef0e59-6271-4c61-a0b9-24cd237c32b5","local_time":"20210122154738","is_ascension_mode":true,"campfire_choices":[{"data":"Cold Snap","floor":7,"key":"SMITH"},{"data":"Echo Form","floor":10,"key":"SMITH"},{"floor":15,"key":"REST"},{"data":"Biased Cognition","floor":23,"key":"SMITH"},{"floor":25,"key":"DIG"},{"data":"White Noise","floor":32,"key":"SMITH"},{"floor":41,"key":"REST"},{"floor":45,"key":"RECALL"},{"floor":47,"key":"REST"},{"floor":49,"key":"REST"},{"data":"Defragment","floor":52,"key":"SMITH"}],"circlet_count":0,"master_deck":["Strike_B","Defend_B+1","Defend_B","Zap","Dualcast","Echo Form+1","Double Energy+1","Cold Snap+1","Turbo","Conserve Battery","Seek","Conserve Battery","Core Surge","Defragment+1","Rip and Tear","Biased Cognition+1","Turbo","CurseOfTheBell","Loop","Melter+1","White Noise+1","Reinforced Body","Electrodynamics","Conserve Battery+1","Rebound+1","Turbo+1","Undo","Steam","Steam+1","White Noise+1"],"relics":["Cracked Core","Carrot","infinitespire:Satchel","SlaversCollar","Unceasing Top","Calling Bell","Replay:Rubber Ducky","Snack Pack","Shovel","Solar Panel","Boot","CaptainsWheel","Blood Vial","Replay:Baseball","Ring of Fury","Unceasing Top","infinitespire:Midas Blood","Inserter","infinitespire:PuzzleCube","Frozen Egg 2","Whetstone","Replay:Ringing Soul","Quantum Egg","ReplayTheSpireMod:Shallot"],"acts_visited":["Exordium","TheCity","TheBeyond","TheEnding"],"potions_floor_usage":[13,16,27,27,27,28,31,31,42,48,50,55,55],"damage_taken":[{"damage":4,"enemies":"2 Louse","floor":1,"turns":3},{"damage":6,"enemies":"Cultist","floor":3,"turns":4},{"damage":3,"enemies":"Small Slimes","floor":5,"turns":5},{"damage":24,"enemies":"3 Sentries","floor":6,"turns":8},{"damage":17,"enemies":"Gremlin Gang","floor":8,"turns":4},{"damage":0,"enemies":"2 Fungi Beasts","floor":11,"turns":4},{"damage":12,"enemies":"Large Slime","floor":12,"turns":4},{"damage":0,"enemies":"Blue Slaver","floor":13,"turns":3},{"damage":5,"enemies":"3 Louse","floor":14,"turns":4},{"damage":0,"enemies":"Hexaghost","floor":16,"turns":12},{"damage":0,"enemies":"Shell Parasite","floor":18,"turns":5},{"damage":2,"enemies":"Spheric Guardian","floor":20,"turns":4},{"damage":6,"enemies":"Cultist and Chosen","floor":22,"turns":7},{"damage":20,"enemies":"Gremlin Leader","floor":24,"turns":6},{"damage":15,"enemies":"Slavers","floor":27,"turns":4},{"damage":3,"enemies":"Centurion and Healer","floor":28,"turns":5},{"damage":12,"enemies":"Gremlin Leader","floor":29,"turns":7},{"damage":12,"enemies":"Colosseum Slavers","floor":31,"turns":3},{"damage":3,"enemies":"Colosseum Nobs","floor":31,"turns":4},{"damage":0,"enemies":"Automaton","floor":33,"turns":9},{"damage":2,"enemies":"Orb Walker","floor":35,"turns":4},{"damage":29,"enemies":"3 Darklings","floor":39,"turns":3},{"damage":24,"enemies":"Reptomancer","floor":40,"turns":6},{"damage":28,"enemies":"Writhing Mass","floor":42,"turns":6},{"damage":9,"enemies":"R_Hoarder","floor":44,"turns":6},{"damage":33,"enemies":"Giant Head","floor":48,"turns":10},{"damage":19,"enemies":"Donu and Deca","floor":50,"turns":6},{"damage":34,"enemies":"Shield and Spear","floor":54,"turns":4},{"damage":52,"enemies":"The Heart","floor":55,"turns":2}],"seed_played":"-5302091124283479374","potions_obtained":[{"floor":3,"key":"FearPotion"},{"floor":5,"key":"BlessingOfTheForge"},{"floor":6,"key":"Dexterity Potion"},{"floor":8,"key":"LifebloodPotion"},{"floor":14,"key":"Fire Potion"},{"floor":21,"key":"PowerPotion"},{"floor":21,"key":"infinitespire:BlackPotion"},{"floor":22,"key":"PotionOfCapacity"},{"floor":27,"key":"DistilledChaos"},{"floor":29,"key":"Swift Potion"},{"floor":33,"key":"Adrenaline Potion"},{"floor":35,"key":"Fire Potion"},{"floor":42,"key":"SpeedPotion"},{"floor":48,"key":"PowerPotion"}],"is_trial":false,"path_per_floor":["M","?","M","?","M","E","R","M","T","R","M","M","M","M","R","B",null,"M","AVR","M","?","M","R","E","R","T","E","M","E","?","?","R","B",null,"M","?","?","$","M","E","R","M","T","E","R","?","R","E","R","B",null,"R","$","E","B"],"character_chosen":"DEFECT","items_purchased":["infinitespire:PuzzleCube","Strength Potion","Block Potion","Rebound","Quantum Egg","SpeedPotion"],"campfire_rested":4,"item_purchase_floors":[38,38,38,38,53,53],"current_hp_per_floor":[71,71,65,65,62,38,38,21,21,21,21,9,9,4,26,26,75,75,75,73,73,69,69,51,51,51,42,45,39,39,42,42,52,75,75,75,71,71,48,36,57,45,45,46,46,46,67,55,74,65,74,74,74,49,0,0],"gold":73,"neow_bonus":"TRANSFORM_TWO_CARDS","is_daily":false,"chose_seed":false,"campfire_upgraded":5,"win_rate":0.0,"timestamp":1611326858,"path_taken":["M","?","M","?","?","E","R","M","T","R","M","M","M","M","R","BOSS","M","AVR","M","?","?","R","E","R","T","E","M","E","?","?","R","BOSS","M","?","?","$","M","E","R","M","T","E","R","?","R","E","R","BOSS","R","$","E","BOSS"],"items_purchased_type":["Relic","Potion","Potion","Card","Relic","Potion"],"build_version":"2020-12-22","purchased_purges":3,"victory":false,"max_hp_per_floor":[75,75,75,75,75,75,75,75,75,75,75,75,75,75,75,75,75,75,75,75,75,75,75,75,75,75,75,75,75,75,75,75,75,75,75,75,71,71,71,71,71,71,71,71,71,71,71,74,74,74,74,74,74,77,77,77],"card_choices":[{"not_picked":["Aggregate","Rebound"],"picked":"Cold Snap","floor":1},{"not_picked":["Auto Shields","Coolheaded"],"picked":"Turbo","floor":3},{"not_picked":["FTL","Darkness"],"picked":"Conserve Battery","floor":5},{"not_picked":["Ball Lightning","Recycle"],"picked":"Seek","floor":6},{"not_picked":["Barrage","Conserve Battery","Cold Snap"],"picked":"SKIP","floor":8},{"not_picked":["Barrage","Cold Snap"],"picked":"Conserve Battery","floor":8},{"not_picked":["BasicCrystalCard","Barrage"],"picked":"Core Surge","floor":11},{"not_picked":["Ball Lightning","Stack"],"picked":"Defragment","floor":12},{"not_picked":["Hello World","Rip and Tear","Stack"],"picked":"SKIP","floor":13},{"not_picked":["Stack","Beam Cell"],"picked":"Rip and Tear","floor":14},{"not_picked":["Seek","Core Surge"],"picked":"Biased Cognition","floor":16},{"not_picked":["BootSequence","Go for the Eyes+1"],"picked":"Turbo","floor":18},{"not_picked":["Panic Button","Compile Driver"],"picked":"Loop","floor":20},{"not_picked":["Coolheaded","Genetic Algorithm"],"picked":"Melter+1","floor":22},{"not_picked":["Heatsinks+1","Loop","Cold Snap"],"picked":"SKIP","floor":24},{"not_picked":["Heatsinks+1","Loop","Cold Snap"],"picked":"SKIP","floor":24},{"not_picked":["Hologram+1","BootSequence"],"picked":"White Noise","floor":27},{"not_picked":["ReplayGash+1","Mirror Shield","Double Energy"],"picked":"SKIP","floor":28},{"not_picked":["Multi-Cast","Beam Cell+1"],"picked":"Reinforced Body","floor":29},{"not_picked":["ReplayTheSpireMod:Omega Cannon","Fission"],"picked":"Electrodynamics","floor":33},{"not_picked":["ReplayTheSpireMod:GoodbyeWorld+1","Gash+1"],"picked":"Conserve Battery+1","floor":35},{"not_picked":["BasicCrystalCard+1","Panic Button"],"picked":"Turbo+1","floor":39},{"not_picked":["Stack+1","Compile Driver+1"],"picked":"Undo","floor":40},{"not_picked":["Lockon+1","Panic Button","Rip and Tear"],"picked":"SKIP","floor":42},{"not_picked":["Cold Snap","Compile Driver"],"picked":"Steam","floor":44},{"not_picked":["Turbo","Heatsinks+1"],"picked":"Steam+1","floor":48},{"not_picked":["Redo","Chaos+1"],"picked":"White Noise+1","floor":54}],"player_experience":86708,"relics_obtained":[{"floor":6,"key":"Carrot"},{"floor":9,"key":"infinitespire:Satchel"},{"floor":19,"key":"Replay:Rubber Ducky"},{"floor":19,"key":"Snack Pack"},{"floor":19,"key":"Shovel"},{"floor":24,"key":"Solar Panel"},{"floor":25,"key":"Boot"},{"floor":26,"key":"CaptainsWheel"},{"floor":27,"key":"Blood Vial"},{"floor":29,"key":"Replay:Baseball"},{"floor":30,"key":"Ring of Fury"},{"floor":31,"key":"Unceasing Top"},{"floor":31,"key":"infinitespire:Midas Blood"},{"floor":40,"key":"Frozen Egg 2"},{"floor":44,"key":"Whetstone"},{"floor":48,"key":"Replay:Ringing Soul"},{"floor":54,"key":"ReplayTheSpireMod:Shallot"}],"event_choices":[{"damage_healed":0,"gold_gain":0,"player_choice":"Forge","damage_taken":0,"max_hp_gain":0,"max_hp_loss":0,"event_name":"Accursed Blacksmith","floor":4,"gold_loss":0,"cards_upgraded":["Double Energy"]},{"damage_healed":0,"gold_gain":0,"player_choice":"Bought 2 Potions","damage_taken":0,"max_hp_gain":0,"max_hp_loss":0,"event_name":"The Woman in Blue","floor":21,"gold_loss":0},{"damage_healed":0,"gold_gain":0,"player_choice":"Fight","damage_taken":0,"max_hp_gain":0,"max_hp_loss":0,"event_name":"Colosseum","floor":31,"gold_loss":0},{"damage_healed":0,"gold_gain":0,"player_choice":"Fought Nobs","damage_taken":0,"max_hp_gain":0,"max_hp_loss":0,"event_name":"Colosseum","floor":31,"gold_loss":0},{"damage_healed":0,"gold_gain":0,"player_choice":"Ignored","damage_taken":0,"max_hp_gain":0,"max_hp_loss":0,"event_name":"Tomb of Lord Red Mask","floor":36,"gold_loss":0},{"damage_healed":0,"gold_gain":0,"player_choice":"Max HP","damage_taken":0,"max_hp_gain":0,"max_hp_loss":4,"event_name":"Winding Halls","floor":37,"gold_loss":0},{"cards_removed":["Strike_B"],"damage_healed":0,"gold_gain":0,"player_choice":"Removed Attack","damage_taken":0,"max_hp_gain":0,"max_hp_loss":0,"event_name":"Falling","floor":46,"gold_loss":0}],"is_beta":false,"boss_relics":[{"not_picked":["Ectoplasm","Painkiller Herb"],"picked":"SlaversCollar"},{"not_picked":["Replay:Fungal Core","Kintsugi"],"picked":"Inserter"}],"items_purged_floors":[19,38,53],"is_endless":false,"potions_floor_spawned":[3,5,6,8,14,22,27,29,31,33,35,42,48,54],"killed_by":"The Heart","ascension_level":3}}