{"host":"bg8va46pgqgvtzim","time":1611286146,"event":{"mods":["BaseMod","Minty Spire (QoL Compilation)","Quick Restart","StSLib","SuperFastMode"],"gold_per_floor":[119,132,57,70,81,81,108,108,179,223,223,239,264,280,280,403,403,424,499,513,2,25,63,63,82,82,102,135,135,150,188,188,307,307,322,322,340,361,68,68,102,102,125,158,182,226,245,286,286,286,286,286,26,67,67],"floor_reached":56,"language":"ZHS","playtime":2314,"items_purged":["Strike_G","Strike_G","Strike_G"],"score":1471,"play_id":"476262d3-cfae-4272-be86-646ebd6e94c1","local_time":"20210122112906","is_ascension_mode":true,"campfire_choices":[{"data":"Predator","floor":6.0,"key":"SMITH"},{"data":"Well Laid Plans","floor":15.0,"key":"SMITH"},{"data":"Malaise","floor":24.0,"key":"SMITH"},{"data":"Cloak And Dagger","floor":29.0,"key":"SMITH"},{"data":"Footwork","floor":32.0,"key":"SMITH"},{"data":"Apotheosis","floor":40.0,"key":"SMITH"},{"floor":42.0,"key":"RECALL"},{"data":"Prepared","floor":49,"key":"SMITH"},{"data":"Madness","floor":52,"key":"SMITH"}],"circlet_count":0,"master_deck":["Strike_G","Strike_G","Defend_G","Defend_G","Defend_G","Defend_G","Defend_G","Survivor","Neutralize","Predator+1","Footwork+1","All Out Attack","Well Laid Plans+1","Underhanded Strike+1","Bouncing Flask","Malaise+1","Cloak And Dagger+1","Endless Agony+1","Concentrate+1","Eviscerate+1","Madness","Madness+1","Prepared+1","Apotheosis+1","Backflip+1","Adrenaline","Prepared+1","Caltrops+1","Adrenaline"],"relics":["Ring of the Snake","CaptainsWheel","Golden Idol","Molten Egg 2","Regal Pillow","Coffee Dripper","Kunai","Shuriken","TungstenRod","Mummified Hand","Dream Catcher","InkBottle","Sozu","Art of War","Orichalcum","Oddly Smooth Stone","Akabeko","Nunchaku"],"acts_visited":["Exordium","TheCity","TheBeyond","TheEnding"],"potions_floor_usage":[48,55],"damage_taken":[{"damage":0.0,"enemies":"Small Slimes","floor":1.0,"turns":3.0},{"damage":4.0,"enemies":"Jaw Worm","floor":2.0,"turns":6.0},{"damage":1.0,"enemies":"Cultist","floor":4.0,"turns":3.0},{"damage":0.0,"enemies":"Gremlin Gang","floor":5.0,"turns":3.0},{"damage":36.0,"enemies":"Lagavulin","floor":7.0,"turns":12.0},{"damage":0.0,"enemies":"Gremlin Nob","floor":10.0,"turns":3.0},{"damage":0.0,"enemies":"Exordium Wildlife","floor":12.0,"turns":2.0},{"damage":2.0,"enemies":"Large Slime","floor":13.0,"turns":4.0},{"damage":1.0,"enemies":"Exordium Thugs","floor":14.0,"turns":3.0},{"damage":14.0,"enemies":"The Guardian","floor":16.0,"turns":11.0},{"damage":5.0,"enemies":"Shell Parasite","floor":18.0,"turns":6.0},{"damage":1.0,"enemies":"2 Thieves","floor":20.0,"turns":5.0},{"damage":12.0,"enemies":"Snecko","floor":22.0,"turns":6.0},{"damage":8.0,"enemies":"Gremlin Leader","floor":23.0,"turns":7.0},{"damage":0.0,"enemies":"Cultist and Chosen","floor":25.0,"turns":6.0},{"damage":0.0,"enemies":"Snake Plant","floor":27.0,"turns":5.0},{"damage":4.0,"enemies":"Slavers","floor":28.0,"turns":6.0},{"damage":0.0,"enemies":"Centurion and Healer","floor":30.0,"turns":5.0},{"damage":0.0,"enemies":"Book of Stabbing","floor":31.0,"turns":7.0},{"damage":8.0,"enemies":"Champ","floor":33.0,"turns":14.0},{"damage":0.0,"enemies":"3 Shapes","floor":35.0,"turns":5.0},{"damage":0.0,"enemies":"3 Darklings","floor":37.0,"turns":5.0},{"damage":0.0,"enemies":"Writhing Mass","floor":38.0,"turns":8.0},{"damage":5.0,"enemies":"Giant Head","floor":41.0,"turns":8.0},{"damage":7.0,"enemies":"Reptomancer","floor":44.0,"turns":8.0},{"damage":0.0,"enemies":"Jaw Worm Horde","floor":45.0,"turns":4.0},{"damage":0.0,"enemies":"Giant Head","floor":46.0,"turns":8.0},{"damage":9.0,"enemies":"Spire Growth","floor":47.0,"turns":5.0},{"damage":2,"enemies":"Reptomancer","floor":48,"turns":5},{"damage":16,"enemies":"Donu and Deca","floor":50,"turns":12},{"damage":18,"enemies":"Shield and Spear","floor":54,"turns":8},{"damage":43,"enemies":"The Heart","floor":55,"turns":11}],"seed_played":"1111980777207041036","potions_obtained":[{"floor":2.0,"key":"SkillPotion"},{"floor":4.0,"key":"SneckoOil"},{"floor":7.0,"key":"Weak Potion"},{"floor":14.0,"key":"Ancient Potion"},{"floor":22.0,"key":"SmokeBomb"},{"floor":27.0,"key":"DistilledChaos"},{"floor":30.0,"key":"Weak Potion"},{"floor":31.0,"key":"GamblersBrew"}],"is_trial":false,"path_per_floor":["M","M","$","M","M","R","E","?","T","E","?","M","M","M","R","B",null,"M","?","M","$","M","E","R","M","T","M","E","R","M","E","R","B",null,"M","?","M","M","$","R","E","R","T","E","M","E","M","E","R","B",null,"R","$","E","B",null],"character_chosen":"THE_SILENT","items_purchased":["Kunai","Shuriken","Apotheosis","Adrenaline"],"campfire_rested":0,"item_purchase_floors":[21,21,39,53],"current_hp_per_floor":[70,66,66,65,65,65,29,29,29,29,29,29,27,26,26,12,65,60,54,53,53,41,33,33,33,33,33,29,29,29,29,29,21,65,65,58,58,58,58,58,53,53,53,46,46,46,37,35,35,19,65,65,65,47,4],"gold":67,"neow_bonus":"THREE_CARDS","is_daily":false,"chose_seed":false,"campfire_upgraded":8,"win_rate":0.0,"timestamp":1611286146,"path_taken":["M","M","$","M","M","R","E","?","T","E","?","M","M","M","R","BOSS","M","?","M","?","M","E","R","?","T","M","E","R","M","E","R","BOSS","M","?","M","M","$","R","E","R","T","E","M","E","M","E","R","BOSS","R","$","E","BOSS"],"items_purchased_type":["Relic","Relic","Card","Card"],"build_version":"2020-12-22","purchased_purges":3,"victory":true,"max_hp_per_floor":[70,70,70,70,70,70,70,65,65,65,65,65,65,65,65,65,65,65,65,65,65,65,65,65,65,65,65,65,65,65,65,65,65,65,65,65,65,65,65,65,65,65,65,65,65,65,65,65,65,65,65,65,65,65,65],"card_choices":[{"not_picked":["Dash","Underhanded Strike"],"picked":"Predator","floor":0.0},{"not_picked":["Poisoned Stab","Leg Sweep","Dagger Spray"],"picked":"SKIP","floor":1.0},{"not_picked":["Underhanded Strike","Distraction"],"picked":"Footwork","floor":2.0},{"not_picked":["Flying Knee","Backflip"],"picked":"All Out Attack","floor":4.0},{"not_picked":["Dagger Throw","Flying Knee","Deadly Poison"],"picked":"SKIP","floor":5.0},{"not_picked":["Bane","Finisher"],"picked":"Well Laid Plans","floor":7.0},{"not_picked":["Venomology","Concentrate","Flying Knee+1"],"picked":"SKIP","floor":10.0},{"not_picked":["Leg Sweep","Deadly Poison"],"picked":"Underhanded Strike+1","floor":12.0},{"not_picked":["Outmaneuver","Endless Agony+1"],"picked":"Bouncing Flask","floor":13.0},{"not_picked":["Backflip","Poisoned Stab+1","Flying Knee+1"],"picked":"SKIP","floor":14.0},{"not_picked":["Wraith Form v2","A Thousand Cuts"],"picked":"Malaise","floor":16.0},{"not_picked":["Blade Dance","Bane+1","Bouncing Flask"],"picked":"SKIP","floor":18.0},{"not_picked":["Riddle With Holes+1","Bane+1","Endless Agony+1"],"picked":"SKIP","floor":20.0},{"not_picked":["Flechettes+1","Bane+1","Deflect"],"picked":"SKIP","floor":22.0},{"not_picked":["Outmaneuver","Dagger Spray+1","Footwork"],"picked":"SKIP","floor":23.0},{"not_picked":["Outmaneuver","Poisoned Stab+1"],"picked":"Cloak And Dagger","floor":25.0},{"not_picked":["Flechettes+1","Bane+1","Quick Slash+1"],"picked":"SKIP","floor":27.0},{"not_picked":["Bouncing Flask","All Out Attack+1"],"picked":"Endless Agony+1","floor":28.0},{"not_picked":["Predator+1","Finisher+1","Bane+1"],"picked":"SKIP","floor":30.0},{"not_picked":["Masterful Stab+1","Dagger Throw+1"],"picked":"Concentrate+1","floor":31.0},{"not_picked":["PiercingWail+1","Leg Sweep+1"],"picked":"Eviscerate+1","floor":35.0},{"not_picked":["Quick Slash+1","Flechettes+1","Distraction+1"],"picked":"SKIP","floor":37.0},{"not_picked":["Quick Slash+1","Flechettes+1","Distraction+1"],"picked":"SKIP","floor":37.0},{"not_picked":["Noxious Fumes+1","Poisoned Stab+1"],"picked":"Prepared+1","floor":38.0},{"not_picked":["Well Laid Plans","Corpse Explosion"],"picked":"Backflip+1","floor":41.0},{"not_picked":["Masterful Stab+1","Tools of the Trade"],"picked":"Adrenaline","floor":44.0},{"not_picked":["Concentrate","Slice+1","Predator+1"],"picked":"SKIP","floor":45.0},{"not_picked":["Quick Slash+1","Distraction+1"],"picked":"Prepared","floor":46.0},{"not_picked":["Underhanded Strike+1","Deflect+1","Dodge and Roll+1"],"picked":"SKIP","floor":47.0},{"not_picked":["Dagger Throw+1","Caltrops+1","Dodge and Roll+1"],"picked":"SKIP","floor":48},{"not_picked":["Dagger Throw+1","Dodge and Roll+1"],"picked":"Caltrops+1","floor":48},{"not_picked":["PiercingWail+1","Finisher+1","Masterful Stab+1"],"picked":"SKIP","floor":54}],"player_experience":2299366,"relics_obtained":[{"floor":7.0,"key":"CaptainsWheel"},{"floor":9.0,"key":"Molten Egg 2"},{"floor":10.0,"key":"Regal Pillow"},{"floor":23.0,"key":"TungstenRod"},{"floor":26.0,"key":"Mummified Hand"},{"floor":28.0,"key":"Dream Catcher"},{"floor":31.0,"key":"InkBottle"},{"floor":41.0,"key":"Art of War"},{"floor":44.0,"key":"Orichalcum"},{"floor":46.0,"key":"Oddly Smooth Stone"},{"floor":48,"key":"Akabeko"},{"floor":54,"key":"Nunchaku"}],"event_choices":[{"damage_healed":0.0,"max_hp_gain":0.0,"max_hp_loss":5.0,"gold_gain":0.0,"event_name":"Golden Idol","player_choice":"Lose Max HP","floor":8.0,"gold_loss":0.0,"damage_taken":0.0,"relics_obtained":["Golden Idol"]},{"damage_healed":0.0,"max_hp_gain":0.0,"max_hp_loss":0.0,"gold_gain":0.0,"event_name":"Liars Game","player_choice":"Ignored","floor":11.0,"gold_loss":0.0,"damage_taken":0.0},{"damage_healed":0.0,"max_hp_gain":0.0,"max_hp_loss":0.0,"gold_gain":75.0,"event_name":"FaceTrader","player_choice":"Touch","floor":19.0,"gold_loss":0.0,"damage_taken":6.0},{"damage_healed":0.0,"max_hp_gain":0.0,"max_hp_loss":0.0,"gold_gain":0.0,"event_name":"Winding Halls","player_choice":"Embrace Madness","floor":36.0,"gold_loss":0.0,"damage_taken":8.0,"cards_obtained":["Madness","Madness"]}],"is_beta":false,"boss_relics":[{"not_picked":["Empty Cage","Busted Crown"],"picked":"Coffee Dripper"},{"not_picked":["Snecko Eye","Black Star"],"picked":"Sozu"}],"items_purged_floors":[3,39,53],"is_endless":false,"potions_floor_spawned":[2,4,7,14,22,27,30,31,33,35,37,41,48],"ascension_level":1}}