{"host":"wcqwttj5v9rz3xmq","time":1611358043,"event":{"mods":["BaseMod","Colored Map","Downfall","Minty Spire (QoL Compilation)","StSLib"],"gold_per_floor":[99,110,120,120,220,252,252,352,352,652,652,667,667,59,78,78,78,78],"floor_reached":16,"language":"ENG","playtime":1476,"items_purged":["downfall:Icky"],"score":108,"play_id":"b3acf6b0-a7bf-4c98-b5f1-8296de20eabd","local_time":"20210122182723","is_ascension_mode":false,"campfire_choices":[{"data":"hexamod:Float","floor":1,"key":"SMITH"},{"data":"hexamod:RadiantFlame","floor":9,"key":"SMITH"}],"circlet_count":0,"master_deck":["hexamod:Strike","hexamod:Strike","hexamod:Strike","hexamod:Strike","hexamod:Defend","hexamod:Defend","hexamod:Defend","hexamod:Defend","hexamod:Sear","hexamod:Float+1","hexamod:StepThrough","hexamod:RadiantFlame+1","hexamod:PowerFromBeyond","hexamod:PowerFromBeyond","downfall:Icky","hexamod:SkipABeat","hexamod:ChargedBarrage","hexamod:Hexaguard","hexamod:RecurringNightmare","hexamod:FastForward","hexamod:PowerFromBeyond","hexamod:FastForward"],"relics":["hexamod:SpiritBrand","Gambling Chip","The Courier","Anchor","Gremlin Horn","Meat on the Bone","PreservedInsect"],"acts_visited":["Exordium"],"potions_floor_usage":[13,16],"damage_taken":[{"damage":1,"enemies":"Jaw Worm","floor":2,"turns":3},{"damage":0,"enemies":"Small Slimes","floor":3,"turns":4},{"damage":16,"enemies":"Lagavulin","floor":6,"turns":7},{"damage":0,"enemies":"2 Louse","floor":12,"turns":3},{"damage":34,"enemies":"3 Sentries","floor":13,"turns":8},{"damage":0,"enemies":"downfall:FleeingMerchant","floor":14,"turns":4},{"damage":6,"enemies":"Large Slime","floor":15,"turns":5},{"damage":24,"enemies":"DF_ARCHETYPE_STREAMLINE","floor":16,"turns":6}],"seed_played":"3919561460762275081","potions_obtained":[{"floor":2,"key":"SmokeBomb"},{"floor":15,"key":"Block Potion"}],"is_trial":false,"path_per_floor":["R","M","M","?","?","E","T","?","R","?","T","M","E","$","M","B"],"character_chosen":"THE_SPIRIT","items_purchased":["Meat on the Bone","PreservedInsect","hexamod:Hexaguard","hexamod:RecurringNightmare","hexamod:FastForward","hexamod:PowerFromBeyond"],"campfire_rested":0,"item_purchase_floors":[14,14,14,14,14,14],"current_hp_per_floor":[70,69,69,57,57,41,41,41,41,41,41,41,7,7,13,0,0,0],"gold":78,"neow_bonus":"THREE_CARDS","is_daily":false,"chose_seed":false,"campfire_upgraded":2,"win_rate":0.0,"timestamp":1611358043,"path_taken":["R","M","M","?","?","E","T","?","R","?","?","M","E","$","M","BOSS"],"items_purchased_type":["Relic","Relic","Card","Card","Card","Card"],"build_version":"2020-12-22","purchased_purges":1,"victory":false,"max_hp_per_floor":[70,70,70,70,70,70,70,70,70,70,70,70,70,70,70,70,70,70],"card_choices":[{"not_picked":["hexamod:HeatCrush","hexamod:Haunt"],"picked":"hexamod:StepThrough","floor":0},{"not_picked":["hexamod:FourthSeal","hexamod:ThermalTransfer"],"picked":"hexamod:RadiantFlame","floor":2},{"not_picked":["hexamod:Haunt","hexamod:RadiantFlame"],"picked":"hexamod:PowerFromBeyond","floor":3},{"not_picked":["hexamod:Firestarter","hexamod:HauntingEcho"],"picked":"hexamod:PowerFromBeyond","floor":6},{"not_picked":["hexamod:ChargedBarrage","hexamod:NightmareGuise"],"picked":"hexamod:SkipABeat","floor":12},{"not_picked":["hexamod:BurningTouch","hexamod:HauntingEcho"],"picked":"hexamod:ChargedBarrage","floor":14},{"not_picked":["hexamod:BurningTouch","hexamod:ThermalTransfer"],"picked":"hexamod:FastForward","floor":15}],"player_experience":121518,"relics_obtained":[{"floor":6,"key":"The Courier"},{"floor":7,"key":"Anchor"},{"floor":11,"key":"Gremlin Horn"}],"event_choices":[{"damage_healed":0,"gold_gain":0,"player_choice":"Success","damage_taken":12,"relics_obtained":["Gambling Chip"],"max_hp_gain":0,"max_hp_loss":0,"event_name":"Scrap Ooze","floor":4,"gold_loss":0}],"is_beta":false,"boss_relics":[],"items_purged_floors":[14],"is_endless":false,"potions_floor_spawned":[2,15],"killed_by":"DF_ARCHETYPE_STREAMLINE","ascension_level":0}}