{"host":"sc0o2qwpf9j16a4i","time":1611330227,"event":{"mods":["AchievementEnabler","BaseMod","BetterRewards","Block Reminder","Colored Map","Colored Powertips","Custom Start","Highlight Path","Minty Spire (QoL Compilation)","Relic Stats"],"gold_per_floor":[115,115,133,52,62,96,121,121,121,121,156,156,183,37,37,139,139,186,234,234,265,215,215,243,243,243,58,101,165,212,305,305,381,381,425,496,26,26,26,91,124,210,233,258,319,429,501,501,501,501,501],"floor_reached":52,"language":"ENG","playtime":2559,"items_purged":["Pain","Normality"],"score":3000,"play_id":"e05482bb-82bf-46d6-b6df-ccf15652160a","local_time":"20210122174347","daily_mods":["SealedDeck","Flight","Terminal"],"is_ascension_mode":true,"campfire_choices":[{"data":"Wallop","floor":10,"key":"SMITH"},{"data":"Adaptation","floor":12,"key":"SMITH"},{"data":"Wish","floor":15,"key":"SMITH"},{"floor":23,"key":"REST"},{"data":"MentalFortress","floor":25,"key":"SMITH"},{"data":"Wallop","floor":32,"key":"SMITH"},{"floor":49,"key":"DIG"}],"circlet_count":0,"master_deck":["AscendersBane","Wallop+1","Consecrate","Prostrate","Prostrate","CutThroughFate","FlurryOfBlows","FlurryOfBlows","Adaptation+1","Meditate+1","Tantrum","Wallop+1","EmptyFist","MentalFortress+1","ClearTheMind","CutThroughFate","Brilliance","Wish+1","FearNoEvil","Brilliance","Prostrate","Vengeance","Wallop","Prostrate","Wallop+1","CrushJoints+1","Wish","TalkToTheHand+1","EmptyMind","Protect","FearNoEvil+1","Normality","CutThroughFate+1","Wireheading"],"relics":["PureWater","WarpedTongs","The Courier","Matryoshka","Bag of Preparation","Bottled Flame","Bottled Tornado","TeardropLocket","Cursed Key","Nilry\u0027s Codex","Red Mask","Molten Egg 2","Pen Nib","Shuriken","Membership Card","Ginger","White Beast Statue","VioletLotus","Pear","Letter Opener","Anchor","Bottled Lightning","Toy Ornithopter","Nunchaku","PreservedInsect","Akabeko","Blood Vial","Turnip","Pocketwatch","Shovel","Boot"],"acts_visited":["Exordium","TheCity","TheBeyond"],"potions_floor_usage":[31,35,35,36,40,45,51],"damage_taken":[{"damage":0,"enemies":"2 Louse","floor":1,"turns":2},{"damage":3,"enemies":"Jaw Worm","floor":3,"turns":2},{"damage":14,"enemies":"Small Slimes","floor":5,"turns":2},{"damage":3,"enemies":"Lagavulin","floor":6,"turns":4},{"damage":0,"enemies":"3 Sentries","floor":7,"turns":5},{"damage":5,"enemies":"Lagavulin","floor":11,"turns":2},{"damage":0,"enemies":"Gremlin Nob","floor":13,"turns":2},{"damage":0,"enemies":"Slime Boss","floor":16,"turns":4},{"damage":0,"enemies":"Spheric Guardian","floor":18,"turns":2},{"damage":0,"enemies":"Chosen","floor":19,"turns":3},{"damage":0,"enemies":"Masked Bandits","floor":21,"turns":2},{"damage":0,"enemies":"Slavers","floor":24,"turns":4},{"damage":0,"enemies":"Centurion and Healer","floor":28,"turns":2},{"damage":0,"enemies":"Gremlin Leader","floor":29,"turns":4},{"damage":4,"enemies":"Shelled Parasite and Fungi","floor":30,"turns":3},{"damage":0,"enemies":"Slavers","floor":31,"turns":3},{"damage":0,"enemies":"Collector","floor":33,"turns":2},{"damage":0,"enemies":"3 Shapes","floor":35,"turns":2},{"damage":0,"enemies":"3 Darklings","floor":36,"turns":3},{"damage":0,"enemies":"Giant Head","floor":40,"turns":4},{"damage":0,"enemies":"Reptomancer","floor":41,"turns":3},{"damage":0,"enemies":"Giant Head","floor":42,"turns":4},{"damage":2,"enemies":"Mind Bloom Boss Battle","floor":44,"turns":4},{"damage":0,"enemies":"Reptomancer","floor":45,"turns":2},{"damage":8,"enemies":"2 Orb Walkers","floor":46,"turns":3},{"damage":0,"enemies":"Spire Growth","floor":47,"turns":3},{"damage":7,"enemies":"Time Eater","floor":50,"turns":6},{"damage":3,"enemies":"Awakened One","floor":51,"turns":7}],"seed_played":"-945554979089291620","potions_obtained":[{"floor":3,"key":"SmokeBomb"},{"floor":7,"key":"Block Potion"},{"floor":31,"key":"Ambrosia"},{"floor":35,"key":"SneckoOil"},{"floor":36,"key":"AttackPotion"},{"floor":40,"key":"Strength Potion"},{"floor":41,"key":"Regen Potion"},{"floor":42,"key":"PowerPotion"},{"floor":45,"key":"SpeedPotion"}],"is_trial":true,"path_per_floor":["M","?","M","$","M","E","E","?","T","R","E","R","E","$","R","B",null,"M","M","?","?","?","R","E","R","T","$","M","E","M","E","R","B",null,"M","M","$","?","$","E","E","E","T","?","E","?","M","T","R","B","B",null],"character_chosen":"WATCHER","items_purchased":["MentalFortress","Ambrosia","Membership Card","Pear","TalkToTheHand+1","Letter Opener","Anchor","Bottled Lightning","Toy Ornithopter"],"campfire_rested":1,"item_purchase_floors":[4,14,27,37,37,37,37,37,37],"current_hp_per_floor":[61,61,58,58,44,41,41,41,41,41,36,36,36,36,36,36,47,47,47,26,26,26,39,39,39,39,39,39,38,34,34,34,34,33,32,31,40,39,38,37,36,35,34,32,32,24,26,26,26,21,24],"gold":501,"neow_bonus":"","is_daily":false,"chose_seed":false,"campfire_upgraded":5,"win_rate":0.0,"timestamp":1611330227,"path_taken":["M","?","M","?","?","E","E","?","T","R","E","R","E","$","R","BOSS","M","?","?","?","?","R","E","R","T","$","?","E","M","E","R","BOSS","M","?","$","?","?","E","E","E","T","?","E","?","?","?","R","BOSS","BOSS"],"items_purchased_type":["Card","Potion","Relic","Relic","Card","Relic","Relic","Relic","Relic"],"build_version":"2020-12-22","purchased_purges":2,"victory":true,"max_hp_per_floor":[66,65,64,63,62,61,60,59,58,57,56,55,54,53,52,51,50,49,48,47,46,45,44,43,42,41,40,39,38,37,36,35,34,33,32,31,40,39,38,37,36,35,34,33,32,31,30,29,28,27,26],"relic_stats":{"counters":[28,89],"Pen Nib":[21],"PreservedInsect":191,"Bag of Preparation":[46],"Ginger":[6],"Letter Opener":[144],"Cursed Key":2,"Boot":[0],"WarpedTongs":[87],"Blood Vial":7,"Nunchaku":[12],"Shovel":1,"Shuriken":[51],"VioletLotus":[25],"Turnip":[2],"obtain_stats":[{"Nilry\u0027s Codex":20,"Bag of Preparation":9,"TeardropLocket":13,"Ginger":29,"Bottled Tornado":11,"Cursed Key":17,"Boot":49,"Blood Vial":43,"Nunchaku":40,"Matryoshka":7,"Shovel":46,"VioletLotus":34,"Red Mask":21,"Pear":37,"The Courier":6,"Pen Nib":26,"PreservedInsect":41,"Letter Opener":37,"White Beast Statue":31,"Akabeko":42,"WarpedTongs":2,"Bottled Flame":9,"Anchor":37,"Shuriken":26,"Molten Egg 2":24,"Turnip":44,"Membership Card":27,"Bottled Lightning":37,"PureWater":0,"Toy Ornithopter":37,"Pocketwatch":45},{"Nilry\u0027s Codex":10,"Bag of Preparation":5,"TeardropLocket":7,"Ginger":14,"Bottled Tornado":6,"Cursed Key":8,"Boot":26,"Blood Vial":22,"Nunchaku":20,"Matryoshka":5,"Shovel":25,"VioletLotus":17,"Red Mask":11,"Pear":19,"The Courier":4,"Pen Nib":12,"PreservedInsect":21,"Letter Opener":19,"White Beast Statue":16,"Akabeko":22,"WarpedTongs":1,"Bottled Flame":5,"Anchor":19,"Shuriken":12,"Molten Egg 2":12,"Turnip":23,"Membership Card":12,"Bottled Lightning":19,"PureWater":0,"Toy Ornithopter":19,"Pocketwatch":24},{"Nilry\u0027s Codex":28,"Bag of Preparation":15,"TeardropLocket":19,"Ginger":40,"Bottled Tornado":17,"Cursed Key":23,"Boot":76,"Blood Vial":64,"Nunchaku":57,"Matryoshka":15,"Shovel":73,"VioletLotus":48,"Red Mask":30,"Pear":53,"The Courier":10,"Pen Nib":34,"PreservedInsect":60,"Letter Opener":53,"White Beast Statue":46,"Akabeko":64,"WarpedTongs":2,"Bottled Flame":15,"Anchor":53,"Shuriken":34,"Molten Egg 2":34,"Turnip":68,"Membership Card":34,"Bottled Lightning":53,"PureWater":0,"Toy Ornithopter":53,"Pocketwatch":70}],"Toy Ornithopter":4,"Pocketwatch":[9]},"card_choices":[{"not_picked":["FlyingSleeves","Protect"],"picked":"Wallop","floor":1},{"not_picked":["Prostrate","SashWhip"],"picked":"EmptyFist","floor":3},{"not_picked":["FollowUp","FlurryOfBlows"],"picked":"ClearTheMind","floor":5},{"not_picked":["EmptyFist","Weave"],"picked":"CutThroughFate","floor":6},{"not_picked":["DeceiveReality","Halt"],"picked":"Brilliance","floor":7},{"not_picked":["ForeignInfluence","ClearTheMind"],"picked":"Wish","floor":11},{"not_picked":["Consecrate","DeceiveReality"],"picked":"FearNoEvil","floor":13},{"not_picked":["Judgement","DevaForm"],"picked":"Brilliance","floor":16},{"not_picked":["SashWhip","Fasting2"],"picked":"Prostrate","floor":18},{"not_picked":["Evaluate","CutThroughFate"],"picked":"Vengeance","floor":19},{"not_picked":["FollowUp+1","Weave"],"picked":"Wallop","floor":21},{"not_picked":["BattleHymn","Study","Blasphemy"],"picked":"SKIP","floor":24},{"not_picked":["DeceiveReality","EmptyFist+1"],"picked":"Prostrate","floor":28},{"not_picked":["Pray","FlurryOfBlows+1","ClearTheMind"],"picked":"SKIP","floor":29},{"not_picked":["ForeignInfluence","ReachHeaven+1"],"picked":"Wallop+1","floor":30},{"not_picked":["Consecrate+1","Crescendo+1"],"picked":"CrushJoints+1","floor":31},{"not_picked":["Blasphemy","MasterReality"],"picked":"Wish","floor":33},{"not_picked":["SashWhip+1","Study","FlurryOfBlows+1"],"picked":"SKIP","floor":35},{"not_picked":["JustLucky+1","CrushJoints+1","Conclude+1"],"picked":"SKIP","floor":36},{"not_picked":["FlyingSleeves+1","WaveOfTheHand"],"picked":"EmptyMind","floor":40},{"not_picked":["Crescendo+1","SandsOfTime+1"],"picked":"Protect","floor":41},{"not_picked":["ClearTheMind","SashWhip+1"],"picked":"FearNoEvil+1","floor":42},{"not_picked":["FlyingSleeves+1","JustLucky+1"],"picked":"CutThroughFate+1","floor":44},{"not_picked":["EmptyBody","FollowUp+1","EmptyFist+1"],"picked":"SKIP","floor":45},{"not_picked":["MasterReality","FollowUp+1"],"picked":"Wireheading","floor":47}],"player_experience":888150,"relics_obtained":[{"floor":6,"key":"The Courier"},{"floor":7,"key":"Matryoshka"},{"floor":9,"key":"Bag of Preparation"},{"floor":9,"key":"Bottled Flame"},{"floor":11,"key":"Bottled Tornado"},{"floor":13,"key":"TeardropLocket"},{"floor":20,"key":"Nilry\u0027s Codex"},{"floor":21,"key":"Red Mask"},{"floor":24,"key":"Molten Egg 2"},{"floor":26,"key":"Pen Nib"},{"floor":26,"key":"Shuriken"},{"floor":29,"key":"Ginger"},{"floor":31,"key":"White Beast Statue"},{"floor":40,"key":"Nunchaku"},{"floor":41,"key":"PreservedInsect"},{"floor":42,"key":"Akabeko"},{"floor":43,"key":"Blood Vial"},{"floor":44,"key":"Turnip"},{"floor":45,"key":"Pocketwatch"},{"floor":46,"key":"Shovel"},{"floor":49,"key":"Boot"}],"event_choices":[{"damage_healed":0,"gold_gain":0,"player_choice":"Rummage","damage_taken":0,"relics_obtained":["WarpedTongs"],"max_hp_gain":0,"max_hp_loss":0,"event_name":"Accursed Blacksmith","floor":2,"gold_loss":0,"cards_obtained":["Pain"]},{"damage_healed":0,"gold_gain":0,"player_choice":"Upgraded","damage_taken":0,"max_hp_gain":0,"max_hp_loss":0,"event_name":"Upgrade Shrine","floor":8,"gold_loss":0,"cards_upgraded":["Meditate"]},{"damage_healed":0,"gold_gain":0,"player_choice":"Obtained Book","damage_taken":21,"max_hp_gain":0,"max_hp_loss":0,"event_name":"Cursed Tome","floor":20,"gold_loss":0},{"damage_healed":0,"gold_gain":0,"player_choice":"Fought Bandits","damage_taken":0,"max_hp_gain":0,"max_hp_loss":0,"event_name":"Masked Bandits","floor":21,"gold_loss":0},{"damage_healed":0,"gold_gain":0,"player_choice":"Bet on Murderer","damage_taken":0,"max_hp_gain":0,"max_hp_loss":0,"event_name":"The Joust","floor":22,"gold_loss":50},{"damage_healed":0,"gold_gain":0,"player_choice":"Ignored","damage_taken":0,"max_hp_gain":0,"max_hp_loss":0,"event_name":"SecretPortal","floor":38,"gold_loss":0},{"damage_healed":0,"gold_gain":0,"player_choice":"Fight","damage_taken":0,"max_hp_gain":0,"max_hp_loss":0,"event_name":"MindBloom","floor":44,"gold_loss":0},{"damage_healed":0,"gold_gain":0,"player_choice":"Fight","damage_taken":0,"max_hp_gain":0,"max_hp_loss":0,"event_name":"Mysterious Sphere","floor":46,"gold_loss":0}],"is_beta":false,"boss_relics":[{"not_picked":["Tiny House","Calling Bell"],"picked":"Cursed Key"},{"not_picked":["Sozu","Busted Crown"],"picked":"VioletLotus"}],"items_purged_floors":[14,27],"is_endless":false,"potions_floor_spawned":[3,7,11,18,19,31,33,35,36,40,41,42,44,45,46,47],"ascension_level":20}}