{"host":"oi6p1guiqfwwvxym","time":1611296267,"event":{"mods":["BaseMod","Colored Map","Minty Spire (QoL Compilation)","Relic Stats"],"gold_per_floor":[130,158,187,214,226,238,284,296,386,398,398],"floor_reached":10,"language":"ENG","playtime":432,"items_purged":[],"score":129,"play_id":"05d8e4a4-976e-456c-b900-a4ed8ecd0bba","local_time":"20210121221747","is_ascension_mode":true,"campfire_choices":[{"floor":6,"key":"REST"},{"floor":8,"key":"REST"}],"circlet_count":0,"master_deck":["AscendersBane","Strike_R","Strike_R","Strike_R","Strike_R","Strike_R","Defend_R","Defend_R","Defend_R","Defend_R","Bash","CurseOfTheBell","Cleave","Dropkick"],"relics":["Calling Bell","MawBank","Matryoshka","Dead Branch","FossilizedHelix","Smiling Mask","Mummified Hand"],"acts_visited":["Exordium"],"potions_floor_usage":[7,10],"damage_taken":[{"damage":7,"enemies":"Cultist","floor":1,"turns":4},{"damage":23,"enemies":"Jaw Worm","floor":2,"turns":6},{"damage":2,"enemies":"2 Louse","floor":3,"turns":3},{"damage":19,"enemies":"Blue Slaver","floor":4,"turns":5},{"damage":27,"enemies":"3 Sentries","floor":7,"turns":7},{"damage":35,"enemies":"Lagavulin","floor":10,"turns":6}],"seed_played":"-346634797612403546","potions_obtained":[{"floor":2,"key":"Energy Potion"},{"floor":7,"key":"Fire Potion"}],"is_trial":false,"path_per_floor":["M","M","M","M","?","R","E","R","T","E"],"character_chosen":"IRONCLAD","items_purchased":[],"campfire_rested":2,"item_purchase_floors":[],"current_hp_per_floor":[61,38,36,17,17,39,12,34,34,0,0],"gold":398,"neow_bonus":"BOSS_RELIC","is_daily":false,"chose_seed":false,"campfire_upgraded":0,"win_rate":0.0,"timestamp":1611296267,"path_taken":["M","M","M","?","?","R","E","R","T","E"],"items_purchased_type":[],"build_version":"2020-12-22","purchased_purges":0,"victory":false,"max_hp_per_floor":[75,75,75,75,75,75,75,75,75,75,75],"relic_stats":{"counters":[6,31],"Mummified Hand":[0],"Dead Branch":[13],"MawBank":120,"Smiling Mask":0,"obtain_stats":[{"Calling Bell":0,"Matryoshka":0,"Mummified Hand":9,"Dead Branch":0,"MawBank":0,"Smiling Mask":9,"Burning Blood":0,"FossilizedHelix":7},{"Calling Bell":0,"Matryoshka":0,"Mummified Hand":5,"Dead Branch":0,"MawBank":0,"Smiling Mask":5,"Burning Blood":0,"FossilizedHelix":5},{"Calling Bell":0,"Matryoshka":0,"Mummified Hand":25,"Dead Branch":0,"MawBank":0,"Smiling Mask":25,"Burning Blood":0,"FossilizedHelix":25}]},"card_choices":[{"not_picked":["Armaments","Clash"],"picked":"Cleave","floor":1},{"not_picked":["Clash","Havoc","Rage"],"picked":"SKIP","floor":2},{"not_picked":["Heavy Blade","Cleave"],"picked":"Dropkick","floor":3},{"not_picked":["Pummel","Warcry","Clash"],"picked":"SKIP","floor":4},{"not_picked":["Clash","Rage","Thunderclap"],"picked":"SKIP","floor":7}],"player_experience":381704,"relics_obtained":[{"floor":0,"key":"MawBank"},{"floor":0,"key":"Matryoshka"},{"floor":0,"key":"Dead Branch"},{"floor":7,"key":"FossilizedHelix"},{"floor":9,"key":"Smiling Mask"},{"floor":9,"key":"Mummified Hand"}],"event_choices":[{"damage_healed":0,"gold_gain":0,"player_choice":"Ignored","damage_taken":0,"max_hp_gain":0,"max_hp_loss":0,"event_name":"Golden Idol","floor":5,"gold_loss":0}],"is_beta":false,"boss_relics":[],"items_purged_floors":[],"is_endless":false,"potions_floor_spawned":[2,7],"killed_by":"Lagavulin","ascension_level":18}}