{"host":"w3q5ijqu8eoknil3","time":1611291137,"event":{"mods":["AchievementEnabler","BaseMod","Block Reminder","Colored Map","Colored Powertips","Curses Come First","Dark Map","Minty Spire (QoL Compilation)","Quick Restart","Relic Stats","StSLib","ojb\u0027s Better Paths Mod","ojb\u0027s Info Mod","slay the spire mod where everything is the same but ironclad has a cowboy hat"],"gold_per_floor":[109,124,139,139,139,173,6,66,91,107,133,149,149,168,168,242,242,260,273,323,59,72,72,104,104,104,29,49,81,81,97,97,97,97],"floor_reached":33,"language":"ENG","playtime":1083,"items_purged":["Strike_G"],"score":612,"play_id":"26c7aa54-d487-4ba8-813f-a13f02ac690d","local_time":"20210122045217","is_ascension_mode":true,"campfire_choices":[{"data":"All Out Attack","floor":13,"key":"SMITH"},{"data":"Blade Dance","floor":15,"key":"SMITH"},{"data":"Adrenaline","floor":23,"key":"SMITH"},{"data":"Masterful Stab","floor":25,"key":"SMITH"},{"floor":32,"key":"REST"}],"circlet_count":0,"master_deck":["AscendersBane","Strike_G","Strike_G","Strike_G","Strike_G","Defend_G","Defend_G","Defend_G","Defend_G","Defend_G","Survivor","Neutralize","Dash","Dagger Throw","All Out Attack+1","PiercingWail","Masterful Stab+1","Night Terror","Blade Dance+1","Adrenaline+1","Dagger Spray","Flying Knee+1","Backflip+1","Finisher+1","Glass Knife","Slice+1"],"relics":["Ring of the Snake","NeowsBlessing","Strawberry","Chemical X","Anchor","Blood Vial","SacredBark","Gremlin Horn","Shuriken","PreservedInsect","Smiling Mask"],"acts_visited":["Exordium","TheCity"],"potions_floor_usage":[6,16,18,18,24,33],"damage_taken":[{"damage":0,"enemies":"Small Slimes","floor":1,"turns":1},{"damage":0,"enemies":"2 Louse","floor":2,"turns":1},{"damage":0,"enemies":"Jaw Worm","floor":3,"turns":1},{"damage":7,"enemies":"3 Sentries","floor":6,"turns":6},{"damage":1,"enemies":"3 Louse","floor":10,"turns":3},{"damage":24,"enemies":"Gremlin Nob","floor":11,"turns":4},{"damage":1,"enemies":"Looter","floor":12,"turns":3},{"damage":0,"enemies":"Blue Slaver","floor":14,"turns":2},{"damage":24,"enemies":"Hexaghost","floor":16,"turns":9},{"damage":6,"enemies":"2 Thieves","floor":18,"turns":4},{"damage":37,"enemies":"Spheric Guardian","floor":19,"turns":6},{"damage":3,"enemies":"Centurion and Healer","floor":22,"turns":6},{"damage":0,"enemies":"Gremlin Leader","floor":24,"turns":3},{"damage":2,"enemies":"3 Cultists","floor":28,"turns":3},{"damage":24,"enemies":"Slavers","floor":29,"turns":2},{"damage":0,"enemies":"Shelled Parasite and Fungi","floor":31,"turns":3},{"damage":69,"enemies":"Automaton","floor":33,"turns":6}],"seed_played":"5502367597974294401","potions_obtained":[{"floor":2,"key":"PowerPotion"},{"floor":3,"key":"Explosive Potion"},{"floor":6,"key":"SmokeBomb"},{"floor":11,"key":"SpeedPotion"},{"floor":16,"key":"Block Potion"},{"floor":22,"key":"Strength Potion"},{"floor":29,"key":"LiquidBronze"}],"is_trial":false,"path_per_floor":["M","M","M","?","?","E","$","?","T","M","E","M","R","M","R","B",null,"M","M","?","$","M","R","E","R","T","$","M","E","?","M","R","B"],"character_chosen":"THE_SILENT","items_purchased":["Chemical X","Gremlin Horn"],"campfire_rested":1,"item_purchase_floors":[7,21],"current_hp_per_floor":[59,59,59,64,64,64,64,64,64,63,39,40,40,42,42,20,64,60,25,25,25,24,24,26,26,26,26,26,4,4,6,29,0,0],"gold":97,"neow_bonus":"THREE_ENEMY_KILL","is_daily":false,"chose_seed":false,"campfire_upgraded":4,"win_rate":0.0,"timestamp":1611291137,"path_taken":["M","M","M","?","?","E","$","?","T","M","E","M","R","M","R","BOSS","M","M","?","$","M","R","E","R","T","$","M","E","?","M","R","BOSS"],"items_purchased_type":["Relic","Relic"],"build_version":"2020-12-22","purchased_purges":1,"victory":false,"max_hp_per_floor":[66,66,66,71,71,78,78,78,78,78,78,78,78,78,78,78,78,78,78,78,78,78,78,78,78,78,78,78,78,78,78,78,78,78],"relic_stats":{"Blood Vial":22,"Gremlin Horn":[10,10],"counters":[17,63],"Shuriken":[15],"PreservedInsect":41,"Chemical X":[1],"Smiling Mask":0,"obtain_stats":[{"Blood Vial":11,"Anchor":9,"NeowsBlessing":0,"Gremlin Horn":21,"Shuriken":24,"Strawberry":6,"SacredBark":17,"PreservedInsect":26,"Chemical X":7,"Smiling Mask":29,"Ring of the Snake":0},{"Blood Vial":6,"Anchor":4,"NeowsBlessing":0,"Gremlin Horn":11,"Shuriken":13,"Strawberry":4,"SacredBark":9,"PreservedInsect":13,"Chemical X":4,"Smiling Mask":15,"Ring of the Snake":0},{"Blood Vial":16,"Anchor":9,"NeowsBlessing":0,"Gremlin Horn":40,"Shuriken":49,"Strawberry":9,"SacredBark":30,"PreservedInsect":49,"Chemical X":9,"Smiling Mask":54,"Ring of the Snake":0}],"Ring of the Snake":[34]},"card_choices":[{"not_picked":["Acrobatics","Reflex"],"picked":"Dash","floor":1},{"not_picked":["Distraction","Prepared"],"picked":"Dagger Throw","floor":2},{"not_picked":["Heel Hook","Noxious Fumes"],"picked":"All Out Attack","floor":3},{"not_picked":["Endless Agony","Prepared"],"picked":"PiercingWail","floor":6},{"not_picked":["Deflect","Flying Knee"],"picked":"Masterful Stab","floor":10},{"not_picked":["Outmaneuver","Accuracy"],"picked":"Night Terror","floor":11},{"not_picked":["Flying Knee","Leg Sweep"],"picked":"Blade Dance","floor":12},{"not_picked":["Underhanded Strike","Bane","Accuracy"],"picked":"SKIP","floor":14},{"not_picked":["A Thousand Cuts","Venomology"],"picked":"Adrenaline","floor":16},{"not_picked":["Dodge and Roll","Flying Knee+1"],"picked":"Dagger Spray","floor":18},{"not_picked":["Dagger Spray","Escape Plan"],"picked":"Flying Knee+1","floor":19},{"not_picked":["Reflex","Sucker Punch"],"picked":"Backflip+1","floor":22},{"not_picked":["Dodge and Roll","Concentrate"],"picked":"Finisher+1","floor":24},{"not_picked":["Dodge and Roll","Slice"],"picked":"Glass Knife","floor":28},{"not_picked":["Outmaneuver","Backflip"],"picked":"Slice+1","floor":29},{"not_picked":["Terror","Dodge and Roll","Catalyst"],"picked":"SKIP","floor":31}],"player_experience":1009334,"relics_obtained":[{"floor":6,"key":"Strawberry"},{"floor":9,"key":"Anchor"},{"floor":11,"key":"Blood Vial"},{"floor":24,"key":"Shuriken"},{"floor":26,"key":"PreservedInsect"},{"floor":29,"key":"Smiling Mask"}],"event_choices":[{"damage_healed":0,"gold_gain":0,"player_choice":"Donut","damage_taken":0,"max_hp_gain":5,"max_hp_loss":0,"event_name":"Big Fish","floor":4,"gold_loss":0},{"damage_healed":0,"gold_gain":0,"player_choice":"Ignored","damage_taken":0,"max_hp_gain":0,"max_hp_loss":0,"event_name":"Liars Game","floor":5,"gold_loss":0},{"damage_healed":0,"gold_gain":60,"player_choice":"Gained Gold","damage_taken":0,"max_hp_gain":0,"max_hp_loss":0,"event_name":"Golden Wing","floor":8,"gold_loss":0},{"damage_healed":0,"gold_gain":50,"player_choice":"Stole From Cult","damage_taken":0,"max_hp_gain":0,"max_hp_loss":0,"event_name":"Nest","floor":20,"gold_loss":0},{"damage_healed":0,"gold_gain":0,"player_choice":"Ignored","damage_taken":0,"max_hp_gain":0,"max_hp_loss":0,"event_name":"Ghosts","floor":30,"gold_loss":0}],"is_beta":false,"boss_relics":[{"not_picked":["Busted Crown","Snecko Eye"],"picked":"SacredBark"}],"items_purged_floors":[27],"is_endless":false,"potions_floor_spawned":[2,3,6,11,12,16,22,29],"killed_by":"Automaton","ascension_level":18}}