{"host":"9c969dq3azt3tjy5","time":1611314460,"event":{"mods":["AchievementEnabler","BaseMod","Colored Powertips","Minty Spire (QoL Compilation)","Quick Restart","Rare Cards Sparkle","Waifu the Spire"],"gold_per_floor":[116,116,116,166,186,218,237,257,280,296,296,296,296,310,310,407,407,426,376,376,387,402,402,421,421,421,421,421,421,144,144,144,247,247,266,279,294,308,1,1,1,1,1,1,1,21,31,81,81,81,81],"floor_reached":50,"language":"RUS","playtime":2655,"items_purged":["Strike_B","Zap"],"score":492,"play_id":"76b9e390-b7a2-46e0-b371-92acfe3ff405","local_time":"20210122232100","is_ascension_mode":false,"campfire_choices":[{"floor":11,"key":"REST"},{"data":"Echo Form","floor":13,"key":"SMITH"},{"floor":15,"key":"REST"},{"data":"Sunder","floor":23,"key":"SMITH"},{"data":"Self Repair","floor":27,"key":"SMITH"},{"floor":32,"key":"REST"},{"data":"Creative AI","floor":40,"key":"SMITH"},{"floor":42,"key":"REST"},{"data":"Turbo","floor":45,"key":"SMITH"},{"floor":49,"key":"RECALL"}],"circlet_count":0,"master_deck":["Dualcast","Ball Lightning","Coolheaded+1","Echo Form+1","Turbo+1","Amplify+1","Auto Shields","Sunder+1","Self Repair+1","Chaos+1","Heatsinks","Creative AI+1","Blizzard","Force Field","Self Repair","Hello World","Capacitor","Enlightenment","Barrage"],"relics":["Cracked Core","NeowsBlessing","Happy Flower","Smiling Mask","Bronze Scales","Lantern","Tiny Chest","SacredBark","War Paint","Mango","PreservedInsect","Pandora\u0027s Box","Torii","Symbiotic Virus","TungstenRod"],"acts_visited":["Exordium","TheCity","TheBeyond"],"potions_floor_usage":[16,18,38,48],"damage_taken":[{"damage":0,"enemies":"Cultist","floor":1,"turns":1},{"damage":0,"enemies":"Small Slimes","floor":5,"turns":1},{"damage":0,"enemies":"Lagavulin","floor":6,"turns":1},{"damage":1,"enemies":"Jaw Worm","floor":7,"turns":2},{"damage":2,"enemies":"Looter","floor":8,"turns":2},{"damage":10,"enemies":"Blue Slaver","floor":10,"turns":2},{"damage":0,"enemies":"3 Louse","floor":14,"turns":2},{"damage":56,"enemies":"The Guardian","floor":16,"turns":10},{"damage":10,"enemies":"2 Thieves","floor":18,"turns":3},{"damage":5,"enemies":"Spheric Guardian","floor":21,"turns":3},{"damage":6,"enemies":"Snecko","floor":22,"turns":5},{"damage":21,"enemies":"Centurion and Healer","floor":24,"turns":6},{"damage":74,"enemies":"Collector","floor":33,"turns":11},{"damage":5,"enemies":"3 Shapes","floor":35,"turns":5},{"damage":33,"enemies":"3 Darklings","floor":36,"turns":5},{"damage":59,"enemies":"Writhing Mass","floor":37,"turns":7},{"damage":41,"enemies":"Spire Growth","floor":38,"turns":7},{"damage":8,"enemies":"3 Darklings","floor":46,"turns":4},{"damage":23,"enemies":"Jaw Worm Horde","floor":47,"turns":6},{"damage":21,"enemies":"Mind Bloom Boss Battle","floor":48,"turns":5},{"damage":111,"enemies":"Awakened One","floor":50,"turns":4}],"seed_played":"2984966049176063263","potions_obtained":[{"floor":6,"key":"BlessingOfTheForge"},{"floor":7,"key":"SkillPotion"},{"floor":14,"key":"ColorlessPotion"},{"floor":22,"key":"SmokeBomb"},{"floor":24,"key":"Fire Potion"},{"floor":35,"key":"SteroidPotion"},{"floor":37,"key":"AttackPotion"},{"floor":47,"key":"Regen Potion"}],"is_trial":false,"path_per_floor":["M","?","?","T","M","E","M","M","T","M","R","T","R","M","R","B",null,"M","$","?","M","M","R","M","?","T","R","T","?","$","?","R","B",null,"M","M","M","M","$","R","T","R","T","?","R","M","M","?","R","B"],"character_chosen":"DEFECT","items_purchased":["Heatsinks","PreservedInsect","Torii"],"campfire_rested":4,"item_purchase_floors":[30,30,39],"current_hp_per_floor":[75,60,42,42,42,42,41,39,39,29,51,51,51,51,73,17,75,65,65,65,60,61,61,54,40,40,40,54,54,54,54,82,18,94,94,88,56,32,32,32,32,60,60,60,60,69,66,94,94,0,0],"gold":81,"neow_bonus":"THREE_ENEMY_KILL","is_daily":false,"chose_seed":false,"campfire_upgraded":5,"win_rate":0.0,"timestamp":1611314460,"path_taken":["M","?","?","?","M","E","M","M","T","M","R","?","R","?","R","BOSS","M","$","?","M","M","R","M","?","T","R","?","?","$","?","R","BOSS","M","?","M","M","$","R","?","R","T","?","R","M","M","?","R","BOSS"],"items_purchased_type":["Card","Relic","Relic"],"build_version":"2020-12-22","purchased_purges":2,"victory":false,"max_hp_per_floor":[75,75,75,75,75,75,75,75,75,75,75,75,75,75,75,75,75,75,75,75,75,75,75,75,80,80,80,94,94,94,94,94,94,94,94,94,94,94,94,94,94,94,94,94,94,94,94,94,94,94,94],"card_choices":[{"not_picked":["BootSequence","Blizzard"],"picked":"Ball Lightning","floor":1},{"not_picked":["Melter","Steam"],"picked":"Coolheaded","floor":5},{"not_picked":["Leap","Hologram"],"picked":"Echo Form","floor":6},{"not_picked":["Sunder","Steam","Sweeping Beam"],"picked":"SKIP","floor":7},{"not_picked":["Rebound","Sunder"],"picked":"Turbo","floor":8},{"not_picked":["Ball Lightning","Hologram","Rebound"],"picked":"SKIP","floor":10},{"not_picked":["Redo","Hello World"],"picked":"Amplify","floor":14},{"not_picked":["Conserve Battery","Gash+1","Stack"],"picked":"SKIP","floor":18},{"not_picked":["Blizzard+1","Auto Shields"],"picked":"Self Repair","floor":21},{"not_picked":["Coolheaded","Turbo"],"picked":"Chaos+1","floor":22},{"not_picked":["FTL+1","Go for the Eyes+1","Cold Snap"],"picked":"SKIP","floor":24},{"not_picked":["Rainbow","Electrodynamics"],"picked":"Creative AI","floor":33},{"not_picked":["Turbo+1","Leap","Double Energy"],"picked":"SKIP","floor":35},{"not_picked":["Coolheaded+1","Echo Form","Turbo+1"],"picked":"SKIP","floor":36},{"not_picked":["Sweeping Beam","Doom and Gloom","Leap"],"picked":"SKIP","floor":37},{"not_picked":["Sweeping Beam","Gash+1","Electrodynamics"],"picked":"SKIP","floor":38},{"not_picked":["Violence","Flash of Steel"],"picked":"Enlightenment","floor":44},{"not_picked":["Sweeping Beam+1","Gash","Ball Lightning"],"picked":"SKIP","floor":46},{"not_picked":["Redo+1","Turbo"],"picked":"Barrage","floor":47}],"player_experience":193549,"relics_obtained":[{"floor":4,"key":"Smiling Mask"},{"floor":6,"key":"Bronze Scales"},{"floor":9,"key":"Lantern"},{"floor":12,"key":"Tiny Chest"},{"floor":26,"key":"War Paint"},{"floor":28,"key":"Mango"},{"floor":43,"key":"Symbiotic Virus"},{"floor":48,"key":"TungstenRod"}],"event_choices":[{"damage_healed":0,"gold_gain":0,"player_choice":"Entered Light","damage_taken":15,"max_hp_gain":0,"max_hp_loss":0,"event_name":"Shining Light","floor":2,"gold_loss":0,"cards_upgraded":["Strike_B","Defend_B"]},{"damage_healed":0,"gold_gain":0,"player_choice":"Success","damage_taken":18,"relics_obtained":["Happy Flower"],"max_hp_gain":0,"max_hp_loss":0,"event_name":"Scrap Ooze","floor":3,"gold_loss":0},{"damage_healed":0,"gold_gain":0,"cards_transformed":["Defend_B","Strike_B"],"player_choice":"Became Test Subject","damage_taken":0,"max_hp_gain":0,"max_hp_loss":0,"event_name":"Drug Dealer","floor":20,"gold_loss":0,"cards_obtained":["Auto Shields","Sunder"]},{"damage_healed":0,"gold_gain":0,"player_choice":"Shed Blood","damage_taken":19,"max_hp_gain":5,"max_hp_loss":0,"event_name":"Forgotten Altar","floor":25,"gold_loss":0},{"damage_healed":0,"gold_gain":0,"player_choice":"Ignored","damage_taken":0,"max_hp_gain":0,"max_hp_loss":0,"event_name":"The Mausoleum","floor":29,"gold_loss":0},{"damage_healed":0,"gold_gain":0,"player_choice":"Ignored","damage_taken":0,"max_hp_gain":0,"max_hp_loss":0,"event_name":"NoteForYourself","floor":31,"gold_loss":0},{"damage_healed":0,"gold_gain":0,"player_choice":"Memory 1","damage_taken":0,"max_hp_gain":0,"max_hp_loss":0,"event_name":"SensoryStone","floor":44,"gold_loss":0},{"damage_healed":0,"gold_gain":0,"player_choice":"Fight","damage_taken":0,"max_hp_gain":0,"max_hp_loss":0,"event_name":"MindBloom","floor":48,"gold_loss":0}],"is_beta":false,"boss_relics":[{"not_picked":["Busted Crown","Cursed Key"],"picked":"SacredBark"},{"not_picked":["Runic Pyramid","Fusion Hammer"],"picked":"Pandora\u0027s Box"}],"items_purged_floors":[19,30],"is_endless":false,"potions_floor_spawned":[6,7,14,22,24,35,37,47],"killed_by":"Awakened One","ascension_level":0}}