{"host":"ftwnpa9ceeptmrn1","time":1611311029,"event":{"mods":["Aspiration","BaseMod","Colored Map","Colored Powertips","Conspire","Downfall","Hubris","Infinite Spire","Minty Spire (QoL Compilation)","Relic Stats","StSLib","vexMod"],"gold_per_floor":[110,110,127,146,158,189,11,45,68,79,79,97,108,126,126,226,226,237,237,251,301,311,644,644,644,644],"floor_reached":25,"language":"ENG","playtime":2204,"items_purged":[],"score":313,"play_id":"5ac393bf-466f-4c02-97fe-4d7f71c73ba7","local_time":"20210122042349","is_ascension_mode":true,"campfire_choices":[{"floor":11,"key":"RECALL"},{"data":"True Grit","floor":15,"key":"SMITH"},{"data":"Demon Form","floor":24,"key":"SMITH"}],"circlet_count":0,"master_deck":["Strike_R","Strike_R","Strike_R","Strike_R","Defend_R","Defend_R","Defend_R","Defend_R","Bash","Havoc+1","Seeing Red","Combust","Clothesline","hubris:ReadiedAction","Fire Breathing","Sword Boomerang","Disarm","True Grit+1","Demon Form+1","Body Slam","Pommel Strike","Feed","Disarm","Ghostly","Ghostly","Ghostly","Ghostly","Ghostly","hubris:ReadiedAction","Uppercut","Rage"],"relics":["Burning Blood","Toy Ornithopter","hubris:EmptyBottle","Centennial Puzzle","Pen Nib","aspiration:FutureDiary","Old Coin"],"acts_visited":["Exordium","TheCity"],"potions_floor_usage":[8,8,14,16,16,18,22,22,25],"damage_taken":[{"damage":9.0,"enemies":"Jaw Worm","floor":1.0,"turns":6.0},{"damage":1,"enemies":"Cultist","floor":3,"turns":4},{"damage":2,"enemies":"2 Louse","floor":4,"turns":3},{"damage":8,"enemies":"Blue Slaver","floor":5,"turns":5},{"damage":27,"enemies":"3 Sentries","floor":6,"turns":7},{"damage":1,"enemies":"Gremlin Nob","floor":8,"turns":2},{"damage":4,"enemies":"Red Slaver","floor":10,"turns":3},{"damage":6,"enemies":"2 Fungi Beasts","floor":12,"turns":4},{"damage":12,"enemies":"Looter","floor":13,"turns":3},{"damage":2,"enemies":"Exordium Wildlife","floor":14,"turns":2},{"damage":20,"enemies":"Slime Boss","floor":16,"turns":5},{"damage":14,"enemies":"3 Byrds","floor":18,"turns":5},{"damage":15,"enemies":"2 Thieves","floor":20,"turns":5},{"damage":9,"enemies":"3 Cultists","floor":22,"turns":7},{"damage":17,"enemies":"Book of Stabbing","floor":23,"turns":6},{"damage":33,"enemies":"Slavers","floor":25,"turns":4}],"seed_played":"5463296958720072169","potions_obtained":[{"floor":6,"key":"SneckoOil"},{"floor":8,"key":"ElixirPotion"},{"floor":12,"key":"DistilledChaos"},{"floor":13,"key":"FearPotion"},{"floor":18,"key":"Block Potion"}],"is_trial":false,"path_per_floor":["M","?","M","M","M","E","$","E","T","M","R","M","M","M","R","B",null,"M","?","M","?","M","E","R","E"],"character_chosen":"IRONCLAD","items_purchased":["hubris:EmptyBottle","Sword Boomerang"],"campfire_rested":0,"item_purchase_floors":[7,7],"current_hp_per_floor":[77,77,80,80,78,57,57,72,72,74,74,74,68,77,77,66,80,80,41,32,32,39,28,28,0,0],"gold":644,"neow_bonus":"TRANSFORM_CARD","is_daily":false,"chose_seed":false,"campfire_upgraded":2,"win_rate":0.0,"timestamp":1611311029,"path_taken":["M","?","?","M","M","E","$","E","T","M","R","M","M","M","R","BOSS","M","?","M","?","M","E","R","E"],"items_purchased_type":["Relic","Card"],"build_version":"2020-12-22","purchased_purges":0,"victory":false,"max_hp_per_floor":[80,80,80,80,80,80,80,80,80,80,80,80,80,80,80,80,80,83,41,41,41,41,41,41,41,41],"relic_stats":{"Centennial Puzzle":[30],"counters":[16,71],"Pen Nib":[7],"obtain_stats":[{"Centennial Puzzle":8,"Pen Nib":9,"hubris:EmptyBottle":7,"aspiration:FutureDiary":17,"Burning Blood":0,"Toy Ornithopter":6,"Old Coin":23},{"Centennial Puzzle":6,"Pen Nib":6,"hubris:EmptyBottle":5,"aspiration:FutureDiary":11,"Burning Blood":0,"Toy Ornithopter":5,"Old Coin":15},{"Centennial Puzzle":27,"Pen Nib":27,"hubris:EmptyBottle":25,"aspiration:FutureDiary":44,"Burning Blood":0,"Toy Ornithopter":25,"Old Coin":67}],"Burning Blood":84,"Toy Ornithopter":38},"card_choices":[{"not_picked":["Havoc","Rage"],"picked":"Seeing Red","floor":1.0},{"not_picked":["hubris:SharpeningStone","Twin Strike"],"picked":"Combust","floor":3},{"not_picked":["infinitespire:OneForAll","Anger"],"picked":"Clothesline","floor":4},{"not_picked":["Warcry","Havoc"],"picked":"hubris:ReadiedAction","floor":5},{"not_picked":["hubris:ReadiedAction","Inflame"],"picked":"Fire Breathing","floor":6},{"not_picked":["True Grit","Clothesline"],"picked":"Disarm","floor":8},{"not_picked":["Cleave","Body Slam"],"picked":"True Grit","floor":10},{"not_picked":["Perfected Strike","hubris:ReadiedAction"],"picked":"Demon Form","floor":12},{"not_picked":["Anger","Warcry"],"picked":"Body Slam","floor":13},{"not_picked":["Twin Strike","Power Through"],"picked":"Pommel Strike","floor":14},{"not_picked":["Exhume","Demon Form"],"picked":"Feed","floor":16},{"not_picked":["Heavy Blade","Carnage"],"picked":"Disarm","floor":18},{"not_picked":["Hemokinesis","Warcry"],"picked":"hubris:ReadiedAction","floor":20},{"not_picked":["True Grit","Thunderclap"],"picked":"Uppercut","floor":22},{"not_picked":["Shrug It Off+1","Burning Pact"],"picked":"Rage","floor":23}],"player_experience":309748,"relics_obtained":[{"floor":6,"key":"Toy Ornithopter"},{"floor":8,"key":"Centennial Puzzle"},{"floor":9,"key":"Pen Nib"},{"floor":23,"key":"Old Coin"}],"event_choices":[{"damage_healed":0.0,"max_hp_gain":0.0,"max_hp_loss":0.0,"gold_gain":0.0,"event_name":"Upgrade Shrine","player_choice":"Upgraded","floor":2.0,"gold_loss":0.0,"damage_taken":0.0,"cards_upgraded":["Havoc"]},{"damage_healed":0,"gold_gain":0,"player_choice":"Became a Ghost","damage_taken":0,"max_hp_gain":0,"max_hp_loss":42,"event_name":"Ghosts","floor":19,"gold_loss":0,"cards_obtained":["Ghostly","Ghostly","Ghostly","Ghostly","Ghostly"]},{"damage_healed":0,"gold_gain":100,"player_choice":"Bet on Murderer","damage_taken":0,"max_hp_gain":0,"max_hp_loss":0,"event_name":"The Joust","floor":21,"gold_loss":50}],"is_beta":false,"boss_relics":[{"not_picked":["Runic Cube","hubris:VirtuousBlindfold"],"picked":"aspiration:FutureDiary"}],"items_purged_floors":[],"is_endless":false,"potions_floor_spawned":[6,8,12,13,18],"killed_by":"Slavers","ascension_level":2}}