{"host":"nbmmy2ys5j9alw05","time":1611281595,"event":{"mods":["AchievementEnabler","BaseMod","Bestiary","Better Vampires","Colored Map","Colored Powertips","Googly Eyes","Minty Spire (QoL Compilation)","Quick Restart","StSLib","The Hierophant","The IronCluck","everything is the same but u backflip on backflip"],"gold_per_floor":[113,113,133,40,40,40,40,40,40,53,88,88,106,120,120,248,248,267,243,168,182,182,182,182,182,206,221,221,242,242,265,265,395,395,413,413,428,491,491,531,91,91,118,118,118],"floor_reached":44,"language":"ENG","playtime":1592,"items_purged":["Strike_B"],"score":654,"play_id":"d09c7e41-1b71-4001-9805-0df0e1130693","local_time":"20210121181315","is_ascension_mode":true,"campfire_choices":[{"data":"Zap","floor":6,"key":"SMITH"},{"data":"Bandage Up","floor":8,"key":"SMITH"},{"data":"Static Discharge","floor":12,"key":"SMITH"},{"data":"Dualcast","floor":15,"key":"SMITH"},{"data":"Thunder Strike","floor":23,"key":"SMITH"},{"data":"Machine Learning","floor":25,"key":"SMITH"},{"floor":28,"key":"REST"},{"data":"Amplify","floor":30,"key":"SMITH"},{"data":"Rainbow","floor":32,"key":"SMITH"},{"floor":42,"key":"REST"}],"circlet_count":0,"master_deck":["AscendersBane","Strike_B","Defend_B","Defend_B","Defend_B","Defend_B","Zap+1","Dualcast+1","Static Discharge+1","Chill","Bandage Up+1","Ball Lightning","Undo","Chaos","Rainbow+1","Thunder Strike+1","CurseOfTheBell","Skim","Static Discharge","Thunder Strike","Machine Learning+1","Amplify+1","Hologram","Biased Cognition","Tempest+1","Capacitor"],"relics":["Cracked Core","NeowsBlessing","Golden Idol","Calipers","Pen Nib","Calling Bell","Juzu Bracelet","White Beast Statue","Ice Cream","Vajra","Snecko Eye","WingedGreaves","PreservedInsect","Cables","Membership Card","Strawberry"],"acts_visited":["Exordium","TheCity","TheBeyond"],"potions_floor_usage":[13,16,19,29,29,31,33,33,35,38],"damage_taken":[{"damage":0,"enemies":"Small Slimes","floor":1,"turns":1},{"damage":0,"enemies":"2 Louse","floor":3,"turns":2},{"damage":0,"enemies":"Jaw Worm","floor":10,"turns":1},{"damage":19,"enemies":"3 Sentries","floor":11,"turns":7},{"damage":2,"enemies":"Exordium Thugs","floor":13,"turns":3},{"damage":10,"enemies":"Large Slime","floor":14,"turns":5},{"damage":21,"enemies":"Hexaghost","floor":16,"turns":7},{"damage":4,"enemies":"3 Byrds","floor":18,"turns":2},{"damage":24,"enemies":"2 Thieves","floor":19,"turns":5},{"damage":6,"enemies":"Snake Plant","floor":21,"turns":4},{"damage":20,"enemies":"Snecko","floor":27,"turns":5},{"damage":21,"enemies":"3 Cultists","floor":29,"turns":3},{"damage":1,"enemies":"Centurion and Healer","floor":31,"turns":9},{"damage":46,"enemies":"Champ","floor":33,"turns":7},{"damage":32,"enemies":"3 Darklings","floor":35,"turns":5},{"damage":1,"enemies":"Orb Walker","floor":37,"turns":3},{"damage":17,"enemies":"Mind Bloom Boss Battle","floor":38,"turns":5},{"damage":56,"enemies":"Nemesis","floor":40,"turns":5},{"damage":60,"enemies":"Writhing Mass","floor":44,"turns":3}],"seed_played":"4745169325439333379","potions_obtained":[{"floor":10,"key":"BlessingOfTheForge"},{"floor":11,"key":"SkillPotion"},{"floor":14,"key":"Explosive Potion"},{"floor":18,"key":"Block Potion"},{"floor":19,"key":"Explosive Potion"},{"floor":21,"key":"PotionOfCapacity"},{"floor":29,"key":"DistilledChaos"},{"floor":31,"key":"DistilledChaos"},{"floor":33,"key":"Block Potion"},{"floor":35,"key":"SpeedPotion"},{"floor":37,"key":"AttackPotion"},{"floor":38,"key":"CultistPotion"},{"floor":40,"key":"Swift Potion"}],"is_trial":false,"path_per_floor":["M","?","M","$","?","R","?","R","T","M","E","R","M","M","R","B",null,"M","M","?","M","?","R","?","R","T","M","R","M","R","M","R","B",null,"M","?","M","?","?","E","$","R","T","M"],"character_chosen":"DEFECT","items_purchased":["Bandage Up","Cables","Membership Card","Capacitor"],"campfire_rested":2,"item_purchase_floors":[4,41,41,41],"current_hp_per_floor":[68,68,68,68,73,73,53,53,53,53,40,40,44,40,40,25,66,62,44,44,44,44,44,44,44,44,30,54,39,39,44,44,4,61,35,35,34,17,70,20,20,41,48,0,0],"gold":118,"neow_bonus":"THREE_ENEMY_KILL","is_daily":false,"chose_seed":false,"campfire_upgraded":8,"win_rate":0.0,"timestamp":1611281595,"path_taken":["M","?","M","$","?","R","?","R","T","?","E","R","M","M","R","BOSS","M","M","?","M","?","R","?","R","T","M","R","M","R","M","R","BOSS","M","?","M","?","?","E","$","R","T","M"],"items_purchased_type":["Card","Relic","Relic","Card"],"build_version":"2020-12-22","purchased_purges":1,"victory":false,"max_hp_per_floor":[75,75,75,75,80,80,80,80,80,80,80,80,80,80,80,80,80,80,80,80,80,80,80,80,80,80,80,80,80,80,80,80,80,80,80,80,80,80,70,70,70,70,77,77,77],"card_choices":[{"not_picked":["Leap","Streamline"],"picked":"Static Discharge","floor":1},{"not_picked":["Recycle","Hologram"],"picked":"Chill","floor":3},{"not_picked":["Skim","Coolheaded"],"picked":"Ball Lightning","floor":10},{"not_picked":["Gash","Cold Snap"],"picked":"Undo","floor":11},{"not_picked":["Leap","Barrage"],"picked":"Chaos","floor":13},{"not_picked":["Gash","Darkness"],"picked":"Rainbow","floor":14},{"not_picked":["Hyperbeam","All For One"],"picked":"Thunder Strike","floor":16},{"not_picked":["Ball Lightning","Darkness","Recycle"],"picked":"SKIP","floor":18},{"not_picked":["Ball Lightning","Turbo"],"picked":"Skim","floor":19},{"not_picked":["Coolheaded","Gash"],"picked":"Static Discharge","floor":21},{"not_picked":["Turbo","Hologram"],"picked":"Amplify","floor":27},{"not_picked":["Gash+1","Go for the Eyes+1"],"picked":"Hologram","floor":29},{"not_picked":["Force Field","Undo","Doom and Gloom"],"picked":"SKIP","floor":31},{"not_picked":["Amplify","Multi-Cast"],"picked":"Biased Cognition","floor":33},{"not_picked":["Rebound","Hologram","Coolheaded+1"],"picked":"SKIP","floor":35},{"not_picked":["Hologram","BootSequence+1"],"picked":"Tempest+1","floor":37},{"not_picked":["Gash","Hello World+1","Compile Driver+1"],"picked":"SKIP","floor":40}],"player_experience":525552,"relics_obtained":[{"floor":9,"key":"Calipers"},{"floor":11,"key":"Pen Nib"},{"floor":17,"key":"Juzu Bracelet"},{"floor":17,"key":"White Beast Statue"},{"floor":17,"key":"Ice Cream"},{"floor":26,"key":"Vajra"},{"floor":38,"key":"WingedGreaves"},{"floor":40,"key":"PreservedInsect"},{"floor":43,"key":"Strawberry"}],"event_choices":[{"damage_healed":0,"gold_gain":0,"player_choice":"Ignored","damage_taken":0,"max_hp_gain":0,"max_hp_loss":0,"event_name":"Shining Light","floor":2,"gold_loss":0},{"damage_healed":0,"gold_gain":0,"player_choice":"Donut","damage_taken":0,"max_hp_gain":5,"max_hp_loss":0,"event_name":"Big Fish","floor":5,"gold_loss":0},{"damage_healed":0,"gold_gain":0,"player_choice":"Take Damage","damage_taken":20,"relics_obtained":["Golden Idol"],"max_hp_gain":0,"max_hp_loss":0,"event_name":"Golden Idol","floor":7,"gold_loss":0},{"cards_removed":["Strike_B"],"damage_healed":0,"gold_gain":0,"player_choice":"Gave Gold","damage_taken":0,"max_hp_gain":0,"max_hp_loss":0,"event_name":"Beggar","floor":20,"gold_loss":75},{"damage_healed":0,"gold_gain":0,"player_choice":"Copied","damage_taken":0,"max_hp_gain":0,"max_hp_loss":0,"event_name":"Duplicator","floor":22,"gold_loss":0,"cards_obtained":["Thunder Strike"]},{"damage_healed":0,"gold_gain":0,"cards_transformed":["Strike_B"],"player_choice":"Transformed","damage_taken":0,"max_hp_gain":0,"max_hp_loss":0,"event_name":"Transmorgrifier","floor":24,"gold_loss":0,"cards_obtained":["Machine Learning"]},{"damage_healed":0,"gold_gain":0,"player_choice":"Ignored","damage_taken":0,"max_hp_gain":0,"max_hp_loss":0,"event_name":"Tomb of Lord Red Mask","floor":36,"gold_loss":0},{"damage_healed":0,"gold_gain":0,"player_choice":"Fight","damage_taken":0,"max_hp_gain":0,"max_hp_loss":0,"event_name":"MindBloom","floor":38,"gold_loss":0},{"damage_healed":70,"gold_gain":0,"player_choice":"Heal","damage_taken":0,"max_hp_gain":0,"max_hp_loss":10,"event_name":"The Moai Head","floor":39,"gold_loss":0}],"is_beta":false,"boss_relics":[{"not_picked":["Tiny House","Runic Dome"],"picked":"Calling Bell"},{"not_picked":["Philosopher\u0027s Stone","Sozu"],"picked":"Snecko Eye"}],"items_purged_floors":[41],"is_endless":false,"potions_floor_spawned":[10,11,14,18,19,21,27,29,31,33,35,37,38,40],"killed_by":"Writhing Mass","ascension_level":10}}