{"host":"0wmeqr6jlf4kz37n","time":1611337503,"event":{"mods":["Act Like it!","BaseMod","Downfall","Minty Spire (QoL Compilation)","Quick Restart","StSLib","TestMod","vexMod"],"gold_per_floor":[99,114,131,143,159,193,218,233,253,283,383,401,201,231,248,352,352,352,362,376,12,12,12,12,39,51,80,100,100,100,75,85,187,187,187,207,227,227,467,467,467,500,500,257,292,292,292,307,320,320],"floor_reached":51,"language":"ZHS","playtime":1418,"items_purged":["champ:Parry+1","champ:Defend"],"score":1094,"play_id":"217b4fe9-f9fd-4243-b058-00451176b636","local_time":"20210123014503","is_ascension_mode":false,"campfire_choices":[{"floor":1.0,"key":"RECALL"},{"data":"champ:StanceDance","floor":13.0,"key":"SMITH"},{"data":"champ:Improvising","floor":18.0,"key":"SMITH"},{"data":"Apotheosis","floor":30.0,"key":"SMITH"},{"data":"champ:CheapShot","floor":35,"key":"SMITH"},{"data":"Offering","floor":43,"key":"SMITH"},{"data":"champ:CalledShot","floor":46,"key":"SMITH"}],"circlet_count":0,"master_deck":["champ:Strike","champ:Strike","champ:Defend","champ:Defend","champ:PerfectedStrike","champ:StanceDance+1","champ:RisingSlash","champ:PerfectedStrike","champ:CheapShot+1","champ:PreciseThrust","champ:CalledShot+1","champ:PerfectedStrike","champ:VampiricStrike","champ:Improvising+1","champ:PerfectedStrike","Apotheosis+1","champ:EnGarde","champ:StanceDance+1","champ:UltimateStance+1","Offering+1","Finesse"],"relics":["champ:ChampionCrown","testmod-TestBox","testmod-HeartOfStrike","Bag of Marbles","PreservedInsect","Juzu Bracelet","Champion Belt","downfall:HeartBlessingGreen","downfall:HeartBlessingRed","Regal Pillow","Empty Cage","PrismaticShard","champ:BerserkersGuideToSlaughter","vexMod:PlasmaPancake","Blue Candle","HornCleat","Astrolabe","Bottled Tornado","testmod-ArcanaOfDestiny","testmod-OneHitWonder","Membership Card","testmod-IndustrialRevolution"],"acts_visited":["Exordium","TheCity","TheBeyond"],"potions_floor_usage":[33],"damage_taken":[{"damage":0.0,"enemies":"2 Louse","floor":2.0,"turns":2.0},{"damage":0.0,"enemies":"Small Slimes","floor":3.0,"turns":2.0},{"damage":0.0,"enemies":"Cultist","floor":4.0,"turns":1.0},{"damage":16.0,"enemies":"Large Slime","floor":5.0,"turns":3.0},{"damage":0.0,"enemies":"Lagavulin","floor":6.0,"turns":3.0},{"damage":3.0,"enemies":"Exordium Wildlife","floor":8.0,"turns":2.0},{"damage":0.0,"enemies":"Large Slime","floor":9.0,"turns":1.0},{"damage":0.0,"enemies":"Gremlin Nob","floor":10.0,"turns":1.0},{"damage":0.0,"enemies":"Gremlin Nob","floor":11.0,"turns":1.0},{"damage":0.0,"enemies":"Blue Slaver","floor":12.0,"turns":1.0},{"damage":10.0,"enemies":"3 Sentries","floor":14.0,"turns":2.0},{"damage":0.0,"enemies":"3 Louse","floor":15.0,"turns":1.0},{"damage":25.0,"enemies":"IC_STATUS_ARCHETYPE","floor":16.0,"turns":3.0},{"damage":0.0,"enemies":"Chosen","floor":19.0,"turns":2.0},{"damage":0.0,"enemies":"Snecko","floor":20.0,"turns":2.0},{"damage":9.0,"enemies":"downfall:FleeingMerchant","floor":21.0,"turns":5.0},{"damage":0.0,"enemies":"Gremlin Leader","floor":25.0,"turns":2.0},{"damage":18.0,"enemies":"3 Cultists","floor":26.0,"turns":4.0},{"damage":0.0,"enemies":"Book of Stabbing","floor":27.0,"turns":3.0},{"damage":0.0,"enemies":"Shelled Parasite and Fungi","floor":28.0,"turns":2.0},{"damage":0.0,"enemies":"Snake Plant","floor":32.0,"turns":2.0},{"damage":21,"enemies":"SI_MIRROR_ARCHETYPE","floor":33,"turns":6},{"damage":0,"enemies":"Orb Walker","floor":36,"turns":1},{"damage":0,"enemies":"3 Shapes","floor":37,"turns":3},{"damage":0,"enemies":"downfall:FleeingMerchant","floor":39,"turns":1},{"damage":0,"enemies":"Giant Head","floor":42,"turns":1},{"damage":0,"enemies":"Reptomancer","floor":45,"turns":2},{"damage":0,"enemies":"Sphere and 2 Shapes","floor":48,"turns":2},{"damage":1,"enemies":"Jaw Worm Horde","floor":49,"turns":2},{"damage":0,"enemies":"WA_ARCHETYPE_DIVINITY","floor":50,"turns":3}],"seed_played":"1675488296547038909","potions_obtained":[{"floor":3.0,"key":"LiquidBronze"},{"floor":4.0,"key":"Explosive Potion"},{"floor":8.0,"key":"Fire Potion"},{"floor":9.0,"key":"GamblersBrew"},{"floor":12.0,"key":"FairyPotion"},{"floor":15.0,"key":"Energy Potion"},{"floor":27.0,"key":"GamblersBrew"},{"floor":28.0,"key":"ColorlessPotion"},{"floor":36,"key":"champ:CounterPotion"}],"is_trial":false,"path_per_floor":["R","M","M","M","M","E","T","M","M","E","?","M","R","E","M","B",null,"R","M","M","$","?","?","T","E","M","E","M","?","R","?","M","B",null,"R","M","M","?","$","?","T","E","R","$","E","R","?","M","M","B",null],"character_chosen":"THE_CHAMP","items_purchased":["champ:PerfectedStrike","PrismaticShard","Apotheosis","Membership Card","Finesse"],"campfire_rested":0,"item_purchase_floors":[21,21,21,44,44],"current_hp_per_floor":[99,99,99,99,88,88,88,85,85,85,85,85,85,85,85,65,99,99,99,99,95,75,75,81,81,63,63,63,63,63,63,63,52,110,110,110,110,110,110,110,110,110,110,110,110,110,110,110,109,109],"gold":320,"neow_bonus":"TEN_PERCENT_HP_BONUS","is_daily":false,"chose_seed":false,"campfire_upgraded":6,"win_rate":0.0,"timestamp":1611337503,"path_taken":["R","M","M","M","M","E","T","M","M","E","?","M","R","E","M","BOSS","R","M","M","$","?","?","T","E","M","E","M","?","R","?","M","BOSS","R","M","M","?","$","?","T","E","R","$","E","R","?","M","M","BOSS"],"items_purchased_type":["Card","Relic","Card","Relic","Card"],"build_version":"2020-12-22","purchased_purges":2,"victory":true,"max_hp_per_floor":[99,99,99,99,99,99,99,99,99,99,99,99,99,99,99,99,99,99,99,99,99,104,104,110,110,110,110,110,110,110,110,110,110,110,110,110,110,110,110,110,110,110,110,110,110,110,110,110,110,110],"card_choices":[{"not_picked":["champ:Shatter","champ:FocusedDefense"],"picked":"champ:PerfectedStrike","floor":2.0},{"not_picked":["champ:AdrenalArmor","champ:Shatter"],"picked":"champ:StanceDance","floor":3.0},{"not_picked":["champ:CrownThrow","champ:BerserkersShout"],"picked":"champ:RisingSlash","floor":4.0},{"not_picked":["champ:FanOfKnives","champ:GutPunch"],"picked":"champ:PerfectedStrike","floor":5.0},{"not_picked":["champ:RecklessLeap","champ:BladeFlurry"],"picked":"champ:CheapShot","floor":6.0},{"not_picked":["champ:StanceDance","champ:GutPunch"],"picked":"champ:PreciseThrust","floor":8.0},{"not_picked":["champ:GutPunch","champ:EnragedBash","champ:AdrenalArmor"],"picked":"SKIP","floor":9.0},{"not_picked":["champ:SetATrap","champ:GutPunch"],"picked":"champ:CalledShot","floor":10.0},{"not_picked":["champ:Parry","champ:BerserkersShout","champ:BladeFlurry"],"picked":"SKIP","floor":12.0},{"not_picked":["champ:Haymaker","champ:ShieldSlam"],"picked":"champ:PerfectedStrike","floor":14.0},{"not_picked":["champ:Endure","champ:FocusedDefense"],"picked":"champ:VampiricStrike","floor":15.0},{"not_picked":["champ:DancingMaster","champ:SwordThrow"],"picked":"champ:Improvising","floor":16.0},{"not_picked":["champ:ShieldWall","champ:GutPunch+1","champ:BladeFlurry"],"picked":"SKIP","floor":19.0},{"not_picked":["champ:Lariat+1","champ:PreciseThrust","champ:EnragedBash"],"picked":"SKIP","floor":20.0},{"not_picked":["champ:BringItOn","champ:TornadoPunch+1","champ:Haymaker"],"picked":"SKIP","floor":21.0},{"not_picked":["hexamod:AdvancingGuard+1","Flex","Feel No Pain"],"picked":"SKIP","floor":25.0},{"not_picked":["sneckomod:QuickBite+1","Sweeping Beam"],"picked":"champ:CheapShot","floor":26.0},{"not_picked":["bronze:Overload+1","Guardian:Gem_Lightblue"],"picked":"champ:EnGarde","floor":27.0},{"not_picked":["Double Energy","EmptyFist","hexamod:BurningTouch+1"],"picked":"SKIP","floor":28.0},{"not_picked":["sneckomod:UnknownClassRED","PathToVictory","bronze:ChildClass"],"picked":"SKIP","floor":32.0},{"not_picked":["Slimebound:SplitSpecialist+1","Guardian:Planning","bronze:Shield+1"],"picked":"SKIP","floor":36},{"not_picked":["champ:CrownThrow+1","champ:Duel","Slimebound:FinishingTackle"],"picked":"SKIP","floor":37},{"not_picked":["Redo+1","sneckomod:SoulRoll+1"],"picked":"Offering","floor":39},{"not_picked":["sneckomod:SoulDraw+1","testmod-LifeRuler","champ:Shatter+1"],"picked":"SKIP","floor":42},{"not_picked":["Skewer","expansioncontent:HyperBeam","Dark Shackles+1"],"picked":"SKIP","floor":45},{"not_picked":["Beam Cell+1","Slimebound:LeechEnergy+1","hexamod:BacktrackSmack"],"picked":"SKIP","floor":48},{"not_picked":["Rampage+1","sneckomod:QuickMove","sneckomod:UnknownClassBLUE"],"picked":"SKIP","floor":49}],"player_experience":282809,"relics_obtained":[{"floor":6.0,"key":"Bag of Marbles"},{"floor":7.0,"key":"PreservedInsect"},{"floor":10.0,"key":"Juzu Bracelet"},{"floor":11.0,"key":"Champion Belt"},{"floor":14.0,"key":"Regal Pillow"},{"floor":24.0,"key":"vexMod:PlasmaPancake"},{"floor":25.0,"key":"Blue Candle"},{"floor":27.0,"key":"HornCleat"},{"floor":38,"key":"Bottled Tornado"},{"floor":41,"key":"testmod-ArcanaOfDestiny"},{"floor":42,"key":"testmod-OneHitWonder"},{"floor":45,"key":"testmod-IndustrialRevolution"}],"event_choices":[{"cards_removed":["sneckomod:Strike"],"damage_healed":0.0,"max_hp_gain":0.0,"max_hp_loss":0.0,"gold_gain":0.0,"event_name":"NoteForYourself","player_choice":"Took Card","floor":29.0,"gold_loss":0.0,"damage_taken":0.0,"cards_obtained":["sneckomod:Strike"]},{"cards_removed":["champ:CheapShot"],"damage_healed":0,"gold_gain":0,"player_choice":"Removed Attack","damage_taken":0,"max_hp_gain":0,"max_hp_loss":0,"event_name":"Falling","floor":40,"gold_loss":0}],"is_beta":false,"boss_relics":[{"not_picked":["vexMod:BigBerry","Velvet Choker"],"picked":"Empty Cage"},{"not_picked":["Snecko Eye","vexMod:DeviousBotling"],"picked":"Astrolabe"}],"items_purged_floors":[39,44],"is_endless":false,"potions_floor_spawned":[3,4,8,9,12,15,19,27,28,36,42,49],"ascension_level":0}}