{"host":"kjcsj8kbkx3w6fc4","time":1611273974,"event":{"mods":["2.2 Compatiblity","Aspiration","BaseMod","Better Third Choice","Conspire","Downfall","Hermit","Infinite Spire","Minty Spire (QoL Compilation)","Permanent Neow","StSLib","The Cursed"],"gold_per_floor":[99,114,264,282,295,295,320,220,231,242,242,277,277,0,19,123,123,123,135,149,149,166,166,166,166,166,166],"floor_reached":25,"language":"ENG","playtime":1970,"items_purged":[],"score":203,"play_id":"1a776c4e-7e90-46b6-a634-52eabb4ba3f0","local_time":"20210121190614","is_ascension_mode":false,"campfire_choices":[{"data":"champ:Taunt","floor":1,"key":"SMITH"},{"data":"champ:BladeFlurry","floor":8,"key":"SMITH"},{"data":"champ:ShieldWall","floor":13,"key":"SMITH"},{"data":"champ:SteelEdge","floor":18,"key":"SMITH"}],"circlet_count":0,"master_deck":["champ:Strike","champ:Strike","champ:Strike","champ:Strike","champ:Defend","champ:Defend","champ:Defend","champ:Defend","champ:Execute","champ:Taunt+1","champ:BladeFlurry+1","downfall:Icky","champ:BerserkersShout","champ:FocusedBerserking","champ:ShieldSlam","champ:EndlessRage","champ:ShieldWall+1","champ:Shatter","champ:BringItOn+1","champ:HeartStrike","champ:Parry","champ:SteelEdge+1","champ:BerserkersShout","champ:EnragedBash+1","champ:Circumvent","Regret"],"relics":["champ:ChampionCrown","Toy Ornithopter","Juzu Bracelet","downfall:HeartBlessingBlue","champ:DefensiveTrainingManual","Pen Nib","Cursed Key","infinitespire:ShieldingShard"],"acts_visited":["Exordium","TheCity"],"potions_floor_usage":[12,14,16,16],"damage_taken":[{"damage":22,"enemies":"Small Slimes","floor":2,"turns":4},{"damage":3,"enemies":"Jaw Worm","floor":4,"turns":4},{"damage":16,"enemies":"Cultist","floor":5,"turns":4},{"damage":76,"enemies":"Gremlin Gang","floor":9,"turns":7},{"damage":31,"enemies":"Red Slaver","floor":10,"turns":5},{"damage":55,"enemies":"3 Sentries","floor":12,"turns":7},{"damage":40,"enemies":"downfall:FleeingMerchant","floor":14,"turns":4},{"damage":34,"enemies":"Exordium Thugs","floor":15,"turns":5},{"damage":29,"enemies":"SI_SHIV_ARCHETYPE","floor":16,"turns":6},{"damage":5,"enemies":"Spheric Guardian","floor":19,"turns":3},{"damage":29,"enemies":"Shell Parasite","floor":20,"turns":5},{"damage":62,"enemies":"Snake Plant","floor":22,"turns":4},{"damage":58,"enemies":"Sentry and Sphere","floor":25,"turns":5}],"seed_played":"-8743540502290758657","potions_obtained":[{"floor":5,"key":"Block Potion"},{"floor":9,"key":"ColorlessPotion"},{"floor":10,"key":"SpeedPotion"},{"floor":15,"key":"champ:CounterPotion"},{"floor":22,"key":"BlessingOfTheForge"}],"is_trial":false,"path_per_floor":["R","M","?","M","M","T","T","R","M","M","?","E","R","$","M","B",null,"R","M","M","?","M","T","T","M"],"character_chosen":"THE_CHAMP","items_purchased":["champ:BringItOn","champ:HeartStrike","Pen Nib"],"campfire_rested":0,"item_purchase_floors":[14,14,14],"current_hp_per_floor":[90,88,88,85,84,84,84,94,73,62,62,52,52,47,28,19,100,100,95,81,81,44,44,44,0,0,0],"gold":166,"neow_bonus":"RANDOM_COMMON_RELIC","is_daily":false,"chose_seed":false,"campfire_upgraded":4,"win_rate":0.0,"timestamp":1611273974,"path_taken":["R","M","?","M","M","?","T","R","M","M","?","E","R","$","M","BOSS","R","M","M","?","M","?","T","M"],"items_purchased_type":["Card","Card","Relic"],"build_version":"2020-12-22","purchased_purges":0,"victory":false,"max_hp_per_floor":[90,90,90,90,90,90,90,100,100,100,100,100,100,100,100,100,100,100,100,100,100,100,100,100,100,100,100],"card_choices":[{"not_picked":["champ:CrownThrow","champ:PerfectedStrike"],"picked":"champ:BladeFlurry","floor":2},{"not_picked":["champ:FlashCut","champ:DefensiveShout"],"picked":"champ:BerserkersShout","floor":4},{"not_picked":["champ:AdrenalArmor","champ:Backstep"],"picked":"champ:FocusedBerserking","floor":5},{"not_picked":["champ:HoldFirm","champ:TornadoPunch"],"picked":"champ:ShieldSlam","floor":9},{"not_picked":["champ:StanceDance","champ:Circumvent"],"picked":"champ:EndlessRage","floor":10},{"not_picked":["champ:TornadoPunch","champ:CheapShot"],"picked":"champ:ShieldWall","floor":12},{"not_picked":["champ:PerfectedStrike","champ:Backstep"],"picked":"champ:Shatter","floor":14},{"not_picked":["champ:FalseCounter","champ:SetATrap"],"picked":"champ:Parry","floor":15},{"not_picked":["champ:Devastate","champ:GladiatorForm"],"picked":"champ:SteelEdge","floor":16},{"not_picked":["champ:GutPunch","champ:PreciseThrust"],"picked":"champ:BerserkersShout","floor":19},{"not_picked":["champ:ViciousMockery","champ:GutPunch"],"picked":"champ:EnragedBash+1","floor":20},{"not_picked":["champ:BringItOn","champ:FancyFootwork"],"picked":"champ:Circumvent","floor":22}],"player_experience":126913,"relics_obtained":[{"floor":7,"key":"Juzu Bracelet"},{"floor":12,"key":"champ:DefensiveTrainingManual"},{"floor":24,"key":"infinitespire:ShieldingShard"}],"event_choices":[{"damage_healed":0,"gold_gain":0,"player_choice":"Forge","damage_taken":0,"max_hp_gain":0,"max_hp_loss":0,"event_name":"Accursed Blacksmith","floor":21,"gold_loss":0,"cards_upgraded":["champ:BringItOn"]}],"is_beta":false,"boss_relics":[{"not_picked":["infinitespire:Cupcake","conspire:SlowCooker"],"picked":"Cursed Key"}],"items_purged_floors":[],"is_endless":false,"potions_floor_spawned":[5,9,10,15,22],"killed_by":"Sentry and Sphere","ascension_level":0}}