{"host":"pszcj3piwl6eu8b1","time":1611331718,"event":{"mods":["2.2 Compatiblity","Act Like it!","Aspiration","BaseMod","Better Altar","Better Match","Better Note","Better Sensory Stone","Better Skull","Better Third Choice","Better Vampires","CCEM","Downfall","Elementarium","Energized Spire","Gensokyo","GifTheSpireLib","Hallownest","Hubris","Marisa????????","Menagerie","Minty Spire (QoL Compilation)","Permanent Neow","Quarter Circle Forward PUNCH!","Quick Restart","Replay The Spire","Shop Mod","StSLib","Stuff the Spire","The Animator","The Blue Laboratory"],"gold_per_floor":[122,122,135,135,146,146,181,181,181,203,203,225,112,131,231,324,324,348,387,387,387],"floor_reached":20,"language":"ENG","playtime":1746,"items_purged":[],"score":342,"play_id":"d477c5da-c742-421d-82db-0db8b2aa4dbb","local_time":"20210122080838","is_ascension_mode":true,"campfire_choices":[{"data":"animator:Aqua","floor":6.0,"key":"SMITH"},{"data":"animator:Kazuma","floor":8.0,"key":"SMITH"},{"data":"animator:Verdia","floor":11.0,"key":"SMITH"}],"circlet_count":0,"master_deck":["AscendersBane","animator:Strike_Konosuba","animator:Defend_Konosuba","animator:Strike","animator:Strike","animator:Strike","animator:Defend","animator:Defend","animator:Defend","animator:Kazuma+1","animator:Aqua+1","animator:Darkness","animator:GoblinSlayer","animator:Verdia+1","animator:MetalKnight","animator:YuiTsuruno","animator:Hans+1","animator:Rimuru","animator:AkaneSenri+1","animator:Vanir","animator:Ainz","animator:Verdia","animator:Megumin"],"relics":["animator:VividPicture","animator:TheMissingPiece","animator:PurgingStone","aspiration:Nostalgia","MiniHakkero","Ring of Fury","Replay:Bandana"],"acts_visited":["Gensokyo:Gensokyo","Gensokyo:Gensokyoer"],"potions_floor_usage":[],"damage_taken":[{"damage":6.0,"enemies":"Gensokyo:Python","floor":1.0,"turns":4.0},{"damage":9.0,"enemies":"Gensokyo:2_Kodama","floor":3.0,"turns":4.0},{"damage":7.0,"enemies":"Gensokyo:3_Fairies","floor":5.0,"turns":5.0},{"damage":4.0,"enemies":"Gensokyo:Aya","floor":7.0,"turns":6.0},{"damage":34.0,"enemies":"Gensokyo:Gryphon_and_Rabbit","floor":10.0,"turns":9.0},{"damage":0.0,"enemies":"Gensokyo:VengefulSpirit","floor":12.0,"turns":4.0},{"damage":4.0,"enemies":"Gensokyo:2_Rabbits","floor":14.0,"turns":4.0},{"damage":5.0,"enemies":"Gensokyo:Kokoro","floor":16.0,"turns":7.0},{"damage":31.0,"enemies":"Gensokyo:3_Dogs","floor":18.0,"turns":5.0},{"damage":10,"enemies":"Gensokyo:AngelMirror","floor":19,"turns":5}],"seed_played":"-3602323541046571322","potions_obtained":[{"floor":1.0,"key":"EssenceOfSteel"},{"floor":3.0,"key":"BlessingOfTheForge"},{"floor":10.0,"key":"Energy Potion"},{"floor":16.0,"key":"CultistPotion"},{"floor":18.0,"key":"blueLaboratory:AbyssPotion"},{"floor":19,"key":"blueLaboratory:BubblePotion"}],"is_trial":false,"path_per_floor":["M","?","M","?","M","R","E","R","T","M","R","M","?","M","R","B",null,"M","M","?"],"character_chosen":"THE_ANIMATOR","items_purchased":[],"campfire_rested":0,"item_purchase_floors":[],"current_hp_per_floor":[50,50,43,49,44,44,44,44,44,13,13,16,16,16,16,14,55,27,20,0,0],"gold":387,"neow_bonus":"NOSTALGIA","is_daily":false,"chose_seed":true,"campfire_upgraded":3,"win_rate":0.0,"timestamp":1611331718,"path_taken":["M","?","M","?","?","R","E","R","T","M","R","M","?","M","R","BOSS","M","M","?"],"items_purchased_type":[],"build_version":"2020-12-22","purchased_purges":0,"victory":false,"max_hp_per_floor":[60,60,60,66,66,66,67,67,67,67,67,67,67,68,68,68,68,68,68,68,68],"card_choices":[{"not_picked":["animator:KrulTepes","animator:Priestess"],"picked":"animator:Darkness","floor":1.0},{"not_picked":["animator:Togame","animator:Aisha","animator:DolaCouronne"],"picked":"SKIP","floor":3.0},{"not_picked":["animator:ElricAlphonse","animator:UneriGinkaku"],"picked":"animator:GoblinSlayer","floor":5.0},{"not_picked":["animator:Vanir","animator:Kazuma"],"picked":"animator:Verdia","floor":7.0},{"not_picked":["animator:EriShiina","animator:HiedaNoAkyuu"],"picked":"animator:MetalKnight","floor":10.0},{"not_picked":["animator:Evileye","animator:Hitei"],"picked":"animator:YuiTsuruno","floor":12.0},{"not_picked":["animator:KoishiKomeiji+1","animator:Sora+1"],"picked":"animator:Hans+1","floor":13.0},{"not_picked":["animator:Envy+1","animator:Shizu+1"],"picked":"animator:Rimuru","floor":13.0},{"not_picked":["animator:Guren+1","animator:Biyorigo+1"],"picked":"animator:AkaneSenri+1","floor":13.0},{"not_picked":["animator:MasamiIwasawa","animator:YaoHaDucy"],"picked":"animator:Vanir","floor":14.0},{"not_picked":["animator:ItamiYouji","animator:Shizu"],"picked":"animator:Ainz","floor":16.0},{"not_picked":["animator:Vanir","animator:Kazuma"],"picked":"animator:Verdia","floor":18.0},{"not_picked":["animator:Viivi","animator:PandorasActor"],"picked":"animator:Megumin","floor":19}],"player_experience":1382566,"relics_obtained":[{"floor":2.0,"key":"Ring of Fury"},{"floor":7.0,"key":"Replay:Bandana"}],"event_choices":[{"damage_healed":0.0,"max_hp_gain":0.0,"max_hp_loss":0.0,"gold_gain":0.0,"event_name":"betterMatch:BetterMatch","player_choice":"3","floor":13.0,"gold_loss":0.0,"damage_taken":0.0,"cards_obtained":["betterMatch:RareCard"]}],"is_beta":false,"boss_relics":[{"not_picked":["hubris:HollowSoul","energizedSpire:SpiderWeb"],"picked":"animator:VividPicture"}],"items_purged_floors":[],"is_endless":false,"potions_floor_spawned":[1,3,10,16,18,19],"ascension_level":20}}