{"host":"vl29iwkwnyytuw8q","time":1611355597,"event":{"mods":["BaseMod","Minty Spire (QoL Compilation)","Permanent Neow","Relic Stats","StSLib"],"gold_per_floor":[112,125,140,160,125,125,154,170,170,170,5,5,25,54,54,127,127,144,144,160,160,160],"floor_reached":21,"language":"ENG","playtime":1052,"items_purged":[],"score":335,"play_id":"54f1c014-cb22-4ccc-b2ef-0c98f5284761","local_time":"20210122234637","is_ascension_mode":true,"campfire_choices":[{"data":"True Grit","floor":6,"key":"SMITH"},{"floor":12,"key":"REST"},{"data":"Rupture","floor":15,"key":"SMITH"}],"circlet_count":0,"master_deck":["AscendersBane","Strike_R","Strike_R","Strike_R","Strike_R","Defend_R","Defend_R","Defend_R","Defend_R","Bash","Twin Strike","Rupture+1","Shrug It Off","True Grit+1","Metallicize","Combust","Power Through","Shrug It Off","Offering","CurseOfTheBell","Dual Wield","Juggernaut"],"relics":["Sozu","Dream Catcher","Blue Candle","Membership Card","Odd Mushroom","Calling Bell","Tiny Chest","Mercury Hourglass","Ice Cream"],"acts_visited":["Exordium","TheCity"],"potions_floor_usage":[],"damage_taken":[{"damage":7,"enemies":"Jaw Worm","floor":1,"turns":2},{"damage":8,"enemies":"Small Slimes","floor":2,"turns":2},{"damage":6,"enemies":"2 Louse","floor":3,"turns":3},{"damage":11,"enemies":"Looter","floor":4,"turns":3},{"damage":14,"enemies":"3 Sentries","floor":7,"turns":12},{"damage":10,"enemies":"Lots of Slimes","floor":8,"turns":7},{"damage":2,"enemies":"3 Louse","floor":13,"turns":4},{"damage":11,"enemies":"The Mushroom Lair","floor":14,"turns":4},{"damage":15,"enemies":"Slime Boss","floor":16,"turns":6},{"damage":24,"enemies":"Chosen","floor":18,"turns":5},{"damage":25,"enemies":"Shell Parasite","floor":20,"turns":5},{"damage":12,"enemies":"Cultist and Chosen","floor":21,"turns":3}],"seed_played":"-3451516006518181163","potions_obtained":[],"is_trial":false,"path_per_floor":["M","M","M","M","?","R","E","M","T","?","$","R","M","?","R","B",null,"M","?","M","M"],"character_chosen":"IRONCLAD","items_purchased":["Membership Card"],"campfire_rested":1,"item_purchase_floors":[11],"current_hp_per_floor":[61,53,47,36,54,54,40,30,30,23,23,45,43,32,32,17,61,37,37,12,0,0],"gold":160,"neow_bonus":"BOSS_RELIC","is_daily":false,"chose_seed":false,"campfire_upgraded":2,"win_rate":0.0,"timestamp":1611355597,"path_taken":["M","M","M","M","?","R","E","M","T","?","$","R","M","?","R","BOSS","M","?","M","M"],"items_purchased_type":["Relic"],"build_version":"2020-12-22","purchased_purges":0,"victory":false,"max_hp_per_floor":[75,75,75,75,75,75,75,75,75,75,75,75,75,75,75,75,75,75,75,75,75,75],"relic_stats":{"Sozu":4,"Dream Catcher":1,"counters":[12,56],"Blue Candle":[1],"Tiny Chest":0,"obtain_stats":[{"Sozu":0,"Calling Bell":17,"Ice Cream":17,"Dream Catcher":7,"Blue Candle":9,"Tiny Chest":17,"Membership Card":11,"Odd Mushroom":14,"Burning Blood":0,"Mercury Hourglass":17},{"Sozu":0,"Calling Bell":9,"Ice Cream":9,"Dream Catcher":5,"Blue Candle":6,"Tiny Chest":9,"Membership Card":6,"Odd Mushroom":8,"Burning Blood":0,"Mercury Hourglass":9},{"Sozu":0,"Calling Bell":43,"Ice Cream":43,"Dream Catcher":22,"Blue Candle":29,"Tiny Chest":43,"Membership Card":29,"Odd Mushroom":37,"Burning Blood":0,"Mercury Hourglass":43}],"Mercury Hourglass":[33]},"card_choices":[{"not_picked":["Armaments","True Grit"],"picked":"Twin Strike","floor":1},{"not_picked":["Cleave","Bloodletting"],"picked":"Rupture","floor":2},{"not_picked":["Twin Strike","True Grit"],"picked":"Shrug It Off","floor":3},{"not_picked":["Dropkick","Evolve"],"picked":"True Grit","floor":4},{"not_picked":["Corruption","Rupture"],"picked":"Metallicize","floor":7},{"not_picked":["Inflame","Wild Strike"],"picked":"Combust","floor":8},{"not_picked":["Clothesline","Clash"],"picked":"Power Through","floor":12},{"not_picked":["Wild Strike","Clash","Sentinel"],"picked":"SKIP","floor":13},{"not_picked":["Rage","Warcry"],"picked":"Shrug It Off","floor":14},{"not_picked":["Double Tap","Demon Form"],"picked":"Offering","floor":16},{"not_picked":["Inflame","Wild Strike"],"picked":"Dual Wield","floor":18},{"not_picked":["Flex","Thunderclap"],"picked":"Juggernaut","floor":20}],"player_experience":637401,"relics_obtained":[{"floor":7,"key":"Dream Catcher"},{"floor":9,"key":"Blue Candle"},{"floor":14,"key":"Odd Mushroom"},{"floor":17,"key":"Tiny Chest"},{"floor":17,"key":"Mercury Hourglass"},{"floor":17,"key":"Ice Cream"}],"event_choices":[{"damage_healed":18,"gold_gain":0,"player_choice":"Healed","damage_taken":0,"max_hp_gain":0,"max_hp_loss":0,"event_name":"The Cleric","floor":5,"gold_loss":35},{"cards_removed":["Strike_R"],"damage_healed":0,"gold_gain":0,"player_choice":"Card Removal","damage_taken":7,"max_hp_gain":0,"max_hp_loss":0,"event_name":"Golden Wing","floor":10,"gold_loss":0},{"damage_healed":0,"gold_gain":0,"player_choice":"Fought Mushrooms","damage_taken":0,"max_hp_gain":0,"max_hp_loss":0,"event_name":"Mushrooms","floor":14,"gold_loss":0},{"damage_healed":0,"gold_gain":0,"player_choice":"Ignored","damage_taken":0,"max_hp_gain":0,"max_hp_loss":0,"event_name":"Beggar","floor":19,"gold_loss":0}],"is_beta":false,"boss_relics":[{"not_picked":["Tiny House","Empty Cage"],"picked":"Calling Bell"}],"items_purged_floors":[],"is_endless":false,"potions_floor_spawned":[2,4,7,14],"killed_by":"Cultist and Chosen","ascension_level":17}}