{"host":"4nqeo0vu1vuav7gg","time":1611337577,"event":{"mods":["AchievementEnabler","BaseMod","Block Reminder","Colored Map","Colored Powertips","Highlight Path","Minty Spire (QoL Compilation)","Quick Restart","Rare Cards Sparkle","Relic Relevance Reorder","StSLib"],"gold_per_floor":[109,109,24,99,14,14,14,14,14,14,44,44,62,75,75,149,149,166,183,273,286,299,299,299,299],"floor_reached":24,"language":"ENG","playtime":820,"items_purged":[],"score":378,"play_id":"855057a1-fba2-490e-aa65-b4ca4104c9e6","local_time":"20210122184617","is_ascension_mode":true,"campfire_choices":[{"floor":6.0,"key":"REST"},{"data":"Defragment","floor":8.0,"key":"SMITH"},{"data":"Defragment","floor":10.0,"key":"SMITH"},{"floor":12.0,"key":"REST"},{"floor":15.0,"key":"REST"},{"floor":23,"key":"REST"}],"circlet_count":0,"master_deck":["AscendersBane","Strike_B","Strike_B","Strike_B","Defend_B","Defend_B+1","Defend_B","Defend_B+1","Zap+1","Dualcast","Conserve Battery","Defragment+1","Defragment+1","Ball Lightning","Chill","Seek","Electrodynamics","Glacier","Conserve Battery","Coolheaded","Darkness"],"relics":["Cracked Core","Calipers","Du-Vu Doll","Snecko Eye","War Paint"],"acts_visited":["Exordium","TheCity"],"potions_floor_usage":[19],"damage_taken":[{"damage":13.0,"enemies":"Small Slimes","floor":1.0,"turns":4.0},{"damage":35.0,"enemies":"3 Sentries","floor":11.0,"turns":7.0},{"damage":4.0,"enemies":"Jaw Worm","floor":13.0,"turns":3.0},{"damage":0.0,"enemies":"2 Louse","floor":14.0,"turns":1.0},{"damage":34.0,"enemies":"The Guardian","floor":16.0,"turns":9.0},{"damage":14.0,"enemies":"Shell Parasite","floor":18.0,"turns":4.0},{"damage":3,"enemies":"2 Thieves","floor":19,"turns":3},{"damage":3,"enemies":"Snake Plant","floor":21,"turns":4},{"damage":11,"enemies":"3 Cultists","floor":22,"turns":4},{"damage":34,"enemies":"Book of Stabbing","floor":24,"turns":5}],"seed_played":"-4344564620119391914","potions_obtained":[{"floor":13.0,"key":"LiquidBronze"},{"floor":18.0,"key":"Block Potion"}],"is_trial":false,"path_per_floor":["M","?","$","?","$","R","?","R","T","R","E","R","M","M","R","B",null,"M","M","?","M","M","R","E"],"character_chosen":"DEFECT","items_purchased":["Defragment","Defragment"],"campfire_rested":4,"item_purchase_floors":[3,5],"current_hp_per_floor":[51,30,30,19,19,40,40,40,40,40,5,26,22,22,43,9,56,42,39,27,24,13,34,0,0],"gold":299,"neow_bonus":"RANDOM_COMMON_RELIC","is_daily":false,"chose_seed":false,"campfire_upgraded":2,"win_rate":0.0,"timestamp":1611337577,"path_taken":["M","?","?","?","?","R","?","R","T","R","E","R","M","M","R","BOSS","M","M","?","M","?","R","E"],"items_purchased_type":["Card","Card"],"build_version":"2020-12-22","purchased_purges":0,"victory":false,"max_hp_per_floor":[71,71,71,71,71,71,71,71,71,71,71,71,71,71,71,71,71,71,71,71,71,71,71,71,71],"card_choices":[{"not_picked":["Cold Snap","Streamline"],"picked":"Conserve Battery","floor":1.0},{"not_picked":["Redo","Meteor Strike"],"picked":"Ball Lightning","floor":11.0},{"not_picked":["Hologram","Skim"],"picked":"Chill","floor":13.0},{"not_picked":["Fusion","Sweeping Beam"],"picked":"Seek","floor":14.0},{"not_picked":["Multi-Cast","Meteor Strike"],"picked":"Electrodynamics","floor":16.0},{"not_picked":["Coolheaded","Go for the Eyes"],"picked":"Glacier","floor":18.0},{"not_picked":["Redo","Steam"],"picked":"Conserve Battery","floor":19},{"not_picked":["FTL","Compile Driver"],"picked":"Coolheaded","floor":21},{"not_picked":["Conserve Battery","Barrage"],"picked":"Darkness","floor":22}],"player_experience":1070332,"relics_obtained":[{"floor":9.0,"key":"Calipers"},{"floor":11.0,"key":"Du-Vu Doll"}],"event_choices":[{"damage_healed":0.0,"max_hp_gain":0.0,"max_hp_loss":0.0,"gold_gain":0.0,"event_name":"Shining Light","player_choice":"Entered Light","floor":2.0,"gold_loss":0.0,"damage_taken":21.0,"cards_upgraded":["Strike_B","Zap"]},{"damage_healed":0.0,"max_hp_gain":0.0,"max_hp_loss":0.0,"gold_gain":75.0,"event_name":"World of Goop","player_choice":"Gather Gold","floor":4.0,"gold_loss":0.0,"damage_taken":11.0},{"cards_removed":["Strike_B"],"damage_healed":0.0,"max_hp_gain":0.0,"max_hp_loss":0.0,"gold_gain":0.0,"event_name":"Bonfire Elementals","player_choice":"Offered Basic","floor":7.0,"gold_loss":0.0,"damage_taken":0.0},{"damage_healed":0,"gold_gain":90,"player_choice":"GOLD ","damage_taken":12,"max_hp_gain":0,"max_hp_loss":0,"event_name":"Knowing Skull","floor":20,"potions_obtained":[],"gold_loss":0,"cards_obtained":[]}],"is_beta":false,"boss_relics":[{"not_picked":["Busted Crown","Runic Dome"],"picked":"Snecko Eye"}],"items_purged_floors":[],"is_endless":false,"potions_floor_spawned":[13,18],"killed_by":"Book of Stabbing","ascension_level":19}}