{"host":"wshh0nphwn6jv7vj","time":1611321263,"event":{"mods":["BaseMod","Bestiary","Minty Spire (QoL Compilation)","Relic Stats"],"gold_per_floor":[119,169,188,205,221,221,254,288,300,398,428,468,528,98,98,175,175,189,114,26,40,40,72,72,0,0,0,18,68,68,87,87,159,159,178,178,198,217,236,236,236,236,308,308,308,336,336,347,347,347,347],"floor_reached":50,"language":"ENG","playtime":3153,"items_purged":["Strike_P"],"score":1057,"play_id":"7484d3e1-1d53-4364-b146-089fc2402f09","local_time":"20210122081423","is_ascension_mode":true,"campfire_choices":[{"floor":6.0,"key":"RECALL"},{"floor":15.0,"key":"REST"},{"floor":32.0,"key":"REST"},{"floor":40.0,"key":"REST"},{"floor":42.0,"key":"REST"},{"floor":45,"key":"REST"},{"floor":49,"key":"REST"}],"circlet_count":0,"master_deck":["AscendersBane","Strike_P+1","Strike_P+1","Defend_P+1","Defend_P+1","Defend_P+1","Defend_P+1","Eruption","Vigilance","FearNoEvil","LikeWater","CrushJoints","Wallop+1","ThirdEye","Consecrate","FollowUp","Evaluate","SandsOfTime","SandsOfTime","Consecrate","Scrawl","JustLucky+1","TalkToTheHand","CutThroughFate+1","Wireheading","InnerPeace+1","LessonLearned","Protect","Adaptation+1"],"relics":["Fusion Hammer","MawBank","Odd Mushroom","Ornamental Fan","Mango","Letter Opener","Sundial","Velvet Choker","Vajra","Bottled Lightning","StrikeDummy","SlaversCollar","Pantograph","Eternal Feather"],"acts_visited":["Exordium","TheCity","TheBeyond"],"potions_floor_usage":[],"damage_taken":[{"damage":3.0,"enemies":"2 Louse","floor":1.0,"turns":2.0},{"damage":0.0,"enemies":"Cultist","floor":3.0,"turns":4.0},{"damage":0.0,"enemies":"Jaw Worm","floor":4.0,"turns":3.0},{"damage":2.0,"enemies":"Exordium Wildlife","floor":5.0,"turns":3.0},{"damage":0.0,"enemies":"Gremlin Nob","floor":7.0,"turns":2.0},{"damage":0.0,"enemies":"The Mushroom Lair","floor":8.0,"turns":5.0},{"damage":2.0,"enemies":"3 Sentries","floor":10.0,"turns":13.0},{"damage":0.0,"enemies":"2 Fungi Beasts","floor":11.0,"turns":3.0},{"damage":0.0,"enemies":"Gremlin Nob","floor":12.0,"turns":2.0},{"damage":44.0,"enemies":"Slime Boss","floor":16.0,"turns":8.0},{"damage":7.0,"enemies":"3 Byrds","floor":18.0,"turns":6.0},{"damage":6.0,"enemies":"2 Thieves","floor":21.0,"turns":4.0},{"damage":1.0,"enemies":"Gremlin Leader","floor":23.0,"turns":5.0},{"damage":0.0,"enemies":"Snecko","floor":28.0,"turns":5.0},{"damage":8.0,"enemies":"Snake Plant","floor":31.0,"turns":4.0},{"damage":52.0,"enemies":"Champ","floor":33.0,"turns":9.0},{"damage":14.0,"enemies":"Orb Walker","floor":35.0,"turns":4.0},{"damage":23.0,"enemies":"3 Darklings","floor":37.0,"turns":8.0},{"damage":14.0,"enemies":"Sphere and 2 Shapes","floor":38.0,"turns":6.0},{"damage":11.0,"enemies":"Writhing Mass","floor":39.0,"turns":6.0},{"damage":50,"enemies":"Reptomancer","floor":46,"turns":9},{"damage":24,"enemies":"Spire Growth","floor":48,"turns":5},{"damage":72,"enemies":"Awakened One","floor":50,"turns":5}],"seed_played":"-185959155524046320","potions_obtained":[{"floor":3.0,"key":"SpeedPotion"},{"floor":4.0,"key":"FearPotion"},{"floor":7.0,"key":"BottledMiracle"},{"floor":8.0,"key":"ColorlessPotion"},{"floor":16.0,"key":"Energy Potion"},{"floor":21.0,"key":"ColorlessPotion"},{"floor":28.0,"key":"BlessingOfTheForge"},{"floor":31.0,"key":"StancePotion"},{"floor":37.0,"key":"GamblersBrew"},{"floor":48,"key":"SpeedPotion"}],"is_trial":false,"path_per_floor":["M","?","M","M","M","R","E","?","T","E","M","E","T","$","R","B",null,"M","?","$","M","?","E","$","?","T","$","M","?","?","M","R","B",null,"M","?","M","M","M","R","?","R","T","?","R","E","?","M","R","B"],"character_chosen":"WATCHER","items_purchased":["Sundial","SandsOfTime","Consecrate","TalkToTheHand"],"campfire_rested":6,"item_purchase_floors":[14,14,14,20],"current_hp_per_floor":[58,58,58,58,56,56,56,56,56,68,68,68,68,68,82,38,71,64,64,64,58,58,57,57,57,57,57,57,57,57,49,73,21,67,53,53,30,16,5,29,29,53,53,53,76,26,26,2,40,0,0],"gold":347,"neow_bonus":"BOSS_RELIC","is_daily":false,"chose_seed":false,"campfire_upgraded":0,"win_rate":0.0,"timestamp":1611321263,"path_taken":["M","?","?","M","M","R","E","?","T","E","M","E","?","$","R","BOSS","M","?","$","M","?","E","$","?","T","?","M","?","?","M","R","BOSS","M","?","M","M","?","R","?","R","T","?","R","E","?","M","R","BOSS"],"items_purchased_type":["Relic","Card","Card","Card"],"build_version":"2020-12-22","purchased_purges":1,"victory":false,"max_hp_per_floor":[68,68,68,68,68,68,68,68,68,82,82,82,82,82,82,82,82,82,82,82,82,82,82,82,82,82,82,82,82,82,82,82,82,82,82,82,82,82,82,82,82,82,82,78,78,78,78,78,78,78,78],"relic_stats":{"counters":[23,121],"Ornamental Fan":[196],"Sundial":[12],"Pantograph":25,"Eternal Feather":15,"Letter Opener":[73],"MawBank":84,"obtain_stats":[{"Velvet Choker":17,"Vajra":23,"Mango":10,"Eternal Feather":46,"Letter Opener":12,"Odd Mushroom":8,"MawBank":7,"SlaversCollar":34,"Ornamental Fan":9,"Sundial":14,"Pantograph":43,"Fusion Hammer":0,"Bottled Lightning":26,"PureWater":0,"StrikeDummy":30},{"Velvet Choker":10,"Vajra":13,"Mango":7,"Eternal Feather":21,"Letter Opener":9,"Odd Mushroom":6,"MawBank":5,"SlaversCollar":16,"Ornamental Fan":6,"Sundial":9,"Pantograph":20,"Fusion Hammer":0,"Bottled Lightning":13,"PureWater":0,"StrikeDummy":14},{"Velvet Choker":45,"Vajra":60,"Mango":32,"Eternal Feather":111,"Letter Opener":37,"Odd Mushroom":19,"MawBank":14,"SlaversCollar":78,"Ornamental Fan":19,"Sundial":37,"Pantograph":102,"Fusion Hammer":0,"Bottled Lightning":60,"PureWater":0,"StrikeDummy":65}]},"card_choices":[{"not_picked":["Protect","EmptyMind"],"picked":"FearNoEvil","floor":1.0},{"not_picked":["Protect","BowlingBash"],"picked":"LikeWater","floor":3.0},{"not_picked":["WindmillStrike","Protect"],"picked":"CrushJoints","floor":4.0},{"not_picked":["Collect","SashWhip"],"picked":"Wallop","floor":5.0},{"not_picked":["CrushJoints","Judgement"],"picked":"ThirdEye","floor":7.0},{"not_picked":["SashWhip","FearNoEvil"],"picked":"Consecrate","floor":8.0},{"not_picked":["Protect","ThirdEye"],"picked":"FollowUp","floor":10.0},{"not_picked":["FlyingSleeves","PathToVictory"],"picked":"Evaluate","floor":11.0},{"not_picked":["CutThroughFate","EmptyMind"],"picked":"SandsOfTime","floor":12.0},{"not_picked":["Blasphemy","Brilliance"],"picked":"Scrawl","floor":16.0},{"not_picked":["Halt","FlyingSleeves"],"picked":"JustLucky+1","floor":18.0},{"not_picked":["FollowUp","Crescendo"],"picked":"CutThroughFate+1","floor":21.0},{"not_picked":["FearNoEvil","DevaForm"],"picked":"Wireheading","floor":23.0},{"not_picked":["Halt+1","ForeignInfluence","FlurryOfBlows"],"picked":"SKIP","floor":28.0},{"not_picked":["SashWhip+1","Indignation"],"picked":"InnerPeace","floor":31.0},{"not_picked":["Blasphemy","Vault"],"picked":"LessonLearned","floor":33.0},{"not_picked":["Evaluate","DeceiveReality"],"picked":"Protect","floor":35.0},{"not_picked":["PathToVictory","Evaluate+1"],"picked":"Wireheading+1","floor":37.0},{"not_picked":["Evaluate","Worship","JustLucky+1"],"picked":"SKIP","floor":38.0},{"not_picked":["EmptyBody","FlurryOfBlows","Evaluate"],"picked":"SKIP","floor":39.0},{"not_picked":["JustLucky","WaveOfTheHand+1"],"picked":"Adaptation+1","floor":46},{"not_picked":["Swivel","Weave","ClearTheMind"],"picked":"SKIP","floor":48}],"player_experience":1603218,"relics_obtained":[{"floor":7.0,"key":"MawBank"},{"floor":8.0,"key":"Odd Mushroom"},{"floor":9.0,"key":"Ornamental Fan"},{"floor":10.0,"key":"Mango"},{"floor":12.0,"key":"Letter Opener"},{"floor":23.0,"key":"Vajra"},{"floor":26.0,"key":"Bottled Lightning"},{"floor":43.0,"key":"Pantograph"},{"floor":46,"key":"Eternal Feather"}],"event_choices":[{"damage_healed":0.0,"max_hp_gain":0.0,"max_hp_loss":0.0,"gold_gain":50.0,"event_name":"Golden Shrine","player_choice":"Pray","floor":2.0,"gold_loss":0.0,"damage_taken":0.0},{"damage_healed":0.0,"max_hp_gain":0.0,"max_hp_loss":0.0,"gold_gain":0.0,"event_name":"Mushrooms","player_choice":"Fought Mushrooms","floor":8.0,"gold_loss":0.0,"damage_taken":0.0},{"cards_removed":["Strike_P"],"damage_healed":0.0,"max_hp_gain":0.0,"max_hp_loss":0.0,"gold_gain":0.0,"event_name":"Beggar","player_choice":"Gave Gold","floor":19.0,"gold_loss":75.0,"damage_taken":0.0},{"damage_healed":0.0,"max_hp_gain":0.0,"max_hp_loss":0.0,"gold_gain":0.0,"event_name":"Back to Basics","player_choice":"Simplicity","floor":22.0,"gold_loss":0.0,"damage_taken":0.0,"cards_upgraded":["Strike_P","Strike_P","Defend_P","Defend_P","Defend_P","Defend_P"]},{"damage_healed":0.0,"max_hp_gain":0.0,"max_hp_loss":0.0,"gold_gain":0.0,"event_name":"Masked Bandits","player_choice":"Paid Fearfully","floor":25.0,"gold_loss":72.0,"damage_taken":0.0},{"damage_healed":0.0,"max_hp_gain":0.0,"max_hp_loss":0.0,"gold_gain":50.0,"event_name":"Nest","player_choice":"Stole From Cult","floor":29.0,"gold_loss":0.0,"damage_taken":0.0},{"damage_healed":0.0,"max_hp_gain":0.0,"max_hp_loss":0.0,"gold_gain":0.0,"event_name":"Addict","player_choice":"Stole Relic","floor":30.0,"gold_loss":0.0,"damage_taken":0.0,"relics_obtained":["StrikeDummy"],"cards_obtained":["Shame"]},{"cards_removed":["Shame"],"damage_healed":0.0,"max_hp_gain":0.0,"max_hp_loss":0.0,"gold_gain":0.0,"event_name":"Purifier","player_choice":"Purged","floor":36.0,"gold_loss":0.0,"damage_taken":0.0},{"damage_healed":0.0,"max_hp_gain":0.0,"max_hp_loss":0.0,"gold_gain":0.0,"event_name":"Mysterious Sphere","player_choice":"Ignored","floor":41.0,"gold_loss":0.0,"damage_taken":0.0},{"damage_healed":0,"gold_gain":0,"player_choice":"Max HP","damage_taken":0,"max_hp_gain":0,"max_hp_loss":4,"event_name":"Winding Halls","floor":44,"gold_loss":0},{"cards_removed":["Wireheading"],"damage_healed":0,"gold_gain":0,"player_choice":"Removed Power","damage_taken":0,"max_hp_gain":0,"max_hp_loss":0,"event_name":"Falling","floor":47,"gold_loss":0}],"is_beta":false,"boss_relics":[{"not_picked":["Busted Crown","Calling Bell"],"picked":"Velvet Choker"},{"not_picked":["Sozu","Pandora\u0027s Box"],"picked":"SlaversCollar"}],"items_purged_floors":[14],"is_endless":false,"potions_floor_spawned":[3,4,7,8,16,21,28,31,37,48],"killed_by":"Awakened One","ascension_level":17}}