{"host":"928gv66myv2vlnsd","time":1611349309,"event":{"mods":["BaseMod","Minty Spire (QoL Compilation)","StSLib"],"gold_per_floor":[119,139,139,214,58,58,68,94,166,196,28,42,55,74,74,74,74],"floor_reached":16,"language":"ENG","playtime":493,"items_purged":["Strike_R"],"score":199,"play_id":"03c8748e-88a6-4e21-934c-959359af8ff8","local_time":"20210122160149","is_ascension_mode":true,"campfire_choices":[{"data":"Flame Barrier","floor":6,"key":"SMITH"},{"data":"Armaments","floor":15,"key":"SMITH"}],"circlet_count":0,"master_deck":["AscendersBane","Strike_R","Strike_R","Strike_R","Strike_R","Defend_R","Defend_R","Defend_R","Defend_R","Bash","Flame Barrier+1","Cleave","Disarm","Warcry","Limit Break","Burning Pact","Seeing Red","Armaments+1"],"relics":["Burning Blood","NeowsBlessing","Potion Belt","Self Forming Clay","Sundial"],"acts_visited":["Exordium"],"potions_floor_usage":[],"damage_taken":[{"damage":0,"enemies":"Cultist","floor":1,"turns":1},{"damage":0,"enemies":"Jaw Worm","floor":2,"turns":1},{"damage":0,"enemies":"2 Louse","floor":7,"turns":1},{"damage":51,"enemies":"Lagavulin","floor":10,"turns":10},{"damage":12,"enemies":"Blue Slaver","floor":12,"turns":5},{"damage":1,"enemies":"2 Fungi Beasts","floor":13,"turns":4},{"damage":4,"enemies":"3 Louse","floor":14,"turns":3},{"damage":26,"enemies":"Hexaghost","floor":16,"turns":14}],"seed_played":"4540314301797234583","potions_obtained":[{"floor":7,"key":"CultistPotion"},{"floor":12,"key":"SpeedPotion"}],"is_trial":false,"path_per_floor":["M","M","?","?","$","R","M","T","T","E","$","M","M","M","R","B"],"character_chosen":"IRONCLAD","items_purchased":["Disarm","Limit Break"],"campfire_rested":0,"item_purchase_floors":[5,11],"current_hp_per_floor":[74,75,75,64,64,64,70,70,70,25,25,19,24,26,26,0,0],"gold":74,"neow_bonus":"THREE_ENEMY_KILL","is_daily":false,"chose_seed":false,"campfire_upgraded":2,"win_rate":0.0,"timestamp":1611349309,"path_taken":["M","?","?","?","$","R","M","?","T","E","$","M","M","M","R","BOSS"],"items_purchased_type":["Card","Card"],"build_version":"2020-12-22","purchased_purges":1,"victory":false,"max_hp_per_floor":[75,75,75,75,75,75,75,75,75,75,75,75,75,75,75,75,75],"card_choices":[{"not_picked":["Wild Strike","Flex"],"picked":"Warcry","floor":1},{"not_picked":["Clothesline","True Grit"],"picked":"Flame Barrier","floor":2},{"not_picked":["Entrench","Armaments"],"picked":"Warcry","floor":7},{"not_picked":["Searing Blow","Iron Wave","Anger"],"picked":"SKIP","floor":10},{"not_picked":["Rage","Juggernaut"],"picked":"Burning Pact","floor":12},{"not_picked":["Intimidate","Dual Wield"],"picked":"Seeing Red","floor":13},{"not_picked":["Anger","Clash"],"picked":"Armaments","floor":14}],"player_experience":1289415,"relics_obtained":[{"floor":8,"key":"Potion Belt"},{"floor":9,"key":"Self Forming Clay"},{"floor":10,"key":"Sundial"}],"event_choices":[{"damage_healed":0,"gold_gain":0,"cards_transformed":["Warcry"],"player_choice":"Change","damage_taken":0,"max_hp_gain":0,"max_hp_loss":0,"event_name":"Living Wall","floor":3,"gold_loss":0,"cards_obtained":["Cleave"]},{"damage_healed":0,"gold_gain":75,"player_choice":"Gather Gold","damage_taken":11,"max_hp_gain":0,"max_hp_loss":0,"event_name":"World of Goop","floor":4,"gold_loss":0}],"is_beta":false,"boss_relics":[],"items_purged_floors":[5],"is_endless":false,"potions_floor_spawned":[7,12],"killed_by":"Hexaghost","ascension_level":19}}