{"host":"agbyy69nq62afhwx","time":1611348536,"event":{"mods":["BaseMod","Colored Map","DeckTracker","Highlight Path","Keyboard Shortcuts","Minty Spire (QoL Compilation)","Quick Restart","StSLib","SuperFastMode","everything is the same but u backflip on backflip"],"gold_per_floor":[112,129,140,152,152,195,195,219,219,229,254,254,32,57,57,139,139,167,190,29,58,58,58],"floor_reached":22,"language":"KOR","playtime":686,"items_purged":["Strike_B"],"score":323,"play_id":"85410417-6a9d-4bda-a7ac-6664b1b3422c","local_time":"20210123054856","is_ascension_mode":true,"campfire_choices":[{"data":"Fission","floor":7,"key":"SMITH"},{"floor":15,"key":"REST"}],"circlet_count":0,"master_deck":["AscendersBane","Strike_B","Strike_B","Defend_B","Defend_B+1","Defend_B","Defend_B","Zap","Dualcast","Streamline","Conserve Battery","Auto Shields+1","Beam Cell","Fission+1","Glacier","Doom and Gloom","Creative AI","Conserve Battery","Sweeping Beam","Darkness"],"relics":["FrozenCore","NeowsBlessing","CeramicFish","Kunai","Tiny Chest","Membership Card","War Paint","Pantograph"],"acts_visited":["Exordium","TheCity"],"potions_floor_usage":[10],"damage_taken":[{"damage":0.0,"enemies":"Cultist","floor":1.0,"turns":1.0},{"damage":0.0,"enemies":"2 Louse","floor":2.0,"turns":1.0},{"damage":0.0,"enemies":"Jaw Worm","floor":3.0,"turns":1.0},{"damage":2,"enemies":"3 Louse","floor":4,"turns":4},{"damage":49,"enemies":"Gremlin Nob","floor":6,"turns":5},{"damage":8,"enemies":"Blue Slaver","floor":8,"turns":2},{"damage":0,"enemies":"Gremlin Gang","floor":10,"turns":6},{"damage":15,"enemies":"Exordium Wildlife","floor":14,"turns":6},{"damage":26,"enemies":"Slime Boss","floor":16,"turns":13},{"damage":10,"enemies":"Spheric Guardian","floor":18,"turns":7},{"damage":13,"enemies":"Shell Parasite","floor":19,"turns":8},{"damage":17,"enemies":"Shelled Parasite and Fungi","floor":21,"turns":10},{"damage":20,"enemies":"Centurion and Healer","floor":22,"turns":5}],"seed_played":"7591147007016063178","potions_obtained":[{"floor":4,"key":"PotionOfCapacity"},{"floor":6,"key":"ColorlessPotion"},{"floor":14,"key":"Energy Potion"}],"is_trial":false,"path_per_floor":["M","M","M","M","?","E","R","M","T","M","T","?","$","M","R","B",null,"M","M","$","M","M"],"character_chosen":"DEFECT","items_purchased":["Membership Card","War Paint","Pantograph"],"campfire_rested":1,"item_purchase_floors":[13,13,20],"current_hp_per_floor":[64,64,64,62,62,13,13,5,5,5,5,28,28,13,34,8,55,45,32,32,15,0,0],"gold":58,"neow_bonus":"THREE_ENEMY_KILL","is_daily":false,"chose_seed":false,"campfire_upgraded":1,"win_rate":0.0,"timestamp":1611348536,"path_taken":["M","?","M","?","?","E","R","M","T","?","?","?","$","M","R","BOSS","M","M","$","M","M"],"items_purchased_type":["Relic","Relic","Relic"],"build_version":"2020-12-22","purchased_purges":1,"victory":false,"max_hp_per_floor":[71,71,71,71,71,71,71,71,71,71,71,71,71,71,71,71,71,71,71,71,71,71,71],"card_choices":[{"not_picked":["Hologram","Barrage"],"picked":"Streamline","floor":1.0},{"not_picked":["Heatsinks","Auto Shields"],"picked":"Conserve Battery","floor":2.0},{"not_picked":["Compile Driver","Cold Snap"],"picked":"Auto Shields","floor":3.0},{"not_picked":["Storm","Rebound"],"picked":"Beam Cell","floor":4},{"not_picked":["Leap","Steam Power"],"picked":"Fission","floor":6},{"not_picked":["Scrape","Static Discharge"],"picked":"Glacier","floor":8},{"not_picked":["Cold Snap","Storm","Steam"],"picked":"SKIP","floor":10},{"not_picked":["Leap","Aggregate"],"picked":"Doom and Gloom","floor":14},{"not_picked":["Seek","Machine Learning"],"picked":"Creative AI","floor":16},{"not_picked":["Stack","Ball Lightning"],"picked":"Conserve Battery","floor":18},{"not_picked":["Beam Cell","Turbo"],"picked":"Sweeping Beam","floor":19},{"not_picked":["Darkness","Scrape+1","Barrage"],"picked":"SKIP","floor":21},{"not_picked":["Scrape+1","Barrage"],"picked":"Darkness","floor":21}],"player_experience":438389,"relics_obtained":[{"floor":6,"key":"CeramicFish"},{"floor":9,"key":"Kunai"},{"floor":11,"key":"Tiny Chest"}],"event_choices":[{"cards_removed":["Strike_B"],"damage_healed":0,"gold_gain":0,"player_choice":"Offered Basic","damage_taken":0,"max_hp_gain":0,"max_hp_loss":0,"event_name":"Bonfire Elementals","floor":5,"gold_loss":0},{"damage_healed":23,"gold_gain":0,"player_choice":"Banana","damage_taken":0,"max_hp_gain":0,"max_hp_loss":0,"event_name":"Big Fish","floor":12,"gold_loss":0}],"is_beta":false,"boss_relics":[{"not_picked":["Fusion Hammer","Snecko Eye"],"picked":"FrozenCore"}],"items_purged_floors":[20],"is_endless":false,"potions_floor_spawned":[4,6,8,14,16,19],"killed_by":"Centurion and Healer","ascension_level":14}}