{"host":"a5lz0e76zb3fcwkm","time":1611331077,"event":{"mods":["AchievementEnabler","BaseMod","Colored Map","Colored Powertips","Minty Spire (QoL Compilation)","StSLib","SuperFastMode"],"gold_per_floor":[116,116,41,41,41,41,67,85,85,85,98,108,108,124,124,201,201,216,216,227,240,240,240],"floor_reached":22,"language":"KOR","playtime":406,"items_purged":[],"score":422,"play_id":"7b903f0b-9ca8-455e-bb37-3f23d221774b","local_time":"20210123005757","is_ascension_mode":true,"campfire_choices":[{"data":"Deadly Poison","floor":10,"key":"SMITH"},{"data":"Deadly Poison","floor":13,"key":"SMITH"},{"data":"Bane","floor":15,"key":"SMITH"}],"circlet_count":0,"master_deck":["AscendersBane","Strike_G","Defend_G","Defend_G","Defend_G","Defend_G","Survivor","Neutralize","Deadly Poison+1","Bane+1","Deadly Poison+1","Terror+1","Prepared+1","Deadly Poison+1","Backflip","Escape Plan+1"],"relics":["Ring of the Snake","NeowsBlessing","StrikeDummy","Ancient Tea Set","Astrolabe"],"acts_visited":["Exordium","TheCity"],"potions_floor_usage":[14,21,21,21],"damage_taken":[{"damage":0,"enemies":"Small Slimes","floor":1,"turns":1},{"damage":0,"enemies":"Gremlin Nob","floor":7,"turns":1},{"damage":0,"enemies":"2 Louse","floor":8,"turns":1},{"damage":0,"enemies":"Jaw Worm","floor":11,"turns":4},{"damage":1,"enemies":"Large Slime","floor":12,"turns":7},{"damage":0,"enemies":"2 Fungi Beasts","floor":14,"turns":2},{"damage":21,"enemies":"The Guardian","floor":16,"turns":8},{"damage":19,"enemies":"3 Byrds","floor":18,"turns":5},{"damage":14,"enemies":"Shell Parasite","floor":20,"turns":5},{"damage":13,"enemies":"3 Cultists","floor":21,"turns":6},{"damage":11,"enemies":"Cultist and Chosen","floor":22,"turns":3}],"seed_played":"-2429414768363423485","potions_obtained":[{"floor":7,"key":"EntropicBrew"},{"floor":11,"key":"EssenceOfSteel"},{"floor":16,"key":"LiquidMemories"}],"is_trial":false,"path_per_floor":["M","?","?","$","?","$","E","M","T","R","M","M","R","M","R","B",null,"M","?","M","M","M"],"character_chosen":"THE_SILENT","items_purchased":[],"campfire_rested":0,"item_purchase_floors":[],"current_hp_per_floor":[59,48,48,48,41,41,41,41,41,41,41,40,40,40,40,19,54,35,35,21,8,0,0],"gold":240,"neow_bonus":"THREE_ENEMY_KILL","is_daily":false,"chose_seed":false,"campfire_upgraded":3,"win_rate":0.0,"timestamp":1611331077,"path_taken":["M","?","?","$","?","?","E","M","T","R","M","M","R","M","R","BOSS","M","?","M","M","M"],"items_purchased_type":[],"build_version":"2020-12-22","purchased_purges":0,"victory":false,"max_hp_per_floor":[66,66,66,66,66,66,66,66,66,66,66,66,66,66,66,66,66,66,66,66,66,66,66],"card_choices":[{"not_picked":["Outmaneuver","Flying Knee"],"picked":"Deadly Poison","floor":1},{"not_picked":["Dagger Throw","Sucker Punch","Slice"],"picked":"SKIP","floor":7},{"not_picked":["Quick Slash","Setup"],"picked":"Bane","floor":8},{"not_picked":["Heel Hook","Escape Plan"],"picked":"Deadly Poison","floor":11},{"not_picked":["Flying Knee","Prepared","Slice"],"picked":"SKIP","floor":12},{"not_picked":["Cloak And Dagger","Outmaneuver","Poisoned Stab"],"picked":"SKIP","floor":14},{"not_picked":["Blade Dance","Endless Agony"],"picked":"Backflip","floor":18},{"not_picked":["Outmaneuver","Poisoned Stab+1","Eviscerate"],"picked":"SKIP","floor":20},{"not_picked":["Acrobatics+1","Slice"],"picked":"Escape Plan+1","floor":21}],"player_experience":1784493,"relics_obtained":[{"floor":7,"key":"Ancient Tea Set"}],"event_choices":[{"damage_healed":0,"gold_gain":0,"player_choice":"Success","damage_taken":11,"relics_obtained":["StrikeDummy"],"max_hp_gain":0,"max_hp_loss":0,"event_name":"Scrap Ooze","floor":2,"gold_loss":0},{"cards_removed":["Strike_G"],"damage_healed":0,"gold_gain":0,"player_choice":"Card Removal","damage_taken":0,"max_hp_gain":0,"max_hp_loss":0,"event_name":"The Cleric","floor":3,"gold_loss":75},{"cards_removed":["Defend_G"],"damage_healed":0,"gold_gain":0,"player_choice":"Card Removal","damage_taken":7,"max_hp_gain":0,"max_hp_loss":0,"event_name":"Golden Wing","floor":5,"gold_loss":0},{"damage_healed":0,"gold_gain":0,"player_choice":"Ignored","damage_taken":0,"max_hp_gain":0,"max_hp_loss":0,"event_name":"The Mausoleum","floor":19,"gold_loss":0}],"is_beta":false,"boss_relics":[{"not_picked":["Busted Crown","Ectoplasm"],"picked":"Astrolabe"}],"items_purged_floors":[],"is_endless":false,"potions_floor_spawned":[7,11,16,18],"killed_by":"Cultist and Chosen","ascension_level":20}}