{"host":"x8sop9v6zw8yitbt","time":1611353048,"event":{"mods":["BaseMod","Best Route Mod","Block Reminder","Colored Powertips","Dark Map","DeckTracker","Minty Spire (QoL Compilation)","Permanent Neow","Quick Restart","Relic Stats","Slay-I","StSLib"],"gold_per_floor":[109,59,134,150,150,150,181,181,181,214,225,253,270,120,120,222,272,292,292,117,127,145,175,194,208,208,56,56,83,83,99,99,201,201,216,228,228,239,256,256,286,299,299,174,192,42,42,72,72,72],"floor_reached":51,"language":"ENG","playtime":1437,"items_purged":["Strike_G","Defend_G","Defend_G","Defend_G"],"score":907,"play_id":"4acb293b-367e-4847-95b1-318d59f6ff54","local_time":"20210122170408","is_ascension_mode":true,"campfire_choices":[{"data":"Neutralize","floor":6,"key":"SMITH"},{"data":"Cloak And Dagger","floor":8,"key":"SMITH"},{"data":"Cloak And Dagger","floor":15,"key":"SMITH"},{"data":"A Thousand Cuts","floor":28,"key":"SMITH"},{"data":"Accuracy","floor":30,"key":"SMITH"},{"floor":32,"key":"REST"},{"data":"After Image","floor":40,"key":"SMITH"},{"data":"Accuracy","floor":49,"key":"SMITH"}],"circlet_count":0,"master_deck":["Strike_G+1","Strike_G+1","Defend_G","Defend_G","Survivor","Neutralize+1","Blade Dance+1","Blade Dance+1","Cloak And Dagger+1","Cloak And Dagger+1","Infinite Blades","A Thousand Cuts+1","Deflect+1","Infinite Blades","Accuracy","Accuracy+1","PiercingWail+1","Accuracy+1","Finisher+1","After Image+1","Master of Strategy","Escape Plan+1"],"relics":["Ring of the Snake","NeowsBlessing","HornCleat","Pear","Mercury Hourglass","Art of War","Tiny House","Whetstone","Turnip","DollysMirror","Ginger","Runic Dome","Pantograph","Boot","Eternal Feather"],"acts_visited":["Exordium","TheCity","TheBeyond"],"potions_floor_usage":[16,23,48,50,50,50],"damage_taken":[{"damage":0,"enemies":"Jaw Worm","floor":1,"turns":1},{"damage":0,"enemies":"Small Slimes","floor":4,"turns":1},{"damage":0,"enemies":"3 Sentries","floor":7,"turns":1},{"damage":15,"enemies":"Gremlin Nob","floor":10,"turns":4},{"damage":0,"enemies":"Cultist","floor":11,"turns":2},{"damage":3,"enemies":"3 Sentries","floor":12,"turns":5},{"damage":0,"enemies":"Looter","floor":13,"turns":3},{"damage":44,"enemies":"The Guardian","floor":16,"turns":11},{"damage":2,"enemies":"Shell Parasite","floor":18,"turns":4},{"damage":9,"enemies":"2 Thieves","floor":21,"turns":4},{"damage":9,"enemies":"Snecko","floor":22,"turns":4},{"damage":0,"enemies":"Gremlin Leader","floor":23,"turns":3},{"damage":13,"enemies":"Cultist and Chosen","floor":24,"turns":5},{"damage":4,"enemies":"Centurion and Healer","floor":25,"turns":4},{"damage":10,"enemies":"Book of Stabbing","floor":29,"turns":4},{"damage":10,"enemies":"Snake Plant","floor":31,"turns":3},{"damage":35,"enemies":"Collector","floor":33,"turns":5},{"damage":0,"enemies":"3 Darklings","floor":35,"turns":3},{"damage":0,"enemies":"Orb Walker","floor":36,"turns":1},{"damage":0,"enemies":"Transient","floor":38,"turns":5},{"damage":5,"enemies":"Sphere and 2 Shapes","floor":39,"turns":4},{"damage":11,"enemies":"Reptomancer","floor":41,"turns":6},{"damage":6,"enemies":"Writhing Mass","floor":42,"turns":5},{"damage":23,"enemies":"4 Shapes","floor":45,"turns":4},{"damage":0,"enemies":"Giant Head","floor":48,"turns":5},{"damage":17,"enemies":"Donu and Deca","floor":50,"turns":5}],"seed_played":"494766518060337455","potions_obtained":[{"floor":4,"key":"LiquidMemories"},{"floor":11,"key":"FearPotion"},{"floor":16,"key":"Strength Potion"},{"floor":17,"key":"BlessingOfTheForge"},{"floor":24,"key":"Strength Potion"},{"floor":29,"key":"Block Potion"},{"floor":42,"key":"CultistPotion"},{"floor":48,"key":"LiquidBronze"}],"is_trial":false,"path_per_floor":["M","?","?","M","?","R","E","R","T","E","M","E","M","$","R","B",null,"M","?","$","M","M","E","M","M","T","$","R","E","R","M","R","B",null,"M","M","?","M","M","R","E","M","T","$","M","$","?","E","R","B",null],"character_chosen":"THE_SILENT","items_purchased":["Infinite Blades","Accuracy","DollysMirror"],"campfire_rested":1,"item_purchase_floors":[14,20,27],"current_hp_per_floor":[70,70,59,59,59,59,59,59,69,54,54,51,51,51,51,7,85,83,83,83,74,65,65,52,48,48,48,48,38,38,28,53,18,85,85,85,85,85,80,80,69,63,63,63,40,40,40,40,52,60],"gold":72,"neow_bonus":"THREE_ENEMY_KILL","is_daily":false,"chose_seed":false,"campfire_upgraded":7,"win_rate":0.0,"timestamp":1611353048,"path_taken":["M","?","?","M","?","R","E","R","T","E","M","E","?","$","R","BOSS","M","?","$","M","M","E","M","M","T","?","R","E","R","M","R","BOSS","M","M","?","M","M","R","E","?","T","$","M","$","?","E","R","BOSS"],"items_purchased_type":["Card","Card","Relic"],"build_version":"2020-12-22","purchased_purges":4,"victory":true,"max_hp_per_floor":[70,70,70,70,70,70,70,70,80,80,80,80,80,80,80,80,85,85,85,85,85,85,85,85,85,85,85,85,85,85,85,85,85,85,85,85,85,85,85,85,85,85,85,85,85,85,85,85,85,85],"relic_stats":{"counters":[26,102],"Pantograph":25,"Eternal Feather":12,"Turnip":[3],"Art of War":[5],"Whetstone":["Strike_G","Strike_G"],"Ginger":[7],"Boot":[2],"obtain_stats":[{"Pear":9,"Tiny House":17,"NeowsBlessing":0,"Eternal Feather":48,"Whetstone":23,"Ginger":29,"Boot":43,"Mercury Hourglass":10,"Runic Dome":34,"HornCleat":7,"DollysMirror":27,"Pantograph":41,"Turnip":26,"Art of War":12,"Ring of the Snake":0},{"Pear":3,"Tiny House":8,"NeowsBlessing":0,"Eternal Feather":25,"Whetstone":12,"Ginger":15,"Boot":23,"Mercury Hourglass":4,"Runic Dome":17,"HornCleat":3,"DollysMirror":14,"Pantograph":22,"Turnip":14,"Art of War":6,"Ring of the Snake":0},{"Pear":3,"Tiny House":28,"NeowsBlessing":0,"Eternal Feather":97,"Whetstone":43,"Ginger":56,"Boot":88,"Mercury Hourglass":7,"Runic Dome":64,"HornCleat":3,"DollysMirror":52,"Pantograph":83,"Turnip":52,"Art of War":14,"Ring of the Snake":0}],"Ring of the Snake":[52],"Mercury Hourglass":[416]},"card_choices":[{"not_picked":["Dagger Spray","Slice"],"picked":"Blade Dance","floor":1},{"not_picked":["Underhanded Strike","Bane"],"picked":"Blade Dance","floor":4},{"not_picked":["Leg Sweep","Poisoned Stab"],"picked":"Cloak And Dagger","floor":7},{"not_picked":["Backflip","Doppelganger"],"picked":"Cloak And Dagger","floor":10},{"not_picked":["Catalyst","Dodge and Roll","Bane"],"picked":"SKIP","floor":11},{"not_picked":["Reflex","Deflect","Dagger Throw"],"picked":"SKIP","floor":12},{"not_picked":["Tactician","Outmaneuver","Calculated Gamble"],"picked":"SKIP","floor":13},{"not_picked":["Grand Finale","Venomology"],"picked":"A Thousand Cuts","floor":16},{"not_picked":["Acrobatics","Dagger Spray"],"picked":"Deflect+1","floor":18},{"not_picked":["Choke","PiercingWail"],"picked":"Accuracy","floor":21},{"not_picked":["Dagger Spray+1","Poisoned Stab","Die Die Die"],"picked":"SKIP","floor":22},{"not_picked":["Poisoned Stab","Sucker Punch","Bane"],"picked":"SKIP","floor":23},{"not_picked":["Dagger Spray+1","Outmaneuver","Distraction"],"picked":"SKIP","floor":24},{"not_picked":["Underhanded Strike","Heel Hook+1"],"picked":"PiercingWail+1","floor":25},{"not_picked":["Flying Knee","Eviscerate","Bullet Time"],"picked":"SKIP","floor":29},{"not_picked":["Poisoned Stab","Deadly Poison+1"],"picked":"Finisher+1","floor":31},{"not_picked":["Glass Knife","Die Die Die"],"picked":"After Image","floor":33},{"not_picked":["Prepared+1","Bane+1","Slice"],"picked":"SKIP","floor":35},{"not_picked":["Flechettes","Blade Dance+1","Backflip"],"picked":"SKIP","floor":36},{"not_picked":["Flying Knee","Tools of the Trade","Dagger Spray"],"picked":"SKIP","floor":38},{"not_picked":["Distraction+1","Flying Knee","Slice"],"picked":"SKIP","floor":39},{"not_picked":["Cloak And Dagger","Acrobatics+1","Riddle With Holes+1"],"picked":"SKIP","floor":41},{"not_picked":["Malaise","Dagger Spray+1","Blade Dance+1"],"picked":"SKIP","floor":42},{"not_picked":["Dash","Blade Dance+1","Riddle With Holes+1"],"picked":"SKIP","floor":45},{"not_picked":["Deep Breath","Dark Shackles"],"picked":"Master of Strategy","floor":47},{"not_picked":["Accuracy","Prepared+1"],"picked":"Escape Plan+1","floor":48}],"player_experience":878582,"relics_obtained":[{"floor":7,"key":"HornCleat"},{"floor":9,"key":"Pear"},{"floor":10,"key":"Mercury Hourglass"},{"floor":12,"key":"Art of War"},{"floor":23,"key":"Whetstone"},{"floor":26,"key":"Turnip"},{"floor":29,"key":"Ginger"},{"floor":41,"key":"Pantograph"},{"floor":43,"key":"Boot"},{"floor":48,"key":"Eternal Feather"}],"event_choices":[{"cards_removed":["Strike_G"],"damage_healed":0,"gold_gain":0,"player_choice":"Card Removal","damage_taken":0,"max_hp_gain":0,"max_hp_loss":0,"event_name":"The Cleric","floor":2,"gold_loss":50},{"damage_healed":0,"gold_gain":75,"player_choice":"Gather Gold","damage_taken":11,"max_hp_gain":0,"max_hp_loss":0,"event_name":"World of Goop","floor":3,"gold_loss":0},{"damage_healed":0,"gold_gain":0,"player_choice":"Forge","damage_taken":0,"max_hp_gain":0,"max_hp_loss":0,"event_name":"Accursed Blacksmith","floor":5,"gold_loss":0,"cards_upgraded":["Blade Dance"]},{"damage_healed":0,"gold_gain":0,"cards_transformed":["Strike_G"],"player_choice":"Transformed","damage_taken":0,"max_hp_gain":0,"max_hp_loss":0,"event_name":"Transmorgrifier","floor":19,"gold_loss":0,"cards_obtained":["Infinite Blades"]},{"damage_healed":0,"gold_gain":0,"player_choice":"0 cards matched","damage_taken":0,"max_hp_gain":0,"max_hp_loss":0,"event_name":"Match and Keep!","floor":37,"gold_loss":0,"cards_obtained":[]},{"damage_healed":0,"gold_gain":0,"player_choice":"Memory 1","damage_taken":0,"max_hp_gain":0,"max_hp_loss":0,"event_name":"SensoryStone","floor":47,"gold_loss":0}],"is_beta":false,"boss_relics":[{"not_picked":["Ectoplasm","Velvet Choker"],"picked":"Tiny House"},{"not_picked":["Black Star","Runic Pyramid"],"picked":"Runic Dome"}],"items_purged_floors":[14,20,44,46],"is_endless":false,"potions_floor_spawned":[4,11,16,18,24,29,31,35,38,42,45,48],"ascension_level":1}}