{"host":"c5j8t0wyh2hvx9ju","time":1611322846,"event":{"mods":["Astrologer","BaseMod","BetterRewards","Minty Spire (QoL Compilation)","Prisma Mod","StSLib"],"gold_per_floor":[116,135,153,172,182,213,232,232,285,25,25,25,25,36,36,132,132,115,135,153,153,163,163,163,163],"floor_reached":24,"language":"JPN","playtime":2270,"items_purged":["Strike_P"],"score":365,"play_id":"5dba7531-d634-4be0-9b57-4ef1b507f4a8","local_time":"20210122224046","is_ascension_mode":true,"campfire_choices":[{"floor":8.0,"key":"REST"},{"data":"Wallop","floor":11.0,"key":"SMITH"},{"data":"Eruption","floor":13.0,"key":"SMITH"},{"data":"MentalFortress","floor":15.0,"key":"SMITH"},{"floor":23,"key":"REST"}],"circlet_count":0,"master_deck":["Strike_P","Strike_P","Strike_P","Defend_P","Defend_P","Defend_P","Defend_P","Eruption+1","Vigilance","FearNoEvil","WheelKick","Worship","Prostrate","MentalFortress+1","Sanctity","Evaluate","SashWhip","InnerPeace","FlurryOfBlows","Adaptation","Wallop+1","Brilliance","SashWhip+1","Prostrate","DevaForm","Halt+1"],"relics":["PureWater","Medical Kit","Oddly Smooth Stone","Damaru","Membership Card","Blue Candle","VioletLotus"],"acts_visited":["Exordium","TheCity"],"potions_floor_usage":[24,24],"damage_taken":[{"damage":6.0,"enemies":"Cultist","floor":1.0,"turns":3.0},{"damage":0.0,"enemies":"Jaw Worm","floor":2.0,"turns":4.0},{"damage":11.0,"enemies":"2 Louse","floor":3.0,"turns":3.0},{"damage":5.0,"enemies":"Exordium Thugs","floor":4.0,"turns":4.0},{"damage":1.0,"enemies":"Blue Slaver","floor":5.0,"turns":4.0},{"damage":20.0,"enemies":"3 Sentries","floor":6.0,"turns":5.0},{"damage":6.0,"enemies":"Looter","floor":7.0,"turns":3.0},{"damage":0.0,"enemies":"Gremlin Gang","floor":14.0,"turns":4.0},{"damage":11.0,"enemies":"Hexaghost","floor":16.0,"turns":9.0},{"damage":17.0,"enemies":"2 Thieves","floor":18.0,"turns":4.0},{"damage":23.0,"enemies":"Spheric Guardian","floor":19.0,"turns":5.0},{"damage":4.0,"enemies":"Snecko","floor":20.0,"turns":3.0},{"damage":0.0,"enemies":"Snake Plant","floor":21.0,"turns":1.0},{"damage":25,"enemies":"Shelled Parasite and Fungi","floor":22,"turns":5},{"damage":32,"enemies":"Gremlin Leader","floor":24,"turns":3}],"seed_played":"-4507089872855861952","potions_obtained":[{"floor":1.0,"key":"SpeedPotion"},{"floor":3.0,"key":"AttackPotion"},{"floor":7.0,"key":"Strength Potion"},{"floor":18.0,"key":"SmokeBomb"},{"floor":22,"key":"Explosive Potion"}],"is_trial":false,"path_per_floor":["M","M","M","M","M","E","M","R","T","$","R","T","R","M","R","B",null,"M","M","M","M","M","R","E"],"character_chosen":"WATCHER","items_purchased":["Medical Kit","FearNoEvil","WheelKick","Worship","Prostrate","Membership Card","Adaptation","Wallop"],"campfire_rested":2,"item_purchase_floors":[0,0,0,0,0,10,10,10],"current_hp_per_floor":[59,59,48,43,42,22,16,37,37,37,37,37,37,37,37,26,72,55,32,28,28,3,24,0,0],"gold":163,"neow_bonus":"","is_daily":false,"chose_seed":false,"campfire_upgraded":3,"win_rate":0.0,"timestamp":1611322846,"path_taken":["M","M","M","M","M","E","M","R","T","?","R","?","R","M","R","BOSS","M","M","M","M","M","R","E"],"items_purchased_type":["Relic","Card","Card","Card","Card","Relic","Card","Card"],"build_version":"2020-12-22","purchased_purges":1,"victory":false,"max_hp_per_floor":[72,72,72,72,72,72,72,72,72,72,72,72,72,72,72,72,72,72,72,72,72,72,72,72,72],"card_choices":[{"not_picked":["Study","BattleHymn"],"picked":"MentalFortress","floor":1.0},{"not_picked":["FlyingSleeves","Fasting2","JustLucky"],"picked":"SKIP","floor":2.0},{"not_picked":["LikeWater","EmptyFist"],"picked":"Sanctity","floor":3.0},{"not_picked":["ThirdEye","Fasting2"],"picked":"Evaluate","floor":4.0},{"not_picked":["PathToVictory","WaveOfTheHand"],"picked":"SashWhip","floor":5.0},{"not_picked":["Worship","ClearTheMind"],"picked":"InnerPeace","floor":6.0},{"not_picked":["WreathOfFlame","JustLucky"],"picked":"FlurryOfBlows","floor":7.0},{"not_picked":["Consecrate","ForeignInfluence","BowlingBash"],"picked":"SKIP","floor":14.0},{"not_picked":["Ragnarok","DevaForm"],"picked":"Brilliance","floor":16.0},{"not_picked":["ClearTheMind","EmptyFist"],"picked":"SashWhip+1","floor":18.0},{"not_picked":["Weave+1","ClearTheMind"],"picked":"Prostrate","floor":19.0},{"not_picked":["EmptyFist","EmptyBody"],"picked":"DevaForm","floor":20.0},{"not_picked":["FollowUp","Crescendo"],"picked":"Halt+1","floor":22}],"player_experience":851940,"relics_obtained":[{"floor":6.0,"key":"Oddly Smooth Stone"},{"floor":9.0,"key":"Damaru"},{"floor":12.0,"key":"Blue Candle"}],"event_choices":[],"is_beta":false,"boss_relics":[{"not_picked":["Runic Dome","Cursed Key"],"picked":"VioletLotus"}],"items_purged_floors":[10],"is_endless":false,"potions_floor_spawned":[1,3,7,18,19,22],"killed_by":"Gremlin Leader","ascension_level":4}}