{"host":"vl29iwkwnyytuw8q","time":1611353491,"event":{"mods":["BaseMod","Minty Spire (QoL Compilation)","Permanent Neow","Relic Stats","StSLib"],"gold_per_floor":[109,127,144,157,171,204,204,204,204,204,204,220,243,287,287,287,287],"floor_reached":16,"language":"ENG","playtime":363,"items_purged":[],"score":228,"play_id":"f004a825-21d1-41f4-a5a4-2e7ce74486f5","local_time":"20210122231131","is_ascension_mode":true,"campfire_choices":[{"data":"A Thousand Cuts","floor":7.0,"key":"SMITH"},{"floor":15.0,"key":"REST"}],"circlet_count":0,"master_deck":["AscendersBane","Strike_G","Strike_G","Strike_G","Strike_G","Strike_G","Defend_G","Defend_G","Defend_G","Defend_G","Defend_G","Survivor","Neutralize","Blade Dance","Slice","Accuracy","Infinite Blades","A Thousand Cuts+1","Cloak And Dagger","Injury","Blade Dance","Deflect"],"relics":["WristBlade","Art of War","Golden Idol","Smiling Mask","Juzu Bracelet","Darkstone Periapt"],"acts_visited":["Exordium"],"potions_floor_usage":[],"damage_taken":[{"damage":0.0,"enemies":"Cultist","floor":1.0,"turns":4.0},{"damage":0.0,"enemies":"2 Louse","floor":2.0,"turns":2.0},{"damage":0.0,"enemies":"Small Slimes","floor":3.0,"turns":3.0},{"damage":0.0,"enemies":"2 Fungi Beasts","floor":4.0,"turns":2.0},{"damage":3.0,"enemies":"Looter","floor":5.0,"turns":3.0},{"damage":17.0,"enemies":"Gremlin Nob","floor":6.0,"turns":4.0},{"damage":0.0,"enemies":"Exordium Wildlife","floor":12.0,"turns":3.0},{"damage":4.0,"enemies":"Blue Slaver","floor":13.0,"turns":4.0},{"damage":20.0,"enemies":"3 Sentries","floor":14.0,"turns":5.0},{"damage":25,"enemies":"The Guardian","floor":16,"turns":2}],"seed_played":"-3959015039341950891","potions_obtained":[{"floor":1.0,"key":"PowerPotion"},{"floor":3.0,"key":"Block Potion"},{"floor":13.0,"key":"FearPotion"}],"is_trial":false,"path_per_floor":["M","M","M","M","M","E","R","?","T","?","?","M","M","E","R","B"],"character_chosen":"THE_SILENT","items_purchased":[],"campfire_rested":1,"item_purchase_floors":[],"current_hp_per_floor":[59,59,59,59,56,39,39,39,39,39,28,28,24,4,23,0,0],"gold":287,"neow_bonus":"BOSS_RELIC","is_daily":false,"chose_seed":false,"campfire_upgraded":1,"win_rate":0.0,"timestamp":1611353491,"path_taken":["M","M","M","M","?","E","R","?","T","?","?","M","M","E","R","BOSS"],"items_purchased_type":[],"build_version":"2020-12-22","purchased_purges":0,"victory":false,"max_hp_per_floor":[66,66,66,66,66,66,66,66,66,66,66,66,66,66,66,66,66],"relic_stats":{"Darkstone Periapt":0,"counters":[10,32],"Golden Idol":17,"Art of War":[2],"Juzu Bracelet":0,"Smiling Mask":0,"obtain_stats":[{"Darkstone Periapt":14,"WristBlade":0,"Golden Idol":8,"Art of War":6,"Juzu Bracelet":11,"Smiling Mask":9,"Ring of the Snake":0},{"Darkstone Periapt":9,"WristBlade":0,"Golden Idol":6,"Art of War":6,"Juzu Bracelet":6,"Smiling Mask":6,"Ring of the Snake":0},{"Darkstone Periapt":30,"WristBlade":0,"Golden Idol":18,"Art of War":18,"Juzu Bracelet":18,"Smiling Mask":18,"Ring of the Snake":0}]},"card_choices":[{"not_picked":["Setup","Flying Knee"],"picked":"Blade Dance","floor":1.0},{"not_picked":["Acrobatics","Poisoned Stab"],"picked":"Slice","floor":2.0},{"not_picked":["Caltrops","Deadly Poison"],"picked":"Accuracy","floor":3.0},{"not_picked":["Deflect","Backflip"],"picked":"Infinite Blades","floor":4.0},{"not_picked":["Caltrops","Backflip"],"picked":"A Thousand Cuts","floor":5.0},{"not_picked":["Flying Knee","Blur"],"picked":"Cloak And Dagger","floor":6.0},{"not_picked":["Dash","Calculated Gamble"],"picked":"Blade Dance","floor":12.0},{"not_picked":["Sucker Punch","Blade Dance"],"picked":"Deflect","floor":13.0},{"not_picked":["Flying Knee","A Thousand Cuts","Blade Dance"],"picked":"SKIP","floor":14.0}],"player_experience":636192,"relics_obtained":[{"floor":6.0,"key":"Art of War"},{"floor":9.0,"key":"Smiling Mask"},{"floor":14.0,"key":"Darkstone Periapt"}],"event_choices":[{"damage_healed":0.0,"max_hp_gain":0.0,"max_hp_loss":0.0,"gold_gain":0.0,"event_name":"Golden Idol","player_choice":"Take Wound","floor":8.0,"gold_loss":0.0,"damage_taken":0.0,"relics_obtained":["Golden Idol"],"cards_obtained":["Injury"]},{"damage_healed":0.0,"max_hp_gain":0.0,"max_hp_loss":0.0,"gold_gain":0.0,"event_name":"Liars Game","player_choice":"Ignored","floor":10.0,"gold_loss":0.0,"damage_taken":0.0},{"damage_healed":0.0,"max_hp_gain":0.0,"max_hp_loss":0.0,"gold_gain":0.0,"event_name":"Scrap Ooze","player_choice":"Success","floor":11.0,"gold_loss":0.0,"damage_taken":11.0,"relics_obtained":["Juzu Bracelet"]}],"is_beta":false,"boss_relics":[],"items_purged_floors":[],"is_endless":false,"potions_floor_spawned":[1,3,4,13],"killed_by":"The Guardian","ascension_level":20}}