{"host":"ml2ro5l6hu6y0pll","time":1611276585,"event":{"mods":["AchievementEnabler","BaseMod","Colored Map","Colored Powertips","Custom Start","Googly Eyes","Minty Spire (QoL Compilation)","Quick Restart","Rare Cards Sparkle","Relic Stats","StSLib","everything is the same but u backflip on backflip"],"gold_per_floor":[112,129,139,153,164,198,231,231,231,231,260,96,110,140,140,216,216,232,65,65,76,89,89,114,142,142,142,142,174,205,215,215,286,286,304,321,321,158,158,183,209,209,209,221,271,306,337,351,351,351,351],"floor_reached":52,"language":"ENG","playtime":2348,"items_purged":[],"score":2581,"play_id":"386b58a6-e36e-490b-9e4d-cb860b19104e","local_time":"20210122004945","daily_mods":["Flight"],"is_ascension_mode":true,"campfire_choices":[{"data":"Limit Break","floor":8,"key":"SMITH"},{"floor":15,"key":"REST"},{"data":"Flame Barrier","floor":23,"key":"SMITH"},{"floor":27,"key":"REST"},{"data":"Whirlwind","floor":28,"key":"SMITH"},{"data":"Flex","floor":32,"key":"SMITH"},{"data":"Feel No Pain","floor":42,"key":"SMITH"},{"data":"Corruption","floor":49,"key":"SMITH"}],"circlet_count":0,"master_deck":["Rupture","Hemokinesis","Ghostly Armor","Flex+1","Pommel Strike","Uppercut","Whirlwind+1","Rampage","Shrug It Off","Shrug It Off","Spot Weakness","Limit Break+1","Inflame","Seeing Red","Flame Barrier+1","Corruption+1","Shame","Sentinel+1","Feel No Pain+1","Second Wind","Entrench"],"relics":["Burning Blood","Vajra","Dead Branch","Sundial","Ornamental Fan","Oddly Smooth Stone","Regal Pillow","Shovel","Cursed Key","Medical Kit","Omamori","Singing Bowl","Bag of Marbles","Ancient Tea Set","Blood Vial","SacredBark","Charon\u0027s Ashes","PreservedInsect","Pocketwatch","Incense Burner","Bottled Tornado"],"acts_visited":["Exordium","TheCity","TheBeyond"],"potions_floor_usage":[30,51],"damage_taken":[{"damage":0,"enemies":"Jaw Worm","floor":1,"turns":3},{"damage":0,"enemies":"2 Louse","floor":2,"turns":1},{"damage":0,"enemies":"Small Slimes","floor":3,"turns":2},{"damage":4,"enemies":"2 Fungi Beasts","floor":4,"turns":2},{"damage":4,"enemies":"3 Louse","floor":5,"turns":3},{"damage":23,"enemies":"Lagavulin","floor":6,"turns":6},{"damage":20,"enemies":"3 Sentries","floor":7,"turns":4},{"damage":32,"enemies":"Gremlin Nob","floor":11,"turns":4},{"damage":2,"enemies":"Exordium Wildlife","floor":13,"turns":4},{"damage":18,"enemies":"Lagavulin","floor":14,"turns":5},{"damage":7,"enemies":"The Guardian","floor":16,"turns":11},{"damage":11,"enemies":"Spheric Guardian","floor":18,"turns":4},{"damage":9,"enemies":"3 Byrds","floor":21,"turns":4},{"damage":2,"enemies":"Centurion and Healer","floor":22,"turns":3},{"damage":1,"enemies":"Book of Stabbing","floor":24,"turns":3},{"damage":39,"enemies":"Slavers","floor":25,"turns":4},{"damage":2,"enemies":"Book of Stabbing","floor":29,"turns":3},{"damage":33,"enemies":"Slavers","floor":30,"turns":4},{"damage":0,"enemies":"3 Cultists","floor":31,"turns":3},{"damage":22,"enemies":"Collector","floor":33,"turns":5},{"damage":18,"enemies":"3 Darklings","floor":35,"turns":3},{"damage":24,"enemies":"3 Shapes","floor":36,"turns":3},{"damage":4,"enemies":"Nemesis","floor":40,"turns":7},{"damage":2,"enemies":"Reptomancer","floor":41,"turns":1},{"damage":6,"enemies":"Writhing Mass","floor":44,"turns":5},{"damage":9,"enemies":"2 Orb Walkers","floor":45,"turns":3},{"damage":4,"enemies":"Giant Head","floor":46,"turns":4},{"damage":0,"enemies":"Reptomancer","floor":47,"turns":3},{"damage":10,"enemies":"Sphere and 2 Shapes","floor":48,"turns":2},{"damage":6,"enemies":"Donu and Deca","floor":50,"turns":4},{"damage":2,"enemies":"Time Eater","floor":51,"turns":8}],"seed_played":"8755828815701475667","potions_obtained":[{"floor":1,"key":"BloodPotion"},{"floor":3,"key":"CultistPotion"},{"floor":30,"key":"BlessingOfTheForge"},{"floor":44,"key":"SteroidPotion"}],"is_trial":true,"path_per_floor":["M","M","M","M","M","E","E","R","T","$","E","$","M","E","R","B",null,"M","$","?","M","M","R","E","E","T","R","R","E","E","M","R","B",null,"M","M","?","$","?","E","E","R","T","M","?","E","E","M","R","B","B",null],"character_chosen":"IRONCLAD","items_purchased":["Regal Pillow","Medical Kit","Feel No Pain","Second Wind"],"campfire_rested":2,"item_purchase_floors":[12,19,38,38],"current_hp_per_floor":[74,75,75,75,75,58,44,44,44,44,18,18,22,10,47,46,68,63,63,63,60,64,64,69,38,38,76,76,79,70,80,80,68,81,73,59,59,59,59,65,73,73,73,77,76,82,92,92,92,94,97],"gold":351,"neow_bonus":"","is_daily":false,"chose_seed":false,"campfire_upgraded":6,"win_rate":0.0,"timestamp":1611276585,"path_taken":["M","M","M","M","M","E","E","R","T","$","E","$","M","E","R","BOSS","M","$","?","M","M","R","E","E","T","R","R","E","E","M","R","BOSS","M","M","?","$","?","E","E","R","T","M","?","E","E","M","R","BOSS","BOSS"],"items_purchased_type":["Relic","Relic","Card","Card"],"build_version":"2020-12-22","purchased_purges":0,"victory":true,"max_hp_per_floor":[75,75,75,75,75,75,75,75,75,75,75,75,75,75,75,75,75,75,75,75,75,75,75,75,77,77,77,77,79,81,83,83,85,85,87,89,89,89,85,87,89,89,89,91,91,93,95,97,97,97,97],"relic_stats":{"Regal Pillow":30,"Singing Bowl":26,"counters":[31,121],"Dead Branch":[279],"Charon\u0027s Ashes":[583],"PreservedInsect":192,"Cursed Key":0,"Medical Kit":[15],"Burning Blood":165,"Blood Vial":26,"Shovel":0,"Sundial":[16],"Ornamental Fan":[48],"obtain_stats":[{"Regal Pillow":12,"Singing Bowl":24,"Dead Branch":6,"SacredBark":34,"Vajra":0,"Oddly Smooth Stone":11,"Charon\u0027s Ashes":40,"PreservedInsect":41,"Omamori":20,"Incense Burner":46,"Bottled Tornado":47,"Cursed Key":17,"Medical Kit":19,"Ancient Tea Set":29,"Burning Blood":0,"Blood Vial":30,"Shovel":14,"Sundial":7,"Ornamental Fan":9,"Bag of Marbles":25,"Pocketwatch":45},{"Regal Pillow":8,"Singing Bowl":15,"Dead Branch":6,"SacredBark":20,"Vajra":0,"Oddly Smooth Stone":8,"Charon\u0027s Ashes":23,"PreservedInsect":24,"Omamori":12,"Incense Burner":27,"Bottled Tornado":28,"Cursed Key":11,"Medical Kit":12,"Ancient Tea Set":17,"Burning Blood":0,"Blood Vial":18,"Shovel":10,"Sundial":7,"Ornamental Fan":7,"Bag of Marbles":16,"Pocketwatch":26},{"Regal Pillow":25,"Singing Bowl":59,"Dead Branch":17,"SacredBark":78,"Vajra":0,"Oddly Smooth Stone":25,"Charon\u0027s Ashes":91,"PreservedInsect":92,"Omamori":49,"Incense Burner":104,"Bottled Tornado":107,"Cursed Key":45,"Medical Kit":49,"Ancient Tea Set":66,"Burning Blood":0,"Blood Vial":70,"Shovel":34,"Sundial":21,"Ornamental Fan":21,"Bag of Marbles":63,"Pocketwatch":100}],"Pocketwatch":[18]},"card_choices":[{"not_picked":["Carnage","Clothesline","Pummel"],"picked":"SKIP","floor":1},{"not_picked":["Bloodletting","Searing Blow","Metallicize"],"picked":"SKIP","floor":2},{"not_picked":["Iron Wave","Reckless Charge","Flex"],"picked":"SKIP","floor":3},{"not_picked":["Entrench","Rage","Anger"],"picked":"SKIP","floor":4},{"not_picked":["Heavy Blade","Sentinel","Iron Wave"],"picked":"SKIP","floor":5},{"not_picked":["Searing Blow","Body Slam","Shrug It Off"],"picked":"SKIP","floor":6},{"not_picked":["Demon Form","Armaments"],"picked":"Inflame","floor":7},{"not_picked":["Metallicize","Reckless Charge"],"picked":"Seeing Red","floor":11},{"not_picked":["Intimidate","Clash","Warcry"],"picked":"SKIP","floor":13},{"not_picked":["Heavy Blade","Ghostly Armor"],"picked":"Flame Barrier","floor":14},{"not_picked":["Reaper","Berserk"],"picked":"Corruption","floor":16},{"not_picked":["Power Through","Entrench","Spot Weakness"],"picked":"SKIP","floor":18},{"not_picked":["Rage","Heavy Blade+1","Power Through+1"],"picked":"SKIP","floor":21},{"not_picked":["Thunderclap","True Grit","Armaments+1"],"picked":"SKIP","floor":22},{"not_picked":["Twin Strike","Sever Soul"],"picked":"Sentinel+1","floor":24},{"not_picked":["Bloodletting","Whirlwind","Dual Wield+1"],"picked":"Singing Bowl","floor":25},{"not_picked":["Iron Wave+1","Juggernaut","Sentinel"],"picked":"Singing Bowl","floor":29},{"not_picked":["Sword Boomerang","Rampage","Combust"],"picked":"Singing Bowl","floor":30},{"not_picked":["Whirlwind","Spot Weakness","Dropkick"],"picked":"Singing Bowl","floor":31},{"not_picked":["Double Tap","Demon Form","Exhume"],"picked":"Singing Bowl","floor":33},{"not_picked":["Iron Wave","Cleave+1","Body Slam"],"picked":"Singing Bowl","floor":35},{"not_picked":["Heavy Blade","Perfected Strike+1","Iron Wave"],"picked":"Singing Bowl","floor":36},{"not_picked":["Flex+1","Disarm","Shrug It Off"],"picked":"Singing Bowl","floor":40},{"not_picked":["Brutality","Ghostly Armor","Dropkick"],"picked":"Singing Bowl","floor":41},{"not_picked":["Warcry","Armaments+1","Flame Barrier"],"picked":"Singing Bowl","floor":44},{"not_picked":["Shrug It Off","Sword Boomerang"],"picked":"Entrench","floor":45},{"not_picked":["Searing Blow","Pommel Strike+1","Headbutt+1"],"picked":"Singing Bowl","floor":46},{"not_picked":["Headbutt","Blood for Blood+1","Pummel"],"picked":"Singing Bowl","floor":47},{"not_picked":["Reaper","Thunderclap","Ghostly Armor"],"picked":"Singing Bowl","floor":48}],"player_experience":839687,"relics_obtained":[{"floor":6,"key":"Dead Branch"},{"floor":7,"key":"Sundial"},{"floor":9,"key":"Ornamental Fan"},{"floor":11,"key":"Oddly Smooth Stone"},{"floor":14,"key":"Shovel"},{"floor":24,"key":"Singing Bowl"},{"floor":25,"key":"Bag of Marbles"},{"floor":29,"key":"Ancient Tea Set"},{"floor":30,"key":"Blood Vial"},{"floor":40,"key":"Charon\u0027s Ashes"},{"floor":41,"key":"PreservedInsect"},{"floor":45,"key":"Pocketwatch"},{"floor":46,"key":"Incense Burner"},{"floor":47,"key":"Bottled Tornado"}],"event_choices":[{"damage_healed":0,"gold_gain":0,"player_choice":"Stole Relic","damage_taken":0,"relics_obtained":["Omamori"],"max_hp_gain":0,"max_hp_loss":0,"event_name":"Addict","floor":20,"gold_loss":0,"cards_obtained":["Shame"]},{"damage_healed":0,"gold_gain":0,"player_choice":"Ignored","damage_taken":0,"max_hp_gain":0,"max_hp_loss":0,"event_name":"Tomb of Lord Red Mask","floor":37,"gold_loss":0},{"damage_healed":0,"gold_gain":0,"player_choice":"Max HP","damage_taken":0,"max_hp_gain":0,"max_hp_loss":4,"event_name":"Winding Halls","floor":39,"gold_loss":0},{"damage_healed":0,"gold_gain":0,"player_choice":"Fight","damage_taken":0,"max_hp_gain":0,"max_hp_loss":0,"event_name":"Mysterious Sphere","floor":45,"gold_loss":0}],"is_beta":false,"boss_relics":[{"not_picked":["Snecko Eye","SlaversCollar"],"picked":"Cursed Key"},{"not_picked":["Pandora\u0027s Box","Empty Cage"],"picked":"SacredBark"}],"items_purged_floors":[],"is_endless":false,"potions_floor_spawned":[1,3,5,7,13,18,21,25,30,36,40,41,44,46],"ascension_level":20}}