{"host":"w97dq1whmpm6b2tc","time":1611354853,"event":{"mods":["BaseMod","Downfall","Minty Spire (QoL Compilation)","StSLib"],"gold_per_floor":[99,111,111,286,117,217,217,229,263,163,179,207,217,234,250,355,355,255,274,274,294,306,306,306,320,353,366,401,411,411,437,467,581,593,605,629,659,671,79,109,109,143,43,74,74,104,104,162,178,178,178,213,63,63,63,63],"floor_reached":57,"language":"ENG","playtime":5340,"items_purged":["Doubt","Clumsy","bronze:Strike","bronze:Frontload"],"score":1658,"play_id":"3cc23e6d-f11f-47a1-87f8-ce772917736d","local_time":"20210123003413","is_ascension_mode":true,"campfire_choices":[{"floor":1.0,"key":"RECALL"},{"data":"bronze:Format","floor":10.0,"key":"SMITH"},{"data":"bronze:Format","floor":18.0,"key":"SMITH"},{"data":"bronze:MaxOutput","floor":23.0,"key":"SMITH"},{"data":"bronze:Goto","floor":30.0,"key":"SMITH"},{"data":"bronze:Deprecate","floor":35,"key":"SMITH"},{"data":"bronze:InfiniteBeams","floor":43,"key":"SMITH"},{"data":"expansioncontent:Chronoboost","floor":47,"key":"SMITH"},{"data":"bronze:TinkerersToolbox","floor":54,"key":"SMITH"}],"circlet_count":0,"master_deck":["bronze:Strike","bronze:Strike","bronze:Defend","bronze:Defend","bronze:Defend","bronze:Replicate","bronze:Goto+1","bronze:Invalidate","bronze:FineTuning+1","bronze:Format+1","downfall:Haunted","downfall:Haunted","bronze:MaxOutput+1","bronze:Format+1","bronze:ChosenStrike","bronze:Assembly+1","bronze:CutThrough+1","bronze:Deprecate+1","bronze:TinkerersToolbox+1","bronze:InfiniteBeams+1","expansioncontent:Chronoboost+1","bronze:Boost","bronze:ForceShield","bronze:MaxOutput+1","bronze:Repulsor","bronze:ForceShield+1","bronze:Repulsor"],"relics":["Coffee Dripper","Darkstone Periapt","Potion Belt","Bottled Lightning","downfall:HeartBlessingRed","Meat on the Bone","Black Star","downfall:HeartBlessingGreen","Spirit Poop","Sundial","Question Card","Pocketwatch","bronze:CableSpool","Thread and Needle","MawBank","Letter Opener","Sozu","Medical Kit","Mercury Hourglass","Blue Candle","War Paint","Pantograph","Gremlin Horn","downfall:HeartBlessingBlue","Guardian:PocketSentry","PreservedInsect","InkBottle","Calipers","Chemical X","Vajra","Art of War"],"acts_visited":["Exordium","TheCity","TheBeyond","TheEnding"],"potions_floor_usage":[39,39,56],"damage_taken":[{"damage":3.0,"enemies":"2 Louse","floor":2.0,"turns":2.0},{"damage":10.0,"enemies":"downfall:FleeingMerchant","floor":5.0,"turns":4.0},{"damage":23.0,"enemies":"Small Slimes","floor":8.0,"turns":5.0},{"damage":15.0,"enemies":"3 Sentries","floor":9.0,"turns":7.0},{"damage":1.0,"enemies":"Cultist","floor":11.0,"turns":3.0},{"damage":26.0,"enemies":"Gremlin Nob","floor":12.0,"turns":4.0},{"damage":9.0,"enemies":"Exordium Thugs","floor":13.0,"turns":5.0},{"damage":4.0,"enemies":"Large Slime","floor":14.0,"turns":4.0},{"damage":5.0,"enemies":"Exordium Wildlife","floor":15.0,"turns":4.0},{"damage":6.0,"enemies":"SI_SHIV_ARCHETYPE","floor":16.0,"turns":7.0},{"damage":0.0,"enemies":"3 Byrds","floor":19.0,"turns":5.0},{"damage":0.0,"enemies":"Chosen","floor":21.0,"turns":4.0},{"damage":15.0,"enemies":"Shelled Parasite and Fungi","floor":22.0,"turns":4.0},{"damage":6.0,"enemies":"Snecko","floor":25.0,"turns":5.0},{"damage":0.0,"enemies":"Slavers","floor":26.0,"turns":3.0},{"damage":17.0,"enemies":"3 Cultists","floor":27.0,"turns":5.0},{"damage":3.0,"enemies":"Book of Stabbing","floor":28.0,"turns":4.0},{"damage":2.0,"enemies":"Chosen and Byrds","floor":29.0,"turns":5.0},{"damage":11.0,"enemies":"Gremlin Leader","floor":31.0,"turns":6.0},{"damage":11.0,"enemies":"Snake Plant","floor":32.0,"turns":5.0},{"damage":9,"enemies":"WA_ARCHETYPE_CALM","floor":33,"turns":5},{"damage":9,"enemies":"3 Darklings","floor":36,"turns":3},{"damage":0,"enemies":"Orb Walker","floor":37,"turns":4},{"damage":0,"enemies":"downfall:FleeingMerchant","floor":39,"turns":4},{"damage":0,"enemies":"Giant Head","floor":40,"turns":4},{"damage":8,"enemies":"Reptomancer","floor":42,"turns":4},{"damage":0,"enemies":"Nemesis","floor":44,"turns":5},{"damage":0,"enemies":"Giant Head","floor":46,"turns":4},{"damage":0,"enemies":"downfall:FleeingMerchant","floor":48,"turns":3},{"damage":0,"enemies":"Spire Growth","floor":49,"turns":3},{"damage":18,"enemies":"IC_BLOCK_ARCHETYPE","floor":50,"turns":8},{"damage":0,"enemies":"downfall:CharBossMerchant","floor":52,"turns":5},{"damage":1,"enemies":"downfall:NeowBoss","floor":55,"turns":8},{"damage":60,"enemies":"downfall:NeowBossFinal","floor":56,"turns":8}],"seed_played":"1848835407619505780","potions_obtained":[{"floor":8.0,"key":"Slimebound:ThreeZeroPotion"},{"floor":9.0,"key":"PowerPotion"},{"floor":12.0,"key":"LiquidMemories"},{"floor":15.0,"key":"PowerPotion"},{"floor":16.0,"key":"SkillPotion"},{"floor":19.0,"key":"PowerPotion"},{"floor":22.0,"key":"DistilledChaos"},{"floor":28.0,"key":"Strength Potion"},{"floor":29.0,"key":"GamblersBrew"},{"floor":31.0,"key":"SteroidPotion"},{"floor":32.0,"key":"champ:CounterPotion"}],"is_trial":false,"path_per_floor":["R","M","?","?","$","?","T","M","E","R","M","E","M","M","M","B",null,"R","M","?","M","M","R","T","M","E","M","E","M","R","E","M","B",null,"R","M","M","?","$","E","T","E","R","E","?","E","R","$","M","B",null,"E","$","R","B","B",null],"character_chosen":"THE_AUTOMATON","items_purchased":["bronze:Format","Medical Kit","Mercury Hourglass","expansioncontent:Chronoboost","Chemical X"],"campfire_rested":0,"item_purchase_floors":[5,39,39,39,48],"current_hp_per_floor":[70,67,67,67,57,86,86,63,48,48,47,21,24,32,39,45,99,99,99,99,99,84,84,84,78,78,61,58,56,56,57,58,61,99,99,90,90,90,90,90,90,82,92,92,92,92,92,92,92,91,109,109,109,109,108,61],"gold":63,"neow_bonus":"BOSS_RELIC","is_daily":false,"chose_seed":false,"campfire_upgraded":8,"win_rate":0.0,"timestamp":1611354853,"path_taken":["R","M","?","?","$","?","T","M","E","R","M","E","M","M","M","BOSS","R","M","?","M","M","R","T","?","E","M","E","M","R","E","M","BOSS","R","M","M","?","$","E","T","E","R","E","?","E","R","?","M","BOSS","E","$","R","BOSS","BOSS"],"items_purchased_type":["Card","Relic","Relic","Card","Relic"],"build_version":"2020-12-22","purchased_purges":4,"victory":true,"max_hp_per_floor":[70,70,70,70,70,99,99,99,99,99,99,99,99,99,99,99,99,99,99,99,99,99,99,99,99,99,99,99,99,99,99,99,99,99,99,99,99,99,99,99,99,99,109,109,109,109,109,109,109,109,109,109,109,109,109,109],"card_choices":[{"not_picked":["bronze:Deprecate","bronze:Fortify"],"picked":"bronze:Invalidate","floor":2.0},{"not_picked":["bronze:Branch","bronze:Separator"],"picked":"bronze:FineTuning","floor":5.0},{"not_picked":["bronze:Safeguard","bronze:Deprecate","bronze:RecursiveStrike"],"picked":"SKIP","floor":8.0},{"not_picked":["bronze:BurnOut","bronze:FineTuning"],"picked":"bronze:MaxOutput","floor":9.0},{"not_picked":["bronze:OilSpill","bronze:Shield"],"picked":"bronze:Frontload","floor":11.0},{"not_picked":["bronze:CutThrough","bronze:Optimize"],"picked":"bronze:Format","floor":12.0},{"not_picked":["bronze:ChildClass","bronze:BitShift","bronze:ForLoop"],"picked":"SKIP","floor":13.0},{"not_picked":["bronze:DarkDash","bronze:BugBarrage"],"picked":"bronze:ChosenStrike","floor":14.0},{"not_picked":["bronze:Deprecate","bronze:GetLatest","bronze:SpaghettiCode"],"picked":"SKIP","floor":15.0},{"not_picked":["bronze:AlphaBuild","bronze:Break"],"picked":"bronze:Assembly","floor":16.0},{"not_picked":["bronze:Frontload+1","bronze:DelayedSlice","bronze:OilSpill"],"picked":"SKIP","floor":19.0},{"not_picked":["bronze:Invalidate+1","bronze:Allocate","bronze:OilSpill+1"],"picked":"SKIP","floor":21.0},{"not_picked":["bronze:OilSpill","bronze:Turbo","bronze:Overheat"],"picked":"SKIP","floor":22.0},{"not_picked":["bronze:HyperBeam","bronze:WhirlingStrike"],"picked":"bronze:CutThrough+1","floor":25.0},{"not_picked":["bronze:BuggyMess","bronze:DelayedSlice"],"picked":"bronze:Deprecate","floor":26.0},{"not_picked":["bronze:BuggyMess","bronze:Shield+1","bronze:Separator","bronze:DelayedSlice"],"picked":"SKIP","floor":27.0},{"not_picked":["bronze:OilSpill","bronze:MaxOutput+1","bronze:Overload+1"],"picked":"bronze:Hardcode","floor":28.0},{"not_picked":["bronze:Allocate","bronze:BugBarrage","bronze:Repair","bronze:Branch"],"picked":"SKIP","floor":29.0},{"not_picked":["bronze:ChildClass","bronze:Separator","bronze:BitShift","bronze:WhirlingStrike"],"picked":"SKIP","floor":31.0},{"not_picked":["bronze:Shield","bronze:WhirlingStrike","bronze:DarkDash","bronze:ChildClass"],"picked":"SKIP","floor":32.0},{"not_picked":["bronze:CleanCode","bronze:Mutator","bronze:Format"],"picked":"bronze:TinkerersToolbox","floor":33},{"not_picked":["bronze:Repair+1","bronze:WhirlingStrike","bronze:CutThrough+1"],"picked":"bronze:InfiniteBeams","floor":36},{"not_picked":["bronze:Shield","bronze:BuggyMess","bronze:DelayedSlice+1","bronze:Terminator+1"],"picked":"SKIP","floor":37},{"not_picked":["bronze:ForLoop","bronze:BurnOut","bronze:Branch","bronze:BitShift+1"],"picked":"SKIP","floor":39},{"not_picked":["bronze:Branch","bronze:DarkDash+1","bronze:SpaghettiCode","bronze:Boost+1"],"picked":"SKIP","floor":40},{"not_picked":["bronze:BronzeArmor+1","bronze:BugBarrage","bronze:Shield"],"picked":"bronze:Boost","floor":42},{"not_picked":["bronze:ChosenStrike","bronze:BronzeOrb+1","bronze:BitShift"],"picked":"bronze:ForceShield","floor":44},{"not_picked":["bronze:DelayedSlice+1","bronze:Safeguard","bronze:Deprecate"],"picked":"bronze:MaxOutput+1","floor":46},{"not_picked":["bronze:AlphaBuild","bronze:DarkDash+1","bronze:FineTuning+1"],"picked":"bronze:Repulsor","floor":48},{"not_picked":["bronze:CutThrough+1","bronze:BitShift+1","bronze:BronzeArmor"],"picked":"bronze:ForceShield+1","floor":49},{"not_picked":["bronze:ThunderWave","bronze:MaxOutput+1","bronze:WhirlingStrike"],"picked":"bronze:Repulsor","floor":52}],"player_experience":3719448,"relics_obtained":[{"floor":7.0,"key":"Potion Belt"},{"floor":9.0,"key":"Bottled Lightning"},{"floor":12.0,"key":"Meat on the Bone"},{"floor":24.0,"key":"Sundial"},{"floor":26.0,"key":"Question Card"},{"floor":26.0,"key":"Pocketwatch"},{"floor":28.0,"key":"bronze:CableSpool"},{"floor":28.0,"key":"Thread and Needle"},{"floor":31.0,"key":"MawBank"},{"floor":31.0,"key":"Letter Opener"},{"floor":40,"key":"Blue Candle"},{"floor":40,"key":"War Paint"},{"floor":42,"key":"Pantograph"},{"floor":42,"key":"Gremlin Horn"},{"floor":44,"key":"Guardian:PocketSentry"},{"floor":44,"key":"PreservedInsect"},{"floor":46,"key":"InkBottle"},{"floor":46,"key":"Calipers"},{"floor":52,"key":"Vajra"},{"floor":52,"key":"Art of War"}],"event_choices":[{"cards_removed":["bronze:Defend"],"damage_healed":0.0,"max_hp_gain":0.0,"max_hp_loss":0.0,"gold_gain":0.0,"event_name":"The Cleric","player_choice":"Card Removal","floor":3.0,"gold_loss":0.0,"damage_taken":0.0},{"cards_removed":["Writhe"],"damage_healed":0.0,"max_hp_gain":0.0,"max_hp_loss":0.0,"gold_gain":0.0,"event_name":"Bonfire Elementals","player_choice":"Offered Curse","floor":20.0,"gold_loss":0.0,"damage_taken":0.0,"relics_obtained":["Spirit Poop"]},{"cards_removed":["bronze:Strike"],"damage_healed":0,"gold_gain":0,"player_choice":"Removed Attack","damage_taken":0,"max_hp_gain":0,"max_hp_loss":0,"event_name":"Falling","floor":38,"gold_loss":0}],"is_beta":false,"boss_relics":[{"not_picked":["Cursed Key","Astrolabe"],"picked":"Black Star"},{"not_picked":["Runic Dome","Velvet Choker"],"picked":"Sozu"}],"items_purged_floors":[5,39,48,53],"is_endless":false,"potions_floor_spawned":[8,9,12,15,16,19,22,28,29,31,32,36,42,44],"ascension_level":2}}