{"host":"ojme7g6xlqwffsso","time":1611314873,"event":{"mods":["Act Like it!","BaseMod","Better Third Choice","Hallownest","Hermit","Infinite Spire","MarisaÅiñ∂âJÅ@ñÇóùçπÅj","Minty Spire (QoL Compilation)","Replay The Spire","Shade Mod","Shop Mod","StSLib","The Bug Knight","The Cursed","The Disciple","The Hierophant","The Marked","The Mystic","The Servant 0.9.4"],"gold_per_floor":[112,112,112,129,149,184,92,104,104,123,147,182,229,263,263,275,275],"floor_reached":16,"language":"ENG","playtime":630,"items_purged":[],"score":142,"play_id":"1c234f1f-d9dd-4fdb-8277-806482fb48cb","local_time":"20210122202753","is_ascension_mode":true,"campfire_choices":[],"circlet_count":0,"master_deck":["TheCursedMod:Strike_TheCursed","TheCursedMod:Strike_TheCursed","TheCursedMod:Strike_TheCursed","TheCursedMod:Strike_TheCursed","TheCursedMod:Defend_TheCursed","TheCursedMod:Defend_TheCursed","TheCursedMod:Defend_TheCursed","TheCursedMod:Defend_TheCursed","TheCursedMod:CursedWand","TheCursedMod:CleanUpWorkshop","TheCursedMod:Dregs","TheCursedMod:CursedBlade","TheCursedMod:CursedAmulet","TheCursedMod:CircleOfCorruption","TheCursedMod:Evocation+1","TheCursedMod:RapidMovement","TheCursedMod:SpitefulStrike","TheCursedMod:Stigma","TheCursedMod:Mangle+1","TheCursedMod:RapidMovement","TheCursedMod:CursedAmulet"],"relics":["TheCursedMod:BlackMagic101","NeowsBlessing","Hallownest:DreamNailRelic","Mirror","Molten Egg 2","Replay:Bandana","Peace Pipe"],"acts_visited":["Exordium"],"potions_floor_usage":[],"damage_taken":[{"damage":0,"enemies":"2_ Uuma","floor":1,"turns":1},{"damage":0,"enemies":"Hallownest:2_Tiktiks_and_1_Crawlid","floor":4,"turns":1},{"damage":0,"enemies":"Hallownest:2_MossCreeps","floor":5,"turns":1},{"damage":20,"enemies":"Hallownest:eliteVengeflyKing","floor":6,"turns":9},{"damage":0,"enemies":"Hallownest:MossCreep_and_Mosskin","floor":8,"turns":5},{"damage":4,"enemies":"Hallownest:Wandering_and_Horned","floor":10,"turns":5},{"damage":0,"enemies":"Hallownest:Guard_and_Warrior","floor":12,"turns":5},{"damage":30,"enemies":"Hallownest:eliteMossKnight","floor":13,"turns":9},{"damage":4,"enemies":"Hallownest:2_Tiktiks_1_Baldur_1_Crawlid","floor":14,"turns":4},{"damage":50,"enemies":"Hallownest:BossHornet","floor":16,"turns":8}],"seed_played":"3787737620205254734","potions_obtained":[{"floor":1,"key":"DuplicationPotion"},{"floor":12,"key":"Dexterity Potion"}],"is_trial":false,"path_per_floor":["M","?","?","M","M","E","$","M","T","M","T","M","E","M","R","B"],"character_chosen":"THE_CURSED","items_purchased":["TheCursedMod:RapidMovement","TheCursedMod:SpitefulStrike"],"campfire_rested":0,"item_purchase_floors":[7,7],"current_hp_per_floor":[68,68,77,77,77,57,57,57,57,53,53,53,23,19,44,0,0],"gold":275,"neow_bonus":"THREE_ENEMY_KILL","is_daily":false,"chose_seed":false,"campfire_upgraded":0,"win_rate":0.0,"timestamp":1611314873,"path_taken":["M","?","?","M","M","E","$","M","T","M","?","M","E","M","R","BOSS"],"items_purchased_type":["Card","Card"],"build_version":"2020-12-22","purchased_purges":0,"victory":false,"max_hp_per_floor":[75,75,84,84,84,84,84,84,84,84,84,84,84,84,84,84,84],"card_choices":[{"not_picked":["TheCursedMod:Stigma","TheCursedMod:CircleOfBlood"],"picked":"TheCursedMod:CursedBlade","floor":1},{"not_picked":["TheCursedMod:Stretching","TheCursedMod:BlessingInDisguise"],"picked":"TheCursedMod:CursedAmulet","floor":4},{"not_picked":["TheCursedMod:Torture","TheCursedMod:BloodBarrier"],"picked":"TheCursedMod:CircleOfCorruption","floor":5},{"not_picked":["TheCursedMod:WearCloak","TheCursedMod:DoubleShield"],"picked":"TheCursedMod:Evocation","floor":6},{"not_picked":["TheCursedMod:CircleOfBlood","TheCursedMod:CircleOfFlame"],"picked":"TheCursedMod:Stigma","floor":8},{"not_picked":["TheCursedMod:VitalStrike+1","TheCursedMod:Torture"],"picked":"TheCursedMod:Mangle+1","floor":10},{"not_picked":["TheCursedMod:HellfireBreathing","TheCursedMod:FuryStrike+1","TheCursedMod:DoubleShield"],"picked":"SKIP","floor":12},{"not_picked":["TheCursedMod:CircleOfCorruption","TheCursedMod:SpitefulStrike+1"],"picked":"TheCursedMod:RapidMovement","floor":13},{"not_picked":["TheCursedMod:PrepareRite","TheCursedMod:VitalStrike+1"],"picked":"TheCursedMod:CursedAmulet","floor":14}],"player_experience":918226,"relics_obtained":[{"floor":6,"key":"Mirror"},{"floor":9,"key":"Molten Egg 2"},{"floor":11,"key":"Replay:Bandana"},{"floor":13,"key":"Peace Pipe"}],"event_choices":[],"is_beta":false,"boss_relics":[],"items_purged_floors":[],"is_endless":false,"potions_floor_spawned":[1,12],"killed_by":"Hallownest:BossHornet","ascension_level":6}}