{"host":"eydwxg59205c3vtl","time":1611289916,"event":{"mods":["2.2 Compatiblity","BaseMod","Colored Map","Colored Powertips","Hubris","Minty Spire (QoL Compilation)","StSLib","The Jungle","The Necromancer"],"gold_per_floor":[109,109,133,146,146,146,165,165,165,196,48,48,48,48,48,173,173,191,216,231,244,244,244,44,164,189,217,270,295,307,335,347,483,495,526,552,564,590,44,44,63,63,63,78,78,92,92,161,161,161],"floor_reached":51,"language":"ENG","playtime":2470,"items_purged":["Strike_W","Regret","Strike_W"],"score":694,"play_id":"660765f7-c7b1-44be-a6fa-af6ffcb6af3e","local_time":"20210121233156","is_ascension_mode":false,"campfire_choices":[{"data":"Pandemic","floor":6.0,"key":"SMITH"},{"data":"Slay_Living","floor":8.0,"key":"SMITH"},{"data":"Siphon_Strength","floor":13.0,"key":"SMITH"},{"data":"Negative_Energy_Arrows","floor":15.0,"key":"SMITH"},{"floor":23.0,"key":"REST"},{"data":"Life_Drain","floor":32.0,"key":"SMITH"},{"data":"Cloudkill","floor":40.0,"key":"SMITH"},{"data":"Cloudkill","floor":45.0,"key":"SMITH"},{"data":"Bone_Prison","floor":47.0,"key":"SMITH"},{"data":"Bone_Prison","floor":49.0,"key":"SMITH"}],"circlet_count":0,"master_deck":["Strike_W","Strike_W","Defend_W","Defend_W","Defend_W","Defend_W","Negative_Energy_Arrows+1","Bone_Wall","Negative_Energy_Shield","Slay_Living+1","Epidemic+1","Pandemic+1","Life_Drain+1","Spectral_Walk","Siphon_Strength+1","Reap_The_Weak","CurseOfTheBell","Negative_Energy_Javelin","Bone_Prison+1","Bone_Shift+1","Life_Drain","Scare+1","Bone_Prison+1","Cloudkill+1","Negative_Energy_Sphere+1","Plague_Bolt","Negative_Energy_Shield+1","Cloudkill+1","Bone_Prison+1"],"relics":["Vampire_Amulet","Golden Idol","HornCleat","Bronze Scales","hubris:SlimyHat","Calling Bell","Bag of Marbles","White Beast Statue","hubris:BundleOfHerbs","Nunchaku","MawBank","Torii","hubris:Towel","hubris:Backtick","hubris:Zylophone","hubris:Icosahedron","hubris:GlazedTorus","Medical Kit","Gremlin Horn","Ice Cream"],"acts_visited":["Exordium","Exordium","TheBeyond"],"potions_floor_usage":[50],"damage_taken":[{"damage":0.0,"enemies":"2 Louse","floor":1.0,"turns":3.0},{"damage":0.0,"enemies":"Jaw Worm","floor":3.0,"turns":5.0},{"damage":1.0,"enemies":"Cultist","floor":4.0,"turns":5.0},{"damage":8.0,"enemies":"3 Louse","floor":7.0,"turns":3.0},{"damage":19.0,"enemies":"3 Sentries","floor":10.0,"turns":12.0},{"damage":45.0,"enemies":"Slime Boss","floor":16.0,"turns":13.0},{"damage":22.0,"enemies":"theJungle:Flameango_and_Byrd","floor":18.0,"turns":6.0},{"damage":25.0,"enemies":"theJungle:GiantWrat","floor":19.0,"turns":6.0},{"damage":27.0,"enemies":"Snake Plant","floor":20.0,"turns":4.0},{"damage":31.0,"enemies":"theJungle:Lyon","floor":21.0,"turns":6.0},{"damage":27.0,"enemies":"JungleHuntersEvent","floor":22.0,"turns":10.0},{"damage":16.0,"enemies":"theJungle:Snecko_Cultist_And_Trap","floor":27.0,"turns":7.0},{"damage":6.0,"enemies":"theJungle:2_Phrogs","floor":28.0,"turns":6.0},{"damage":23.0,"enemies":"theJungle:2_Flameangoes","floor":29.0,"turns":7.0},{"damage":18.0,"enemies":"Snake Plant","floor":31.0,"turns":3.0},{"damage":4.0,"enemies":"theJungle:QueenSpyder","floor":33.0,"turns":13.0},{"damage":3.0,"enemies":"3 Darklings","floor":35.0,"turns":6.0},{"damage":11.0,"enemies":"Orb Walker","floor":36.0,"turns":5.0},{"damage":15.0,"enemies":"Maw","floor":38.0,"turns":8.0},{"damage":4.0,"enemies":"Writhing Mass","floor":41.0,"turns":7.0},{"damage":8.0,"enemies":"4 Shapes","floor":44.0,"turns":5.0},{"damage":6.0,"enemies":"Sphere and 2 Shapes","floor":46.0,"turns":5.0},{"damage":24.0,"enemies":"2 Orb Walkers","floor":48.0,"turns":6.0},{"damage":203,"enemies":"hubris:GrandSnecko","floor":50,"turns":12}],"seed_played":"-3691859204766899373","potions_obtained":[{"floor":1.0,"key":"Energy Potion"},{"floor":3.0,"key":"Dexterity Potion"},{"floor":7.0,"key":"SteroidPotion"},{"floor":10.0,"key":"Weak Potion"},{"floor":14.0,"key":"Fire Potion"},{"floor":14.0,"key":"Dexterity Potion"},{"floor":18.0,"key":"EssenceOfSteel"},{"floor":19.0,"key":"ColorlessPotion"},{"floor":20.0,"key":"ColorlessPotion"},{"floor":21.0,"key":"SpeedPotion"},{"floor":22.0,"key":"SneckoOil"},{"floor":27.0,"key":"SkillPotion"},{"floor":28.0,"key":"SkillPotion"},{"floor":29.0,"key":"FairyPotion"},{"floor":31.0,"key":"FearPotion"},{"floor":35.0,"key":"Fire Potion"},{"floor":36.0,"key":"SkillPotion"},{"floor":38.0,"key":"DistilledChaos"},{"floor":46.0,"key":"ColorlessPotion"},{"floor":48.0,"key":"AttackPotion"}],"is_trial":false,"path_per_floor":["M","?","M","M","?","R","M","R","T","E","$","?","R","?","R","B",null,"M","M","M","M","?","R","$","?","T","M","E","M","?","M","R","B",null,"M","M","?","M","$","R","M","?","T","M","R","M","R","?","R","B",null],"character_chosen":"NECROMANCER","items_purchased":["Siphon_Strength","Energy Potion","AttackPotion","hubris:GlazedTorus","Medical Kit"],"campfire_rested":1,"item_purchase_floors":[11,24,24,39,39],"current_hp_per_floor":[75,57,59,60,60,60,58,58,58,57,57,57,57,57,57,32,75,61,38,23,4,16,38,38,27,27,25,43,40,40,36,36,70,75,75,72,72,66,66,66,75,75,75,75,75,75,75,59,59,33],"gold":161,"neow_bonus":"THREE_CARDS","is_daily":false,"chose_seed":false,"campfire_upgraded":9,"win_rate":0.0,"timestamp":1611289916,"path_taken":["M","?","M","M","?","R","M","R","T","E","$","?","R","?","R","BOSS","M","?","M","M","?","R","$","?","T","M","E","M","?","M","R","BOSS","M","M","?","M","$","R","M","?","T","?","R","M","R","?","R","BOSS"],"items_purchased_type":["Card","Potion","Potion","Relic","Relic"],"build_version":"2020-12-22","purchased_purges":3,"victory":true,"max_hp_per_floor":[75,75,75,75,75,75,75,75,75,75,75,75,75,75,75,75,75,75,75,75,75,75,75,75,75,75,75,75,75,75,75,75,75,75,75,75,75,75,75,75,75,75,75,75,75,75,75,75,75,75],"card_choices":[{"not_picked":["Death_Coil","Bone_Armor"],"picked":"Negative_Energy_Shield","floor":0.0},{"not_picked":["Blood_Whip","Bone_Armory"],"picked":"Slay_Living","floor":1.0},{"not_picked":["Necrotic_Claws","Summon_Undead_Army"],"picked":"Epidemic","floor":3.0},{"not_picked":["Death_Coil","Death_March_Dance"],"picked":"Pandemic","floor":4.0},{"not_picked":["Summon_Lich","Necrotic_Claws"],"picked":"Life_Drain","floor":7.0},{"not_picked":["Necromantic_Selection","Blood_Whip"],"picked":"Spectral_Walk","floor":10.0},{"not_picked":["Blood_Wake","Negative_Energy_Bomb"],"picked":"Reap_The_Weak","floor":16.0},{"not_picked":["Bone_Spikes+1","Shackles_Of_Pain","Chill_Blood"],"picked":"SKIP","floor":18.0},{"not_picked":["Blood_Is_Power+1","Necromantic_Selection","Bones_to_Steel"],"picked":"SKIP","floor":19.0},{"not_picked":["Bone_Bullets+1","Death_March_Dance"],"picked":"Negative_Energy_Javelin","floor":20.0},{"not_picked":["Bones_to_Steel","Blood_Whip"],"picked":"Bone_Prison","floor":21.0},{"not_picked":["Slay_Living","Bone_Bullets"],"picked":"Bone_Shift+1","floor":22.0},{"not_picked":["Finger_Of_Death+1","Necromantic_Selection+1"],"picked":"Life_Drain","floor":27.0},{"not_picked":["Summon_Lich","Deaths_Shadow","Detonate_Bones"],"picked":"SKIP","floor":28.0},{"not_picked":["Bone_Shift","Blood_Is_Power+1"],"picked":"Scare+1","floor":29.0},{"not_picked":["Blood_for_Blood","Negative_Energy_Javelin"],"picked":"Bone_Prison+1","floor":31.0},{"not_picked":["Reap_The_Weak","Hellfire"],"picked":"Cloudkill","floor":33.0},{"not_picked":["Death_March_Dance","Finger_Of_Death"],"picked":"Negative_Energy_Sphere+1","floor":35.0},{"not_picked":["Blood_Shield+1","Blood_Wake","Chill_Blood+1"],"picked":"SKIP","floor":36.0},{"not_picked":["Spectral_Walk","Scare"],"picked":"Plague_Bolt","floor":38.0},{"not_picked":["Negative_Energy_Mist+1","Summon_Death_Knight"],"picked":"Negative_Energy_Shield+1","floor":41.0},{"not_picked":["Whirlwind_of_Bones","Bone_Spikes+1"],"picked":"Cloudkill","floor":44.0},{"not_picked":["Death_March_Dance","Life_Tap"],"picked":"Bone_Prison","floor":46.0}],"player_experience":625841,"relics_obtained":[{"floor":9.0,"key":"HornCleat"},{"floor":10.0,"key":"Bronze Scales"},{"floor":17.0,"key":"Bag of Marbles"},{"floor":17.0,"key":"White Beast Statue"},{"floor":17.0,"key":"hubris:BundleOfHerbs"},{"floor":22.0,"key":"Nunchaku"},{"floor":26.0,"key":"MawBank"},{"floor":28.0,"key":"Torii"},{"floor":43.0,"key":"Gremlin Horn"},{"floor":48.0,"key":"Ice Cream"}],"event_choices":[{"damage_healed":0.0,"max_hp_gain":0.0,"max_hp_loss":0.0,"gold_gain":0.0,"event_name":"Golden Idol","player_choice":"Take Damage","floor":2.0,"gold_loss":0.0,"damage_taken":18.0,"relics_obtained":["Golden Idol"]},{"damage_healed":0.0,"max_hp_gain":0.0,"max_hp_loss":0.0,"gold_gain":0.0,"event_name":"Living Wall","player_choice":"Grow","floor":5.0,"gold_loss":0.0,"damage_taken":0.0,"cards_upgraded":["Epidemic"]},{"damage_healed":0.0,"max_hp_gain":0.0,"max_hp_loss":0.0,"gold_gain":0.0,"event_name":"Big Fish","player_choice":"Box","floor":12.0,"gold_loss":0.0,"damage_taken":0.0,"relics_obtained":["hubris:SlimyHat"],"cards_obtained":["Regret"]},{"damage_healed":0.0,"max_hp_gain":0.0,"max_hp_loss":0.0,"gold_gain":0.0,"event_name":"Lab","player_choice":"Got Potions","floor":14.0,"gold_loss":0.0,"damage_taken":0.0},{"damage_healed":0.0,"max_hp_gain":0.0,"max_hp_loss":0.0,"gold_gain":0.0,"event_name":"The Woman in Blue","player_choice":"Bought 0 Potions","floor":42.0,"gold_loss":0.0,"damage_taken":0.0},{"damage_healed":0.0,"max_hp_gain":0.0,"max_hp_loss":0.0,"gold_gain":0.0,"event_name":"Mysterious Sphere","player_choice":"Fight","floor":48.0,"gold_loss":0.0,"damage_taken":0.0}],"is_beta":false,"boss_relics":[{"not_picked":["Runic Pyramid","hubris:VirtuousBlindfold"],"picked":"Calling Bell"},{"not_picked":["Coffee Dripper","hubris:GrandSneckoEye"],"picked":"hubris:Backtick"}],"items_purged_floors":[11,24,39],"is_endless":false,"potions_floor_spawned":[1,3,7,10,18,19,20,21,22,27,28,29,31,33,35,36,38,41,44,46,48],"ascension_level":0}}