{"host":"appz8zkad29u9482","time":1611347753,"event":{"mods":["2.2 Compatiblity","Act Like it!","Aspiration","Bard","BaseMod","Beaked The Cultist","Better Altar","Better Match","Better Note","Better Sensory Stone","Better Skull","Better Third Choice","BetterRewards","CapriCore","Conspire","Energized Spire","GifTheSpireLib","Gold Saver","Halation","Hermit","Hubris","Jedi Mod","Marisa????????","Minty Spire (QoL Compilation)","Permanent Neow","Replay The Spire","Spicy Shops","StSLib","Strawberry Spire","Stuff the Spire","The Cursed","The Immortal","yUi"],"gold_per_floor":[782,798,75,85,185,199,199,226,226,236,249,267,280,296,296,399,399,416,136,136,136,151,163,163,163,163,178,178,178,178,93,111,126,126,226,226,241,39,39,39,57,57,91,91,91,91,55,17,13,16,16,16,16],"floor_reached":52,"language":"ENG","playtime":2400,"items_purged":["Writhe"],"score":640,"play_id":"f4ef8337-9e45-4c5f-8fb4-d7a0173fe06b","local_time":"20210122103553","is_ascension_mode":true,"campfire_choices":[{"data":"Armaments","floor":7,"key":"SMITH"},{"data":"Cleave","floor":15,"key":"SMITH"},{"floor":25,"key":"REST"},{"floor":26,"key":"REST"},{"data":"Berserk","floor":29,"key":"SMITH"},{"floor":30,"key":"REST"},{"data":"Combust","floor":34,"key":"SMITH"},{"floor":42,"key":"REST"},{"floor":44,"key":"REST"},{"floor":51,"key":"REST"}],"circlet_count":0,"master_deck":["Strike_R","Strike_R","Strike_R+1","Strike_R","Strike_R","Defend_R","Defend_R","Defend_R","Defend_R","Bash+1","Armaments+1","Shrug It Off","Infernal Blade","strawberrySpire:DebrisPile","StuffTheSpire:Slingshot","Twin Strike","Body Slam","Rage+1","StuffTheSpire:RagingBull+1","Cleave+1","Berserk+1","strawberrySpire:FireDrill+1","Combust+1","Infernal Blade","Perfected Strike+1","Hallucinations","Blood for Blood","Armaments","ReplayTheSpireMod:Corrosion Curse+1","Barricade","Anger+1","StuffTheSpire:Ambrosia","hubris:Despair","Inflame","Fire Breathing+1","Headbutt","Pummel+1"],"relics":["Burning Blood","Strange Spoon","hubris:MysteriousPyramids","conspire:Dentures","hubris:BottledRain","Ring of Chaos","strawberrySpire:Treaders","Brimstone","Ring of Misfortune","ReplayTheSpireMod:Ring of Collecting","Question Card","ReplayTheSpireMod:Ring of Addiction","Toy Ornithopter","hubris:EmptyBottle","jedi:crownofsimplicity","Cursed Key","Gremlin Food","halation:PapillonHeart","Mango","Ring of Hypnosis","Bottled Tornado","hubris:Icosahedron"],"acts_visited":["Exordium","TheCity","TheBeyond"],"potions_floor_usage":[6,12,16,22,32,33,43,43,49,52,52],"damage_taken":[{"damage":0,"enemies":"Small Slimes","floor":1,"turns":3},{"damage":1,"enemies":"Cultist","floor":2,"turns":4},{"damage":5,"enemies":"conspire:RoseBush","floor":4,"turns":4},{"damage":7,"enemies":"Blue Slaver","floor":6,"turns":3},{"damage":24,"enemies":"strawberrySpire:EnergyPylons","floor":8,"turns":6},{"damage":1,"enemies":"Exordium Wildlife","floor":10,"turns":3},{"damage":0,"enemies":"Large Slime","floor":11,"turns":4},{"damage":0,"enemies":"2 Fungi Beasts","floor":12,"turns":3},{"damage":19,"enemies":"3 Louse","floor":13,"turns":5},{"damage":1,"enemies":"Blue Slaver","floor":14,"turns":3},{"damage":66,"enemies":"Fading Forest","floor":16,"turns":11},{"damage":20,"enemies":"conspire:FuzzyDice","floor":18,"turns":6},{"damage":15,"enemies":"3 Byrds","floor":22,"turns":3},{"damage":35,"enemies":"Snake Plant","floor":23,"turns":3},{"damage":7,"enemies":"Shelled Parasite and Fungi","floor":27,"turns":2},{"damage":22,"enemies":"Snecko","floor":32,"turns":3},{"damage":0,"enemies":"3 Cultists","floor":33,"turns":2},{"damage":116,"enemies":"Champ","floor":35,"turns":7},{"damage":0,"enemies":"Orb Walker","floor":37,"turns":2},{"damage":11,"enemies":"3 Shapes","floor":41,"turns":4},{"damage":50,"enemies":"Giant Head","floor":43,"turns":7},{"damage":11,"enemies":"Transient","floor":47,"turns":5},{"damage":19,"enemies":"Jaw Worm Horde","floor":48,"turns":4},{"damage":23,"enemies":"Spire Growth","floor":49,"turns":4},{"damage":30,"enemies":"Sphere and 2 Shapes","floor":50,"turns":4},{"damage":103,"enemies":"Replay:Hell Engine","floor":52,"turns":8}],"seed_played":"6075946540911074687","potions_obtained":[{"floor":2,"key":"Energy Potion"},{"floor":6,"key":"LiquidBronze"},{"floor":8,"key":"FairyPotion"},{"floor":10,"key":"jedi:StrikingPotion"},{"floor":12,"key":"jedi:wingpotion"},{"floor":16,"key":"Adrenaline Potion"},{"floor":22,"key":"jedi:wingpotion"},{"floor":27,"key":"Toxic Potion"},{"floor":41,"key":"Ancient Potion"},{"floor":50,"key":"Weak Potion"}],"is_trial":false,"path_per_floor":["M","M","$","M","?","M","R","E","T","M","M","M","M","M","R","B",null,"M","$","PTL","PTL","M","M","?","R","R","M","T","R","R","?","M","M","R","B",null,"M","$","?","?","M","R","E","R","T","?","M","M","M","M","R","B"],"character_chosen":"IRONCLAD","items_purchased":["Strange Spoon","Infernal Blade","hubris:MysteriousPyramids","conspire:Dentures","Combust","strawberrySpire:Treaders","Brimstone","Weak Potion","Gremlin Food"],"campfire_rested":6,"item_purchase_floors":[3,3,3,3,19,19,19,38,38],"current_hp_per_floor":[80,80,80,80,80,79,79,61,61,66,72,78,65,70,70,18,65,51,51,51,51,42,13,13,37,61,60,60,60,80,80,62,73,73,29,66,72,72,72,70,66,71,40,65,65,65,61,49,38,15,40,0,0],"gold":16,"neow_bonus":"UPGRADE_CARD","is_daily":false,"chose_seed":false,"campfire_upgraded":4,"win_rate":0.0,"timestamp":1611347753,"path_taken":["M","M","$","M","?","?","R","E","T","M","M","?","M","M","R","BOSS","M","$","PTL","PTL","M","?","?","R","R","M","T","R","R","?","?","M","R","BOSS","M","$","?","?","M","R","E","R","T","?","M","?","M","M","R","BOSS"],"items_purchased_type":["Relic","Card","Relic","Relic","Card","Relic","Relic","Potion","Relic"],"build_version":"2020-12-22","purchased_purges":1,"victory":false,"max_hp_per_floor":[80,80,80,80,80,80,80,80,80,80,80,80,80,80,80,80,80,80,80,80,80,80,80,80,80,80,80,80,80,80,80,78,78,78,78,78,76,76,76,70,71,71,84,84,84,84,83,84,85,86,86,87,87],"card_choices":[{"not_picked":["strawberrySpire:DraftPunk","ReplayReversal"],"picked":"Armaments","floor":1},{"not_picked":["jedi:fear","Sword Boomerang"],"picked":"Shrug It Off","floor":2},{"not_picked":["Reaper","strawberrySpire:DraftPunk"],"picked":"strawberrySpire:DebrisPile","floor":4},{"not_picked":["Clash","hubris:ReadiedAction"],"picked":"StuffTheSpire:Slingshot","floor":6},{"not_picked":["strawberrySpire:Conflagrate","strawberrySpire:GettingOverIt"],"picked":"Twin Strike","floor":8},{"not_picked":["strawberrySpire:Spite","ReplayReversal"],"picked":"Body Slam","floor":10},{"not_picked":["ReplayTheSpireMod:Strike From Hell","StuffTheSpire:RockThrow","strawberrySpire:DraftPunk"],"picked":"SKIP","floor":11},{"not_picked":["Sever Soul","strawberrySpire:DebrisPile"],"picked":"Rage","floor":12},{"not_picked":["ReplayTheSpireMod:Strike From Hell","Perfected Strike"],"picked":"StuffTheSpire:RagingBull","floor":13},{"not_picked":["StuffTheSpire:Resist","strawberrySpire:ZonePlayer"],"picked":"Cleave","floor":14},{"not_picked":["Fiend Fire","strawberrySpire:Beatdown"],"picked":"Berserk","floor":16},{"not_picked":["Rupture+1","Dark Embrace"],"picked":"strawberrySpire:FireDrill+1","floor":18},{"not_picked":["True Grit","Perfected Strike+1"],"picked":"Infernal Blade","floor":22},{"not_picked":["Rampage","Run Through"],"picked":"Perfected Strike+1","floor":23},{"not_picked":["Flex","conspire:Charge"],"picked":"Blood for Blood","floor":27},{"not_picked":["Heavy Blade","Infernal Blade","jedi:collectorstrike"],"picked":"Armaments","floor":32},{"not_picked":["Clothesline","Body Slam","Pummel"],"picked":"ReplayTheSpireMod:Corrosion Curse+1","floor":33},{"not_picked":["conspire:HitWhereItHurts","Double Tap","conspire:Purge"],"picked":"Barricade","floor":35},{"not_picked":["conspire:ExplosiveBarrier","Clash","StuffTheSpire:Slingshot+1"],"picked":"Anger+1","floor":37},{"not_picked":["StuffTheSpire:BrainWave","StuffTheSpire:CelestialWarden","StuffTheSpire:Vigor"],"picked":"StuffTheSpire:Ambrosia","floor":39},{"not_picked":["StuffTheSpire:Pyroclast+1","Replay:Undeath\u0027s Touch","strawberrySpire:PumpUp","Thunderclap"],"picked":"SKIP","floor":41},{"not_picked":["Flex","True Grit","Heavy Blade","Run Through+1"],"picked":"SKIP","floor":43},{"not_picked":["Uppercut+1","ReplayTheSpireMod:Muscle Training","StuffTheSpire:RagingBull+1"],"picked":"Inflame","floor":47},{"not_picked":["Armaments","StuffTheSpire:Slingshot+1","ReplayTheSpireMod:Corrosion Curse+1"],"picked":"Fire Breathing+1","floor":48},{"not_picked":["strawberrySpire:ZonePlayer","Life Link+1","Uppercut"],"picked":"Headbutt","floor":49},{"not_picked":["hubris:StunningStrike","strawberrySpire:Taunt","Warcry+1"],"picked":"Pummel+1","floor":50}],"player_experience":537655,"relics_obtained":[{"floor":8,"key":"ReplayFunnel"},{"floor":9,"key":"hubris:BottledRain"},{"floor":24,"key":"Ring of Misfortune"},{"floor":24,"key":"ReplayTheSpireMod:Ring of Collecting"},{"floor":28,"key":"Question Card"},{"floor":28,"key":"ReplayTheSpireMod:Ring of Addiction"},{"floor":28,"key":"Toy Ornithopter"},{"floor":28,"key":"hubris:EmptyBottle"},{"floor":43,"key":"Mango"},{"floor":45,"key":"Ring of Hypnosis"},{"floor":45,"key":"Bottled Tornado"}],"event_choices":[{"damage_healed":0,"gold_gain":100,"player_choice":"Pray","damage_taken":0,"max_hp_gain":0,"max_hp_loss":0,"event_name":"Golden Shrine","floor":5,"gold_loss":0},{"damage_healed":0,"gold_gain":0,"player_choice":"Obtained Relic","damage_taken":0,"relics_obtained":["jedi:crownofsimplicity"],"max_hp_gain":0,"max_hp_loss":0,"event_name":"Addict","floor":31,"gold_loss":85}],"is_beta":false,"boss_relics":[{"not_picked":["conspire:SlowCooker","aspiration:RitualDagger"],"picked":"Ring of Chaos"},{"not_picked":["Ooze Armor","StuffTheSpire:Kangaroo"],"picked":"Cursed Key"}],"items_purged_floors":[19],"is_endless":false,"potions_floor_spawned":[2,6,8,10,12,16,18,22,27,41,50],"killed_by":"Replay:Hell Engine","ascension_level":5}}