{"host":"ig9h5mtrygw4gu9r","time":1611281399,"event":{"mods":["2.2 Compatiblity","AchievementEnabler","BaseMod","Downfall","Minty Spire (QoL Compilation)","Relic Stats","StSLib"],"gold_per_floor":[114,114,127,127,152,190,190,214,214,237,57,78,118,134,134,255,255,280,86,102,121,139,183,210,241,241,241,280,180,200,1,1,126,126,142,167,92,112,125,164,164,164,211,246,259,259,280,293,293,293],"floor_reached":51,"language":"ENG","playtime":2902,"items_purged":["Strike_B","Strike_B","Strike_B"],"score":1028,"play_id":"7b099b9d-34a4-4463-9741-fd05a91d849f","local_time":"20210121180959","is_ascension_mode":true,"campfire_choices":[{"data":"Redo","floor":7.0,"key":"SMITH"},{"data":"Storm","floor":15.0,"key":"SMITH"},{"data":"Heatsinks","floor":27.0,"key":"SMITH"},{"data":"White Noise","floor":32.0,"key":"SMITH"},{"data":"Consume","floor":41.0,"key":"SMITH"},{"data":"Defragment","floor":46,"key":"SMITH"},{"data":"Loop","floor":49,"key":"SMITH"}],"circlet_count":0,"master_deck":["Defend_B","Defend_B","Zap+1","Dualcast","Storm+1","Ball Lightning","Redo+1","Go for the Eyes","Cold Snap","White Noise+1","Capacitor","Loop","Hello World","Coolheaded","Machine Learning","Coolheaded","Heatsinks+1","Coolheaded+1","Static Discharge+1","Glacier","Loop+1","Barrage","Loop","Static Discharge+1","Consume+1","Go for the Eyes+1","Biased Cognition","Capacitor","Thunder Strike","Hologram+1","Fission+1","Electrodynamics+1","Static Discharge","Recycle+1","Defragment+1","Self Repair+1","Recycle","Flash of Steel","Static Discharge+1","Storm+1","Steam Power+1"],"relics":["Cracked Core","Happy Flower","Golden Idol","FossilizedHelix","Mummified Hand","Sundial","Inserter","Orrery","Pen Nib","Blood Vial","Peace Pipe","Dead Branch","Lizard Tail","Astrolabe","Shuriken","Omamori","Pantograph"],"acts_visited":["Exordium","TheCity","TheBeyond"],"potions_floor_usage":[],"damage_taken":[{"damage":0.0,"enemies":"Small Slimes","floor":1.0,"turns":3.0},{"damage":4.0,"enemies":"Jaw Worm","floor":3.0,"turns":4.0},{"damage":0.0,"enemies":"Cultist","floor":5.0,"turns":4.0},{"damage":18.0,"enemies":"Lagavulin","floor":6.0,"turns":5.0},{"damage":3.0,"enemies":"Red Slaver","floor":8.0,"turns":3.0},{"damage":14.0,"enemies":"Exordium Thugs","floor":10.0,"turns":4.0},{"damage":0.0,"enemies":"Blue Slaver","floor":12.0,"turns":3.0},{"damage":11.0,"enemies":"3 Sentries","floor":13.0,"turns":5.0},{"damage":0.0,"enemies":"2 Fungi Beasts","floor":14.0,"turns":3.0},{"damage":0.0,"enemies":"Slime Boss","floor":16.0,"turns":7.0},{"damage":5.0,"enemies":"Chosen","floor":18.0,"turns":3.0},{"damage":0.0,"enemies":"Spheric Guardian","floor":20.0,"turns":2.0},{"damage":7.0,"enemies":"Snake Plant","floor":21.0,"turns":3.0},{"damage":3.0,"enemies":"Centurion and Healer","floor":22.0,"turns":5.0},{"damage":0.0,"enemies":"Gremlin Leader","floor":23.0,"turns":4.0},{"damage":11.0,"enemies":"Book of Stabbing","floor":25.0,"turns":3.0},{"damage":20.0,"enemies":"Slavers","floor":28.0,"turns":3.0},{"damage":0.0,"enemies":"Sentry and Sphere","floor":30.0,"turns":3.0},{"damage":20.0,"enemies":"Automaton","floor":33.0,"turns":6.0},{"damage":0.0,"enemies":"3 Shapes","floor":35.0,"turns":2.0},{"damage":7.0,"enemies":"3 Darklings","floor":36.0,"turns":3.0},{"damage":0.0,"enemies":"Spire Growth","floor":38.0,"turns":2.0},{"damage":0.0,"enemies":"4 Shapes","floor":39.0,"turns":1.0},{"damage":0.0,"enemies":"Reptomancer","floor":40.0,"turns":2.0},{"damage":6.0,"enemies":"Nemesis","floor":44.0,"turns":5.0},{"damage":0,"enemies":"Transient","floor":45,"turns":3},{"damage":32,"enemies":"Jaw Worm Horde","floor":47,"turns":3},{"damage":0,"enemies":"Spire Growth","floor":48,"turns":2},{"damage":0,"enemies":"Awakened One","floor":50,"turns":4}],"seed_played":"-7278746207523958319","potions_obtained":[{"floor":1.0,"key":"SpeedPotion"},{"floor":5.0,"key":"CultistPotion"},{"floor":14.0,"key":"SkillPotion"},{"floor":16.0,"key":"SteroidPotion"},{"floor":18.0,"key":"Block Potion"},{"floor":25.0,"key":"SpeedPotion"},{"floor":30.0,"key":"SmokeBomb"}],"is_trial":false,"path_per_floor":["M","?","M","?","M","E","R","M","T","M","$","M","E","M","R","B",null,"M","$","M","M","M","E","T","E","T","R","E","$","M","$","R","B",null,"M","M","$","M","M","E","R","?","T","E","M","R","M","M","R","B",null],"character_chosen":"DEFECT","items_purchased":["White Noise","Capacitor","Heatsinks","Orrery","Capacitor","Defragment"],"campfire_rested":0,"item_purchase_floors":[11,11,19,19,31,37],"current_hp_per_floor":[75,69,65,65,65,47,47,44,44,30,30,30,19,19,19,19,69,64,64,64,57,54,54,54,45,45,45,27,27,29,29,29,11,69,69,62,62,64,69,69,69,69,69,69,69,69,47,49,49,69],"gold":293,"neow_bonus":"RANDOM_COMMON_RELIC","is_daily":false,"chose_seed":false,"campfire_upgraded":7,"win_rate":0.0,"timestamp":1611281399,"path_taken":["M","?","M","?","?","E","R","M","T","M","$","M","E","M","R","BOSS","M","?","M","M","M","E","?","E","T","R","E","$","M","$","R","BOSS","M","M","$","M","M","E","R","?","T","E","M","R","M","M","R","BOSS"],"items_purchased_type":["Card","Card","Card","Relic","Card","Card"],"build_version":"2020-12-22","purchased_purges":3,"victory":true,"max_hp_per_floor":[75,69,69,69,69,69,69,69,69,69,69,69,69,69,69,69,69,69,69,69,69,69,69,69,69,69,69,69,69,69,69,69,69,69,69,69,69,69,69,69,69,69,69,69,69,69,69,69,69,69],"relic_stats":{"Inserter":[29],"Happy Flower":[33],"counters":[29,99],"Golden Idol":206,"Dead Branch":[32],"Astrolabe":["Hologram","Fission","Electrodynamics"],"Pen Nib":[7],"Blood Vial":14,"Peace Pipe":0,"Lizard Tail":0,"Mummified Hand":[220],"Sundial":[4],"Shuriken":[7],"Pantograph":20,"obtain_stats":[{"Inserter":17,"Happy Flower":0,"Golden Idol":2,"Dead Branch":26,"Astrolabe":34,"Pen Nib":23,"Omamori":43,"Blood Vial":24,"Peace Pipe":25,"Lizard Tail":28,"Mummified Hand":9,"Sundial":13,"Shuriken":40,"Pantograph":44,"Orrery":19,"Cracked Core":0,"FossilizedHelix":6},{"Inserter":10,"Happy Flower":0,"Golden Idol":1,"Dead Branch":16,"Astrolabe":19,"Pen Nib":15,"Omamori":24,"Blood Vial":15,"Peace Pipe":16,"Lizard Tail":17,"Mummified Hand":5,"Sundial":8,"Shuriken":24,"Pantograph":25,"Orrery":11,"Cracked Core":0,"FossilizedHelix":4},{"Inserter":41,"Happy Flower":0,"Golden Idol":3,"Dead Branch":61,"Astrolabe":72,"Pen Nib":58,"Omamori":82,"Blood Vial":58,"Peace Pipe":61,"Lizard Tail":64,"Mummified Hand":19,"Sundial":31,"Shuriken":82,"Pantograph":87,"Orrery":44,"Cracked Core":0,"FossilizedHelix":16}]},"card_choices":[{"not_picked":["Go for the Eyes","Undo"],"picked":"Storm","floor":1.0},{"not_picked":["Stack","Turbo","Gash"],"picked":"SKIP","floor":3.0},{"not_picked":["Undo","Redo"],"picked":"Ball Lightning","floor":5.0},{"not_picked":["Melter","Aggregate"],"picked":"Redo","floor":6.0},{"not_picked":["Gash","Fusion"],"picked":"Go for the Eyes","floor":8.0},{"not_picked":["Steam","Multi-Cast"],"picked":"Cold Snap","floor":10.0},{"not_picked":["Gash","Turbo"],"picked":"Loop","floor":12.0},{"not_picked":["Hologram","Sunder"],"picked":"Hello World","floor":13.0},{"not_picked":["Streamline","Beam Cell"],"picked":"Coolheaded","floor":14.0},{"not_picked":["Reboot","Thunder Strike"],"picked":"Machine Learning","floor":16.0},{"not_picked":["Go for the Eyes","Melter"],"picked":"Coolheaded","floor":18.0},{"not_picked":["Tempest","Cold Snap+1"],"picked":"Coolheaded+1","floor":19.0},{"not_picked":["Sweeping Beam+1","Gash"],"picked":"Static Discharge+1","floor":19.0},{"not_picked":["Skim","Compile Driver"],"picked":"Glacier","floor":19.0},{"not_picked":["Compile Driver","Scrape+1"],"picked":"Loop","floor":20.0},{"not_picked":["Hologram+1","Chaos"],"picked":"Barrage","floor":21.0},{"not_picked":["Sweeping Beam","Reboot"],"picked":"Loop","floor":22.0},{"not_picked":["Go for the Eyes+1","Ball Lightning"],"picked":"Static Discharge+1","floor":23.0},{"not_picked":["Steam Power+1","Rebound"],"picked":"Consume","floor":25.0},{"not_picked":["Steam","Compile Driver+1"],"picked":"Go for the Eyes+1","floor":28.0},{"not_picked":["Force Field+1","Auto Shields+1"],"picked":"Biased Cognition","floor":30.0},{"not_picked":["Machine Learning","Core Surge"],"picked":"Thunder Strike","floor":33.0},{"not_picked":["Cold Snap","Gash"],"picked":"Static Discharge","floor":35.0},{"not_picked":["Streamline","Turbo"],"picked":"Recycle+1","floor":36.0},{"not_picked":["Turbo+1","Sweeping Beam"],"picked":"Self Repair+1","floor":38.0},{"not_picked":["All For One","Streamline","Turbo+1"],"picked":"SKIP","floor":39.0},{"not_picked":["Barrage+1","Chaos"],"picked":"Recycle","floor":40.0},{"not_picked":["Panacea","Sadistic Nature"],"picked":"Flash of Steel","floor":42.0},{"not_picked":["Conserve Battery","Barrage"],"picked":"Static Discharge+1","floor":44},{"not_picked":["Leap","Genetic Algorithm+1","Ball Lightning"],"picked":"SKIP","floor":45},{"not_picked":["Conserve Battery+1","Hologram+1"],"picked":"Storm+1","floor":47},{"not_picked":["Leap+1","Compile Driver+1"],"picked":"Steam Power+1","floor":48}],"player_experience":349585,"relics_obtained":[{"floor":6.0,"key":"FossilizedHelix"},{"floor":9.0,"key":"Mummified Hand"},{"floor":13.0,"key":"Sundial"},{"floor":23.0,"key":"Pen Nib"},{"floor":24.0,"key":"Blood Vial"},{"floor":25.0,"key":"Peace Pipe"},{"floor":26.0,"key":"Dead Branch"},{"floor":28.0,"key":"Lizard Tail"},{"floor":40.0,"key":"Shuriken"},{"floor":43.0,"key":"Omamori"},{"floor":44,"key":"Pantograph"}],"event_choices":[{"damage_healed":0.0,"max_hp_gain":0.0,"max_hp_loss":6.0,"gold_gain":0.0,"event_name":"Golden Idol","player_choice":"Lose Max HP","floor":2.0,"gold_loss":0.0,"damage_taken":0.0,"relics_obtained":["Golden Idol"]},{"damage_healed":0.0,"max_hp_gain":0.0,"max_hp_loss":0.0,"gold_gain":0.0,"event_name":"Upgrade Shrine","player_choice":"Upgraded","floor":4.0,"gold_loss":0.0,"damage_taken":0.0,"cards_upgraded":["Zap"]},{"damage_healed":0.0,"max_hp_gain":0.0,"max_hp_loss":0.0,"gold_gain":0.0,"event_name":"SensoryStone","player_choice":"Memory 1","floor":42.0,"gold_loss":0.0,"damage_taken":0.0}],"is_beta":false,"boss_relics":[{"not_picked":["Fusion Hammer","bronze:MakeshiftBattery"],"picked":"Inserter"},{"not_picked":["Runic Dome","Pandora\u0027s Box"],"picked":"Astrolabe"}],"items_purged_floors":[11,29,31],"is_endless":false,"potions_floor_spawned":[1,5,10,14,16,18,23,25,30,33,39,40],"ascension_level":1}}