{"host":"urvvf8749ekcxo1a","time":1611353786,"event":{"mods":["AchievementEnabler","BaseMod","Better Sensory Stone","BetterRewards","Colored Powertips","Evolution","Gold Saver","Marisa????????","Minty Spire (QoL Compilation)","Quick Restart","StSLib","SuperFastMode","The Cursed","The Hierophant","The Saiyan","The Servant 0.9.4","The Wild Card"],"gold_per_floor":[215,233,233,248,102,102,130,142,207,219,260,304,333,345,357,468,480,510,522,534,508,542,542,577,577,577,904,904,929,929,962,962,1061,1061,1072,1072,1121,1071,1071,1071,1071,1090,1090,906,906,775,802,833,833,833],"floor_reached":51,"language":"ENG","playtime":1858,"items_purged":["Demon Form","Saiyan:SuperSaiyanThree","Saiyan:SuperSaiyanForm"],"score":1084,"play_id":"90b90aa7-a1b0-4e55-95ed-a139694eb7a7","local_time":"20210122171626","daily_mods":["SealedDeck","Specialized","Allstar","Heirloom","Time Dilation","Flight","DeadlyEvents","Elite Swarm"],"is_ascension_mode":false,"campfire_choices":[{"data":"Echo Form","floor":6,"key":"SMITH"},{"data":"DevaForm","floor":8,"key":"SMITH"},{"data":"Fusion","floor":10,"key":"SMITH"},{"data":"White Noise","floor":15,"key":"SMITH"},{"data":"Double Energy","floor":23,"key":"SMITH"},{"data":"Buffer","floor":25,"key":"SMITH"},{"floor":28,"key":"REST"},{"floor":30,"key":"REST"},{"data":"Seek","floor":32,"key":"SMITH"},{"data":"FlawlessForm","floor":40,"key":"SMITH"},{"data":"Apotheosis","floor":41,"key":"SMITH"},{"data":"Fission","floor":45,"key":"SMITH"},{"data":"Machine Learning","floor":49,"key":"SMITH"}],"circlet_count":0,"master_deck":["Wraith Form v2","Echo Form+1","DevaForm+1","FlawlessForm+1","Cold Snap","Cold Snap","Cold Snap","Cold Snap","Cold Snap","Gash","Beam Cell","Chaos","Barrage+1","Sunder+1","Compile Driver","White Noise+1","Hologram","Fusion+1","Redo","Seek+1","Meteor Strike+1","Beam Cell+1","Creative AI","Steam Power","Double Energy+1","Buffer+1","Echo Form","Meteor Strike+1","Machine Learning+1","Fission+1","Loop","Apotheosis+1","Finesse","BootSequence+1","Amplify+1"],"relics":["Cracked Core","EVO:Axolotl","Du-Vu Doll","Membership Card","MawBank","Akabeko","Molten Egg 2","Whetstone","Question Card","Inserter","Sundial","Eternal Feather","Shuriken","Old Coin","InkBottle","Bottled Tornado","Black Star","TungstenRod","Orichalcum","Toxic Egg 2","Mummified Hand","Omamori","Lantern","Bottled Flame","Singing Bowl"],"acts_visited":["Exordium","TheCity","TheBeyond"],"potions_floor_usage":[11,18,18,24,33,50,50],"damage_taken":[{"damage":0,"enemies":"Cultist","floor":1,"turns":3},{"damage":0,"enemies":"2 Louse","floor":2,"turns":2},{"damage":0,"enemies":"Small Slimes","floor":4,"turns":3},{"damage":0,"enemies":"Lagavulin","floor":7,"turns":5},{"damage":0,"enemies":"Gremlin Nob","floor":11,"turns":4},{"damage":27,"enemies":"3 Sentries","floor":12,"turns":6},{"damage":5,"enemies":"Exordium Wildlife","floor":13,"turns":5},{"damage":0,"enemies":"Slime Boss","floor":16,"turns":8},{"damage":10,"enemies":"Chosen","floor":18,"turns":3},{"damage":32,"enemies":"Gremlin Leader","floor":22,"turns":7},{"damage":4,"enemies":"Book of Stabbing","floor":24,"turns":3},{"damage":33,"enemies":"Slavers","floor":27,"turns":6},{"damage":38,"enemies":"Gremlin Leader","floor":29,"turns":8},{"damage":28,"enemies":"Book of Stabbing","floor":31,"turns":5},{"damage":25,"enemies":"Champ","floor":33,"turns":5},{"damage":9,"enemies":"Orb Walker","floor":35,"turns":4},{"damage":20,"enemies":"2 Orb Walkers","floor":37,"turns":3},{"damage":23,"enemies":"3 Shapes","floor":42,"turns":4},{"damage":0,"enemies":"Giant Head","floor":47,"turns":5},{"damage":33,"enemies":"Reptomancer","floor":48,"turns":4},{"damage":7,"enemies":"Time Eater","floor":50,"turns":4}],"seed_played":"4586499455453349867","potions_obtained":[{"floor":1,"key":"Energy Potion"},{"floor":7,"key":"BlessingOfTheForge"},{"floor":13,"key":"PotionOfCapacity"},{"floor":16,"key":"DuplicationPotion"},{"floor":22,"key":"Weak Potion"},{"floor":29,"key":"SpeedPotion"},{"floor":31,"key":"GamblersBrew"},{"floor":33,"key":"CultistPotion"},{"floor":48,"key":"Energy Potion"}],"is_trial":true,"path_per_floor":["M","M","$","M","$","R","E","R","T","R","E","E","M","T","R","B",null,"M","?","?","$","E","R","E","R","T","E","R","E","R","E","R","B",null,"M","?","?","$","?","R","R","M","T","$","R","$","E","E","R","B",null],"character_chosen":"DEFECT","items_purchased":["Membership Card","Toxic Egg 2","Mummified Hand"],"campfire_rested":2,"item_purchase_floors":[5,44,46],"current_hp_per_floor":[80,80,80,80,80,80,80,80,80,80,80,53,48,48,48,48,80,70,70,70,70,38,38,34,49,49,16,58,20,62,34,52,27,80,71,71,51,51,51,69,80,57,57,57,75,75,75,44,65,58],"gold":833,"neow_bonus":"","is_daily":false,"chose_seed":false,"campfire_upgraded":11,"win_rate":0.0,"timestamp":1611353786,"path_taken":["M","?","$","?","?","R","E","R","T","R","?","E","M","?","R","BOSS","M","?","?","$","?","R","E","R","T","E","R","E","R","E","R","BOSS","M","?","?","$","?","R","R","?","T","$","R","$","E","E","R","BOSS"],"items_purchased_type":["Relic","Relic","Relic"],"build_version":"2020-12-22","purchased_purges":3,"victory":true,"max_hp_per_floor":[80,80,80,80,80,80,80,80,80,80,80,80,80,80,80,80,80,80,80,80,80,80,80,80,80,80,80,80,80,80,80,80,80,80,80,80,80,80,80,80,80,80,80,80,80,80,80,82,82,82],"card_choices":[{"not_picked":["Sweeping Beam","Ball Lightning"],"picked":"Redo","floor":1},{"not_picked":["Coolheaded","Cold Snap","Sweeping Beam"],"picked":"SKIP","floor":2},{"not_picked":["Loop","BootSequence","Biased Cognition"],"picked":"SKIP","floor":4},{"not_picked":["Electrodynamics","All For One","Rainbow"],"picked":"SKIP","floor":7},{"not_picked":["Electrodynamics","Amplify"],"picked":"Seek","floor":11},{"not_picked":["Hyperbeam+1","Fission"],"picked":"Meteor Strike+1","floor":12},{"not_picked":["Aggregate","Reprogram"],"picked":"Beam Cell+1","floor":13},{"not_picked":["Multi-Cast","Seek","Rainbow"],"picked":"Creative AI","floor":16},{"not_picked":["Ball Lightning+1","Reprogram","Gash+1"],"picked":"Steam Power","floor":18},{"not_picked":["Core Surge+1","Hyperbeam+1","Thunder Strike+1","Electrodynamics"],"picked":"SKIP","floor":22},{"not_picked":["Rainbow","Machine Learning","Electrodynamics"],"picked":"Buffer","floor":24},{"not_picked":["Multi-Cast","Fission","Meteor Strike+1"],"picked":"Echo Form","floor":27},{"not_picked":["All For One+1","Hyperbeam+1","Echo Form"],"picked":"Meteor Strike+1","floor":29},{"not_picked":["Core Surge+1","Echo Form","Electrodynamics"],"picked":"Machine Learning","floor":31},{"not_picked":["Electrodynamics","All For One+1","Meteor Strike+1"],"picked":"Fission","floor":33},{"not_picked":["Darkness","Coolheaded","Chaos","Streamline+1"],"picked":"SKIP","floor":35},{"not_picked":["Heatsinks","Hello World+1","Conserve Battery+1"],"picked":"Loop","floor":37},{"not_picked":["Violence","Thinking Ahead","Discovery"],"picked":"Apotheosis","floor":39},{"not_picked":["Blind","Madness","Trip"],"picked":"Finesse","floor":39},{"not_picked":["Compile Driver+1","Steam+1","Heatsinks+1"],"picked":"BootSequence+1","floor":42},{"not_picked":["Reboot+1","Echo Form","Core Surge+1"],"picked":"Amplify+1","floor":47},{"not_picked":["Creative AI","Electrodynamics","Hyperbeam+1","Rainbow+1"],"picked":"Singing Bowl","floor":48}],"player_experience":135207,"relics_obtained":[{"floor":7,"key":"MawBank"},{"floor":9,"key":"Akabeko"},{"floor":11,"key":"Molten Egg 2"},{"floor":12,"key":"Whetstone"},{"floor":14,"key":"Question Card"},{"floor":22,"key":"Sundial"},{"floor":24,"key":"Eternal Feather"},{"floor":26,"key":"Shuriken"},{"floor":27,"key":"Old Coin"},{"floor":29,"key":"InkBottle"},{"floor":31,"key":"Bottled Tornado"},{"floor":37,"key":"TungstenRod"},{"floor":43,"key":"Orichalcum"},{"floor":47,"key":"Omamori"},{"floor":47,"key":"Lantern"},{"floor":48,"key":"Bottled Flame"},{"floor":48,"key":"Singing Bowl"}],"event_choices":[{"damage_healed":0,"gold_gain":0,"player_choice":"Ignored","damage_taken":0,"max_hp_gain":0,"max_hp_loss":0,"event_name":"Vampires","floor":19,"gold_loss":0},{"damage_healed":0,"gold_gain":0,"player_choice":"Read","damage_taken":0,"max_hp_gain":0,"max_hp_loss":0,"event_name":"The Library","floor":20,"gold_loss":0,"cards_obtained":["Double Energy"]},{"cards_removed":["Go for the Eyes"],"damage_healed":0,"gold_gain":0,"player_choice":"Removed Attack","damage_taken":0,"max_hp_gain":0,"max_hp_loss":0,"event_name":"Falling","floor":36,"gold_loss":0},{"damage_healed":0,"gold_gain":0,"player_choice":"Fight","damage_taken":0,"max_hp_gain":0,"max_hp_loss":0,"event_name":"Mysterious Sphere","floor":37,"gold_loss":0},{"damage_healed":0,"gold_gain":3,"player_choice":"1","damage_taken":0,"max_hp_gain":0,"max_hp_loss":0,"event_name":"betterStone:BetterStone","floor":39,"gold_loss":0}],"is_beta":false,"boss_relics":[{"not_picked":["Nuclear Battery","Ectoplasm"],"picked":"Inserter"},{"not_picked":["Sozu","Philosopher\u0027s Stone"],"picked":"Black Star"}],"items_purged_floors":[21,38,44],"is_endless":false,"potions_floor_spawned":[1,7,13,16,22,29,31,33,37,47,48],"ascension_level":0}}