{"host":"mg3e76uznu9x14du","time":1611357523,"event":{"mods":["BaseMod","Colored Map","Downfall","Minty Spire (QoL Compilation)","Permanent Neow","Relic Stats","StSLib","Waifu the Spire","everything is the same but u backflip on backflip"],"gold_per_floor":[349,360,373,7,7,7,32,67,67,98,98,125,137,171,191,292,292,192,209,209,228,228,128,152,152,20,20,56,56,56,56,67,162,162,62,81,98,98,8,25,25,25,25,175,175,202,221,73,87,87,87,120,18,18,18,18,18,18],"floor_reached":56,"language":"ENG","playtime":3598,"items_purged":["hexamod:Strike","hexamod:Strike"],"score":1086,"play_id":"e1fb2fd6-df87-4501-bc90-76f1755b279c","local_time":"20210122181843","is_ascension_mode":true,"campfire_choices":[{"data":"hexamod:Float","floor":1,"key":"SMITH"},{"floor":9,"key":"REST"},{"data":"hexamod:Toasty","floor":11,"key":"SMITH"},{"floor":18,"key":"RECALL"},{"data":"hexamod:UnlimitedPower","floor":23,"key":"SMITH"},{"data":"hexamod:FastForward","floor":27,"key":"SMITH"},{"data":"hexamod:EmpoweredFlame","floor":29,"key":"SMITH"},{"data":"hexamod:TimeOfNeed","floor":35,"key":"SMITH"},{"floor":42,"key":"REST"},{"data":"hexamod:Incineration","floor":45,"key":"SMITH"},{"floor":54,"key":"REST"}],"circlet_count":0,"master_deck":["hexamod:Defend","hexamod:Defend","hexamod:Defend","hexamod:Defend+1","hexamod:Sear","hexamod:Float+1","hexamod:SpectersWail","hexamod:SpectersWail","hexamod:ShieldOfDarkness+1","hexamod:StepThrough","hexamod:EmpoweredFlame+1","hexamod:Toasty+1","hexamod:HeatMetal","hexamod:SpectersWail+1","hexamod:Hexaguard","hexamod:Hexaguard","hexamod:UnlimitedPower+1","hexamod:FastForward+1","hexamod:FastForward+1","hexamod:Incineration+1","hexamod:HauntingEcho","hexamod:StepThrough","hexamod:NightmareGuise+1","hexamod:GhostLash","hexamod:GhostLash","hexamod:SwordOfDarkness","hexamod:AdvancingGuard+1","hexamod:TimeOfNeed+1","hexamod:ExtraCrispy+1","hexamod:CatchUp+1","hexamod:FlamesFromBeyond","hexamod:StepThrough+1","hexamod:SpectralSpark","hexamod:EmpoweredFlame+1","hexamod:GhostflameBarrier+1","hexamod:PhantomCloak+1","hexamod:GiftsFromTheDead","hexamod:FlamesFromBeyond"],"relics":["hexamod:SpiritBrand","hexamod:SoulConsumer","downfall:BrokenWingStatue","Guardian:PocketSentry","Happy Flower","Pocketwatch","Empty Cage","downfall:HeartBlessingGreen","downfall:HeartBlessingRed","hexamod:TheBrokenSeal","Blue Candle","StrikeDummy","hexamod:IceCube","downfall:HeartBlessingBlue","Nunchaku","Red Mask","downfall:RedIOUUpgrade","Bag of Marbles","Lee\u0027s Waffle","Pear","Oddly Smooth Stone"],"acts_visited":["Exordium","TheCity","TheBeyond","TheEnding"],"potions_floor_usage":[16,16,21,25,28,37,52,52,55,55,56],"damage_taken":[{"damage":2,"enemies":"Jaw Worm","floor":2,"turns":3},{"damage":1,"enemies":"2 Louse","floor":3,"turns":2},{"damage":0,"enemies":"downfall:FleeingMerchant","floor":4,"turns":4},{"damage":34,"enemies":"Lagavulin","floor":8,"turns":9},{"damage":6,"enemies":"Gremlin Nob","floor":10,"turns":3},{"damage":23,"enemies":"3 Sentries","floor":12,"turns":5},{"damage":4,"enemies":"Small Slimes","floor":13,"turns":2},{"damage":15,"enemies":"Lagavulin","floor":14,"turns":4},{"damage":0,"enemies":"Blue Slaver","floor":15,"turns":3},{"damage":11,"enemies":"DF_ARCHETYPE_STREAMLINE","floor":16,"turns":7},{"damage":19,"enemies":"Shell Parasite","floor":19,"turns":6},{"damage":7,"enemies":"3 Byrds","floor":21,"turns":5},{"damage":33,"enemies":"Book of Stabbing","floor":25,"turns":5},{"damage":2,"enemies":"downfall:FleeingMerchant","floor":26,"turns":4},{"damage":55,"enemies":"Gremlin Leader","floor":28,"turns":7},{"damage":0,"enemies":"Centurion and Healer","floor":32,"turns":4},{"damage":26,"enemies":"IC_MUSHROOM_ARCHETYPE","floor":33,"turns":6},{"damage":11,"enemies":"Orb Walker","floor":36,"turns":3},{"damage":0,"enemies":"3 Shapes","floor":37,"turns":4},{"damage":1,"enemies":"downfall:FleeingMerchant","floor":39,"turns":4},{"damage":30,"enemies":"Writhing Mass","floor":40,"turns":4},{"damage":22,"enemies":"Nemesis","floor":46,"turns":5},{"damage":0,"enemies":"Transient","floor":47,"turns":5},{"damage":0,"enemies":"downfall:FleeingMerchant","floor":48,"turns":2},{"damage":3,"enemies":"Maw","floor":49,"turns":5},{"damage":10,"enemies":"SI_POISON_ARCHETYPE","floor":50,"turns":7},{"damage":70,"enemies":"downfall:CharBossMerchant","floor":52,"turns":8},{"damage":66,"enemies":"downfall:NeowBoss","floor":55,"turns":16},{"damage":13,"enemies":"downfall:NeowBossFinal","floor":56,"turns":5}],"seed_played":"-1878736661996593548","potions_obtained":[{"floor":3,"key":"FearPotion"},{"floor":13,"key":"hexamod:SoulburnPotion"},{"floor":15,"key":"SmokeBomb"},{"floor":16,"key":"EssenceOfSteel"},{"floor":19,"key":"SkillPotion"},{"floor":28,"key":"Strength Potion"},{"floor":33,"key":"Energy Potion"},{"floor":40,"key":"Explosive Potion"},{"floor":46,"key":"PowerPotion"},{"floor":52,"key":"LiquidMemories"}],"is_trial":false,"path_per_floor":["R","M","M","$","?","?","T","E","R","E","R","E","M","E","M","B",null,"R","M","?","M","?","R","T","E","$","R","E","R","T","?","M","B",null,"R","M","M","?","$","M","T","R","?","?","R","E","M","$","M","B",null,"E","$","R","B","B"],"character_chosen":"THE_SPIRIT","items_purchased":["hexamod:SoulConsumer","hexamod:StepThrough","Regen Potion","BlessingOfTheForge","Lee\u0027s Waffle","Pear","hexamod:FlamesFromBeyond","AttackPotion"],"campfire_rested":3,"item_purchase_floors":[4,4,26,26,48,48,53,53],"current_hp_per_floor":[49,47,46,46,69,69,69,39,60,58,58,39,35,24,24,34,61,61,53,53,62,62,62,62,45,54,54,80,80,80,80,80,58,75,85,74,79,79,82,52,52,79,79,79,79,61,65,107,107,101,106,40,40,72,10,0,0,0],"gold":18,"neow_bonus":"TWO_FIFTY_GOLD","is_daily":false,"chose_seed":false,"campfire_upgraded":7,"win_rate":0.0,"timestamp":1611357523,"path_taken":["R","M","M","$","?","?","T","E","R","E","R","E","M","E","M","BOSS","R","M","?","M","?","R","T","E","$","R","E","R","?","?","M","BOSS","R","M","M","?","$","M","T","R","?","?","R","E","M","$","M","BOSS","E","$","R","BOSS","BOSS"],"items_purchased_type":["Relic","Card","Potion","Potion","Relic","Relic","Card","Potion"],"build_version":"2020-12-22","purchased_purges":2,"victory":false,"max_hp_per_floor":[70,70,70,70,70,70,70,70,70,70,70,70,70,70,70,70,70,70,70,70,70,70,70,70,70,70,70,80,80,80,80,80,80,80,90,90,90,90,90,90,90,90,90,90,90,90,90,107,107,107,107,107,107,107,107,107,107,107],"relic_stats":{"Nunchaku":[8],"Lee\u0027s Waffle":32,"Happy Flower":[40],"counters":[29,147],"Blue Candle":[5],"obtain_stats":[{"downfall:RedIOUUpgrade":43,"Lee\u0027s Waffle":48,"Pear":48,"Happy Flower":12,"downfall:HeartBlessingRed":23,"Blue Candle":28,"hexamod:TheBrokenSeal":28,"Oddly Smooth Stone":52,"downfall:HeartBlessingGreen":18,"Juzu Bracelet":7,"Guardian:PocketSentry":8,"Empty Cage":17,"Nunchaku":41,"downfall:BrokenWingStatue":6,"downfall:HeartBlessingBlue":35,"downfall:RedIOU":22,"Red Mask":43,"Bag of Marbles":46,"hexamod:SoulConsumer":4,"StrikeDummy":30,"hexamod:SpiritBrand":0,"Toy Ornithopter":10,"hexamod:IceCube":34,"Pocketwatch":14},{"downfall:RedIOUUpgrade":21,"Lee\u0027s Waffle":24,"Pear":24,"Happy Flower":6,"downfall:HeartBlessingRed":12,"Blue Candle":15,"hexamod:TheBrokenSeal":15,"Oddly Smooth Stone":27,"downfall:HeartBlessingGreen":10,"Juzu Bracelet":3,"Guardian:PocketSentry":4,"Empty Cage":10,"Nunchaku":21,"downfall:BrokenWingStatue":3,"downfall:HeartBlessingBlue":17,"downfall:RedIOU":12,"Red Mask":21,"Bag of Marbles":22,"hexamod:SoulConsumer":3,"StrikeDummy":15,"hexamod:SpiritBrand":0,"Toy Ornithopter":5,"hexamod:IceCube":17,"Pocketwatch":8},{"downfall:RedIOUUpgrade":94,"Lee\u0027s Waffle":106,"Pear":106,"Happy Flower":26,"downfall:HeartBlessingRed":53,"Blue Candle":69,"hexamod:TheBrokenSeal":67,"Oddly Smooth Stone":126,"downfall:HeartBlessingGreen":42,"Juzu Bracelet":9,"Guardian:PocketSentry":18,"Empty Cage":42,"Nunchaku":94,"downfall:BrokenWingStatue":9,"downfall:HeartBlessingBlue":79,"downfall:RedIOU":53,"Red Mask":94,"Bag of Marbles":99,"hexamod:SoulConsumer":9,"StrikeDummy":69,"hexamod:SpiritBrand":0,"Toy Ornithopter":21,"hexamod:IceCube":79,"Pocketwatch":32}],"Pocketwatch":[132]},"card_choices":[{"not_picked":["hexamod:NightmareStrike","hexamod:PhantomCloak"],"picked":"hexamod:SpectersWail","floor":2},{"not_picked":["hexamod:HauntingEcho","hexamod:FlamesFromBeyond"],"picked":"hexamod:ThirdSeal","floor":3},{"not_picked":["hexamod:SuperheatedStrike","hexamod:FastForward"],"picked":"hexamod:SpectersWail","floor":4},{"not_picked":["hexamod:GhostOfSpirePast","hexamod:InspiringFlames"],"picked":"hexamod:ShieldOfDarkness","floor":4},{"not_picked":["hexamod:SpectralAdrenaline","hexamod:InspiringFlames"],"picked":"hexamod:EmpoweredFlame","floor":8},{"not_picked":["hexamod:EtherealExpedition","hexamod:NightmareStrike"],"picked":"hexamod:Toasty","floor":8},{"not_picked":["hexamod:ExtraCrispy","hexamod:HeatShield"],"picked":"hexamod:HeatMetal","floor":10},{"not_picked":["hexamod:RainOfEmbers","hexamod:ThermalTransfer"],"picked":"hexamod:SpectersWail","floor":12},{"not_picked":["hexamod:Rewind","hexamod:HeatCrush"],"picked":"hexamod:Hexaguard","floor":12},{"not_picked":["hexamod:CatchUp","hexamod:StepThrough"],"picked":"hexamod:Hexaguard","floor":13},{"not_picked":["hexamod:SoulSteal","hexamod:BacktrackSmack"],"picked":"hexamod:UnlimitedPower","floor":13},{"not_picked":["hexamod:RecurringNightmare","hexamod:ChargedBarrage"],"picked":"hexamod:FastForward","floor":14},{"not_picked":["hexamod:Firestarter","hexamod:SuperheatedStrike"],"picked":"hexamod:FastForward","floor":14},{"not_picked":["hexamod:InspiringFlames","hexamod:GhostLash"],"picked":"hexamod:FirstSeal","floor":15},{"not_picked":["hexamod:NightmareGuise","hexamod:Firestarter"],"picked":"hexamod:Incineration","floor":15},{"not_picked":["hexamod:Toasty","hexamod:WildfireWeapon"],"picked":"hexamod:FifthSeal","floor":16},{"not_picked":["hexamod:GhostOfSpirePresent","hexamod:TurnItUp"],"picked":"hexamod:SixthSeal","floor":16},{"not_picked":["hexamod:FirstSeal","hexamod:GhostShield"],"picked":"hexamod:HauntingEcho","floor":19},{"not_picked":["hexamod:SixthSeal","hexamod:FirstSeal"],"picked":"hexamod:SecondSeal","floor":19},{"not_picked":["hexamod:CatchUp+1","hexamod:BacktrackSmack+1"],"picked":"hexamod:StepThrough","floor":19},{"not_picked":["hexamod:SpectersWail","hexamod:ShieldOfDarkness"],"picked":"hexamod:HeatCrush+1","floor":21},{"not_picked":["hexamod:HeatMetal","hexamod:NightmareStrike+1"],"picked":"hexamod:NightmareGuise+1","floor":21},{"not_picked":["hexamod:HauntingEcho","hexamod:InspiringFlames+1"],"picked":"hexamod:GhostLash","floor":26},{"not_picked":["hexamod:HeatCrush+1","hexamod:HeatMetal+1"],"picked":"hexamod:GhostLash","floor":26},{"not_picked":["hexamod:GhostOfSpirePresent","hexamod:GhostShield"],"picked":"hexamod:SwordOfDarkness","floor":28},{"not_picked":["hexamod:FlamesFromBeyond","hexamod:PhantomFireball+1"],"picked":"hexamod:AdvancingGuard+1","floor":32},{"not_picked":["hexamod:SearingWound","hexamod:UnlimitedPower"],"picked":"hexamod:TimeOfNeed","floor":33},{"not_picked":["hexamod:SecondSeal","hexamod:Again+1"],"picked":"hexamod:ExtraCrispy+1","floor":36},{"not_picked":["hexamod:NightmareStrike","hexamod:InspiringFlames+1"],"picked":"hexamod:CatchUp+1","floor":37},{"not_picked":["hexamod:SwordOfDarkness+1","hexamod:SkipABeat"],"picked":"hexamod:FlamesFromBeyond","floor":39},{"not_picked":["hexamod:SuperheatedStrike","hexamod:FourthSeal"],"picked":"hexamod:StepThrough+1","floor":40},{"not_picked":["hexamod:FastForward","hexamod:BacktrackSmack"],"picked":"hexamod:SpectralSpark","floor":46},{"not_picked":["hexamod:HauntingEcho+1","hexamod:ShieldOfDarkness"],"picked":"hexamod:EmpoweredFlame+1","floor":47},{"not_picked":["hexamod:Toasty","hexamod:NightmareGuise+1"],"picked":"hexamod:GhostflameBarrier+1","floor":48},{"not_picked":["hexamod:HauntingEcho","hexamod:GhostOfSpirePast+1"],"picked":"hexamod:PhantomCloak+1","floor":49},{"not_picked":["hexamod:RecurringNightmare","hexamod:GhostOfSpireFuture+1"],"picked":"hexamod:GiftsFromTheDead","floor":52}],"player_experience":475214,"relics_obtained":[{"floor":7,"key":"Juzu Bracelet"},{"floor":8,"key":"Guardian:PocketSentry"},{"floor":10,"key":"Toy Ornithopter"},{"floor":12,"key":"Happy Flower"},{"floor":14,"key":"Pocketwatch"},{"floor":28,"key":"Blue Candle"},{"floor":30,"key":"StrikeDummy"},{"floor":41,"key":"Nunchaku"},{"floor":46,"key":"Bag of Marbles"},{"floor":52,"key":"Oddly Smooth Stone"}],"event_choices":[{"damage_healed":23,"gold_gain":0,"player_choice":"Banana","damage_taken":0,"max_hp_gain":0,"max_hp_loss":0,"event_name":"Big Fish","floor":5,"gold_loss":0},{"damage_healed":0,"gold_gain":0,"player_choice":"Ignored","damage_taken":0,"max_hp_gain":0,"max_hp_loss":0,"event_name":"Vampires","floor":31,"gold_loss":0}],"is_beta":false,"boss_relics":[{"not_picked":["Fusion Hammer","SacredBark"],"picked":"Empty Cage"},{"not_picked":["Philosopher\u0027s Stone","Coffee Dripper"],"picked":"hexamod:IceCube"}],"items_purged_floors":[39,48],"is_endless":false,"potions_floor_spawned":[3,13,15,16,19,25,28,33,40,46,52],"killed_by":"downfall:NeowBossFinal","ascension_level":5}}