{"host":"77pvex58kafzx78l","time":1611305196,"event":{"mods":["BaseMod","Better Vampires","DeckTracker","Googly Eyes","Minty Spire (QoL Compilation)","Quick Restart","StSLib","SuperFastMode"],"gold_per_floor":[115,126,138,63,83,83,114,114,114,14,89,89,121,131,131,230,230,250,125,152,167,92,92,7,7,32,32,50,80,80,109,109,211,211,226,226,242,242,16,51,51,96,119,119,149,149,167,200,200,200,200,200,25,57,57],"floor_reached":56,"language":"ENG","playtime":1511,"items_purged":["Strike_P","Strike_P","Strike_P","Defend_P","Defend_P"],"score":1765,"play_id":"0e795bb2-4dca-48d0-aa2f-a7f65c0b351d","local_time":"20210122164636","is_ascension_mode":true,"campfire_choices":[{"data":"Eruption","floor":6.0,"key":"SMITH"},{"data":"Fasting2","floor":8.0,"key":"SMITH"},{"data":"SignatureMove","floor":15.0,"key":"SMITH"},{"data":"Perseverance","floor":23.0,"key":"SMITH"},{"data":"ClearTheMind","floor":25.0,"key":"SMITH"},{"data":"Vault","floor":32.0,"key":"SMITH"},{"data":"Impatience","floor":41.0,"key":"SMITH"},{"floor":49,"key":"RECALL"},{"data":"EmptyMind","floor":52,"key":"SMITH"}],"circlet_count":0,"master_deck":["Defend_P","Vigilance","SignatureMove+1","EmptyMind+1","Fasting2+1","Scrawl+1","Weave","Perseverance+1","ClearTheMind+1","Vault+1","Indignation","Establishment","Impatience+1","Adaptation","Madness","Madness"],"relics":["Philosopher\u0027s Stone","Sundial","Mummified Hand","Pantograph","Runic Pyramid","Vajra","Orichalcum","Regal Pillow","Ginger","VioletLotus","Juzu Bracelet","Gambling Chip","Omamori","Art of War","Happy Flower","Bottled Lightning"],"acts_visited":["Exordium","TheCity","TheBeyond","TheEnding"],"potions_floor_usage":[55],"damage_taken":[{"damage":5.0,"enemies":"Jaw Worm","floor":1.0,"turns":3.0},{"damage":0.0,"enemies":"Cultist","floor":2.0,"turns":3.0},{"damage":0.0,"enemies":"2 Louse","floor":3.0,"turns":1.0},{"damage":4.0,"enemies":"Looter","floor":5.0,"turns":2.0},{"damage":0.0,"enemies":"Gremlin Nob","floor":7.0,"turns":2.0},{"damage":4.0,"enemies":"3 Sentries","floor":13.0,"turns":6.0},{"damage":2.0,"enemies":"2 Fungi Beasts","floor":14.0,"turns":2.0},{"damage":30.0,"enemies":"Hexaghost","floor":16.0,"turns":9.0},{"damage":1.0,"enemies":"Chosen","floor":18.0,"turns":2.0},{"damage":0.0,"enemies":"3 Byrds","floor":21.0,"turns":5.0},{"damage":0.0,"enemies":"3 Cultists","floor":28.0,"turns":4.0},{"damage":3.0,"enemies":"Book of Stabbing","floor":29.0,"turns":3.0},{"damage":0.0,"enemies":"Gremlin Leader","floor":31.0,"turns":2.0},{"damage":14.0,"enemies":"Automaton","floor":33.0,"turns":6.0},{"damage":0.0,"enemies":"Orb Walker","floor":35.0,"turns":3.0},{"damage":5.0,"enemies":"3 Darklings","floor":37.0,"turns":3.0},{"damage":0.0,"enemies":"Nemesis","floor":40.0,"turns":2.0},{"damage":0.0,"enemies":"2 Orb Walkers","floor":42.0,"turns":2.0},{"damage":0.0,"enemies":"Giant Head","floor":45.0,"turns":1.0},{"damage":0.0,"enemies":"Transient","floor":47.0,"turns":3.0},{"damage":0,"enemies":"Nemesis","floor":48,"turns":2},{"damage":12,"enemies":"Awakened One","floor":50,"turns":4},{"damage":0,"enemies":"Shield and Spear","floor":54,"turns":1},{"damage":12,"enemies":"The Heart","floor":55,"turns":4}],"seed_played":"-661270924388725454","potions_obtained":[{"floor":3.0,"key":"SpeedPotion"},{"floor":13.0,"key":"Energy Potion"},{"floor":16.0,"key":"PowerPotion"},{"floor":40.0,"key":"DuplicationPotion"}],"is_trial":false,"path_per_floor":["M","M","M","$","M","R","E","R","T","$","?","?","E","M","R","B",null,"M","$","T","M","?","R","?","R","T","?","M","E","?","E","R","B",null,"M","?","M","?","$","E","R","?","T","?","E","?","M","E","R","B",null,"R","$","E","B",null],"character_chosen":"WATCHER","items_purchased":["Adaptation"],"campfire_rested":0,"item_purchase_floors":[39],"current_hp_per_floor":[67,67,67,67,63,63,63,63,63,63,52,52,48,46,46,41,64,63,63,63,63,63,63,63,63,63,63,63,60,47,47,47,58,72,72,72,67,57,57,57,57,57,57,57,57,47,47,47,47,60,73,73,73,73,65],"gold":57,"neow_bonus":"BOSS_RELIC","is_daily":false,"chose_seed":false,"campfire_upgraded":8,"win_rate":0.0,"timestamp":1611305196,"path_taken":["M","M","M","$","M","R","E","R","T","$","?","?","E","?","R","BOSS","M","?","?","M","?","R","?","R","T","?","?","E","?","E","R","BOSS","M","?","M","?","$","E","R","?","T","?","E","?","M","E","R","BOSS","R","$","E","BOSS"],"items_purchased_type":["Card"],"build_version":"2020-12-22","purchased_purges":5,"victory":true,"max_hp_per_floor":[72,72,72,72,72,72,72,72,72,72,72,72,72,72,72,72,72,72,72,72,72,72,72,72,72,72,72,72,72,77,77,77,77,77,77,77,77,77,77,77,77,77,77,77,77,77,77,77,77,77,77,77,77,77,77],"card_choices":[{"not_picked":["PathToVictory","Consecrate"],"picked":"SignatureMove","floor":1.0},{"not_picked":["FollowUp","Evaluate"],"picked":"EmptyMind","floor":2.0},{"not_picked":["Protect","Consecrate","ReachHeaven"],"picked":"SKIP","floor":3.0},{"not_picked":["Halt","Consecrate"],"picked":"Fasting2","floor":5.0},{"not_picked":["Consecrate","SignatureMove"],"picked":"Scrawl","floor":7.0},{"not_picked":["Perseverance","FollowUp","Protect"],"picked":"SKIP","floor":13.0},{"not_picked":["FollowUp","Protect"],"picked":"Perseverance","floor":13.0},{"not_picked":["CrushJoints","EmptyFist"],"picked":"ClearTheMind","floor":14.0},{"not_picked":["Wish","ConjureBlade"],"picked":"Vault","floor":16.0},{"not_picked":["EmptyFist+1","Protect","JustLucky"],"picked":"SKIP","floor":18.0},{"not_picked":["Prostrate","JustLucky","EmptyMind"],"picked":"SKIP","floor":21.0},{"not_picked":["BowlingBash+1","SandsOfTime","CrushJoints+1"],"picked":"SKIP","floor":28.0},{"not_picked":["EmptyBody+1","Swivel+1"],"picked":"Indignation","floor":29.0},{"not_picked":["CrushJoints","EmptyBody","ClearTheMind"],"picked":"SKIP","floor":31.0},{"not_picked":["DeusExMachina","Vault"],"picked":"Establishment","floor":33.0},{"not_picked":["Crescendo+1","WheelKick","Consecrate"],"picked":"SKIP","floor":35.0},{"not_picked":["Consecrate","Evaluate+1","CrushJoints+1"],"picked":"SKIP","floor":37.0},{"not_picked":["Deep Breath","Trip"],"picked":"Impatience","floor":38.0},{"not_picked":["EmptyFist","Worship","Sanctity+1"],"picked":"SKIP","floor":40.0},{"not_picked":["Protect","EmptyFist","Worship+1"],"picked":"SKIP","floor":45.0},{"not_picked":["ThirdEye","Evaluate","Protect+1"],"picked":"SKIP","floor":47.0},{"not_picked":["InnerPeace+1","Prostrate","SandsOfTime+1"],"picked":"SKIP","floor":48},{"not_picked":["FearNoEvil","PathToVictory","Wireheading+1"],"picked":"SKIP","floor":54}],"player_experience":245469,"relics_obtained":[{"floor":7.0,"key":"Sundial"},{"floor":9.0,"key":"Mummified Hand"},{"floor":13.0,"key":"Pantograph"},{"floor":26.0,"key":"Orichalcum"},{"floor":29.0,"key":"Regal Pillow"},{"floor":31.0,"key":"Ginger"},{"floor":40.0,"key":"Juzu Bracelet"},{"floor":42.0,"key":"Gambling Chip"},{"floor":43.0,"key":"Omamori"},{"floor":45.0,"key":"Art of War"},{"floor":48,"key":"Happy Flower"},{"floor":54,"key":"Bottled Lightning"}],"event_choices":[{"damage_healed":0.0,"max_hp_gain":0.0,"max_hp_loss":0.0,"gold_gain":75.0,"event_name":"World of Goop","player_choice":"Gather Gold","floor":11.0,"gold_loss":0.0,"damage_taken":11.0},{"damage_healed":0.0,"max_hp_gain":0.0,"max_hp_loss":0.0,"gold_gain":0.0,"cards_transformed":["Strike_P"],"event_name":"Transmorgrifier","player_choice":"Transformed","floor":12.0,"gold_loss":0.0,"damage_taken":0.0,"cards_obtained":["Weave"]},{"cards_removed":["Defend_P"],"damage_healed":0.0,"max_hp_gain":0.0,"max_hp_loss":0.0,"gold_gain":0.0,"event_name":"Beggar","player_choice":"Gave Gold","floor":22.0,"gold_loss":75.0,"damage_taken":0.0},{"damage_healed":0.0,"max_hp_gain":0.0,"max_hp_loss":0.0,"gold_gain":0.0,"event_name":"Addict","player_choice":"Obtained Relic","floor":24.0,"gold_loss":85.0,"damage_taken":0.0,"relics_obtained":["Vajra"]},{"damage_healed":0.0,"max_hp_gain":0.0,"max_hp_loss":0.0,"gold_gain":0.0,"event_name":"Vampires","player_choice":"Ignored","floor":27.0,"gold_loss":0.0,"damage_taken":0.0},{"damage_healed":0.0,"max_hp_gain":5.0,"max_hp_loss":0.0,"gold_gain":0.0,"event_name":"Forgotten Altar","player_choice":"Shed Blood","floor":30.0,"gold_loss":0.0,"damage_taken":18.0},{"cards_removed":["Eruption"],"damage_healed":0.0,"max_hp_gain":0.0,"max_hp_loss":0.0,"gold_gain":0.0,"event_name":"Falling","player_choice":"Removed Attack","floor":36.0,"gold_loss":0.0,"damage_taken":0.0},{"damage_healed":0.0,"max_hp_gain":0.0,"max_hp_loss":0.0,"gold_gain":0.0,"event_name":"SensoryStone","player_choice":"Memory 3","floor":38.0,"gold_loss":0.0,"damage_taken":10.0},{"damage_healed":0.0,"max_hp_gain":0.0,"max_hp_loss":0.0,"gold_gain":0.0,"event_name":"Mysterious Sphere","player_choice":"Fight","floor":42.0,"gold_loss":0.0,"damage_taken":0.0},{"damage_healed":0.0,"max_hp_gain":0.0,"max_hp_loss":0.0,"gold_gain":0.0,"event_name":"Upgrade Shrine","player_choice":"Upgraded","floor":44.0,"gold_loss":0.0,"damage_taken":0.0,"cards_upgraded":["Scrawl"]},{"damage_healed":0.0,"max_hp_gain":0.0,"max_hp_loss":0.0,"gold_gain":0.0,"event_name":"Winding Halls","player_choice":"Embrace Madness","floor":46.0,"gold_loss":0.0,"damage_taken":10.0,"cards_obtained":["Madness","Madness"]}],"is_beta":false,"boss_relics":[{"not_picked":["Ectoplasm","Calling Bell"],"picked":"Runic Pyramid"},{"not_picked":["Sozu","Tiny House"],"picked":"VioletLotus"}],"items_purged_floors":[4,10,19,39,53],"is_endless":false,"potions_floor_spawned":[3,13,16,18,31,40,45,48],"ascension_level":5}}