{"host":"5fpb1gzflhq9886n","time":1611278490,"event":{"mods":["AchievementEnabler","BaseMod","Colored Map","Colored Powertips","Minty Spire (QoL Compilation)","Permanent Neow"],"gold_per_floor":[17,17,17,33,33,72,84,111,200,43,43,78,91,91,91,220,220,244,38,38,38,58,58,58,58],"floor_reached":24,"language":"ENG","playtime":1472,"items_purged":["Strike_G"],"score":242,"play_id":"cc67a255-923e-46f8-b047-47f33cc41ec3","local_time":"20210121202130","is_ascension_mode":true,"campfire_choices":[{"floor":7,"key":"REST"},{"floor":11,"key":"REST"},{"floor":15,"key":"REST"},{"data":"Catalyst","floor":23,"key":"SMITH"}],"circlet_count":0,"master_deck":["Strike_G","Strike_G","Strike_G","Strike_G","Defend_G","Defend_G","Defend_G","Defend_G","Defend_G","Survivor","Neutralize","Transmutation+1","Expertise","Choke","Sucker Punch","Skewer","Noxious Fumes","Crippling Poison","Deadly Poison","Bane","Backflip","Burst","Catalyst+1","Bouncing Flask","Catalyst","Prepared+1"],"relics":["Ring of the Snake","Golden Idol","MawBank","The Courier","Mango","Cursed Key","DollysMirror","MutagenicStrength"],"acts_visited":["Exordium","TheCity"],"potions_floor_usage":[12],"damage_taken":[{"damage":13,"enemies":"Small Slimes","floor":1,"turns":5},{"damage":2,"enemies":"Jaw Worm","floor":4,"turns":3},{"damage":44,"enemies":"3 Sentries","floor":6,"turns":14},{"damage":5,"enemies":"Cultist","floor":8,"turns":4},{"damage":29,"enemies":"Lagavulin","floor":12,"turns":6},{"damage":14,"enemies":"Looter","floor":13,"turns":5},{"damage":42,"enemies":"The Guardian","floor":16,"turns":11},{"damage":18,"enemies":"Shell Parasite","floor":18,"turns":5},{"damage":8,"enemies":"Chosen","floor":22,"turns":3},{"damage":62,"enemies":"Slavers","floor":24,"turns":3}],"seed_played":"4066243134864014292","potions_obtained":[{"floor":1,"key":"DuplicationPotion"},{"floor":6,"key":"LiquidMemories"},{"floor":8,"key":"Fruit Juice"},{"floor":13,"key":"Explosive Potion"},{"floor":16,"key":"BlessingOfTheForge"}],"is_trial":false,"path_per_floor":["M","?","?","M","$","E","R","M","T","$","R","E","M","?","R","B",null,"M","$","?","?","M","R","E"],"character_chosen":"THE_SILENT","items_purchased":["Noxious Fumes","Crippling Poison","Deadly Poison","Bouncing Flask","DollysMirror"],"campfire_rested":3,"item_purchase_floors":[10,10,10,19,19],"current_hp_per_floor":[57,57,57,55,55,11,30,25,25,25,44,34,20,20,45,3,84,66,66,66,66,58,58,0,0],"gold":58,"neow_bonus":"RANDOM_COLORLESS_2","is_daily":false,"chose_seed":false,"campfire_upgraded":1,"win_rate":0.0,"timestamp":1611278490,"path_taken":["M","?","?","M","?","E","R","?","T","$","R","E","M","?","R","BOSS","M","$","?","?","?","R","E"],"items_purchased_type":["Card","Card","Card","Card","Relic"],"build_version":"2020-12-22","purchased_purges":1,"victory":false,"max_hp_per_floor":[70,65,65,65,65,65,65,65,65,65,65,84,84,84,84,84,84,84,84,84,84,84,84,84,84],"card_choices":[{"not_picked":["Mayhem","Thinking Ahead"],"picked":"Transmutation","floor":0},{"not_picked":["Eviscerate","Prepared"],"picked":"Expertise","floor":1},{"not_picked":["PiercingWail","Infinite Blades"],"picked":"Choke","floor":4},{"not_picked":["Endless Agony","Finisher"],"picked":"Sucker Punch","floor":6},{"not_picked":["Dagger Throw","Prepared"],"picked":"Skewer","floor":8},{"not_picked":["Eviscerate","Prepared"],"picked":"Bane","floor":12},{"not_picked":["Skewer","Crippling Poison"],"picked":"Backflip","floor":13},{"not_picked":["Tools of the Trade","Envenom"],"picked":"Burst","floor":16},{"not_picked":["Terror+1","Skewer"],"picked":"Catalyst","floor":18},{"not_picked":["Slice","Flying Knee"],"picked":"Prepared+1","floor":22}],"player_experience":734699,"relics_obtained":[{"floor":6,"key":"MawBank"},{"floor":9,"key":"The Courier"},{"floor":12,"key":"Mango"}],"event_choices":[{"damage_healed":0,"gold_gain":0,"player_choice":"Lose Max HP","damage_taken":0,"relics_obtained":["Golden Idol"],"max_hp_gain":0,"max_hp_loss":5,"event_name":"Golden Idol","floor":2,"gold_loss":0},{"damage_healed":0,"gold_gain":0,"player_choice":"Ignored","damage_taken":0,"max_hp_gain":0,"max_hp_loss":0,"event_name":"Shining Light","floor":3,"gold_loss":0},{"damage_healed":0,"gold_gain":0,"player_choice":"Got Potions","damage_taken":0,"max_hp_gain":0,"max_hp_loss":0,"event_name":"Lab","floor":14,"gold_loss":0},{"damage_healed":0,"gold_gain":0,"player_choice":"Inject Mutagens","damage_taken":0,"relics_obtained":["MutagenicStrength"],"max_hp_gain":0,"max_hp_loss":0,"event_name":"Drug Dealer","floor":20,"gold_loss":0},{"damage_healed":0,"gold_gain":0,"player_choice":"Upgraded","damage_taken":0,"max_hp_gain":0,"max_hp_loss":0,"event_name":"Upgrade Shrine","floor":21,"gold_loss":0,"cards_upgraded":["Transmutation"]}],"is_beta":false,"boss_relics":[{"not_picked":["Empty Cage","Ring of the Serpent"],"picked":"Cursed Key"}],"items_purged_floors":[19],"is_endless":false,"potions_floor_spawned":[1,6,8,13,16],"killed_by":"Slavers","ascension_level":4}}