{"host":"ydg0vn0pu4pubmdt","time":1611320254,"event":{"mods":["AchievementEnabler","BaseMod","Colored Map","Gold Saver","Minty Spire (QoL Compilation)","Quick Restart","SuperFastMode"],"gold_per_floor":[277,296,114,114,114,114,131,149,149,49,49,49,68,79,79,184,184,202,222,69,69,69,69,94,94,119,129,129,143,95,95,95,200,200,211,211,224,224,224],"floor_reached":38,"language":"KOR","playtime":3678,"items_purged":["Strike_B","Defend_B"],"score":595,"play_id":"6e5102cb-b10c-4dbf-a7e9-39d13dcba320","local_time":"20210122215734","is_ascension_mode":true,"campfire_choices":[{"data":"1","floor":6.0,"key":"LIFT"},{"data":"2","floor":12.0,"key":"LIFT"},{"data":"3","floor":15.0,"key":"LIFT"},{"floor":23.0,"key":"REST"},{"floor":25.0,"key":"REST"},{"floor":28.0,"key":"REST"},{"data":"Fission","floor":32.0,"key":"SMITH"}],"circlet_count":0,"master_deck":["AscendersBane","Strike_B","Strike_B","Zap","Dualcast","Electrodynamics","Leap","Capacitor","Undo","Fission+1","Consume","Doom and Gloom","Biased Cognition","Tempest+1","FTL+1","Ball Lightning+1","Cold Snap","Chill","Static Discharge+1","Undo+1","Loop+1","Compile Driver","Thunder Strike","Double Energy+1","Madness","Madness","Conserve Battery+1"],"relics":["Cracked Core","Girya","StrikeDummy","Astrolabe","Runic Capacitor","Art of War","Regal Pillow","Sozu"],"acts_visited":["Exordium","TheCity","TheBeyond"],"potions_floor_usage":[],"damage_taken":[{"damage":0.0,"enemies":"2 Louse","floor":1.0,"turns":1.0},{"damage":0.0,"enemies":"Small Slimes","floor":2.0,"turns":2.0},{"damage":0.0,"enemies":"Cultist","floor":7.0,"turns":3.0},{"damage":9.0,"enemies":"Red Slaver","floor":8.0,"turns":4.0},{"damage":0.0,"enemies":"Exordium Wildlife","floor":13.0,"turns":2.0},{"damage":0.0,"enemies":"Gremlin Gang","floor":14.0,"turns":2.0},{"damage":29.0,"enemies":"Slime Boss","floor":16.0,"turns":7.0},{"damage":14.0,"enemies":"Shell Parasite","floor":18.0,"turns":7.0},{"damage":9.0,"enemies":"3 Byrds","floor":19.0,"turns":2.0},{"damage":41.0,"enemies":"Book of Stabbing","floor":24.0,"turns":6.0},{"damage":9.0,"enemies":"3 Cultists","floor":27.0,"turns":4.0},{"damage":2.0,"enemies":"Centurion and Healer","floor":29.0,"turns":4.0},{"damage":12.0,"enemies":"Automaton","floor":33.0,"turns":6.0},{"damage":19.0,"enemies":"Orb Walker","floor":35.0,"turns":3.0},{"damage":15,"enemies":"3 Darklings","floor":37,"turns":2},{"damage":20,"enemies":"Spire Growth","floor":38,"turns":2}],"seed_played":"8415443510398817021","potions_obtained":[{"floor":2.0,"key":"SkillPotion"},{"floor":5.0,"key":"EntropicBrew"},{"floor":27.0,"key":"FearPotion"}],"is_trial":false,"path_per_floor":["M","M","$","?","?","R","M","M","T","$","?","R","M","M","R","B",null,"M","M","$","?","$","R","E","R","T","M","R","M","$","?","R","B",null,"M","?","M","M"],"character_chosen":"DEFECT","items_purchased":["Capacitor","Undo","Runic Capacitor","Compile Driver"],"campfire_rested":3,"item_purchase_floors":[3,3,20,30],"current_hp_per_floor":[68,68,68,43,43,43,43,34,34,34,34,34,34,34,34,5,52,38,29,29,29,29,49,8,28,28,19,54,52,52,52,52,40,61,42,33,18,0,0],"gold":224,"neow_bonus":"THREE_RARE_CARDS","is_daily":false,"chose_seed":false,"campfire_upgraded":1,"win_rate":0.0,"timestamp":1611320254,"path_taken":["M","M","$","?","?","R","M","?","T","?","?","R","?","M","R","BOSS","M","M","$","?","$","R","E","R","T","M","R","M","$","?","R","BOSS","M","?","M","M"],"items_purchased_type":["Card","Card","Relic","Card"],"build_version":"2020-12-22","purchased_purges":2,"victory":false,"max_hp_per_floor":[68,68,68,68,68,68,68,68,68,68,68,68,68,68,68,68,68,68,68,68,68,68,68,68,68,68,68,68,68,68,68,68,68,68,68,68,68,68,68],"card_choices":[{"not_picked":["Buffer","Fission"],"picked":"Electrodynamics","floor":0.0},{"not_picked":["Barrage","Blizzard","Steam"],"picked":"SKIP","floor":1.0},{"not_picked":["Steam","Go for the Eyes"],"picked":"Leap","floor":2.0},{"not_picked":["Barrage","Gash","Rip and Tear"],"picked":"SKIP","floor":7.0},{"not_picked":["Cold Snap","Redo"],"picked":"Fission","floor":8.0},{"not_picked":["Ball Lightning","Go for the Eyes"],"picked":"Doom and Gloom","floor":13.0},{"not_picked":["Gash","Redo","Ball Lightning"],"picked":"SKIP","floor":14.0},{"not_picked":["Echo Form","Amplify"],"picked":"Biased Cognition","floor":16.0},{"not_picked":["Gash","Stack+1"],"picked":"Cold Snap","floor":18.0},{"not_picked":["Rebound","Steam Power","Redo"],"picked":"SKIP","floor":19.0},{"not_picked":["Biased Cognition","FTL"],"picked":"Static Discharge+1","floor":24.0},{"not_picked":["Rebound","Rip and Tear"],"picked":"Undo+1","floor":27.0},{"not_picked":["Sweeping Beam","Chill"],"picked":"Loop+1","floor":29.0},{"not_picked":["Biased Cognition","Rainbow"],"picked":"Thunder Strike","floor":33.0},{"not_picked":["Rebound+1","Redo"],"picked":"Double Energy+1","floor":35.0},{"not_picked":["Redo+1","Cold Snap+1"],"picked":"Conserve Battery+1","floor":37}],"player_experience":529199,"relics_obtained":[{"floor":9.0,"key":"StrikeDummy"},{"floor":24.0,"key":"Art of War"},{"floor":26.0,"key":"Regal Pillow"}],"event_choices":[{"damage_healed":0.0,"max_hp_gain":0.0,"max_hp_loss":0.0,"gold_gain":0.0,"event_name":"Scrap Ooze","player_choice":"Success","floor":4.0,"gold_loss":0.0,"damage_taken":25.0,"relics_obtained":["Girya"]},{"damage_healed":0.0,"max_hp_gain":0.0,"max_hp_loss":0.0,"gold_gain":0.0,"event_name":"Lab","player_choice":"Got Potions","floor":5.0,"gold_loss":0.0,"damage_taken":0.0},{"damage_healed":0.0,"max_hp_gain":0.0,"max_hp_loss":0.0,"gold_gain":0.0,"cards_transformed":["Defend_B"],"event_name":"Transmorgrifier","player_choice":"Transformed","floor":11.0,"gold_loss":0.0,"damage_taken":0.0,"cards_obtained":["Consume"]},{"damage_healed":0.0,"max_hp_gain":0.0,"max_hp_loss":0.0,"gold_gain":0.0,"event_name":"The Library","player_choice":"Read","floor":21.0,"gold_loss":0.0,"damage_taken":0.0,"cards_obtained":["Chill"]},{"damage_healed":0.0,"max_hp_gain":0.0,"max_hp_loss":0.0,"gold_gain":0.0,"event_name":"Vampires","player_choice":"Ignored","floor":31.0,"gold_loss":0.0,"damage_taken":0.0},{"damage_healed":0,"gold_gain":0,"player_choice":"Embrace Madness","damage_taken":9,"max_hp_gain":0,"max_hp_loss":0,"event_name":"Winding Halls","floor":36,"gold_loss":0,"cards_obtained":["Madness","Madness"]}],"is_beta":false,"boss_relics":[{"not_picked":["Black Star","Tiny House"],"picked":"Astrolabe"},{"not_picked":["Velvet Choker","Coffee Dripper"],"picked":"Sozu"}],"items_purged_floors":[3,10],"is_endless":false,"potions_floor_spawned":[2,7,8,27,35],"killed_by":"Spire Growth","ascension_level":11}}