{"host":"wogey4gsknv4ot2d","time":1611317339,"event":{"mods":["2.2 Compatiblity","AchievementEnabler","Act Like it!","Alarm Clock","BaseMod","Bestiary","Better Match","Better Third Choice","Colored Map","Colored Powertips","Googly Eyes","Key Reminder","Minty Spire (QoL Compilation)","Permanent Neow","Rare Cards Sparkle","Relic Stats","Spicy Shops","StSLib"],"gold_per_floor":[110,129,142,142,158,191,201,201,201,234,254,284,284,303,303,401,451,461,58,58,10,25,25,25],"floor_reached":23,"language":"ENG","playtime":1071,"items_purged":[],"score":213,"play_id":"84ffd238-5e6c-47b8-be50-b93f3bf02c8e","local_time":"20210122060859","is_ascension_mode":false,"campfire_choices":[{"floor":8,"key":"RECALL"},{"floor":13,"key":"REST"},{"data":"Streamline","floor":15,"key":"SMITH"}],"circlet_count":0,"master_deck":["Strike_B","Strike_B","Strike_B","Strike_B","Defend_B","Defend_B","Defend_B","Defend_B","Zap","Dualcast","Redo","Go for the Eyes+1","Loop+1","Coolheaded","Beam Cell","Self Repair+1","Conserve Battery","Coolheaded","Conserve Battery","Streamline+1","Glacier","Cold Snap+1","Go for the Eyes+1","Rip and Tear+1"],"relics":["Cracked Core","Frozen Egg 2","Bottled Lightning","Pocketwatch","Tiny House","Juzu Bracelet","Molten Egg 2"],"acts_visited":["Exordium","TheCity"],"potions_floor_usage":[2,11,12,16,18],"damage_taken":[{"damage":1,"enemies":"Cultist","floor":1,"turns":4},{"damage":0,"enemies":"Small Slimes","floor":2,"turns":2},{"damage":3,"enemies":"Jaw Worm","floor":3,"turns":3},{"damage":1,"enemies":"Large Slime","floor":5,"turns":5},{"damage":29,"enemies":"Gremlin Nob","floor":6,"turns":5},{"damage":10,"enemies":"Red Slaver","floor":7,"turns":4},{"damage":37,"enemies":"3 Sentries","floor":10,"turns":9},{"damage":1,"enemies":"Exordium Wildlife","floor":11,"turns":4},{"damage":8,"enemies":"Lagavulin","floor":12,"turns":9},{"damage":9,"enemies":"3 Louse","floor":14,"turns":4},{"damage":30,"enemies":"Slime Boss","floor":16,"turns":11},{"damage":12,"enemies":"3 Byrds","floor":18,"turns":9},{"damage":11,"enemies":"Spheric Guardian","floor":22,"turns":9},{"damage":83,"enemies":"Slavers","floor":23,"turns":7}],"seed_played":"-5655850103079265836","potions_obtained":[{"floor":2,"key":"Fruit Juice"},{"floor":10,"key":"Ancient Potion"},{"floor":11,"key":"Regen Potion"},{"floor":14,"key":"Regen Potion"},{"floor":16,"key":"Energy Potion"}],"is_trial":false,"path_per_floor":["M","M","M","?","M","E","M","R","T","E","M","E","R","M","R","B",null,"M","$","?","$","M","E"],"character_chosen":"DEFECT","items_purchased":["Juzu Bracelet","Molten Egg 2","Go for the Eyes+1"],"campfire_rested":1,"item_purchase_floors":[19,19,21],"current_hp_per_floor":[74,79,76,76,75,46,46,46,46,19,18,35,59,60,60,54,85,83,83,83,83,82,0,0],"gold":25,"neow_bonus":"THREE_CARDS","is_daily":false,"chose_seed":false,"campfire_upgraded":1,"win_rate":0.0,"timestamp":1611317339,"path_taken":["M","?","M","?","?","E","M","R","T","E","?","E","R","M","R","BOSS","M","$","?","$","M","E"],"items_purchased_type":["Relic","Relic","Card"],"build_version":"2020-12-22","purchased_purges":0,"victory":false,"max_hp_per_floor":[75,80,80,80,80,80,80,80,80,80,80,80,80,80,80,80,85,85,85,85,85,85,85,85],"relic_stats":{"counters":[14,84],"Juzu Bracelet":0,"obtain_stats":[{"keyreminder:keyreminder":6,"Tiny House":17,"Molten Egg 2":19,"Juzu Bracelet":19,"Bottled Lightning":10,"Frozen Egg 2":6,"Cracked Core":0,"Pocketwatch":12},{"keyreminder:keyreminder":5,"Tiny House":11,"Molten Egg 2":12,"Juzu Bracelet":12,"Bottled Lightning":7,"Frozen Egg 2":5,"Cracked Core":0,"Pocketwatch":9},{"keyreminder:keyreminder":19,"Tiny House":59,"Molten Egg 2":68,"Juzu Bracelet":68,"Bottled Lightning":32,"Frozen Egg 2":19,"Cracked Core":0,"Pocketwatch":44}],"Pocketwatch":[30]},"card_choices":[{"not_picked":["Hologram","Darkness"],"picked":"Redo","floor":0},{"not_picked":["Steam","Turbo"],"picked":"Go for the Eyes","floor":1},{"not_picked":["Barrage","Rebound"],"picked":"Loop","floor":2},{"not_picked":["Turbo","Undo"],"picked":"Coolheaded","floor":3},{"not_picked":["Leap","Static Discharge"],"picked":"Beam Cell","floor":5},{"not_picked":["Cold Snap","Skim"],"picked":"Self Repair+1","floor":6},{"not_picked":["Chaos","Scrape","Rebound"],"picked":"SKIP","floor":7},{"not_picked":["Hyperbeam","Chaos"],"picked":"Conserve Battery","floor":10},{"not_picked":["Fusion","Barrage"],"picked":"Coolheaded","floor":11},{"not_picked":["Reprogram","Sweeping Beam"],"picked":"Conserve Battery","floor":12},{"not_picked":["Leap","Barrage"],"picked":"Streamline","floor":14},{"not_picked":["Tempest","Cold Snap"],"picked":"Glacier","floor":17},{"not_picked":["Beam Cell","Gash+1"],"picked":"Cold Snap+1","floor":18},{"not_picked":["Conserve Battery","Redo"],"picked":"Rip and Tear+1","floor":22}],"player_experience":70511,"relics_obtained":[{"floor":6,"key":"Frozen Egg 2"},{"floor":10,"key":"Bottled Lightning"},{"floor":12,"key":"Pocketwatch"}],"event_choices":[{"damage_healed":0,"gold_gain":0,"player_choice":"Forge","damage_taken":0,"max_hp_gain":0,"max_hp_loss":0,"event_name":"Accursed Blacksmith","floor":4,"gold_loss":0,"cards_upgraded":["Go for the Eyes"]}],"is_beta":false,"boss_relics":[{"not_picked":["Nuclear Battery","Snecko Eye"],"picked":"Tiny House"}],"items_purged_floors":[],"is_endless":false,"potions_floor_spawned":[2,10,11,14,16],"killed_by":"Slavers","ascension_level":0}}