{"host":"qdfumeom6htv8yxl","time":1611339768,"event":{"mods":["AchievementEnabler","BaseMod","Bestiary","Block Reminder","Minty Spire (QoL Compilation)","Quick Restart","Relic Stats"],"gold_per_floor":[112,112,262,107,120,120,155,155,155,155,165,165,165,195,195,272,272,282,282,47,60,87,122,122,122,146,146,181,192,54,64,64,138,138,158,158,212,131,131,164,178,178,178,9,9,38,56,68,68,68],"floor_reached":51,"language":"ENG","playtime":2894,"items_purged":["Doubt","Strike_B"],"score":1350,"play_id":"8a8b6813-d3a1-4048-9917-d8f4b903bb96","local_time":"20210122122248","is_ascension_mode":true,"campfire_choices":[{"data":"Hyperbeam","floor":6.0,"key":"SMITH"},{"data":"Hologram","floor":10.0,"key":"SMITH"},{"data":"Leap","floor":13.0,"key":"SMITH"},{"data":"Go for the Eyes","floor":15.0,"key":"SMITH"},{"data":"Reprogram","floor":24.0,"key":"SMITH"},{"data":"Trip","floor":27.0,"key":"SMITH"},{"floor":32.0,"key":"REST"},{"data":"1","floor":49,"key":"LIFT"}],"circlet_count":0,"master_deck":["AscendersBane","Strike_B+1","Defend_B","Defend_B","Defend_B","Defend_B","Dualcast","Streamline+1","Hyperbeam+1","Leap+1","Hologram+1","Go for the Eyes+1","Hyperbeam","Beam Cell","Reprogram+1","Rebound","Trip+1","Meteor Strike","Sunder","Hologram","Echo Form","BootSequence","Echo Form","Mind Blast"],"relics":["NeowsBlessing","Whetstone","Bottled Flame","Girya","Busted Crown","Potion Belt","Strawberry","Nloth\u0027s Gift","Blood Vial","Omamori","Snecko Eye","Incense Burner","Happy Flower","Pear","Bag of Preparation","Nunchaku"],"acts_visited":["Exordium","TheCity","TheBeyond"],"potions_floor_usage":[50],"damage_taken":[{"damage":0.0,"enemies":"Jaw Worm","floor":1.0,"turns":1.0},{"damage":0.0,"enemies":"2 Louse","floor":5.0,"turns":1.0},{"damage":0.0,"enemies":"Lagavulin","floor":7.0,"turns":1.0},{"damage":0.0,"enemies":"Small Slimes","floor":11.0,"turns":1.0},{"damage":5.0,"enemies":"Gremlin Nob","floor":14.0,"turns":3.0},{"damage":54.0,"enemies":"Hexaghost","floor":16.0,"turns":10.0},{"damage":0.0,"enemies":"2 Thieves","floor":18.0,"turns":2.0},{"damage":0.0,"enemies":"Spheric Guardian","floor":21.0,"turns":1.0},{"damage":15.0,"enemies":"Slavers","floor":23.0,"turns":2.0},{"damage":28.0,"enemies":"Book of Stabbing","floor":28.0,"turns":6.0},{"damage":0.0,"enemies":"3 Cultists","floor":29.0,"turns":2.0},{"damage":0.0,"enemies":"Centurion and Healer","floor":31.0,"turns":1.0},{"damage":52.0,"enemies":"Collector","floor":33.0,"turns":9.0},{"damage":29.0,"enemies":"3 Darklings","floor":35.0,"turns":3.0},{"damage":6.0,"enemies":"2 Orb Walkers","floor":37.0,"turns":2.0},{"damage":25.0,"enemies":"Nemesis","floor":40.0,"turns":5.0},{"damage":0.0,"enemies":"3 Shapes","floor":41.0,"turns":1.0},{"damage":22,"enemies":"Reptomancer","floor":46,"turns":4},{"damage":0,"enemies":"Sphere and 2 Shapes","floor":47,"turns":1},{"damage":0,"enemies":"Transient","floor":48,"turns":5},{"damage":35,"enemies":"Time Eater","floor":50,"turns":9}],"seed_played":"-6197011948801510584","potions_obtained":[{"floor":11.0,"key":"Fruit Juice"},{"floor":14.0,"key":"Explosive Potion"},{"floor":16.0,"key":"AttackPotion"},{"floor":21.0,"key":"Ancient Potion"},{"floor":28.0,"key":"EssenceOfSteel"},{"floor":29.0,"key":"Fire Potion"},{"floor":33.0,"key":"Explosive Potion"},{"floor":37.0,"key":"Swift Potion"},{"floor":41.0,"key":"EssenceOfDarkness"},{"floor":47,"key":"SpeedPotion"},{"floor":48,"key":"Fire Potion"}],"is_trial":false,"path_per_floor":["M","?","?","$","M","R","E","$","T","R","M","?","R","E","R","B",null,"M","?","$","M","T","E","R","?","T","R","E","M","$","M","R","B",null,"M","?","?","$","?","E","M","?","T","$","?","E","M","M","R","B",null],"character_chosen":"DEFECT","items_purchased":["Hyperbeam","Rebound","Trip","Sunder","Hologram","Echo Form","Bag of Preparation"],"campfire_rested":1,"item_purchase_floors":[4,20,20,30,30,38,44],"current_hp_per_floor":[64,64,64,64,64,64,64,64,64,64,64,57,57,52,52,3,58,58,58,58,58,58,50,50,50,50,50,24,26,26,28,52,2,63,36,36,32,32,32,9,11,68,78,78,78,56,58,60,60,27],"gold":68,"neow_bonus":"THREE_ENEMY_KILL","is_daily":false,"chose_seed":false,"campfire_upgraded":6,"win_rate":0.0,"timestamp":1611339768,"path_taken":["M","?","?","$","M","R","E","$","T","R","?","?","R","E","R","BOSS","M","?","$","M","?","E","R","?","T","R","E","?","?","M","R","BOSS","M","?","?","$","?","E","?","?","T","$","?","E","M","M","R","BOSS"],"items_purchased_type":["Card","Card","Card","Card","Card","Card","Relic"],"build_version":"2020-12-22","purchased_purges":2,"victory":true,"max_hp_per_floor":[71,71,71,71,71,71,71,71,71,71,71,71,71,71,71,76,76,76,76,76,76,76,83,83,83,83,83,83,83,83,83,83,83,83,83,83,83,83,83,83,83,68,78,78,78,78,78,78,78,78],"relic_stats":{"Blood Vial":22,"Nunchaku":[4],"Busted Crown":32,"Happy Flower":[6],"counters":[21,70],"Snecko Eye":[50,46,61,54],"Nloth\u0027s Gift":1,"Bag of Preparation":[8],"Whetstone":["Strike_B","Streamline"],"obtain_stats":[{"Potion Belt":22,"Girya":14,"Pear":43,"NeowsBlessing":0,"Happy Flower":40,"Omamori":28,"Incense Burner":37,"Bag of Preparation":44,"Whetstone":7,"Blood Vial":26,"Bottled Flame":9,"Nunchaku":46,"Busted Crown":17,"Strawberry":23,"Snecko Eye":34,"Nloth\u0027s Gift":25,"Cracked Core":0},{"Potion Belt":8,"Girya":5,"Pear":17,"NeowsBlessing":0,"Happy Flower":16,"Omamori":10,"Incense Burner":15,"Bag of Preparation":17,"Whetstone":3,"Blood Vial":9,"Bottled Flame":3,"Nunchaku":18,"Busted Crown":6,"Strawberry":9,"Snecko Eye":13,"Nloth\u0027s Gift":9,"Cracked Core":0},{"Potion Belt":20,"Girya":7,"Pear":51,"NeowsBlessing":0,"Happy Flower":50,"Omamori":28,"Incense Burner":45,"Bag of Preparation":51,"Whetstone":3,"Blood Vial":22,"Bottled Flame":3,"Nunchaku":55,"Busted Crown":17,"Strawberry":22,"Snecko Eye":40,"Nloth\u0027s Gift":22,"Cracked Core":0}]},"card_choices":[{"not_picked":["Compile Driver","Redo"],"picked":"Streamline","floor":1.0},{"not_picked":["Leap","Stack","Cold Snap"],"picked":"SKIP","floor":5.0},{"not_picked":["Stack","Cold Snap"],"picked":"Leap","floor":5.0},{"not_picked":["Compile Driver","Melter"],"picked":"Hologram","floor":7.0},{"not_picked":["Stack","Sunder","Capacitor"],"picked":"SKIP","floor":11.0},{"not_picked":["Redo","Coolheaded"],"picked":"Go for the Eyes","floor":14.0},{"not_picked":["Electrodynamics","Biased Cognition"],"picked":"Hyperbeam","floor":16.0},{"not_picked":[],"picked":"Beam Cell","floor":18.0},{"not_picked":["Glacier"],"picked":"SKIP","floor":21.0},{"not_picked":[],"picked":"Meteor Strike","floor":23.0},{"not_picked":["Hyperbeam"],"picked":"SKIP","floor":28.0},{"not_picked":["Compile Driver"],"picked":"SKIP","floor":29.0},{"not_picked":["Coolheaded+1"],"picked":"SKIP","floor":31.0},{"not_picked":[],"picked":"Echo Form","floor":33.0},{"not_picked":["Rebound"],"picked":"SKIP","floor":35.0},{"not_picked":[],"picked":"BootSequence","floor":37.0},{"not_picked":["Fission"],"picked":"SKIP","floor":40.0},{"not_picked":["Barrage"],"picked":"SKIP","floor":41.0},{"not_picked":[],"picked":"Mind Blast","floor":45},{"not_picked":["Reboot"],"picked":"SKIP","floor":46},{"not_picked":["Stack"],"picked":"SKIP","floor":47},{"not_picked":["Storm"],"picked":"SKIP","floor":48}],"player_experience":1806404,"relics_obtained":[{"floor":7.0,"key":"Whetstone"},{"floor":9.0,"key":"Bottled Flame"},{"floor":14.0,"key":"Girya"},{"floor":22.0,"key":"Potion Belt"},{"floor":23.0,"key":"Strawberry"},{"floor":26.0,"key":"Blood Vial"},{"floor":28.0,"key":"Omamori"},{"floor":37.0,"key":"Incense Burner"},{"floor":40.0,"key":"Happy Flower"},{"floor":43.0,"key":"Pear"},{"floor":46,"key":"Nunchaku"}],"event_choices":[{"damage_healed":0.0,"max_hp_gain":0.0,"max_hp_loss":0.0,"gold_gain":0.0,"event_name":"The Cleric","player_choice":"Leave","floor":2.0,"gold_loss":0.0,"damage_taken":0.0},{"damage_healed":0.0,"max_hp_gain":0.0,"max_hp_loss":0.0,"gold_gain":150.0,"event_name":"Liars Game","player_choice":"AGREE","floor":3.0,"gold_loss":0.0,"damage_taken":0.0,"cards_obtained":["Doubt"]},{"cards_removed":["Strike_B"],"damage_healed":0.0,"max_hp_gain":0.0,"max_hp_loss":0.0,"gold_gain":0.0,"event_name":"Golden Wing","player_choice":"Card Removal","floor":12.0,"gold_loss":0.0,"damage_taken":7.0},{"damage_healed":0.0,"max_hp_gain":0.0,"max_hp_loss":0.0,"gold_gain":0.0,"event_name":"The Library","player_choice":"Read","floor":19.0,"gold_loss":0.0,"damage_taken":0.0,"cards_obtained":["Reprogram"]},{"damage_healed":0.0,"max_hp_gain":0.0,"max_hp_loss":0.0,"gold_gain":0.0,"event_name":"N\u0027loth","player_choice":"Traded Relic","floor":25.0,"relics_lost":["Cracked Core"],"gold_loss":0.0,"damage_taken":0.0,"relics_obtained":["Nloth\u0027s Gift"]},{"cards_removed":["Zap"],"damage_healed":0.0,"max_hp_gain":0.0,"max_hp_loss":0.0,"gold_gain":0.0,"event_name":"Falling","player_choice":"Removed Skill","floor":36.0,"gold_loss":0.0,"damage_taken":0.0},{"damage_healed":0.0,"max_hp_gain":0.0,"max_hp_loss":0.0,"gold_gain":0.0,"event_name":"Mysterious Sphere","player_choice":"Fight","floor":37.0,"gold_loss":0.0,"damage_taken":0.0},{"cards_removed":["Strike_B"],"damage_healed":0.0,"max_hp_gain":0.0,"max_hp_loss":0.0,"gold_gain":0.0,"event_name":"Purifier","player_choice":"Purged","floor":39.0,"gold_loss":0.0,"damage_taken":0.0},{"damage_healed":68.0,"max_hp_gain":0.0,"max_hp_loss":15.0,"gold_gain":0.0,"event_name":"The Moai Head","player_choice":"Heal","floor":42.0,"gold_loss":0.0,"damage_taken":0.0},{"damage_healed":0,"gold_gain":0,"player_choice":"Memory 1","damage_taken":0,"max_hp_gain":0,"max_hp_loss":0,"event_name":"SensoryStone","floor":45,"gold_loss":0}],"is_beta":false,"boss_relics":[{"not_picked":["Black Star","Runic Dome"],"picked":"Busted Crown"},{"not_picked":["Tiny House","Pandora\u0027s Box"],"picked":"Snecko Eye"}],"items_purged_floors":[4,20],"is_endless":false,"potions_floor_spawned":[11,14,16,21,28,29,33,37,41,47,48],"ascension_level":16}}