{"host":"skr63qsdfgeey3it","time":1611295727,"event":{"mods":["BaseMod","Colored Map","Hubris","Minty Spire (QoL Compilation)","Replay The Spire","Spicy Shops","StSLib"],"gold_per_floor":[115,290,290,72,82,82,82,82,82,82,82,82,82,82],"floor_reached":13,"language":"ENG","playtime":362,"items_purged":["Doubt","Strike_G","Defend_G","Strike_G"],"score":130,"play_id":"509908a3-a16c-4fa7-a265-984ce535acf0","local_time":"20210122000847","is_ascension_mode":true,"campfire_choices":[{"floor":7,"key":"REST"},{"floor":12,"key":"REST"}],"circlet_count":0,"master_deck":["AscendersBane","Strike_G","Strike_G","Strike_G","Defend_G","Defend_G","Defend_G","Defend_G","Survivor","Neutralize","Blur","Flying Knee"],"relics":["Ring of the Snake","hubris:CuriousFeather","Snake Skull","Membership Card","hubris:PeanutButter"],"acts_visited":["Exordium"],"potions_floor_usage":[6,6],"damage_taken":[{"damage":6,"enemies":"Cultist","floor":1,"turns":5},{"damage":2,"enemies":"Small Slimes","floor":5,"turns":5},{"damage":26,"enemies":"Lagavulin","floor":6,"turns":8},{"damage":35,"enemies":"Gremlin Nob","floor":13,"turns":5}],"seed_played":"2536541126795476360","potions_obtained":[{"floor":1,"key":"EssenceOfSteel"},{"floor":5,"key":"SmokeBomb"}],"is_trial":false,"path_per_floor":["M","?","?","$","M","E","R","$","T","PTL","PTL","R","E"],"character_chosen":"THE_SILENT","items_purchased":["Membership Card"],"campfire_rested":2,"item_purchase_floors":[4],"current_hp_per_floor":[39,39,36,36,34,8,29,8,8,8,8,29,0,0],"gold":82,"neow_bonus":"ONE_RARE_RELIC","is_daily":false,"chose_seed":false,"campfire_upgraded":0,"win_rate":0.0,"timestamp":1611295727,"path_taken":["M","?","?","$","M","E","R","?","T","PTL","PTL","R","E"],"items_purchased_type":["Relic"],"build_version":"2020-12-22","purchased_purges":4,"victory":false,"max_hp_per_floor":[70,70,70,70,70,70,70,70,70,70,70,70,70,70],"card_choices":[{"not_picked":["ReplayTheSpireMod:Exploit Weakness","Acrobatics"],"picked":"Blur","floor":1},{"not_picked":["Eviscerate","ReplayTheSpireMod:Shiv Toss"],"picked":"Flying Knee","floor":5}],"player_experience":799749,"relics_obtained":[{"floor":9,"key":"hubris:PeanutButter"}],"event_choices":[{"damage_healed":0,"gold_gain":175,"player_choice":"AGREE","damage_taken":0,"max_hp_gain":0,"max_hp_loss":0,"event_name":"Liars Game","floor":2,"gold_loss":0,"cards_obtained":["Doubt"]},{"damage_healed":0,"gold_gain":0,"player_choice":"Success","damage_taken":3,"relics_obtained":["Snake Skull"],"max_hp_gain":0,"max_hp_loss":0,"event_name":"Scrap Ooze","floor":3,"gold_loss":0}],"is_beta":false,"boss_relics":[],"items_purged_floors":[4,8,8,8],"is_endless":false,"potions_floor_spawned":[1,5],"killed_by":"Gremlin Nob","ascension_level":13}}