{"host":"3zmssa4s99zhxek5","time":1611291946,"event":{"mods":["AchievementEnabler","BaseMod","Minty Spire (QoL Compilation)","Permanent Neow","Relic Stats"],"gold_per_floor":[114,131,144,160,178,188,214,214,288,288,319,333,333,347,347,347,347],"floor_reached":16,"language":"KOR","playtime":1012,"items_purged":[],"score":232,"play_id":"06255ea7-1d34-4bde-bbc4-09954ea491ef","local_time":"20210122140546","is_ascension_mode":true,"campfire_choices":[{"data":"Defragment","floor":15,"key":"SMITH"}],"circlet_count":0,"master_deck":["AscendersBane","Strike_B","Strike_B","Defend_B","Defend_B","Defend_B","Defend_B","Zap","Dualcast","Ball Lightning","Self Repair","Ball Lightning","Defragment+1","Cold Snap","Seek","Leap","Electrodynamics","Coolheaded","Conserve Battery"],"relics":["Cracked Core","Eternal Feather","Golden Idol","Mercury Hourglass","Tiny Chest"],"acts_visited":[],"potions_floor_usage":[7,11],"damage_taken":[{"damage":2,"enemies":"2 Louse","floor":1,"turns":3},{"damage":0,"enemies":"Jaw Worm","floor":2,"turns":4},{"damage":10,"enemies":"Small Slimes","floor":3,"turns":3},{"damage":26,"enemies":"Exordium Thugs","floor":4,"turns":5},{"damage":18,"enemies":"Large Slime","floor":5,"turns":6},{"damage":8,"enemies":"Blue Slaver","floor":6,"turns":4},{"damage":5,"enemies":"Lagavulin","floor":7,"turns":6},{"damage":5,"enemies":"Gremlin Nob","floor":11,"turns":3},{"damage":15,"enemies":"Exordium Thugs","floor":12,"turns":3},{"damage":0,"enemies":"3 Louse","floor":14,"turns":1},{"damage":19,"enemies":"Hexaghost","floor":16,"turns":9}],"seed_played":"692973419377991037","potions_obtained":[{"floor":3,"key":"PotionOfCapacity"},{"floor":5,"key":"FocusPotion"},{"floor":7,"key":"GamblersBrew"}],"is_trial":false,"path_per_floor":["M","M","M","M","M","M","E","?","T","?","E","M","?","M","R","B"],"character_chosen":"DEFECT","items_purchased":[],"campfire_rested":0,"item_purchase_floors":[],"current_hp_per_floor":[62,62,59,40,29,28,30,30,30,30,25,10,10,10,19,0,0],"gold":347,"neow_bonus":"REMOVE_TWO","is_daily":false,"chose_seed":false,"campfire_upgraded":1,"win_rate":0.0,"timestamp":1611291946,"path_taken":["M","M","M","M","M","M","E","?","T","?","E","M","?","M","R","BOSS"],"items_purchased_type":[],"build_version":"2020-12-22","purchased_purges":0,"victory":false,"max_hp_per_floor":[64,64,64,64,64,64,64,58,58,58,58,58,58,58,58,58,58],"relic_stats":{"counters":[11,47],"Golden Idol":12,"Eternal Feather":9,"Tiny Chest":0,"obtain_stats":[{"Golden Idol":8,"Eternal Feather":7,"Tiny Chest":11,"Cracked Core":0,"Mercury Hourglass":9},{"Golden Idol":7,"Eternal Feather":7,"Tiny Chest":8,"Cracked Core":0,"Mercury Hourglass":7},{"Golden Idol":31,"Eternal Feather":31,"Tiny Chest":34,"Cracked Core":0,"Mercury Hourglass":31}],"Mercury Hourglass":[60]},"card_choices":[{"not_picked":["Redo","Force Field"],"picked":"Ball Lightning","floor":1},{"not_picked":["FTL","Hologram"],"picked":"Self Repair","floor":2},{"not_picked":["Barrage","Turbo"],"picked":"Ball Lightning","floor":3},{"not_picked":["Stack","Aggregate"],"picked":"Defragment","floor":4},{"not_picked":["Ball Lightning","Steam"],"picked":"Cold Snap","floor":5},{"not_picked":["Redo","Gash"],"picked":"Seek","floor":6},{"not_picked":["Beam Cell","Rebound"],"picked":"Leap","floor":7},{"not_picked":["Gash","Buffer"],"picked":"Electrodynamics","floor":11},{"not_picked":["Lockon","Ball Lightning"],"picked":"Coolheaded","floor":12},{"not_picked":["Stack","Beam Cell"],"picked":"Conserve Battery","floor":14}],"player_experience":1562364,"relics_obtained":[{"floor":7,"key":"Eternal Feather"},{"floor":9,"key":"Mercury Hourglass"},{"floor":11,"key":"Tiny Chest"}],"event_choices":[{"damage_healed":0,"gold_gain":0,"player_choice":"Lose Max HP","damage_taken":0,"relics_obtained":["Golden Idol"],"max_hp_gain":0,"max_hp_loss":6,"event_name":"Golden Idol","floor":8,"gold_loss":0},{"damage_healed":0,"gold_gain":0,"player_choice":"Ignored","damage_taken":0,"max_hp_gain":0,"max_hp_loss":0,"event_name":"Liars Game","floor":10,"gold_loss":0},{"damage_healed":0,"gold_gain":0,"player_choice":"Ignored","damage_taken":0,"max_hp_gain":0,"max_hp_loss":0,"event_name":"Shining Light","floor":13,"gold_loss":0}],"is_beta":false,"boss_relics":[],"items_purged_floors":[],"is_endless":false,"potions_floor_spawned":[3,5,6,7],"killed_by":"Hexaghost","ascension_level":20}}