{"host":"1a3cjta80tad0aqj","time":1611310117,"event":{"mods":["2.2 Compatiblity","AchievementEnabler","BaseMod","Colored Map","DeckTracker","KOR Keyword Fix","Keyboard Shortcuts","Minty Spire (QoL Compilation)","Permanent Neow","Quick Restart","Random Character Button","StSLib","SuperFastMode","everything is the same but u backflip on backflip"],"gold_per_floor":[114,129,144,19,34,34,64,64,64,79,94,109,126,141,141,241,241,256,181,196,8,107,137,137,152,152,152,167,182,197,212,212,212,212],"floor_reached":33,"language":"KOR","playtime":2370,"items_purged":["Strike_G"],"score":275,"play_id":"2672118d-ffd4-4bef-8313-0a6e5434653c","local_time":"20210122190837","daily_mods":["Heirloom","Uncertain Future","Night Terrors"],"is_ascension_mode":false,"campfire_choices":[{"data":"Predator","floor":6.0,"key":"SMITH"},{"data":"Flechettes","floor":8.0,"key":"SMITH"},{"floor":15.0,"key":"REST"},{"floor":24.0,"key":"REST"},{"data":"Leg Sweep","floor":32,"key":"SMITH"}],"circlet_count":0,"master_deck":["Strike_G","Strike_G","Strike_G","Defend_G","Defend_G","Survivor","Neutralize","Deadly Poison","Noxious Fumes","Catalyst","Predator+1","Flechettes+1","Quick Slash","PiercingWail","Dagger Spray","Dodge and Roll","Burst","Night Terror","Heel Hook+1","Sucker Punch+1","Calculated Gamble+1","Well Laid Plans+1","Acrobatics+1","Flying Knee+1","After Image+1","All Out Attack+1","Outmaneuver+1","Leg Sweep+1"],"relics":["Ring of the Snake","Pocketwatch","StrikeDummy","Frozen Egg 2","Odd Mushroom","Astrolabe","Membership Card","The Courier","Meat on the Bone","Ornamental Fan"],"acts_visited":["Exordium","TheCity"],"potions_floor_usage":[30,33],"damage_taken":[{"damage":2.0,"enemies":"Cultist","floor":1.0,"turns":4.0},{"damage":0.0,"enemies":"Small Slimes","floor":2.0,"turns":3.0},{"damage":0.0,"enemies":"Jaw Worm","floor":3.0,"turns":5.0},{"damage":10.0,"enemies":"3 Louse","floor":5.0,"turns":4.0},{"damage":11.0,"enemies":"3 Sentries","floor":7.0,"turns":8.0},{"damage":2.0,"enemies":"Blue Slaver","floor":10.0,"turns":2.0},{"damage":24.0,"enemies":"Exordium Thugs","floor":11.0,"turns":6.0},{"damage":0.0,"enemies":"3 Louse","floor":12.0,"turns":2.0},{"damage":13.0,"enemies":"The Mushroom Lair","floor":13.0,"turns":3.0},{"damage":0.0,"enemies":"Exordium Wildlife","floor":14.0,"turns":2.0},{"damage":50.0,"enemies":"The Guardian","floor":16.0,"turns":12.0},{"damage":18.0,"enemies":"2 Thieves","floor":18.0,"turns":4.0},{"damage":1.0,"enemies":"Chosen","floor":20.0,"turns":4.0},{"damage":25.0,"enemies":"Slavers","floor":23.0,"turns":7.0},{"damage":15.0,"enemies":"Snecko","floor":25.0,"turns":6.0},{"damage":30.0,"enemies":"Shelled Parasite and Fungi","floor":28.0,"turns":8.0},{"damage":6,"enemies":"Centurion and Healer","floor":29,"turns":9},{"damage":15,"enemies":"3 Cultists","floor":30,"turns":6},{"damage":10,"enemies":"Snecko","floor":31,"turns":5},{"damage":39,"enemies":"Champ","floor":33,"turns":13}],"seed_played":"8945501730091475425","potions_obtained":[{"floor":1.0,"key":"Regen Potion"},{"floor":11.0,"key":"Weak Potion"},{"floor":12.0,"key":"Regen Potion"},{"floor":23.0,"key":"Block Potion"}],"is_trial":false,"path_per_floor":["M","M","M","$","M","R","E","R","T","M","M","M","?","M","R","B",null,"M","?","M","$","?","E","R","M","T","T","M","M","M","M","R","B"],"character_chosen":"THE_SILENT","items_purchased":["Fire Potion","Membership Card","DuplicationPotion"],"campfire_rested":2,"item_purchase_floors":[4,21,21],"current_hp_per_floor":[68,68,68,68,58,58,62,62,62,60,36,36,23,23,65,15,65,47,47,46,46,46,21,60,45,45,45,27,33,30,32,32,8,8],"gold":212,"neow_bonus":"","is_daily":true,"chose_seed":false,"campfire_upgraded":3,"win_rate":0.0,"timestamp":1611310117,"path_taken":["M","M","M","$","M","R","E","R","T","?","?","M","?","M","R","BOSS","M","?","M","$","?","E","R","M","T","?","M","M","M","M","R","BOSS"],"items_purchased_type":["Potion","Relic","Potion"],"build_version":"2020-12-22","purchased_purges":1,"victory":false,"max_hp_per_floor":[70,70,70,70,70,70,70,70,70,70,70,70,70,70,65,65,65,65,65,65,65,65,65,60,60,60,60,60,60,60,60,60,60,60],"card_choices":[{"not_picked":["Terror","Quick Slash"],"picked":"Deadly Poison","floor":1.0},{"not_picked":["Expertise","Deflect"],"picked":"Noxious Fumes","floor":2.0},{"not_picked":["Expertise","Predator"],"picked":"Catalyst","floor":3.0},{"not_picked":["Poisoned Stab","Calculated Gamble"],"picked":"Predator","floor":5.0},{"not_picked":["Flying Knee","Backstab"],"picked":"Flechettes","floor":7.0},{"not_picked":["Outmaneuver","Flying Knee"],"picked":"Quick Slash","floor":10.0},{"not_picked":["Bane","Cloak And Dagger"],"picked":"PiercingWail","floor":11.0},{"not_picked":["Storm of Steel","Acrobatics"],"picked":"Dagger Spray","floor":12.0},{"not_picked":["Blur","Dagger Throw"],"picked":"Dodge and Roll","floor":13.0},{"not_picked":["Skewer","Predator"],"picked":"Burst","floor":14.0},{"not_picked":["A Thousand Cuts+1","Malaise"],"picked":"Night Terror","floor":16.0},{"not_picked":["Deflect","Bane"],"picked":"Well Laid Plans+1","floor":18.0},{"not_picked":["PiercingWail","Dagger Throw"],"picked":"Acrobatics+1","floor":20.0},{"not_picked":["Dodge and Roll+1","Well Laid Plans+1"],"picked":"Flying Knee+1","floor":23.0},{"not_picked":["Deadly Poison+1","Outmaneuver"],"picked":"After Image+1","floor":25.0},{"not_picked":["Reflex","Cloak And Dagger"],"picked":"All Out Attack+1","floor":28.0},{"not_picked":["Underhanded Strike","Dagger Throw","Bane"],"picked":"SKIP","floor":29},{"not_picked":["Underhanded Strike","Storm of Steel"],"picked":"Outmaneuver+1","floor":30},{"not_picked":["Deadly Poison","Acrobatics+1"],"picked":"Leg Sweep","floor":31}],"player_experience":871708,"relics_obtained":[{"floor":7.0,"key":"StrikeDummy"},{"floor":9.0,"key":"Frozen Egg 2"},{"floor":13.0,"key":"Odd Mushroom"},{"floor":23.0,"key":"The Courier"},{"floor":26.0,"key":"Meat on the Bone"},{"floor":27.0,"key":"Ornamental Fan"}],"event_choices":[{"damage_healed":0.0,"max_hp_gain":0.0,"max_hp_loss":0.0,"gold_gain":0.0,"event_name":"Mushrooms","player_choice":"Fought Mushrooms","floor":13.0,"gold_loss":0.0,"damage_taken":0.0},{"cards_removed":["Strike_G"],"damage_healed":0.0,"max_hp_gain":0.0,"max_hp_loss":0.0,"gold_gain":0.0,"event_name":"Beggar","player_choice":"Gave Gold","floor":19.0,"gold_loss":75.0,"damage_taken":0.0},{"damage_healed":0.0,"max_hp_gain":0.0,"max_hp_loss":0.0,"gold_gain":99.0,"event_name":"Nest","player_choice":"Stole From Cult","floor":22.0,"gold_loss":0.0,"damage_taken":0.0}],"is_beta":false,"boss_relics":[{"not_picked":["SlaversCollar","Empty Cage"],"picked":"Astrolabe"}],"items_purged_floors":[4],"is_endless":false,"potions_floor_spawned":[1,11,12,13,20,23,25],"killed_by":"Champ","ascension_level":0}}