{"host":"0mk07bycsqo1qk03","time":1611311398,"event":{"mods":["BaseMod","Downfall","Hermit","Hubris","Minty Spire (QoL Compilation)","StSLib","The Cursed"],"gold_per_floor":[99,112,112,24,37,37,37,37,64,81,93,113,145,70,88,88,88,88],"floor_reached":16,"language":"ENG","playtime":514,"items_purged":[],"score":127,"play_id":"a78fa4fd-23a7-467b-a2f5-89153127e9fd","local_time":"20210122112958","is_ascension_mode":true,"campfire_choices":[{"data":"Slimebound:Split","floor":1,"key":"SMITH"},{"data":"Slimebound:FlameTackle","floor":6,"key":"SMITH"},{"data":"Slimebound:FinishingTackle","floor":8,"key":"SMITH"}],"circlet_count":0,"master_deck":["Slimebound:Strike_Slimebound","Slimebound:Strike_Slimebound","Slimebound:Strike_Slimebound","Slimebound:Tackle","Slimebound:Defend_Slimebound","Slimebound:Defend_Slimebound","Slimebound:Defend_Slimebound","Slimebound:Defend_Slimebound","Slimebound:Split+1","Slimebound:CorrosiveSpit","Slimebound:FinishingTackle","Slimebound:FinishingTackle+1","Slimebound:RollThrough","Slimebound:FlameTackle+1","Slimebound:HauntingLick","Slimebound:SlimeSlap","Slimebound:ComboTackle","Slimebound:MegaLick","Slimebound:Grow","Slimebound:HauntingLick","Slimebound:HauntingLick"],"relics":["Slimebound:AbsorbEndCombat","Eternal Feather","MealTicket","Odd Mushroom","hubris:CrystalStatue","Slimebound:GreedOozeRelic"],"acts_visited":["Exordium"],"potions_floor_usage":[12],"damage_taken":[{"damage":2,"enemies":"Jaw Worm","floor":2,"turns":3},{"damage":9,"enemies":"downfall:FleeingMerchant","floor":4,"turns":4},{"damage":6,"enemies":"Cultist","floor":5,"turns":3},{"damage":18,"enemies":"Lagavulin","floor":9,"turns":5},{"damage":4,"enemies":"Small Slimes","floor":10,"turns":3},{"damage":16,"enemies":"3 Louse","floor":11,"turns":2},{"damage":11,"enemies":"The Mushroom Lair","floor":12,"turns":4},{"damage":14,"enemies":"Gremlin Nob","floor":13,"turns":3},{"damage":25,"enemies":"Exordium Wildlife","floor":15,"turns":4},{"damage":0,"enemies":"SI_SHIV_ARCHETYPE","floor":16,"turns":1}],"seed_played":"5696127400354498490","potions_obtained":[{"floor":9,"key":"ColorlessPotion"},{"floor":10,"key":"ColorlessPotion"},{"floor":12,"key":"BlessingOfTheForge"}],"is_trial":false,"path_per_floor":["R","M","?","$","M","R","T","R","E","M","M","?","E","?","M","B"],"character_chosen":"SLIMEBOUND","items_purchased":["Slimebound:FlameTackle"],"campfire_rested":0,"item_purchase_floors":[4],"current_hp_per_floor":[71,71,71,69,67,67,67,71,58,58,44,41,31,31,10,10,10,10],"gold":88,"neow_bonus":"TEN_PERCENT_HP_BONUS","is_daily":false,"chose_seed":false,"campfire_upgraded":3,"win_rate":0.0,"timestamp":1611311398,"path_taken":["R","M","?","?","?","R","T","R","E","M","M","?","E","?","M","BOSS"],"items_purchased_type":["Card"],"build_version":"2020-12-22","purchased_purges":0,"victory":false,"max_hp_per_floor":[71,71,71,71,71,71,71,71,71,71,71,71,71,71,71,71,71,71],"card_choices":[{"not_picked":["Slimebound:PressTheAttack","Slimebound:DisruptingSlam"],"picked":"Slimebound:FinishingTackle","floor":2},{"not_picked":["Slimebound:SamplingLick","Slimebound:SplitBruiser"],"picked":"Slimebound:RollThrough","floor":4},{"not_picked":["Slimebound:GoopSpray","Slimebound:RollThrough"],"picked":"Slimebound:HauntingLick","floor":5},{"not_picked":["Slimebound:ItLooksTasty","Slimebound:GoopSpray"],"picked":"Slimebound:SlimeSlap","floor":9},{"not_picked":["Slimebound:LeechEnergy","Slimebound:FinishingTackle"],"picked":"Slimebound:ComboTackle","floor":10},{"not_picked":["Slimebound:LeadByExample","Slimebound:LeechEnergy"],"picked":"Slimebound:MegaLick","floor":11},{"not_picked":["Slimebound:SplitBruiser","Slimebound:ViciousTackle"],"picked":"Slimebound:Grow","floor":12},{"not_picked":["Slimebound:DivideAndConquer","Slimebound:SplitMire"],"picked":"Slimebound:HauntingLick","floor":13},{"not_picked":["Slimebound:TongueLash","Slimebound:DisruptingSlam"],"picked":"Slimebound:HauntingLick","floor":15}],"player_experience":946858,"relics_obtained":[{"floor":7,"key":"Eternal Feather"},{"floor":9,"key":"MealTicket"},{"floor":12,"key":"Odd Mushroom"},{"floor":13,"key":"hubris:CrystalStatue"}],"event_choices":[{"damage_healed":0,"gold_gain":0,"player_choice":"Fought Mushrooms","damage_taken":0,"max_hp_gain":0,"max_hp_loss":0,"event_name":"Mushrooms","floor":12,"gold_loss":0}],"is_beta":false,"boss_relics":[],"items_purged_floors":[],"is_endless":false,"potions_floor_spawned":[9,10,12],"killed_by":"SI_SHIV_ARCHETYPE","ascension_level":3}}