{"host":"3y2rtlgteqp2nuo3","time":1611280917,"event":{"mods":["2.2 Compatiblity","AchievementEnabler","BaseMod","Colored Map","DeckTracker","Highlight Path","Keyboard Shortcuts","Minty Spire (QoL Compilation)","Permanent Neow","Quick Restart","StSLib","SuperFastMode","everything is the same but u backflip on backflip"],"gold_per_floor":[118,132,147,167,183,183,0,0,0,30,30,57,76,90,90,169,169,189,203,1,13,13,13,44,58,81,81,91,91,121,133,133,208,208,222,50,68,78,428,428,443,443,443,455,465,490,490,262,262,262],"floor_reached":51,"language":"KOR","playtime":1607,"items_purged":["Strike_G","Strike_G","Strike_G","Strike_G"],"score":1262,"play_id":"c083be5a-af46-4116-a17e-0977d9d01c3f","local_time":"20210122110157","is_ascension_mode":true,"campfire_choices":[{"data":"Deadly Poison","floor":6.0,"key":"SMITH"},{"data":"Bouncing Flask","floor":8.0,"key":"SMITH"},{"floor":11.0,"key":"REST"},{"data":"Blade Dance","floor":15.0,"key":"SMITH"},{"floor":23.0,"key":"REST"},{"floor":27.0,"key":"REST"},{"floor":29,"key":"REST"},{"floor":32,"key":"REST"},{"data":"Neutralize","floor":40,"key":"SMITH"},{"data":"Footwork","floor":42,"key":"SMITH"},{"data":"After Image","floor":47,"key":"SMITH"},{"floor":49,"key":"REST"}],"circlet_count":0,"master_deck":["AscendersBane","Defend_G","Defend_G","Defend_G","Defend_G","Defend_G","Survivor","Neutralize+1","Deadly Poison+1","Cloak And Dagger","Blade Dance+1","Bouncing Flask+1","Cloak And Dagger+1","After Image+1","Backflip+1","Adrenaline+1","Calculated Gamble+1","Deadly Poison+1","Well Laid Plans+1","Poisoned Stab+1","Prepared+1","Crippling Poison+1","Catalyst+1","Burst+1","Footwork+1","Acrobatics+1","Calculated Gamble+1","Night Terror+1"],"relics":["Ring of the Serpent","Membership Card","Toxic Egg 2","Gremlin Horn","Kunai","Orrery","Art of War","Mummified Hand","PreservedInsect","Regal Pillow","Letter Opener","Cursed Key","Lantern","Old Coin","Bird Faced Urn","Happy Flower"],"acts_visited":["Exordium","TheCity","TheBeyond"],"potions_floor_usage":[33,37,50],"damage_taken":[{"damage":7.0,"enemies":"Small Slimes","floor":1.0,"turns":7.0},{"damage":0.0,"enemies":"Cultist","floor":2.0,"turns":3.0},{"damage":2.0,"enemies":"2 Louse","floor":3.0,"turns":3.0},{"damage":2.0,"enemies":"Exordium Wildlife","floor":4.0,"turns":4.0},{"damage":13.0,"enemies":"Exordium Thugs","floor":5.0,"turns":8.0},{"damage":26.0,"enemies":"Gremlin Nob","floor":10.0,"turns":4.0},{"damage":1.0,"enemies":"Lagavulin","floor":12.0,"turns":5.0},{"damage":8.0,"enemies":"Large Slime","floor":13.0,"turns":6.0},{"damage":2.0,"enemies":"Lots of Slimes","floor":14.0,"turns":4.0},{"damage":8.0,"enemies":"The Guardian","floor":16.0,"turns":8.0},{"damage":2.0,"enemies":"Chosen","floor":18.0,"turns":4.0},{"damage":12.0,"enemies":"2 Thieves","floor":19.0,"turns":5.0},{"damage":17.0,"enemies":"3 Cultists","floor":21.0,"turns":6.0},{"damage":18.0,"enemies":"Book of Stabbing","floor":24.0,"turns":5.0},{"damage":13.0,"enemies":"Cultist and Chosen","floor":25.0,"turns":7.0},{"damage":21,"enemies":"Shelled Parasite and Fungi","floor":28,"turns":5},{"damage":26,"enemies":"Slavers","floor":30,"turns":6},{"damage":0,"enemies":"Centurion and Healer","floor":31,"turns":6},{"damage":27,"enemies":"Collector","floor":33,"turns":3},{"damage":0,"enemies":"Orb Walker","floor":35,"turns":2},{"damage":0,"enemies":"3 Shapes","floor":37,"turns":3},{"damage":0,"enemies":"Transient","floor":38,"turns":5},{"damage":3,"enemies":"2 Orb Walkers","floor":39,"turns":5},{"damage":0,"enemies":"3 Darklings","floor":41,"turns":3},{"damage":0,"enemies":"4 Shapes","floor":44,"turns":3},{"damage":2,"enemies":"Spire Growth","floor":45,"turns":3},{"damage":0,"enemies":"Mind Bloom Boss Battle","floor":46,"turns":4},{"damage":27,"enemies":"Time Eater","floor":50,"turns":4}],"seed_played":"3210529930190390496","potions_obtained":[{"floor":3.0,"key":"SpeedPotion"},{"floor":10.0,"key":"Dexterity Potion"},{"floor":12.0,"key":"FearPotion"},{"floor":14.0,"key":"DuplicationPotion"},{"floor":28,"key":"SkillPotion"},{"floor":35,"key":"Block Potion"},{"floor":38,"key":"Poison Potion"}],"is_trial":false,"path_per_floor":["M","M","M","M","M","R","$","R","T","E","R","E","M","M","R","B",null,"M","M","$","M","?","R","E","M","T","R","M","R","E","M","R","B",null,"M","$","M","M","?","R","M","R","T","M","M","?","R","$","R","B",null],"character_chosen":"THE_SILENT","items_purchased":["Membership Card","Orrery","Art of War","Lantern","Footwork","Night Terror+1","Happy Flower"],"campfire_rested":6,"item_purchase_floors":[7,20,20,36,36,48,48],"current_hp_per_floor":[52,52,50,48,35,35,35,35,35,9,28,27,19,17,17,9,52,50,38,38,21,21,40,22,9,9,43,22,56,30,30,64,37,59,59,59,59,59,56,56,56,56,56,56,54,54,54,54,66,41],"gold":262,"neow_bonus":"REMOVE_CARD","is_daily":false,"chose_seed":false,"campfire_upgraded":6,"win_rate":0.0,"timestamp":1611280917,"path_taken":["M","M","M","M","M","R","$","R","T","E","R","E","M","M","R","BOSS","M","M","$","M","?","R","E","M","T","R","?","R","E","M","R","BOSS","M","$","M","M","?","R","M","R","T","M","M","?","R","$","R","BOSS"],"items_purchased_type":["Relic","Relic","Relic","Relic","Card","Card","Relic"],"build_version":"2020-12-22","purchased_purges":4,"victory":true,"max_hp_per_floor":[66,66,66,66,66,66,66,66,66,66,66,66,66,66,66,66,66,66,66,66,66,66,66,66,66,66,66,66,66,66,66,66,66,66,66,66,66,66,66,66,66,66,66,66,66,66,66,66,66,66],"card_choices":[{"not_picked":["Eviscerate","Blur"],"picked":"Deadly Poison","floor":1.0},{"not_picked":["Cloak And Dagger","Expertise","Heel Hook"],"picked":"SKIP","floor":2.0},{"not_picked":["Expertise","Heel Hook"],"picked":"Cloak And Dagger","floor":2.0},{"not_picked":["Dodge and Roll","Flying Knee"],"picked":"Blade Dance","floor":3.0},{"not_picked":["Quick Slash","Flying Knee"],"picked":"Bouncing Flask","floor":4.0},{"not_picked":["Dash","Outmaneuver","Dagger Spray"],"picked":"SKIP","floor":5.0},{"not_picked":["Endless Agony","Backstab","Caltrops"],"picked":"SKIP","floor":10.0},{"not_picked":["Dagger Spray","Well Laid Plans"],"picked":"Cloak And Dagger+1","floor":12.0},{"not_picked":["Deflect+1","Sucker Punch"],"picked":"After Image","floor":13.0},{"not_picked":["Skewer","Masterful Stab"],"picked":"Backflip+1","floor":14.0},{"not_picked":["Phantasmal Killer+1","After Image"],"picked":"Adrenaline+1","floor":16.0},{"not_picked":["Underhanded Strike","Masterful Stab"],"picked":"Calculated Gamble+1","floor":18.0},{"not_picked":["Bane+1","Accuracy"],"picked":"Deadly Poison+1","floor":19.0},{"not_picked":["Concentrate+1","Dagger Throw"],"picked":"Well Laid Plans+1","floor":20.0},{"not_picked":["Setup+1","Unload"],"picked":"Poisoned Stab+1","floor":20.0},{"not_picked":["Dagger Spray","Well Laid Plans","Backflip+1"],"picked":"SKIP","floor":21.0},{"not_picked":["Concentrate+1","Slice+1","Dagger Spray"],"picked":"SKIP","floor":24.0},{"not_picked":["Setup+1","Tools of the Trade"],"picked":"Prepared+1","floor":25.0},{"not_picked":["Setup+1","Deadly Poison+1","Heel Hook+1"],"picked":"SKIP","floor":28},{"not_picked":["Backflip+1","Dagger Throw"],"picked":"Crippling Poison+1","floor":30},{"not_picked":["Dagger Spray","Slice"],"picked":"Catalyst+1","floor":31},{"not_picked":["Envenom","Storm of Steel+1"],"picked":"Burst+1","floor":33},{"not_picked":["Sucker Punch","Outmaneuver+1","Accuracy+1"],"picked":"SKIP","floor":35},{"not_picked":["Underhanded Strike+1","Slice+1","Setup+1"],"picked":"SKIP","floor":37},{"not_picked":["Predator","Caltrops"],"picked":"Acrobatics+1","floor":38},{"not_picked":["Predator","Deadly Poison+1"],"picked":"Calculated Gamble+1","floor":39},{"not_picked":["Bouncing Flask+1","Deflect+1","Heel Hook"],"picked":"SKIP","floor":41},{"not_picked":["Noxious Fumes","Sucker Punch","Deadly Poison+1"],"picked":"SKIP","floor":44},{"not_picked":["Infinite Blades+1","Outmaneuver+1","PiercingWail+1"],"picked":"SKIP","floor":45}],"player_experience":707618,"relics_obtained":[{"floor":9.0,"key":"Toxic Egg 2"},{"floor":10.0,"key":"Gremlin Horn"},{"floor":12.0,"key":"Kunai"},{"floor":24.0,"key":"PreservedInsect"},{"floor":26.0,"key":"Regal Pillow"},{"floor":30,"key":"Letter Opener"},{"floor":39,"key":"Old Coin"},{"floor":46,"key":"Bird Faced Urn"}],"event_choices":[{"damage_healed":0.0,"max_hp_gain":0.0,"max_hp_loss":0.0,"gold_gain":0.0,"event_name":"WeMeetAgain","player_choice":"Gave Potion","floor":22.0,"gold_loss":0.0,"damage_taken":0.0,"relics_obtained":["Mummified Hand"]},{"damage_healed":0,"gold_gain":0,"player_choice":"Fight","damage_taken":0,"max_hp_gain":0,"max_hp_loss":0,"event_name":"Mysterious Sphere","floor":39,"gold_loss":0},{"damage_healed":0,"gold_gain":0,"player_choice":"Fight","damage_taken":0,"max_hp_gain":0,"max_hp_loss":0,"event_name":"MindBloom","floor":46,"gold_loss":0}],"is_beta":false,"boss_relics":[{"not_picked":["Black Star","Busted Crown"],"picked":"Ring of the Serpent"},{"not_picked":["Runic Dome","SlaversCollar"],"picked":"Cursed Key"}],"items_purged_floors":[7,20,36,48],"is_endless":false,"potions_floor_spawned":[3,10,12,14,18,21,28,30,35,38,44],"ascension_level":15}}