{"host":"xh4jtn7krw5slv5y","time":1611276146,"event":{"mods":["BaseMod","Bestiary","Block Reminder","Colored Map","Downfall","Minty Spire (QoL Compilation)","Quick Restart","Relic Sorter","StSLib"],"gold_per_floor":[99,109,109,109,135,176,176,176,195,195,239,239,39,65,81,81,81,81],"floor_reached":16,"language":"ENG","playtime":952,"items_purged":[],"score":116,"play_id":"d6e3015b-9c16-40ce-bc2e-955c8fd1e2ed","local_time":"20210121204226","is_ascension_mode":true,"campfire_choices":[{"data":"bronze:Replicate","floor":1,"key":"SMITH"},{"data":"bronze:GetLatest","floor":8,"key":"SMITH"},{"floor":10,"key":"REST"},{"floor":13,"key":"REST"}],"circlet_count":0,"master_deck":["bronze:Strike","bronze:Strike","bronze:Strike","bronze:Strike","bronze:Defend","bronze:Defend","bronze:Defend","bronze:Defend","bronze:Replicate+1","bronze:Goto","Regret","Violence","bronze:BugBarrage","bronze:Constructor","bronze:GetLatest+1","bronze:ShipIt","bronze:BitShift","bronze:Separator"],"relics":["bronze:BronzeCore","CeramicFish","Juzu Bracelet","Blood Vial","downfall:BrokenWingStatue","downfall:HeartBlessingGreen","downfall:HeartBlessingBlue"],"acts_visited":["Exordium"],"potions_floor_usage":[6,16,16],"damage_taken":[{"damage":8,"enemies":"Jaw Worm","floor":2,"turns":3},{"damage":6,"enemies":"Small Slimes","floor":5,"turns":4},{"damage":31,"enemies":"3 Sentries","floor":6,"turns":8},{"damage":7,"enemies":"2 Louse","floor":9,"turns":2},{"damage":42,"enemies":"Lagavulin","floor":11,"turns":7},{"damage":10,"enemies":"Exordium Wildlife","floor":14,"turns":3},{"damage":0,"enemies":"Blue Slaver","floor":15,"turns":2},{"damage":43,"enemies":"WA_ARCHETYPE_RETAIN","floor":16,"turns":9}],"seed_played":"-6587638406231358504","potions_obtained":[{"floor":5,"key":"EssenceOfSteel"},{"floor":6,"key":"Block Potion"},{"floor":14,"key":"SkillPotion"}],"is_trial":false,"path_per_floor":["R","M","?","?","M","E","T","R","M","R","E","?","R","M","M","B"],"character_chosen":"THE_AUTOMATON","items_purchased":[],"campfire_rested":2,"item_purchase_floors":[],"current_hp_per_floor":[70,62,55,70,64,33,33,33,26,47,5,5,39,31,33,0,0,0],"gold":81,"neow_bonus":"RANDOM_COLORLESS_2","is_daily":false,"chose_seed":false,"campfire_upgraded":2,"win_rate":0.0,"timestamp":1611276146,"path_taken":["R","M","?","?","M","E","T","R","M","R","E","?","R","M","M","BOSS"],"items_purchased_type":[],"build_version":"2020-12-22","purchased_purges":0,"victory":false,"max_hp_per_floor":[70,70,70,70,70,70,70,70,70,70,70,70,80,80,80,80,80,80],"card_choices":[{"not_picked":["The Bomb","Chrysalis"],"picked":"Violence","floor":0},{"not_picked":["bronze:FollowUp","bronze:Iterate"],"picked":"bronze:BugBarrage","floor":2},{"not_picked":["bronze:DelayedGuard","bronze:Turbo"],"picked":"bronze:Constructor","floor":5},{"not_picked":["bronze:DelayedGuard","bronze:CutThrough"],"picked":"bronze:GetLatest","floor":6},{"not_picked":["bronze:Allocate","bronze:FineTuning"],"picked":"bronze:ShipIt","floor":9},{"not_picked":["bronze:Iterate","bronze:Flail"],"picked":"bronze:BitShift","floor":11},{"not_picked":["bronze:Fortify","bronze:BronzeArmor"],"picked":"bronze:Separator","floor":14},{"not_picked":["bronze:Invalidate","bronze:ForLoop","bronze:Frontload"],"picked":"SKIP","floor":15}],"player_experience":326000,"relics_obtained":[{"floor":6,"key":"Juzu Bracelet"},{"floor":11,"key":"Blood Vial"}],"event_choices":[{"damage_healed":0,"gold_gain":0,"player_choice":"Success","damage_taken":7,"relics_obtained":["CeramicFish"],"max_hp_gain":0,"max_hp_loss":0,"event_name":"Scrap Ooze","floor":3,"gold_loss":0},{"damage_healed":23,"gold_gain":0,"player_choice":"Banana","damage_taken":0,"max_hp_gain":0,"max_hp_loss":0,"event_name":"Big Fish","floor":4,"gold_loss":0}],"is_beta":false,"boss_relics":[],"items_purged_floors":[],"is_endless":false,"potions_floor_spawned":[5,6,14],"killed_by":"WA_ARCHETYPE_RETAIN","ascension_level":1}}