{"host":"m3rs92yjkwi06hli","time":1611325282,"event":{"mods":["Act Like it!","Aspiration","BaseMod","Colored Map","Conspire","Defuse TimeMaze Blight","Downfall","Energized Spire","Hubris","Infinite Spire","Minty Spire (QoL Compilation)","Relic Stats","Spicy Shops","StSLib"],"gold_per_floor":[99,118,148,148,148,148,148,229,229,329,342,354,354,370,388,491,491,391,406,420,436,536,536,589,589,617,717,760,760,760,760],"floor_reached":29,"language":"ENG","playtime":988,"items_purged":[],"score":293,"play_id":"3b26f468-5e37-4184-b344-2454d858c394","local_time":"20210122082122","is_ascension_mode":true,"campfire_choices":[{"data":"bronze:Replicate","floor":1,"key":"SMITH"},{"data":"bronze:Branch","floor":6,"key":"SMITH"},{"floor":13,"key":"RECALL"},{"data":"bronze:GetLatest","floor":18,"key":"SMITH"},{"floor":23,"key":"REST"},{"data":"bronze:Virus","floor":25,"key":"SMITH"}],"circlet_count":0,"master_deck":["conspire:GhostlyStrike","conspire:GhostlyStrike","conspire:GhostlyStrike","conspire:GhostlyStrike","conspire:GhostlyDefend","conspire:GhostlyDefend","conspire:GhostlyDefend","conspire:GhostlyDefend","bronze:Replicate+1","bronze:Goto","bronze:Branch+1","bronze:WhirlingStrike","bronze:Separator","bronze:Frontload","bronze:GetLatest+1","bronze:Backtrace","bronze:Format","bronze:OilSpill","bronze:Virus+1","bronze:Flail","bronze:DonuBeam","bronze:DecaBeam","bronze:BronzeOrb+1","bronze:GetLatest"],"relics":["bronze:BronzeCore","conspire:TopHat","infinitespire:Bottled Soul","hubris:Towel","Kunai","Mercury Hourglass","aspiration:PoetsPen","downfall:HeartBlessingRed","Juzu Bracelet","Calipers","Sundial"],"acts_visited":["Exordium","TheCity"],"potions_floor_usage":[28],"damage_taken":[{"damage":0,"enemies":"conspire:RoseBush","floor":2,"turns":3},{"damage":0,"enemies":"Small Slimes","floor":11,"turns":2},{"damage":2,"enemies":"2 Louse","floor":12,"turns":2},{"damage":7,"enemies":"2 Fungi Beasts","floor":14,"turns":2},{"damage":4,"enemies":"Exordium Thugs","floor":15,"turns":3},{"damage":29,"enemies":"SI_SHIV_ARCHETYPE","floor":16,"turns":11},{"damage":0,"enemies":"conspire:FuzzyDice","floor":19,"turns":3},{"damage":0,"enemies":"Chosen","floor":20,"turns":3},{"damage":3,"enemies":"Sentry and Sphere","floor":21,"turns":3},{"damage":33,"enemies":"Sentry and Sphere","floor":22,"turns":6},{"damage":20,"enemies":"conspire:SneckoGhost","floor":26,"turns":4},{"damage":30,"enemies":"conspire:MimicChest","floor":28,"turns":7},{"damage":6,"enemies":"Shelled Parasite and Fungi","floor":29,"turns":1}],"seed_played":"8900437231893540196","potions_obtained":[{"floor":15,"key":"sneckomod:MuddlingPotion"},{"floor":22,"key":"SpeedPotion"},{"floor":26,"key":"SkillPotion"},{"floor":28,"key":"Dexterity Potion"}],"is_trial":false,"path_per_floor":["R","M","?","?","?","R","T","T","?","?","M","M","R","M","M","B",null,"R","M","M","M","?","R","T","R","E","?","?","M"],"character_chosen":"THE_AUTOMATON","items_purchased":[],"campfire_rested":1,"item_purchase_floors":[],"current_hp_per_floor":[70,70,70,70,70,70,70,70,70,70,70,68,68,61,57,28,70,70,70,70,67,34,55,55,55,35,35,5,0,0,0],"gold":760,"neow_bonus":"RANDOM_COMMON_RELIC","is_daily":false,"chose_seed":false,"campfire_upgraded":4,"win_rate":0.0,"timestamp":1611325282,"path_taken":["R","M","?","?","?","R","T","?","?","?","M","M","R","?","M","BOSS","R","M","?","M","?","R","T","R","E","?","?","M"],"items_purchased_type":[],"build_version":"2020-12-22","purchased_purges":0,"victory":false,"max_hp_per_floor":[70,70,70,70,70,70,70,70,70,70,70,70,70,70,70,70,70,70,70,70,70,70,70,70,70,70,70,70,70,70,70],"relic_stats":{"counters":[13,49],"Sundial":[0],"Juzu Bracelet":1,"Kunai":[42],"obtain_stats":[{"bronze:BronzeCore":0,"aspiration:PoetsPen":17,"Calipers":26,"downfall:HeartBlessingRed":18,"infinitespire:Bottled Soul":3,"Sundial":28,"Juzu Bracelet":24,"Kunai":7,"hubris:Towel":4,"conspire:TopHat":0,"Mercury Hourglass":8},{"bronze:BronzeCore":0,"aspiration:PoetsPen":6,"Calipers":11,"downfall:HeartBlessingRed":6,"infinitespire:Bottled Soul":1,"Sundial":12,"Juzu Bracelet":10,"Kunai":1,"hubris:Towel":1,"conspire:TopHat":0,"Mercury Hourglass":1},{"bronze:BronzeCore":0,"aspiration:PoetsPen":23,"Calipers":42,"downfall:HeartBlessingRed":23,"infinitespire:Bottled Soul":3,"Sundial":48,"Juzu Bracelet":38,"Kunai":3,"hubris:Towel":3,"conspire:TopHat":0,"Mercury Hourglass":3}],"Mercury Hourglass":[114]},"card_choices":[{"not_picked":["bronze:BugBarrage","bronze:Safeguard"],"picked":"bronze:Branch","floor":2},{"not_picked":["bronze:Optimize","bronze:Overheat"],"picked":"bronze:Separator","floor":11},{"not_picked":["bronze:Constructor","bronze:Invalidate"],"picked":"bronze:Frontload","floor":12},{"not_picked":["bronze:Turbo","bronze:Constructor"],"picked":"bronze:GetLatest","floor":14},{"not_picked":["bronze:Shield","bronze:Return"],"picked":"bronze:Backtrace","floor":15},{"not_picked":["bronze:SpaghettiCode","bronze:BurnOut"],"picked":"bronze:Format","floor":16},{"not_picked":["bronze:Shell","bronze:DelayedGuard"],"picked":"bronze:OilSpill","floor":19},{"not_picked":["bronze:CutThrough","bronze:Flail"],"picked":"bronze:Virus","floor":20},{"not_picked":["bronze:Frontload","bronze:CutThrough"],"picked":"bronze:Flail","floor":21},{"not_picked":[],"picked":"bronze:DonuBeam","floor":22},{"not_picked":[],"picked":"bronze:DecaBeam","floor":22},{"not_picked":["bronze:Terminator","bronze:Boost"],"picked":"bronze:BronzeOrb+1","floor":26},{"not_picked":["bronze:InfiniteBeams","bronze:Branch"],"picked":"bronze:GetLatest","floor":28}],"player_experience":907674,"relics_obtained":[{"floor":7,"key":"Kunai"},{"floor":8,"key":"Mercury Hourglass"},{"floor":24,"key":"Juzu Bracelet"},{"floor":26,"key":"Calipers"},{"floor":28,"key":"Sundial"}],"event_choices":[{"damage_healed":0,"gold_gain":0,"player_choice":"Agree","damage_taken":0,"max_hp_gain":0,"max_hp_loss":0,"event_name":"conspire:LoneGhost","floor":5,"gold_loss":0}],"is_beta":false,"boss_relics":[{"not_picked":["Tiny House","energizedSpire:SpiderWeb"],"picked":"aspiration:PoetsPen"}],"items_purged_floors":[],"is_endless":false,"potions_floor_spawned":[15,22,26,28],"killed_by":"Shelled Parasite and Fungi","ascension_level":1}}