{"host":"u7y9frlpoazak2mn","time":1611282747,"event":{"mods":["AchievementEnabler","Act Like it!","Alarm Clock","Aspiration","Astrologer","BaseMod","Beaked The Cultist","Better Altar","Better Match","Better Note","Better Sensory Stone","Better Skull","Better Third Choice","CCEM","Chen","Colored Map","Colored Powertips","Conspire","Curses Come First","Displayed Cursed Tome","Energized Spire","Fox Events","Friendly Minions","Gensokyo","GifTheSpireLib","Glutton Mod","Halation","Hallownest","Hermit","Hubris","Infinite Spire","Jedi Mod","KinomotoSakuraMod(????)","Koishi","Marisa????????","Mimic Mod","Minty Spire (QoL Compilation)","Pale of the Ancients","Prisma Mod","Quarter Circle Forward PUNCH!","Quick Restart","Random Character Button","Rare Cards Sparkle","Relic Stats","Remilia??????","Replay The Spire","Retaliation","Spicy Shops","Spikes Relics","StS++","StSLib","Stuff the Spire","TestMod","The Administrix","The Blue Laboratory","The Bug Knight","The Construct","The Cursed","The Factory","The Forsaken","The Juggle","The Jungle","The Marked","The Servant 0.9.4","Trackpad","Waifu the Spire","Wandering Minibosses","Wide Potions","Yuri Mod","vexMod"],"gold_per_floor":[117,117,117,137,137,137,169,169,215,215,215],"floor_reached":10,"language":"ENG","playtime":357,"items_purged":[],"score":74,"play_id":"3ea878de-fcd5-4ef8-916c-fe0fe7bd0c75","local_time":"20210121213227","is_ascension_mode":true,"campfire_choices":[{"data":"Double Tap","floor":6,"key":"SMITH"},{"floor":8,"key":"REST"}],"circlet_count":0,"master_deck":["Strike_R","Strike_R","Strike_R","Strike_R","Strike_R","Defend_R","Defend_R","Defend_R","Defend_R","Bash","Double Tap+1","Invigoration","Invigoration"],"relics":["Burning Blood","testmod-TestBox","Molten Egg 2","King of Hearts","infinitespire:Beetle Shell"],"acts_visited":["Exordium"],"potions_floor_usage":[10],"damage_taken":[{"damage":19,"enemies":"Small Slimes","floor":1,"turns":3},{"damage":14,"enemies":"2 Louse","floor":4,"turns":3},{"damage":40,"enemies":"Lagavulin","floor":7,"turns":6},{"damage":55,"enemies":"3 Sentries","floor":10,"turns":10}],"seed_played":"-7410461691441464166","potions_obtained":[{"floor":7,"key":"DistilledChaos"}],"is_trial":false,"path_per_floor":["M","?","?","M","?","R","E","R","T","E"],"character_chosen":"IRONCLAD","items_purchased":[],"campfire_rested":1,"item_purchase_floors":[],"current_hp_per_floor":[67,67,67,59,59,59,25,49,49,0,0],"gold":215,"neow_bonus":"THREE_RARE_CARDS","is_daily":false,"chose_seed":false,"campfire_upgraded":1,"win_rate":0.0,"timestamp":1611282747,"path_taken":["M","?","?","?","?","R","E","R","T","E"],"items_purchased_type":[],"build_version":"2020-12-22","purchased_purges":0,"victory":false,"max_hp_per_floor":[80,80,80,80,80,80,80,80,80,80,80],"relic_stats":{"counters":[4,22],"obtain_stats":[{"testmod-TestBox":0,"Molten Egg 2":2,"King of Hearts":7,"infinitespire:Beetle Shell":9,"Burning Blood":0},{"testmod-TestBox":0,"Molten Egg 2":1,"King of Hearts":3,"infinitespire:Beetle Shell":3,"Burning Blood":0},{"testmod-TestBox":0,"Molten Egg 2":3,"King of Hearts":12,"infinitespire:Beetle Shell":12,"Burning Blood":0}],"Burning Blood":18},"card_choices":[{"not_picked":["Demonic Infusion","Eclipse"],"picked":"Double Tap","floor":0},{"not_picked":["Heavy Blade","Anger"],"picked":"Invigoration","floor":1},{"not_picked":["Run Through+1","True Grit"],"picked":"Invigoration","floor":4},{"not_picked":["Metallicize","Shockwave","Defy Death"],"picked":"SKIP","floor":7}],"player_experience":342680,"relics_obtained":[{"floor":7,"key":"King of Hearts"},{"floor":9,"key":"infinitespire:Beetle Shell"}],"event_choices":[{"cards_removed":["Notoriety"],"damage_healed":0,"gold_gain":0,"player_choice":"Forget","damage_taken":0,"max_hp_gain":0,"max_hp_loss":0,"event_name":"Living Wall","floor":3,"gold_loss":0},{"cards_removed":["Injury"],"damage_healed":0,"gold_gain":0,"player_choice":"Purged","damage_taken":0,"max_hp_gain":0,"max_hp_loss":0,"event_name":"Purifier","floor":5,"gold_loss":0}],"is_beta":false,"boss_relics":[],"items_purged_floors":[],"is_endless":false,"potions_floor_spawned":[7],"killed_by":"3 Sentries","ascension_level":3}}