{"host":"tmgdm9kau0qip004","time":1611301794,"event":{"mods":["BaseMod","Downfall","KinomotoSakuraMod(木之本樱)","Marisa（F雨　魔理沙）","Minty Spire (QoL Compilation)","READ ME - Guardian Mod","Remilia（蕾米莉亚）","StSLib","vexMod"],"gold_per_floor":[112,122,122,122,197,227,151,151,151,151,151,151,179,191,203,215,215,215],"floor_reached":16,"language":"ZHS","playtime":434,"items_purged":[],"score":129,"play_id":"38153624-c9e0-4518-bc21-e253360e4919","local_time":"20210122154954","daily_mods":["Shiny","Heirloom","Time Dilation","Flight","downfall:Lament"],"is_ascension_mode":false,"campfire_choices":[{"floor":8,"key":"REST"},{"data":"sneckomod:DiceBoulder","floor":11,"key":"SMITH"},{"floor":15,"key":"REST"}],"circlet_count":0,"master_deck":["sneckomod:SerpentMind","sneckomod:SoulExchange","sneckomod:UnknownRarePower","sneckomod:UnlimitedRolls","sneckomod:UnknownRareSkill","sneckomod:Restock","sneckomod:MorePower","sneckomod:UnknownBoss","sneckomod:Unknown3Cost","sneckomod:Mudshield","sneckomod:Cheat","sneckomod:DangerNoodle","sneckomod:RainOfDice","sneckomod:CheapStock","sneckomod:DiceBoulder+1","Madness","Madness","sneckomod:Cheat"],"relics":["sneckomod:SneckoSoul","NeowsBlessing","Ice Cream","Lantern","Boot","Ornamental Fan","MawBank"],"acts_visited":[],"potions_floor_usage":[16,16],"damage_taken":[{"damage":0,"enemies":"Cultist","floor":1,"turns":1},{"damage":0,"enemies":"Jaw Worm","floor":2,"turns":1},{"damage":0,"enemies":"Gremlin Nob","floor":6,"turns":2},{"damage":29,"enemies":"3 Sentries","floor":13,"turns":4},{"damage":43,"enemies":"The Guardian","floor":16,"turns":7}],"seed_played":"972996512219547999","potions_obtained":[{"floor":1,"key":"bronze:BurnAndBuffPotion"},{"floor":2,"key":"Explosive Potion"},{"floor":6,"key":"DuplicationPotion"}],"is_trial":true,"path_per_floor":["M","M","$","?","?","E","$","R","T","R","R","R","E","?","R","B"],"character_chosen":"THE_SNECKO","items_purchased":["sneckomod:DiceBoulder"],"campfire_rested":2,"item_purchase_floors":[7],"current_hp_per_floor":[90,90,90,57,46,46,46,73,73,73,73,73,45,45,72,29,29,29],"gold":215,"neow_bonus":"","is_daily":false,"chose_seed":false,"campfire_upgraded":1,"win_rate":0.0,"timestamp":1611301794,"path_taken":["M","M","?","?","?","E","$","R","T","R","R","R","E","?","R","BOSS"],"items_purchased_type":["Card"],"build_version":"2020-12-22","purchased_purges":0,"victory":false,"max_hp_per_floor":[90,90,90,90,90,90,90,90,90,90,90,90,90,90,90,90,90,90],"card_choices":[{"not_picked":["sneckomod:UnknownCommonAttack","sneckomod:DiceBlock"],"picked":"sneckomod:RainOfDice","floor":1},{"not_picked":["sneckomod:UnknownDraw","sneckomod:RainOfDice"],"picked":"sneckomod:CheapStock","floor":2},{"not_picked":["sneckomod:UnknownCommonAttack","sneckomod:SoulRoll"],"picked":"sneckomod:UnknownUncommonAttack","floor":6},{"not_picked":["sneckomod:MasterEye","sneckomod:Nope"],"picked":"sneckomod:Cheat","floor":13},{"not_picked":["sneckomod:UnknownClassRED+1","sneckomod:UnknownDraw+1","sneckomod:Unknown0Cost+1"],"picked":"SKIP","floor":13}],"player_experience":125760,"relics_obtained":[{"floor":6,"key":"Boot"},{"floor":9,"key":"Ornamental Fan"},{"floor":13,"key":"MawBank"}],"event_choices":[{"damage_healed":0,"gold_gain":0,"player_choice":"Success","damage_taken":33,"relics_obtained":["Lantern"],"max_hp_gain":0,"max_hp_loss":0,"event_name":"Scrap Ooze","floor":4,"gold_loss":0},{"damage_healed":0,"gold_gain":75,"player_choice":"Gather Gold","damage_taken":11,"max_hp_gain":0,"max_hp_loss":0,"event_name":"World of Goop","floor":5,"gold_loss":0},{"damage_healed":0,"gold_gain":0,"player_choice":"Ignored","damage_taken":0,"max_hp_gain":0,"max_hp_loss":0,"event_name":"Golden Idol","floor":14,"gold_loss":0}],"is_beta":false,"boss_relics":[],"items_purged_floors":[],"is_endless":true,"potions_floor_spawned":[1,2,6],"killed_by":"The Guardian","ascension_level":0}}