{"host":"Bilverbakes","time":1611343526,"event":{"mods":["2.2 Compatiblity","AchievementEnabler","BaseMod","Bestiary","Colored Map","Minty Spire (QoL Compilation)","Relic Stats","StSLib","ojb\u0027s Info Mod"],"gold_per_floor":[112,135,285,285,297,297,15,15,96,96,171,184,213,232,232,311,311,325,325,350,361,361,361,361],"floor_reached":23,"language":"ENG","playtime":737,"items_purged":[],"score":373,"play_id":"89c45de0-cb28-4e4e-9bba-cd680fa5372a","local_time":"20210122132526","is_ascension_mode":true,"campfire_choices":[{"data":"Zap","floor":6.0,"key":"SMITH"},{"data":"Dualcast","floor":8.0,"key":"SMITH"},{"data":"Loop","floor":15.0,"key":"SMITH"}],"circlet_count":0,"master_deck":["AscendersBane","Strike_B","Strike_B","Defend_B","Defend_B","Defend_B","Defend_B","Zap+1","Dualcast+1","Cold Snap","Steam","Buffer","Loop+1","Glacier","Biased Cognition","Compile Driver+1","Decay","Coolheaded","Genetic Algorithm","Barrage"],"relics":["Cracked Core","Bronze Scales","Pen Nib","Spirit Poop","Matryoshka","Juzu Bracelet","InkBottle","PreservedInsect","Inserter","Red Mask"],"acts_visited":["Exordium","TheCity"],"potions_floor_usage":[21,21],"damage_taken":[{"damage":1.0,"enemies":"Cultist","floor":1.0,"turns":3.0},{"damage":0.0,"enemies":"2 Louse","floor":5.0,"turns":2.0},{"damage":0.0,"enemies":"Small Slimes","floor":12.0,"turns":2.0},{"damage":31.0,"enemies":"Gremlin Nob","floor":13.0,"turns":4.0},{"damage":5.0,"enemies":"Exordium Wildlife","floor":14.0,"turns":4.0},{"damage":16.0,"enemies":"The Guardian","floor":16.0,"turns":15.0},{"damage":7.0,"enemies":"Spheric Guardian","floor":18.0,"turns":4.0},{"damage":42.0,"enemies":"Masked Bandits","floor":20.0,"turns":4.0},{"damage":7,"enemies":"Chosen","floor":21,"turns":5},{"damage":0,"enemies":"Slavers","floor":23,"turns":1}],"seed_played":"-6348394842377997039","potions_obtained":[{"floor":5.0,"key":"SpeedPotion"},{"floor":13.0,"key":"FocusPotion"},{"floor":14.0,"key":"Ancient Potion"},{"floor":20.0,"key":"Explosive Potion"},{"floor":21,"key":"SkillPotion"}],"is_trial":false,"path_per_floor":["M","T","?","?","M","R","$","R","T","?","?","M","E","M","R","B",null,"M","?","?","M","?","E"],"character_chosen":"DEFECT","items_purchased":["Matryoshka"],"campfire_rested":0,"item_purchase_floors":[7],"current_hp_per_floor":[63,63,63,63,63,63,63,63,63,68,57,57,26,21,21,5,58,51,51,9,2,2,2,2],"gold":361,"neow_bonus":"RANDOM_COMMON_RELIC","is_daily":false,"chose_seed":false,"campfire_upgraded":3,"win_rate":0.0,"timestamp":1611343526,"path_taken":["M","?","?","?","M","R","$","R","T","?","?","M","E","M","R","BOSS","M","?","?","M","?","E"],"items_purchased_type":["Relic"],"build_version":"2020-12-18","purchased_purges":0,"victory":false,"max_hp_per_floor":[71,71,71,71,71,71,71,71,71,76,76,76,76,76,76,76,76,76,76,76,76,76,76,76],"relic_stats":{"Inserter":[7],"counters":[10,43],"Bronze Scales":[112],"Pen Nib":[4],"PreservedInsect":41,"Juzu Bracelet":2,"obtain_stats":[{"Matryoshka":7,"Inserter":17,"Bronze Scales":0,"Spirit Poop":4,"Pen Nib":2,"PreservedInsect":13,"Juzu Bracelet":9,"Red Mask":20,"Cracked Core":0,"InkBottle":9},{"Matryoshka":2,"Inserter":6,"Bronze Scales":0,"Spirit Poop":1,"Pen Nib":1,"PreservedInsect":4,"Juzu Bracelet":2,"Red Mask":8,"Cracked Core":0,"InkBottle":2},{"Matryoshka":5,"Inserter":29,"Bronze Scales":0,"Spirit Poop":3,"Pen Nib":3,"PreservedInsect":11,"Juzu Bracelet":5,"Red Mask":37,"Cracked Core":0,"InkBottle":5}],"InkBottle":[10]},"card_choices":[{"not_picked":["White Noise","Gash"],"picked":"Cold Snap","floor":1.0},{"not_picked":["Turbo","Storm"],"picked":"Steam","floor":5.0},{"not_picked":["Ball Lightning","Consume"],"picked":"Buffer","floor":12.0},{"not_picked":["Coolheaded","Consume"],"picked":"Loop","floor":13.0},{"not_picked":["Cold Snap","Ball Lightning"],"picked":"Glacier","floor":14.0},{"not_picked":["Hyperbeam","Rainbow"],"picked":"Biased Cognition","floor":16.0},{"not_picked":["Go for the Eyes","Turbo+1"],"picked":"Compile Driver+1","floor":18.0},{"not_picked":["Beam Cell","Conserve Battery"],"picked":"Coolheaded","floor":21}],"player_experience":770520,"relics_obtained":[{"floor":2.0,"key":"Pen Nib"},{"floor":9.0,"key":"Juzu Bracelet"},{"floor":9.0,"key":"InkBottle"},{"floor":13.0,"key":"PreservedInsect"},{"floor":20.0,"key":"Red Mask"}],"event_choices":[{"damage_healed":0.0,"max_hp_gain":0.0,"max_hp_loss":0.0,"gold_gain":150.0,"event_name":"Liars Game","player_choice":"AGREE","floor":3.0,"gold_loss":0.0,"damage_taken":0.0,"cards_obtained":["Doubt"]},{"cards_removed":["Doubt"],"damage_healed":0.0,"max_hp_gain":0.0,"max_hp_loss":0.0,"gold_gain":0.0,"event_name":"Bonfire Elementals","player_choice":"Offered Curse","floor":4.0,"gold_loss":0.0,"damage_taken":0.0,"relics_obtained":["Spirit Poop"]},{"damage_healed":0.0,"max_hp_gain":5.0,"max_hp_loss":0.0,"gold_gain":0.0,"event_name":"Big Fish","player_choice":"Donut","floor":10.0,"gold_loss":0.0,"damage_taken":0.0},{"damage_healed":0.0,"max_hp_gain":0.0,"max_hp_loss":0.0,"gold_gain":75.0,"event_name":"World of Goop","player_choice":"Gather Gold","floor":11.0,"gold_loss":0.0,"damage_taken":11.0},{"damage_healed":0.0,"max_hp_gain":0.0,"max_hp_loss":0.0,"gold_gain":0.0,"event_name":"Wheel of Change","player_choice":"Cursed","floor":19.0,"gold_loss":0.0,"damage_taken":0.0,"cards_obtained":["Decay"]},{"damage_healed":0.0,"max_hp_gain":0.0,"max_hp_loss":0.0,"gold_gain":0.0,"event_name":"Masked Bandits","player_choice":"Fought Bandits","floor":20.0,"gold_loss":0.0,"damage_taken":0.0},{"damage_healed":0,"gold_gain":0,"cards_transformed":["Strike_B","Strike_B"],"player_choice":"Became Test Subject","damage_taken":0,"max_hp_gain":0,"max_hp_loss":0,"event_name":"Drug Dealer","floor":22,"gold_loss":0,"cards_obtained":["Genetic Algorithm","Barrage"]}],"is_beta":true,"boss_relics":[{"not_picked":["Cursed Key","SacredBark"],"picked":"Inserter"}],"items_purged_floors":[],"is_endless":false,"potions_floor_spawned":[5,13,14,20,21],"killed_by":"Slavers","ascension_level":20}}