{"host":"ekyl8r8j8fco3zlk","time":1611311444,"event":{"mods":["ATMod(∞¢Ë™Mod)","Act Like it!","Arknights The Spire","BaseMod","CapriCore","Decade(Õı–°√˜)","Dota2Spire","Friendly Minions","Gensokyo","Lobotomy","LobotomyExtend","Marisa£®ÏF”Í°°ƒß¿Ì…≥£©","Minty Spire (QoL Compilation)","READ ME - Guardian Mod","Rare Cards Sparkle","Reimu£®≤©¿ˆ¡È√Œ£©","StSLib","The Alterego","The Immortal","The Jungle","TheWitcher","Waifu the Spire","WarShipGirlsR/’ΩΩ¢…Ÿ≈ÆR mod","Yakumo Yukari mod","°æ“≈ŒÔø®≈∆°øREMEMod"],"gold_per_floor":[134,134,149,324,337,337,364,464,464,464,464,121,154,164,164,267,317,337,348,105,105,105,133,133,236,236,276,336,336,336,428,428,556,556,645,745,114,369,369,431,431,566,566,566,119,258,258,300,300,425,425,425,425,24,102,148],"floor_reached":57,"language":"ZHS","playtime":2798,"items_purged":["Doubt"],"score":1379,"play_id":"1862c6b8-1e4b-4f60-b852-e095a3058733","local_time":"20210122183044","is_ascension_mode":false,"campfire_choices":[{"data":"AT_OneInchPunch","floor":6.0,"key":"SMITH"},{"data":"Yakumo_Ran_purple","floor":11.0,"key":"SMITH"},{"floor":15.0,"key":"REST"},{"data":"Line_surface_state_purple","floor":30.0,"key":"SMITH"},{"data":"Boundary_of_Extermination_purpleEX","floor":32.0,"key":"SMITH"},{"data":"ProofOfUnderstanding_purple","floor":41.0,"key":"SMITH"},{"floor":47.0,"key":"RECALL"},{"data":"DarkRealmRedLine_purple","floor":49.0,"key":"SMITH"},{"data":"ExternalForce_HighSpeedFlying_purple","floor":53.0,"key":"SMITH"}],"circlet_count":0,"master_deck":["AT_purpleEX","AT_purpleEX","AT_purpleEX","Defend_purpleEX","Defend_purpleEX","Defend_purpleEX","Defend_purpleEX","Observe_purple_1","Observe_purple_2+1","Computing_the_future_purpleEX","AT_OneInchPunch+1","Gensokyo:HouraiInAPot","OmniscientAndOmnipotent_Monster_purple","Boundary_of_Extermination_purpleEX+1","Yakumo_Ran_purple+1","DarkRealmRedLine_purple+1","Charmbait_purple","CommonSense_AntiCommonSense_purple+1","Line_surface_state_purple+1","Bait_HighSpeedFlying_purple","Erosivefilter_purple","Fancifulhole_purple","WorldDissolvedintheRealm_purple","Extrememeaning_purpleEX+1","MeetDecomposer_purple+1","Mirror_FormAndEmptin_purple","RuptureOfTimeAndSpace_purple+1","StateErode_purple","WatchEChange_purple+1","ProofOfUnderstanding_purple+1","Shallow_ocean_purpleEX+1","ExternalForce_HighSpeedFlying_purple+1","Madness","Madness","RuleDissolution_purple+1"],"relics":["Boundary_crack","Memoryfragments_purpleEX","AT_ATBox","REME_ComplimentaryCards","LetterFromLob","Dota2Spire:BattleFury","Dota2Spire:AghanimScepter","Dota2Spire:PowerTreads","Tiny House","Dota2Spire:BlackKingBar","Bottled Tornado","AT_MibuBalloonWealth","Ornamental Fan","AT_Manta","REME_ChargedStone","AT_LudenTempest","REME_ArchaeologicalTools","AT_TimeSand","CatCart","Mercury Hourglass","AT_ImmortalShieldbow","Dota2Spire:MaskOfMadness","TungstenRod","Sling","Dota2Spire:Desolator","Dota2Spire:ShadowBlade","Dota2Spire:Dagon"],"acts_visited":["Exordium","TheCity","TheBeyond","TheEnding"],"potions_floor_usage":[],"damage_taken":[{"damage":6.0,"enemies":"Jaw Worm","floor":1.0,"turns":2.0},{"damage":0.0,"enemies":"Cultist","floor":3.0,"turns":2.0},{"damage":0.0,"enemies":"Small Slimes","floor":5.0,"turns":3.0},{"damage":30.0,"enemies":"Gremlin Nob","floor":7.0,"turns":3.0},{"damage":19.0,"enemies":"Lagavulin","floor":13.0,"turns":3.0},{"damage":0.0,"enemies":"2 Fungi Beasts","floor":14.0,"turns":2.0},{"damage":2.0,"enemies":"The Guardian","floor":16.0,"turns":8.0},{"damage":25.0,"enemies":"2 Thieves","floor":18.0,"turns":3.0},{"damage":0.0,"enemies":"Chosen","floor":19.0,"turns":4.0},{"damage":27.0,"enemies":"Book of Stabbing","floor":23.0,"turns":6.0},{"damage":14.0,"enemies":"Gremlin Leader","floor":25.0,"turns":5.0},{"damage":1.0,"enemies":"Snake Plant","floor":27.0,"turns":3.0},{"damage":5.0,"enemies":"Shelled Parasite and Fungi","floor":28.0,"turns":4.0},{"damage":0.0,"enemies":"3 Cultists","floor":31.0,"turns":2.0},{"damage":1.0,"enemies":"Champ","floor":33.0,"turns":7.0},{"damage":0.0,"enemies":"3 Shapes","floor":35.0,"turns":2.0},{"damage":17.0,"enemies":"2 Orb Walkers","floor":36.0,"turns":3.0},{"damage":0.0,"enemies":"Orin","floor":38.0,"turns":3.0},{"damage":28.0,"enemies":"Nemesis","floor":40.0,"turns":3.0},{"damage":23.0,"enemies":"Reptomancer","floor":42.0,"turns":3.0},{"damage":0.0,"enemies":"3 Darklings","floor":46.0,"turns":2.0},{"damage":1.0,"enemies":"Transient","floor":48.0,"turns":5.0},{"damage":28.0,"enemies":"Awakened One","floor":50.0,"turns":5.0},{"damage":6.0,"enemies":"Shield and Spear","floor":55.0,"turns":3.0},{"damage":21,"enemies":"The Heart","floor":56,"turns":6}],"seed_played":"-7205868515722024554","potions_obtained":[{"floor":5.0,"key":"Strength Potion"},{"floor":13.0,"key":"FairyPotion"},{"floor":14.0,"key":"EntropicBrew"},{"floor":16.0,"key":"SpeedPotion"},{"floor":17.0,"key":"AntidotePotion"},{"floor":23.0,"key":"Ancient Potion"},{"floor":28.0,"key":"DuplicationPotion"},{"floor":31.0,"key":"MagicPotion:ReiMu"},{"floor":36.0,"key":"Block Potion"},{"floor":42.0,"key":"SteroidPotion"},{"floor":55.0,"key":"SpeedPotion"}],"is_trial":false,"path_per_floor":["M","?","M","?","M","R","E","?","T","E","R","$","E","M","R","B",null,"M","M","$","T","$","E","?","E","T","M","M","?","R","M","R","B",null,"M","?","$","?","?","E","R","E","T","?","$","M","R","M","R","B",null,null,"R","$","E","B",null],"character_chosen":"Youkari","items_purchased":["Dota2Spire:AghanimScepter","CommonSense_AntiCommonSense_purple","Line_surface_state_purple","Dota2Spire:BlackKingBar","REME_ArchaeologicalTools","AT_TimeSand","ExternalForce_HighSpeedFlying_purple","TungstenRod","Sling","Dota2Spire:Desolator","Dota2Spire:ShadowBlade"],"campfire_rested":1,"item_purchase_floors":[12,12,12,20,37,37,37,45,45,54,54],"current_hp_per_floor":[64,64,65,65,67,67,37,37,37,37,37,37,19,19,40,49,75,56,56,56,56,56,36,36,39,39,47,56,56,56,59,59,69,75,75,75,75,75,66,46,46,32,32,32,32,43,43,45,45,46,46,75,75,75,74,58],"gold":148,"neow_bonus":"ONE_RANDOM_RARE_CARD","is_daily":false,"chose_seed":false,"campfire_upgraded":7,"win_rate":0.0,"timestamp":1611311444,"path_taken":["M","?","?","?","M","R","E","?","T","E","R","$","E","M","R","BOSS","M","M","$","?","?","E","?","E","T","M","?","?","R","M","R","BOSS","M","?","$","?","?","E","R","E","T","?","$","M","R","M","R","BOSS","R","$","E","BOSS"],"items_purchased_type":["Relic","Card","Card","Relic","Relic","Relic","Card","Relic","Relic","Relic","Relic"],"build_version":"2020-12-22","purchased_purges":1,"victory":true,"max_hp_per_floor":[70,70,70,70,70,70,70,70,70,70,70,70,70,70,70,70,75,75,75,75,75,75,75,75,75,75,75,75,75,75,75,75,75,75,75,75,75,75,75,75,75,75,75,75,75,75,75,75,75,75,75,75,75,75,75,75],"card_choices":[{"not_picked":["ExistenceContinue_purple","MeetDecomposer_purple"],"picked":"OmniscientAndOmnipotent_Monster_purple","floor":1.0},{"not_picked":["Realm_recovery_purpleEX","Umbrella_purple"],"picked":"Yakumo_Ran_purple","floor":3.0},{"not_picked":["OpenedBox_purple","OmniscientAndOmnipotent_Monster_purple"],"picked":"DarkRealmRedLine_purple","floor":5.0},{"not_picked":["RuptureOfTimeAndSpace_purple","Worldmountain_purple"],"picked":"Charmbait_purple","floor":7.0},{"not_picked":["PurpleNeedle_purple","Charmbait_purple"],"picked":"Bait_HighSpeedFlying_purple","floor":13.0},{"not_picked":["StateErode_purple","GluttonyofRealm_purpleEX"],"picked":"Erosivefilter_purple","floor":14.0},{"not_picked":["Computing_the_future_purpleEX","Human_Monster_Realm_purple"],"picked":"Fancifulhole_purple","floor":16.0},{"not_picked":["StateErode_purple","ExternalForce_HighSpeedFlying_purple"],"picked":"WorldDissolvedintheRealm_purple","floor":17.0},{"not_picked":["OmniscientAndOmnipotent_Monster_purple","Shallow_ocean_purpleEX"],"picked":"Extrememeaning_purpleEX+1","floor":18.0},{"not_picked":["Worldmountain_purple","OmniscientAndOmnipotent_Monster_purple"],"picked":"MeetDecomposer_purple+1","floor":19.0},{"not_picked":["SfantasyHide_purple","MeetDecomposer_purple"],"picked":"Mirror_FormAndEmptin_purple","floor":23.0},{"not_picked":["DimensionStaggered_purple","Realm_recovery_purpleEX","Extrememeaning_purpleEX"],"picked":"SKIP","floor":25.0},{"not_picked":["Line_surface_state_purple","MeetDecomposer_purple+1"],"picked":"RuptureOfTimeAndSpace_purple+1","floor":27.0},{"not_picked":["SfantasyHide_purple","Computing_the_future_purpleEX"],"picked":"StateErode_purple","floor":28.0},{"not_picked":["MeetDecomposer_purple","SharpContractionReality_purple"],"picked":"WatchEChange_purple+1","floor":31.0},{"not_picked":["UniverseChoice_purple","Price_of_realm_purpleEX"],"picked":"ProofOfUnderstanding_purple","floor":33.0},{"not_picked":["AdvanceAttack_purple","DimensionStaggered_purple"],"picked":"Shallow_ocean_purpleEX+1","floor":35.0},{"not_picked":["StretchesForeverDream_purple","SfantasyHide_purple"],"picked":"RuleDissolution_purple+1","floor":40.0},{"not_picked":["Shallow_ocean_purpleEX+1","SharpContractionReality_purple","Bait_Toxicbait_purple+1"],"picked":"SKIP","floor":42.0},{"not_picked":["Erosivefilter_purple+1","Extrememeaning_purpleEX+1","WingOfChimera_purple"],"picked":"SKIP","floor":46.0},{"not_picked":["Bait_Toxicbait_purple","EighthInstrument_OneDividesIntoTwo_purple","ButterflyHabitatTemple_purple"],"picked":"SKIP","floor":48.0},{"not_picked":["MeetDecomposer_purple+1","WorldDissolvedintheRealm_purple+1","Bait_HighSpeedFlying_purple"],"picked":"SKIP","floor":55.0}],"player_experience":684071,"relics_obtained":[{"floor":1.0,"key":"LetterFromLob"},{"floor":7.0,"key":"Dota2Spire:BattleFury"},{"floor":13.0,"key":"Dota2Spire:PowerTreads"},{"floor":21.0,"key":"Bottled Tornado"},{"floor":23.0,"key":"AT_MibuBalloonWealth"},{"floor":25.0,"key":"Ornamental Fan"},{"floor":26.0,"key":"AT_Manta"},{"floor":36.0,"key":"AT_LudenTempest"},{"floor":38.0,"key":"CatCart"},{"floor":40.0,"key":"Mercury Hourglass"},{"floor":42.0,"key":"AT_ImmortalShieldbow"},{"floor":43.0,"key":"Dota2Spire:MaskOfMadness"},{"floor":55.0,"key":"Dota2Spire:Dagon"}],"event_choices":[{"damage_healed":0.0,"max_hp_gain":0.0,"max_hp_loss":0.0,"gold_gain":0.0,"cards_transformed":["AT_purpleEX"],"event_name":"Transmorgrifier","player_choice":"Transformed","floor":2.0,"gold_loss":0.0,"damage_taken":0.0,"cards_obtained":["Boundary_of_Extermination_purpleEX"]},{"damage_healed":0.0,"max_hp_gain":0.0,"max_hp_loss":0.0,"gold_gain":175.0,"event_name":"Liars Game","player_choice":"AGREE","floor":4.0,"gold_loss":0.0,"damage_taken":0.0,"cards_obtained":["Doubt"]},{"damage_healed":0.0,"max_hp_gain":0.0,"max_hp_loss":0.0,"gold_gain":100.0,"event_name":"Golden Shrine","player_choice":"Pray","floor":8.0,"gold_loss":0.0,"damage_taken":0.0},{"damage_healed":0.0,"max_hp_gain":0.0,"max_hp_loss":0.0,"gold_gain":0.0,"event_name":"Upgrade Shrine","player_choice":"Upgraded","floor":24.0,"gold_loss":0.0,"damage_taken":0.0,"cards_upgraded":["CommonSense_AntiCommonSense_purple"]},{"damage_healed":0.0,"max_hp_gain":0.0,"max_hp_loss":0.0,"gold_gain":0.0,"event_name":"Mysterious Sphere","player_choice":"Fight","floor":36.0,"gold_loss":0.0,"damage_taken":0.0},{"damage_healed":0.0,"max_hp_gain":0.0,"max_hp_loss":0.0,"gold_gain":0.0,"event_name":"OrinTheCat","player_choice":"Fight","floor":38.0,"gold_loss":0.0,"damage_taken":0.0},{"damage_healed":0.0,"max_hp_gain":0.0,"max_hp_loss":0.0,"gold_gain":0.0,"event_name":"Winding Halls","player_choice":"Embrace Madness","floor":39.0,"gold_loss":0.0,"damage_taken":9.0,"cards_obtained":["Madness","Madness"]}],"is_beta":false,"boss_relics":[{"not_picked":["Calling Bell","Runic Dome"],"picked":"Tiny House"},{"not_picked":["Snecko Eye","Astrolabe"],"picked":"REME_ChargedStone"}],"items_purged_floors":[37],"is_endless":false,"potions_floor_spawned":[5,13,14,16,19,23,28,31,36,42,55],"ascension_level":0}}