{"host":"srk2drlvga69hbot","time":1611319763,"event":{"mods":["BaseMod","Colored Map","Colored Powertips","Highlight Path","Minty Spire (QoL Compilation)","Quick Restart","Rare Cards Sparkle","Relic Stats"],"gold_per_floor":[116,116,116,43,143,170,181,208,208,133,133,133,147,147,147,242,242,258,286,286,303,303,303],"floor_reached":22,"language":"ZHS","playtime":987,"items_purged":["Strike_B"],"score":200,"play_id":"fefb3bb1-d58f-475b-945f-090781855862","local_time":"20210122204923","is_ascension_mode":true,"campfire_choices":[{"data":"Streamline","floor":11.0,"key":"SMITH"},{"floor":15.0,"key":"REST"}],"circlet_count":0,"master_deck":["Strike_B","Strike_B","Strike_B","Defend_B","Defend_B","Defend_B","Zap","Dualcast","Streamline","Melter","Redo","Streamline+1","Gash","Gash","Compile Driver","Enlightenment","White Noise+1"],"relics":["Cracked Core","Nunchaku","Kunai","MealTicket","Letter Opener","NlothsMask","Nuclear Battery","Red Mask"],"acts_visited":["Exordium","TheCity"],"potions_floor_usage":[16,16],"damage_taken":[{"damage":1.0,"enemies":"Jaw Worm","floor":1.0,"turns":4.0},{"damage":27.0,"enemies":"Gremlin Nob","floor":6.0,"turns":4.0},{"damage":0.0,"enemies":"2 Louse","floor":7.0,"turns":1.0},{"damage":28.0,"enemies":"3 Sentries","floor":8.0,"turns":7.0},{"damage":5.0,"enemies":"Small Slimes","floor":13.0,"turns":2.0},{"damage":33,"enemies":"The Guardian","floor":16,"turns":9},{"damage":18,"enemies":"3 Byrds","floor":18,"turns":5},{"damage":43,"enemies":"Masked Bandits","floor":19,"turns":5},{"damage":5,"enemies":"Shell Parasite","floor":21,"turns":3},{"damage":10,"enemies":"Snake Plant","floor":22,"turns":1}],"seed_played":"2931949161079291418","potions_obtained":[{"floor":6.0,"key":"Dexterity Potion"},{"floor":7.0,"key":"Dexterity Potion"},{"floor":19,"key":"SkillPotion"},{"floor":21,"key":"EssenceOfDarkness"}],"is_trial":false,"path_per_floor":["M","?","?","$","?","E","M","E","T","$","R","?","M","?","R","B",null,"M","?","?","M","M"],"character_chosen":"DEFECT","items_purchased":["Melter"],"campfire_rested":1,"item_purchase_floors":[4],"current_hp_per_floor":[74,74,74,74,74,47,47,19,19,34,34,34,29,29,51,18,75,57,14,14,9,0,0],"gold":303,"neow_bonus":"RANDOM_COMMON_RELIC","is_daily":false,"chose_seed":false,"campfire_upgraded":1,"win_rate":0.0,"timestamp":1611319763,"path_taken":["M","?","?","?","?","E","?","E","T","$","R","?","M","?","R","BOSS","M","?","?","M","?"],"items_purchased_type":["Card"],"build_version":"2020-12-22","purchased_purges":1,"victory":false,"max_hp_per_floor":[75,75,75,75,75,75,75,75,75,75,75,75,75,75,75,75,75,75,75,75,75,75,75],"relic_stats":{"Nunchaku":[5],"counters":[10,41],"MealTicket":15,"Kunai":[4],"Letter Opener":[52],"obtain_stats":[{"Nunchaku":0,"MealTicket":8,"Red Mask":19,"Kunai":6,"Letter Opener":9,"Cracked Core":0,"NlothsMask":14,"Nuclear Battery":17},{"Nunchaku":0,"MealTicket":4,"Red Mask":8,"Kunai":2,"Letter Opener":4,"Cracked Core":0,"NlothsMask":5,"Nuclear Battery":6},{"Nunchaku":0,"MealTicket":16,"Red Mask":37,"Kunai":8,"Letter Opener":16,"Cracked Core":0,"NlothsMask":18,"Nuclear Battery":27}]},"card_choices":[{"not_picked":["Beam Cell","Cold Snap"],"picked":"Streamline","floor":1.0},{"not_picked":["Blizzard","Hologram"],"picked":"Redo","floor":6.0},{"not_picked":["Redo","Darkness"],"picked":"Streamline","floor":7.0},{"not_picked":["Stack","Hologram","Barrage"],"picked":"SKIP","floor":8.0},{"not_picked":["Streamline","Cold Snap","Storm"],"picked":"SKIP","floor":13.0},{"not_picked":["Defragment+1","Lockon"],"picked":"Gash","floor":18},{"not_picked":["Fusion","Ball Lightning+1"],"picked":"Gash","floor":19},{"not_picked":["Stack","Barrage"],"picked":"White Noise+1","floor":21}],"player_experience":145463,"relics_obtained":[{"floor":6.0,"key":"Kunai"},{"floor":8.0,"key":"MealTicket"},{"floor":9.0,"key":"Letter Opener"},{"floor":19,"key":"Red Mask"}],"event_choices":[{"damage_healed":0.0,"max_hp_gain":0.0,"max_hp_loss":0.0,"gold_gain":0.0,"event_name":"Liars Game","player_choice":"Ignored","floor":2.0,"gold_loss":0.0,"damage_taken":0.0},{"damage_healed":0.0,"max_hp_gain":0.0,"max_hp_loss":0.0,"gold_gain":0.0,"event_name":"Shining Light","player_choice":"Ignored","floor":3.0,"gold_loss":0.0,"damage_taken":0.0},{"damage_healed":0.0,"max_hp_gain":0.0,"max_hp_loss":0.0,"gold_gain":100.0,"event_name":"Golden Shrine","player_choice":"Pray","floor":5.0,"gold_loss":0.0,"damage_taken":0.0},{"cards_removed":["Defend_B"],"damage_healed":0.0,"max_hp_gain":0.0,"max_hp_loss":0.0,"gold_gain":0.0,"event_name":"Living Wall","player_choice":"Forget","floor":12.0,"gold_loss":0.0,"damage_taken":0.0},{"damage_healed":0.0,"max_hp_gain":0.0,"max_hp_loss":0.0,"gold_gain":0.0,"event_name":"FaceTrader","player_choice":"Trade","floor":14.0,"gold_loss":0.0,"damage_taken":0.0,"relics_obtained":["NlothsMask"]},{"damage_healed":0,"gold_gain":0,"player_choice":"Fought Bandits","damage_taken":0,"max_hp_gain":0,"max_hp_loss":0,"event_name":"Masked Bandits","floor":19,"gold_loss":0},{"damage_healed":0,"gold_gain":0,"player_choice":"2 cards matched","damage_taken":0,"max_hp_gain":0,"max_hp_loss":0,"event_name":"Match and Keep!","floor":20,"gold_loss":0,"cards_obtained":["Compile Driver","Enlightenment"]}],"is_beta":false,"boss_relics":[{"not_picked":["Empty Cage","Philosopher\u0027s Stone"],"picked":"Nuclear Battery"}],"items_purged_floors":[10],"is_endless":false,"potions_floor_spawned":[6,7,19,21],"killed_by":"Snake Plant","ascension_level":1}}