{"host":"ndpbn7fqb3wjbd7p","time":1611352983,"event":{"mods":["AchievementEnabler","Act Like it!","AlwaysNeverKeys","BaseMod","Better Vampires","Block Reminder","Colored Powertips","DeckTracker","Defuse TimeMaze Blight","Friendly Minions","Hallownest","Hermit","Highlight Path","MarisaÅiñ∂âJÅ@ñÇóùçπÅj","Minty Spire (QoL Compilation)","Permanent Neow","Shade Mod","StSLib","SuperFastMode","Synergy Search","The Mystic","Unceasing Turn Reminder","Wandering Minibosses","egg"],"gold_per_floor":[111,111,36,57,57,57,57,82,105,105,5,20,120,133,133,261,261,201,76,1,14,14,14,14,14,14,14,34,34,47,90,90,218,218,232,82,82,107,107,125,168,168,238,261,261,17,31,100,100,100],"floor_reached":51,"language":"ENG","playtime":5389,"items_purged":["Shade:Strike_Shade","Shade:Strike_Shade","Shade:Strike_Shade","Shade:Defend_Shade","Shade:CarefulCut"],"score":931,"play_id":"9b09fd48-987e-4ef6-afc1-b5975802e753","local_time":"20210122230303","is_ascension_mode":false,"campfire_choices":[{"data":"Shade:OpenGraves","floor":6,"key":"SMITH"},{"data":"Shade:AnimateDead","floor":10,"key":"SMITH"},{"data":"Shade:Haruspicy","floor":15,"key":"SMITH"},{"data":"Shade:CoffinDance","floor":23,"key":"SMITH"},{"data":"Shade:Trample","floor":25,"key":"SMITH"},{"data":"Shade:AblativeArmor","floor":27,"key":"SMITH"},{"floor":29,"key":"REST"},{"data":"Shade:UnbarTheGrave","floor":32,"key":"SMITH"},{"data":"Shade:LoseControl","floor":42,"key":"SMITH"},{"data":"Shade:LoseControl","floor":49,"key":"SMITH"}],"circlet_count":0,"master_deck":["Shade:AnimateDead+1","Shade:AblativeArmor+1","Shade:OpenGraves+1","Shade:Trample+1","Shade:CoffinDance+1","Shade:Haruspicy+1","Shade:UnbarTheGrave+1","Shade:RitualOffering+1","Shade:AuraOfUnlife","Shade:LoseControl+1","Shade:GreyBargain+1","Shade:GoDigging","Shade:SensePrey+1","Shade:StitchTogether+1","Shade:Carnophage","Shade:LoseControl+1"],"relics":["Shade:YorickSkull","Golden Idol","Happy Flower","SlaversCollar","Sundial","Anchor","Empty Cage","White Beast Statue","Pantograph"],"acts_visited":["Exordium","TheCity","TheCity"],"potions_floor_usage":[16,16,33,33,33,50,50,50],"damage_taken":[{"damage":0,"enemies":"Small Slimes","floor":1,"turns":3},{"damage":5,"enemies":"Jaw Worm","floor":4,"turns":5},{"damage":0,"enemies":"Cultist","floor":8,"turns":3},{"damage":4,"enemies":"3 Louse","floor":12,"turns":4},{"damage":2,"enemies":"Large Slime","floor":14,"turns":6},{"damage":4,"enemies":"Hexaghost","floor":16,"turns":14},{"damage":22,"enemies":"2 Thieves","floor":18,"turns":4},{"damage":9,"enemies":"Shell Parasite","floor":21,"turns":7},{"damage":0,"enemies":"Centurion and Healer","floor":28,"turns":5},{"damage":0,"enemies":"Sentry and Sphere","floor":30,"turns":4},{"damage":0,"enemies":"Gremlin Leader","floor":31,"turns":5},{"damage":0,"enemies":"Automaton","floor":33,"turns":6},{"damage":32,"enemies":"Hallownest:2_Littles","floor":35,"turns":12},{"damage":8,"enemies":"Hallownest:3_Siblings","floor":38,"turns":8},{"damage":0,"enemies":"Hallownest:2_Wing_and_1_Kings","floor":40,"turns":6},{"damage":0,"enemies":"Hallownest:eliteCollector","floor":41,"turns":4},{"damage":7,"enemies":"Hallownest:Xero_Hu_Marmu","floor":44,"turns":4},{"damage":0,"enemies":"Hallownest:2_Great","floor":47,"turns":5},{"damage":0,"enemies":"Hallownest:2_Primals","floor":48,"turns":5},{"damage":0,"enemies":"Hallownest:BossHollowKnight","floor":50,"turns":4}],"seed_played":"-1257160965279924862","potions_obtained":[{"floor":1,"key":"PowerPotion"},{"floor":4,"key":"Energy Potion"},{"floor":16,"key":"Strength Potion"},{"floor":21,"key":"ColorlessPotion"},{"floor":31,"key":"Explosive Potion"},{"floor":41,"key":"Strength Potion"},{"floor":44,"key":"Strength Potion"},{"floor":47,"key":"SmokeBomb"},{"floor":48,"key":"Dexterity Potion"}],"is_trial":false,"path_per_floor":["M","?","$","M","$","R","?","M","T","R","$","M","?","M","R","B",null,"M","$","?","M","?","R","$","R","T","R","M","R","M","E","R","B",null,"M","$","?","M","?","M","E","R","T","M","?","$","M","?","R","B",null],"character_chosen":"SHADE","items_purchased":["Shade:Carnophage"],"campfire_rested":1,"item_purchase_floors":[46],"current_hp_per_floor":[65,60,60,55,55,55,60,60,60,60,60,56,56,54,54,50,65,43,43,43,34,34,34,34,34,34,34,34,53,53,53,53,53,65,33,33,33,25,25,25,25,25,25,28,28,28,38,48,48,65],"gold":100,"neow_bonus":"THREE_CARDS","is_daily":false,"chose_seed":false,"campfire_upgraded":9,"win_rate":0.0,"timestamp":1611352983,"path_taken":["M","?","$","M","$","R","?","M","T","R","?","?","?","?","R","BOSS","M","$","?","M","?","R","$","R","T","R","M","R","?","E","R","BOSS","M","$","?","M","?","M","E","R","T","M","?","$","?","?","R","BOSS"],"items_purchased_type":["Card"],"build_version":"2020-12-22","purchased_purges":5,"victory":true,"max_hp_per_floor":[65,60,60,60,60,60,65,65,65,65,65,65,65,65,65,65,65,65,65,65,65,65,65,65,65,65,65,65,65,65,65,65,65,65,65,65,65,65,65,65,65,65,65,65,65,65,65,65,65,65],"card_choices":[{"not_picked":["Shade:GreyBargain","Shade:BoneShards"],"picked":"Shade:AblativeArmor","floor":0},{"not_picked":["Shade:ScuttlingHand","Shade:GoDigging"],"picked":"Shade:OpenGraves","floor":1},{"not_picked":["Shade:SoulToxin","Shade:GreyBargain"],"picked":"Shade:Trample","floor":4},{"not_picked":["Shade:FreshBones","Shade:SkeletonHug"],"picked":"Shade:CoffinDance","floor":8},{"not_picked":["Shade:BoneShards","Shade:ExtraLimbs","Shade:AncientSpear"],"picked":"SKIP","floor":12},{"not_picked":["Shade:FeralStrike","Shade:CoffinDance"],"picked":"Shade:Haruspicy","floor":14},{"not_picked":["Shade:OminousRitual","Shade:SoulPierce"],"picked":"Shade:UnbarTheGrave","floor":16},{"not_picked":["Shade:BoneShards","Shade:CoffinDance","Shade:SpontaneousRitual"],"picked":"SKIP","floor":18},{"not_picked":["Shade:SanguineRitual","Shade:ClawBack"],"picked":"Shade:RitualOffering+1","floor":21},{"not_picked":["Shade:BoneShards+1","Shade:DangerousRitual","Shade:TouchOfTheGrave"],"picked":"SKIP","floor":28},{"not_picked":["Shade:FleshLikeOak","Shade:Premonition"],"picked":"Shade:AuraOfUnlife","floor":30},{"not_picked":["Shade:FeralStrike","Shade:PoundOfFlesh","Shade:SelfBurial"],"picked":"SKIP","floor":31},{"not_picked":["Shade:GreaterAnimation","Shade:Consume"],"picked":"Shade:LoseControl","floor":33},{"not_picked":["Shade:FingerOfDeath","Shade:Brains+1"],"picked":"Shade:GreyBargain+1","floor":35},{"not_picked":["Shade:CloudOfShrapnel+1","Shade:Excise+1"],"picked":"Shade:GoDigging","floor":38},{"not_picked":["Shade:CloudOfShrapnel","Shade:DangerousRitual+1"],"picked":"Shade:SensePrey+1","floor":40},{"not_picked":["Shade:SanguineRitual+1","Shade:SensePrey"],"picked":"Shade:StitchTogether+1","floor":41},{"not_picked":["Shade:SkeletonHug+1","Shade:FreshBones+1","Shade:AncientSpear+1"],"picked":"SKIP","floor":44},{"not_picked":["Shade:Trample+1","Shade:FingerOfDeath+1"],"picked":"Shade:LoseControl","floor":47}],"player_experience":1193999,"relics_obtained":[{"floor":9,"key":"Happy Flower"},{"floor":26,"key":"Sundial"},{"floor":31,"key":"Anchor"},{"floor":41,"key":"White Beast Statue"},{"floor":43,"key":"Pantograph"}],"event_choices":[{"damage_healed":0,"gold_gain":0,"player_choice":"Lose Max HP","damage_taken":0,"relics_obtained":["Golden Idol"],"max_hp_gain":0,"max_hp_loss":5,"event_name":"Golden Idol","floor":2,"gold_loss":0},{"damage_healed":0,"gold_gain":0,"player_choice":"Donut","damage_taken":0,"max_hp_gain":5,"max_hp_loss":0,"event_name":"Big Fish","floor":7,"gold_loss":0},{"damage_healed":0,"gold_gain":100,"player_choice":"Pray","damage_taken":0,"max_hp_gain":0,"max_hp_loss":0,"event_name":"Golden Shrine","floor":13,"gold_loss":0},{"cards_removed":["Shade:Strike_Shade"],"damage_healed":0,"gold_gain":0,"player_choice":"Gave Gold","damage_taken":0,"max_hp_gain":0,"max_hp_loss":0,"event_name":"Beggar","floor":20,"gold_loss":75},{"cards_removed":["Shade:Defend_Shade"],"damage_healed":0,"gold_gain":0,"player_choice":"Purged","damage_taken":0,"max_hp_gain":0,"max_hp_loss":0,"event_name":"Purifier","floor":22,"gold_loss":0}],"is_beta":false,"boss_relics":[{"not_picked":["Runic Pyramid","Astrolabe"],"picked":"SlaversCollar"},{"not_picked":["Cursed Key","Sozu"],"picked":"Empty Cage"}],"items_purged_floors":[3,11,19,36,46],"is_endless":false,"potions_floor_spawned":[1,4,16,21,31,41,44,47,48],"ascension_level":0}}