{"host":"6aycdg1azw3gf4o9","time":1611317472,"event":{"mods":["Arknights The Spire","BaseMod","CapriCore","Marisa£®ÏF”Í°°ƒß¿Ì…≥£©","Minty Spire (QoL Compilation)","READ ME - Guardian Mod","Remilia£®¿Ÿ√◊¿Ú—«£©","StSLib"],"gold_per_floor":[115,115,132,132,147,147,222,242,317,317,328,5,5,21,21,121,121,138,0,16,16,33,33,11,31,81,81,102,102,102,111,111,111,111],"floor_reached":33,"language":"ZHS","playtime":2062,"items_purged":[],"score":237,"play_id":"6264b15b-d9f5-4598-87c8-c62fa1d477fe","local_time":"20210122201112","is_ascension_mode":false,"campfire_choices":[{"data":"ats:Emotion Absorption","floor":6.0,"key":"SMITH"},{"data":"ats:Closed Bolt Burst Fire","floor":10,"key":"SMITH"},{"data":"ats:Apocalypse","floor":13,"key":"SMITH"},{"data":"ats:Dogmatic Field","floor":15,"key":"SMITH"},{"data":"ats:Beaten Up","floor":23,"key":"SMITH"},{"data":"ats:Composite Medical Shells","floor":27,"key":"SMITH"},{"data":"ats:Song Of Battle","floor":30,"key":"SMITH"},{"data":"J.A.X.","floor":32,"key":"SMITH"}],"circlet_count":0,"master_deck":["ats:Strike C","ats:Strike G","ats:Strike S","ats:Strike V","ats:Armor Crushing Shot","ats:Defend","ats:Defend","ats:Defend","ats:Defend","ats:Emotion Absorption+1","ats:Cat Scratch","ats:Apocalypse+1","ats:Curse Doll","ats:Closed Bolt Burst Fire+1","ats:Nebulous Foxfire","ats:LN2 Cannon","ats:Song Of Battle+1","ats:Leaping Hammer","ats:Shell Defense","ats:Flexible Camouflage","ats:Serious Mode","ats:Dogmatic Field+1","ats:Shadow Assault","ats:Directed Diagnosis","ats:Composite Medical Shells+1","ats:Sashimi Platter","ats:Beaten Up+1","ats:Healing Drone+1","ats:Apocalypse","ats:Powerful Strike+1","ats:Sword Rain","J.A.X.+1"],"relics":["ats:Sanity","NeowsBlessing","Bottled Flame","Orrery","Sozu","CeramicFish","Enchiridion"],"acts_visited":["Exordium","TheCity"],"potions_floor_usage":[16,16],"damage_taken":[{"damage":0.0,"enemies":"Small Slimes","floor":1.0,"turns":1.0},{"damage":0.0,"enemies":"2 Louse","floor":3.0,"turns":1.0},{"damage":0.0,"enemies":"Cultist","floor":5.0,"turns":1.0},{"damage":14,"enemies":"Looter","floor":8,"turns":5},{"damage":12,"enemies":"Exordium Thugs","floor":11,"turns":4},{"damage":21,"enemies":"Blue Slaver","floor":14,"turns":4},{"damage":92,"enemies":"Hexaghost","floor":16,"turns":14},{"damage":19,"enemies":"Shell Parasite","floor":18,"turns":8},{"damage":44,"enemies":"3 Byrds","floor":20,"turns":7},{"damage":18,"enemies":"Snake Plant","floor":22,"turns":4},{"damage":63,"enemies":"Shelled Parasite and Fungi","floor":25,"turns":8},{"damage":23,"enemies":"Snecko","floor":28,"turns":4},{"damage":115,"enemies":"Collector","floor":33,"turns":9}],"seed_played":"-7104080154606576298","potions_obtained":[{"floor":1.0,"key":"Swift Potion"},{"floor":3.0,"key":"EssenceOfSteel"},{"floor":8,"key":"Swift Potion"}],"is_trial":false,"path_per_floor":["M","?","M","?","M","R","?","M","T","R","M","$","R","M","R","B",null,"M","$","M","?","M","R","$","M","T","R","M","?","R","?","R","B"],"character_chosen":"DOCTOR_CLASS","items_purchased":["ats:LN2 Cannon","ats:Song Of Battle","ats:Leaping Hammer","Orrery","ats:Composite Medical Shells","ats:Sashimi Platter","ats:Apocalypse"],"campfire_rested":0,"item_purchase_floors":[12,12,12,12,19,19,24],"current_hp_per_floor":[72,72,72,72,72,72,65,61,61,61,54,54,54,43,43,15,72,63,63,59,46,51,51,51,70,70,70,50,34,34,34,34,0,0],"gold":111,"neow_bonus":"THREE_ENEMY_KILL","is_daily":false,"chose_seed":false,"campfire_upgraded":8,"win_rate":0.0,"timestamp":1611317472,"path_taken":["M","?","M","?","M","R","?","?","T","R","M","$","R","M","R","BOSS","M","$","M","?","M","R","?","M","T","R","M","?","R","?","R","BOSS"],"items_purchased_type":["Card","Card","Card","Relic","Card","Card","Card"],"build_version":"2020-12-22","purchased_purges":0,"victory":false,"max_hp_per_floor":[72,72,72,72,72,72,72,72,72,72,72,72,72,72,72,72,72,72,72,72,77,77,77,77,77,77,77,77,77,77,77,77,77,77],"card_choices":[{"not_picked":["ats:Encircling Forest","ats:Soul Absorption"],"picked":"ats:Cat Scratch","floor":1.0},{"not_picked":["ats:Sashimi Platter","ats:Flexible Camouflage"],"picked":"ats:Apocalypse","floor":3.0},{"not_picked":["ats:Powerful Strike","ats:Childhood Dance"],"picked":"ats:Curse Doll","floor":5.0},{"not_picked":["ats:Revitalization","ats:Part Time Job"],"picked":"ats:Closed Bolt Burst Fire","floor":8},{"not_picked":["ats:Revitalization","ats:Leaping Hammer"],"picked":"ats:Nebulous Foxfire","floor":11},{"not_picked":["ats:Magnetic Hammer","ats:Apocalypse"],"picked":"ats:Shell Defense","floor":12},{"not_picked":["ats:Ignite","ats:Thermite Blade"],"picked":"ats:Flexible Camouflage","floor":12},{"not_picked":["ats:Leaping Hammer","ats:Consecutive Shot Auto"],"picked":"ats:Serious Mode","floor":12},{"not_picked":["ats:Poison Spread","ats:Very Hot Blade"],"picked":"ats:Dogmatic Field","floor":14},{"not_picked":["ats:Durian","ats:True Silver Slash"],"picked":"ats:Shadow Assault","floor":16},{"not_picked":["ats:Thermite Blade","ats:Cat Scratch"],"picked":"ats:Directed Diagnosis","floor":18},{"not_picked":["ats:Explosion Area Strengthen+1","ats:Very Hot Blade"],"picked":"ats:Beaten Up","floor":20},{"not_picked":["ats:Flexible Camouflage","ats:Closed Bolt Burst Fire"],"picked":"ats:Healing Drone+1","floor":22},{"not_picked":["ats:Apocalypse+1","ats:Leaping Hammer"],"picked":"ats:Powerful Strike+1","floor":25},{"not_picked":["ats:Charging Defense","ats:Leaping Hammer"],"picked":"ats:Sword Rain","floor":28}],"player_experience":433728,"relics_obtained":[{"floor":9,"key":"Bottled Flame"},{"floor":26,"key":"CeramicFish"},{"floor":29,"key":"Enchiridion"}],"event_choices":[{"damage_healed":0.0,"max_hp_gain":0.0,"max_hp_loss":0.0,"gold_gain":0.0,"event_name":"The Cleric","player_choice":"Leave","floor":2.0,"gold_loss":0.0,"damage_taken":0.0},{"damage_healed":0.0,"max_hp_gain":0.0,"max_hp_loss":0.0,"gold_gain":0.0,"event_name":"Golden Wing","player_choice":"Ignored","floor":4.0,"gold_loss":0.0,"damage_taken":0.0},{"damage_healed":0,"gold_gain":75,"player_choice":"Touch","damage_taken":7,"max_hp_gain":0,"max_hp_loss":0,"event_name":"FaceTrader","floor":7,"gold_loss":0},{"damage_healed":0,"gold_gain":0,"player_choice":"Shed Blood","damage_taken":18,"max_hp_gain":5,"max_hp_loss":0,"event_name":"Forgotten Altar","floor":21,"gold_loss":0},{"damage_healed":0,"gold_gain":0,"player_choice":"Obtained Book","damage_taken":16,"max_hp_gain":0,"max_hp_loss":0,"event_name":"Cursed Tome","floor":29,"gold_loss":0},{"damage_healed":0,"gold_gain":0,"player_choice":"Obtain J.A.X.","damage_taken":0,"max_hp_gain":0,"max_hp_loss":0,"event_name":"Drug Dealer","floor":31,"gold_loss":0,"cards_obtained":["J.A.X."]}],"is_beta":false,"boss_relics":[{"not_picked":["ats:Tactical Delivery","Busted Crown"],"picked":"Sozu"}],"items_purged_floors":[],"is_endless":false,"potions_floor_spawned":[1,3,8,20,25],"killed_by":"Collector","ascension_level":0}}