{"host":"s41rn2jhghpwfrvz","time":1611332421,"event":{"mods":["BaseMod","Minty Spire (QoL Compilation)","Quick Restart","Relic Stats","SuperFastMode"],"gold_per_floor":[111,111,111,128,141,175,175,100,148,148,183,183,200,231,231,306,306,317,317,46,74,85,116,116,131,131,231,248,266,293,322,322,400,400,410,285,296,316,341,373,389,389,442,458,474,424,456,456,456,456,456,456,456,44,74,74],"floor_reached":57,"language":"ENG","playtime":1959,"items_purged":["Warcry","Hemokinesis","Evaluate+1","Skewer+1"],"score":3020,"play_id":"5624d8cd-c38f-4f61-ac29-4a9385e64d2c","local_time":"20210122182021","daily_mods":["SealedDeck","Diverse","DeadlyEvents"],"is_ascension_mode":true,"campfire_choices":[{"data":"Flex","floor":7,"key":"SMITH"},{"data":"Acrobatics","floor":12,"key":"SMITH"},{"data":"Evaluate","floor":15,"key":"SMITH"},{"floor":24,"key":"RECALL"},{"floor":32,"key":"REST"}],"circlet_count":0,"master_deck":["AscendersBane","Fire Breathing","Flex+1","Self Repair","Pommel Strike+1","Acrobatics+1","Limit Break","Limit Break","Shrug It Off","Backflip","Turbo+1","Madness+1","Deep Breath+1"],"relics":["Burning Blood","Regal Pillow","Thread and Needle","Whetstone","Oddly Smooth Stone","StrikeDummy","Fusion Hammer","OrangePellets","Prayer Wheel","Pear","Ginger","Toxic Egg 2","Pantograph","Lantern","Coffee Dripper","Pocketwatch","Ancient Tea Set","Smiling Mask","Lizard Tail","Mummified Hand","White Beast Statue"],"acts_visited":["Exordium","TheCity","TheBeyond","TheEnding"],"potions_floor_usage":[11,16,56,56],"damage_taken":[{"damage":16,"enemies":"Small Slimes","floor":1,"turns":3},{"damage":15,"enemies":"2 Louse","floor":4,"turns":2},{"damage":8,"enemies":"Jaw Worm","floor":5,"turns":3},{"damage":59,"enemies":"Gremlin Nob","floor":6,"turns":4},{"damage":16,"enemies":"Lagavulin","floor":11,"turns":5},{"damage":1,"enemies":"Exordium Wildlife","floor":13,"turns":3},{"damage":7,"enemies":"Gremlin Nob","floor":14,"turns":3},{"damage":21,"enemies":"Hexaghost","floor":16,"turns":7},{"damage":17,"enemies":"Shell Parasite","floor":18,"turns":2},{"damage":20,"enemies":"Book of Stabbing","floor":21,"turns":3},{"damage":0,"enemies":"Spheric Guardian","floor":22,"turns":2},{"damage":14,"enemies":"Gremlin Leader","floor":23,"turns":3},{"damage":28,"enemies":"Snake Plant","floor":25,"turns":3},{"damage":21,"enemies":"Colosseum Slavers","floor":27,"turns":4},{"damage":10,"enemies":"Colosseum Nobs","floor":27,"turns":5},{"damage":0,"enemies":"Centurion and Healer","floor":28,"turns":4},{"damage":6,"enemies":"Shelled Parasite and Fungi","floor":29,"turns":4},{"damage":28,"enemies":"Book of Stabbing","floor":30,"turns":5},{"damage":21,"enemies":"Slavers","floor":31,"turns":4},{"damage":0,"enemies":"Collector","floor":33,"turns":5},{"damage":2,"enemies":"3 Shapes","floor":35,"turns":4},{"damage":9,"enemies":"3 Darklings","floor":37,"turns":3},{"damage":0,"enemies":"Sphere and 2 Shapes","floor":38,"turns":3},{"damage":0,"enemies":"Mind Bloom Boss Battle","floor":39,"turns":3},{"damage":0,"enemies":"Giant Head","floor":40,"turns":3},{"damage":0,"enemies":"Spire Growth","floor":41,"turns":2},{"damage":7,"enemies":"4 Shapes","floor":44,"turns":3},{"damage":5,"enemies":"Jaw Worm Horde","floor":45,"turns":3},{"damage":8,"enemies":"Reptomancer","floor":47,"turns":3},{"damage":5,"enemies":"Donu and Deca","floor":50,"turns":3},{"damage":72,"enemies":"Time Eater","floor":51,"turns":7},{"damage":0,"enemies":"Shield and Spear","floor":55,"turns":2},{"damage":72,"enemies":"The Heart","floor":56,"turns":6}],"seed_played":"1148265553409912479","potions_obtained":[{"floor":5,"key":"PowerPotion"},{"floor":13,"key":"SkillPotion"},{"floor":16,"key":"EntropicBrew"},{"floor":18,"key":"Explosive Potion"},{"floor":23,"key":"SpeedPotion"}],"is_trial":true,"path_per_floor":["M","?","?","M","M","E","R","$","T","?","E","R","M","E","R","B",null,"M","?","$","E","M","E","R","M","T","?","M","M","E","E","R","B",null,"M","$","M","M","?","E","M","R","T","M","M","$","E","?","R","B","B",null,"R","$","E","B",null],"character_chosen":"IRONCLAD","items_purchased":["OrangePellets","Deep Breath+1","Mummified Hand","PowerPotion"],"campfire_rested":1,"item_purchase_floors":[20,54,54,54],"current_hp_per_floor":[65,65,60,58,63,17,17,17,17,17,14,14,26,32,32,24,62,58,58,58,51,57,66,66,51,51,46,59,66,51,43,83,85,85,85,85,85,85,85,85,85,85,85,85,85,85,85,75,75,85,26,70,70,70,83,26],"gold":74,"neow_bonus":"","is_daily":false,"chose_seed":false,"campfire_upgraded":3,"win_rate":0.0,"timestamp":1611332421,"path_taken":["M","?","?","M","M","E","R","$","T","?","?","R","M","E","R","BOSS","M","?","$","?","M","E","R","?","T","?","?","M","?","E","R","BOSS","M","$","M","M","?","E","M","R","T","M","M","$","E","?","R","BOSS","BOSS","R","$","E","BOSS"],"items_purchased_type":["Relic","Card","Relic","Potion"],"build_version":"2020-12-22","purchased_purges":4,"victory":true,"max_hp_per_floor":[75,75,75,75,75,75,75,75,75,75,75,75,75,75,75,75,75,75,75,75,75,75,85,85,85,85,85,85,85,85,85,85,85,85,85,85,85,85,85,85,85,85,85,85,85,85,85,85,85,85,85,85,85,85,85,85],"relic_stats":{"Regal Pillow":15,"counters":[33,119],"Whetstone":["Skewer","Pommel Strike"],"Ginger":[13],"Smiling Mask":100,"Burning Blood":162,"OrangePellets":[34],"Lizard Tail":0,"Mummified Hand":[4],"Pantograph":14,"Prayer Wheel":10,"obtain_stats":[{"Regal Pillow":3,"Lantern":31,"Pear":23,"Oddly Smooth Stone":11,"Thread and Needle":6,"Whetstone":9,"Ginger":27,"Ancient Tea Set":40,"Smiling Mask":43,"Burning Blood":0,"White Beast Statue":55,"OrangePellets":20,"Lizard Tail":47,"Mummified Hand":54,"Pantograph":30,"Prayer Wheel":21,"Fusion Hammer":17,"Coffee Dripper":34,"Toxic Egg 2":27,"StrikeDummy":14,"Pocketwatch":39},{"Regal Pillow":1,"Lantern":19,"Pear":12,"Oddly Smooth Stone":5,"Thread and Needle":4,"Whetstone":4,"Ginger":15,"Ancient Tea Set":25,"Smiling Mask":26,"Burning Blood":0,"White Beast Statue":32,"OrangePellets":9,"Lizard Tail":29,"Mummified Hand":31,"Pantograph":18,"Prayer Wheel":10,"Fusion Hammer":8,"Coffee Dripper":20,"Toxic Egg 2":15,"StrikeDummy":7,"Pocketwatch":24},{"Regal Pillow":3,"Lantern":69,"Pear":40,"Oddly Smooth Stone":17,"Thread and Needle":12,"Whetstone":12,"Ginger":52,"Ancient Tea Set":90,"Smiling Mask":92,"Burning Blood":0,"White Beast Statue":113,"OrangePellets":32,"Lizard Tail":101,"Mummified Hand":111,"Pantograph":65,"Prayer Wheel":35,"Fusion Hammer":30,"Coffee Dripper":74,"Toxic Egg 2":52,"StrikeDummy":23,"Pocketwatch":87}],"Pocketwatch":[4]},"card_choices":[{"not_picked":["Body Slam","Bloodletting","Streamline"],"picked":"SKIP","floor":1},{"not_picked":["PiercingWail","Bludgeon","Dagger Throw"],"picked":"SKIP","floor":4},{"not_picked":["Perseverance","Hemokinesis","Sunder"],"picked":"SKIP","floor":5},{"not_picked":["CutThroughFate","Melter","Tempest"],"picked":"SKIP","floor":6},{"not_picked":["Hello World","Riddle With Holes","Scrape"],"picked":"SKIP","floor":11},{"not_picked":["Sunder","FlurryOfBlows","Defragment"],"picked":"SKIP","floor":13},{"not_picked":["Twin Strike","Wild Strike","Riddle With Holes"],"picked":"SKIP","floor":14},{"not_picked":["Core Surge","Doppelganger"],"picked":"Limit Break","floor":16},{"not_picked":["Weave","Dagger Spray+1","DeceiveReality"],"picked":"SKIP","floor":18},{"not_picked":["Prepared","Buffer"],"picked":"Shrug It Off","floor":21},{"not_picked":["SashWhip","Flechettes+1","Sanctity"],"picked":"SKIP","floor":22},{"not_picked":["FlurryOfBlows","Heavy Blade","Entrench+1"],"picked":"SKIP","floor":22},{"not_picked":["MentalFortress","Turbo"],"picked":"Backflip","floor":23},{"not_picked":["Bane+1","ReachHeaven","Steam Power"],"picked":"SKIP","floor":25},{"not_picked":["Outmaneuver","Underhanded Strike+1","Storm"],"picked":"SKIP","floor":25},{"not_picked":["Perseverance+1","Rebound"],"picked":"Turbo+1","floor":27},{"not_picked":["Night Terror+1","Shrug It Off+1","Infinite Blades"],"picked":"SKIP","floor":28},{"not_picked":["Dark Embrace","Rebound+1","FlyingSleeves"],"picked":"SKIP","floor":28},{"not_picked":["Deflect+1","Pommel Strike","Sword Boomerang+1"],"picked":"SKIP","floor":29},{"not_picked":["Sweeping Beam","PathToVictory+1","Evaluate+1"],"picked":"SKIP","floor":29},{"not_picked":["Clash","Conserve Battery+1","Deadly Poison+1"],"picked":"SKIP","floor":30},{"not_picked":["SashWhip+1","ClearTheMind+1","Sword Boomerang"],"picked":"SKIP","floor":31},{"not_picked":["Deadly Poison+1","Noxious Fumes","Stack+1"],"picked":"SKIP","floor":35},{"not_picked":["Clash","PathToVictory+1","Cleave"],"picked":"SKIP","floor":35},{"not_picked":["Crescendo+1","Compile Driver+1","JustLucky"],"picked":"SKIP","floor":37},{"not_picked":["Seeing Red+1","Prostrate+1","Bouncing Flask+1"],"picked":"SKIP","floor":37},{"not_picked":["Prepared+1","Beam Cell","Stack+1"],"picked":"SKIP","floor":38},{"not_picked":["Capacitor","FTL","Searing Blow"],"picked":"SKIP","floor":38},{"not_picked":["Stack+1","Creative AI","Disarm+1"],"picked":"SKIP","floor":40},{"not_picked":["FlurryOfBlows","SashWhip","Feel No Pain"],"picked":"SKIP","floor":41},{"not_picked":["True Grit+1","Well Laid Plans","ThirdEye+1"],"picked":"SKIP","floor":41},{"not_picked":["Feel No Pain","Underhanded Strike","Distraction+1"],"picked":"SKIP","floor":44},{"not_picked":["Hologram+1","Second Wind+1","Nirvana+1"],"picked":"SKIP","floor":44},{"not_picked":["All Out Attack","FollowUp","SashWhip+1"],"picked":"SKIP","floor":45},{"not_picked":["Bane","Headbutt","Beam Cell"],"picked":"SKIP","floor":45},{"not_picked":["Auto Shields+1","Prostrate+1","Double Energy+1"],"picked":"SKIP","floor":47},{"not_picked":["Discovery+1","Thinking Ahead+1"],"picked":"Madness+1","floor":48},{"not_picked":["CutThroughFate","Prepared+1","Wild Strike+1"],"picked":"SKIP","floor":55}],"player_experience":1825274,"relics_obtained":[{"floor":6,"key":"Thread and Needle"},{"floor":9,"key":"Whetstone"},{"floor":11,"key":"Oddly Smooth Stone"},{"floor":14,"key":"StrikeDummy"},{"floor":21,"key":"Prayer Wheel"},{"floor":23,"key":"Pear"},{"floor":27,"key":"Ginger"},{"floor":27,"key":"Toxic Egg 2"},{"floor":30,"key":"Pantograph"},{"floor":31,"key":"Lantern"},{"floor":39,"key":"Pocketwatch"},{"floor":40,"key":"Ancient Tea Set"},{"floor":43,"key":"Smiling Mask"},{"floor":47,"key":"Lizard Tail"},{"floor":55,"key":"White Beast Statue"}],"event_choices":[{"damage_healed":0,"gold_gain":0,"player_choice":"Ignored","damage_taken":0,"max_hp_gain":0,"max_hp_loss":0,"event_name":"Liars Game","floor":2,"gold_loss":0},{"damage_healed":0,"gold_gain":0,"player_choice":"Success","damage_taken":5,"relics_obtained":["Regal Pillow"],"max_hp_gain":0,"max_hp_loss":0,"event_name":"Scrap Ooze","floor":3,"gold_loss":0},{"damage_healed":0,"gold_gain":0,"player_choice":"Ignored","damage_taken":0,"max_hp_gain":0,"max_hp_loss":0,"event_name":"Shining Light","floor":10,"gold_loss":0},{"damage_healed":0,"gold_gain":0,"cards_transformed":["Warcry"],"player_choice":"Transformed","damage_taken":0,"max_hp_gain":0,"max_hp_loss":0,"event_name":"Transmorgrifier","floor":19,"gold_loss":0,"cards_obtained":["Limit Break"]},{"damage_healed":0,"gold_gain":0,"player_choice":"Fight","damage_taken":0,"max_hp_gain":0,"max_hp_loss":0,"event_name":"Colosseum","floor":27,"gold_loss":0},{"damage_healed":0,"gold_gain":0,"player_choice":"Fought Nobs","damage_taken":0,"max_hp_gain":0,"max_hp_loss":0,"event_name":"Colosseum","floor":27,"gold_loss":0},{"damage_healed":0,"gold_gain":0,"player_choice":"Fight","damage_taken":0,"max_hp_gain":0,"max_hp_loss":0,"event_name":"MindBloom","floor":39,"gold_loss":0},{"damage_healed":0,"gold_gain":0,"player_choice":"Memory 3","damage_taken":10,"max_hp_gain":0,"max_hp_loss":0,"event_name":"SensoryStone","floor":48,"gold_loss":0}],"is_beta":false,"boss_relics":[{"not_picked":["Calling Bell","Tiny House"],"picked":"Fusion Hammer"},{"not_picked":["Velvet Choker","SlaversCollar"],"picked":"Coffee Dripper"}],"items_purged_floors":[8,20,36,46],"is_endless":false,"potions_floor_spawned":[5,13,16,18,23,27,28,31,33,35,40,41],"ascension_level":20}}