{"host":"j4g6ia6asvpyu2b0","time":1611278735,"event":{"mods":["BaseMod","Colored Map","Minty Spire (QoL Compilation)","Permanent Neow","Quick Restart","Relic Stats","StSLib","Unceasing Turn Reminder"],"gold_per_floor":[365,377,677,852,869,900,462,487,487,487,501,531,564,577,577,654,654,671,770,770,215,227,227,252,252,299,328,85,102,102,131,131,205,205,217,229,244,244,269,301,351,376,376,410,410,442,442,461,461,461,461,461,4,32,32],"floor_reached":56,"language":"ENG","playtime":2244,"items_purged":["Doubt","Strike_R","Strike_R"],"score":2506,"play_id":"082f7028-d19b-420f-8c49-9d194224ab2d","local_time":"20210121182535","is_ascension_mode":true,"campfire_choices":[{"floor":10.0,"key":"REST"},{"data":"Limit Break","floor":15.0,"key":"SMITH"},{"data":"Uppercut","floor":23,"key":"SMITH"},{"data":"Immolate","floor":25,"key":"SMITH"},{"data":"Armaments","floor":32,"key":"SMITH"},{"floor":49,"key":"RECALL"},{"data":"Corruption","floor":52,"key":"SMITH"}],"circlet_count":0,"master_deck":["AscendersBane","Defend_R","Defend_R+1","Defend_R","Defend_R","Bash","Armaments+1","Body Slam","Hemokinesis","Berserk","Immolate+1","Inflame","Limit Break+1","Shrug It Off","Headbutt","Anger","Limit Break+1","Fiend Fire+1","Sentinel+1","Uppercut+1","Shockwave","Pommel Strike","True Grit","Metallicize","Inflame","Ghostly Armor","Double Tap","Inflame","Havoc+1","Pommel Strike","Disarm+1","Heavy Blade","Feel No Pain","Body Slam","Corruption+1","Madness+1","Madness","Offering","Battle Trance","Havoc","Warcry","Pummel","Spot Weakness"],"relics":["Burning Blood","Old Coin","Bird Faced Urn","Happy Flower","Potion Belt","FossilizedHelix","Nunchaku","Strawberry","Astrolabe","Incense Burner","Toolbox","Thread and Needle","White Beast Statue","Membership Card","HornCleat","Philosopher\u0027s Stone","Ice Cream","Bottled Lightning","Dead Branch","Pen Nib","The Courier","Gremlin Horn","Sundial","Bag of Marbles","Orrery","Toy Ornithopter","Red Skull","Anchor","Oddly Smooth Stone","War Paint","Paper Frog"],"acts_visited":["Exordium","TheCity","TheBeyond","TheEnding"],"potions_floor_usage":[16,16,27,35,36,41,44,55,55],"damage_taken":[{"damage":3.0,"enemies":"2 Louse","floor":1.0,"turns":4.0},{"damage":5.0,"enemies":"Small Slimes","floor":2.0,"turns":3.0},{"damage":1.0,"enemies":"Cultist","floor":5.0,"turns":3.0},{"damage":43.0,"enemies":"3 Sentries","floor":6.0,"turns":12.0},{"damage":2.0,"enemies":"Gremlin Nob","floor":8.0,"turns":2.0},{"damage":0.0,"enemies":"3 Louse","floor":11.0,"turns":1.0},{"damage":17.0,"enemies":"Lagavulin","floor":13.0,"turns":6.0},{"damage":10.0,"enemies":"Exordium Thugs","floor":14.0,"turns":5.0},{"damage":32,"enemies":"Hexaghost","floor":16,"turns":5},{"damage":11,"enemies":"2 Thieves","floor":18,"turns":2},{"damage":0,"enemies":"Chosen","floor":22,"turns":5},{"damage":13,"enemies":"Slavers","floor":24,"turns":4},{"damage":0,"enemies":"Gremlin Leader","floor":27,"turns":5},{"damage":6,"enemies":"3 Cultists","floor":29,"turns":5},{"damage":30,"enemies":"Book of Stabbing","floor":31,"turns":5},{"damage":2,"enemies":"Collector","floor":33,"turns":8},{"damage":0,"enemies":"3 Shapes","floor":35,"turns":2},{"damage":0,"enemies":"Orb Walker","floor":36,"turns":3},{"damage":3,"enemies":"3 Darklings","floor":37,"turns":6},{"damage":11,"enemies":"Mind Bloom Boss Battle","floor":39,"turns":8},{"damage":7,"enemies":"Nemesis","floor":40,"turns":5},{"damage":2,"enemies":"2 Orb Walkers","floor":41,"turns":3},{"damage":0,"enemies":"Giant Head","floor":42,"turns":6},{"damage":14,"enemies":"Nemesis","floor":44,"turns":5},{"damage":0,"enemies":"Giant Head","floor":46,"turns":4},{"damage":0,"enemies":"Jaw Worm Horde","floor":48,"turns":1},{"damage":42,"enemies":"Donu and Deca","floor":50,"turns":7},{"damage":0,"enemies":"Shield and Spear","floor":54,"turns":5},{"damage":6,"enemies":"The Heart","floor":55,"turns":5}],"seed_played":"-1625240967750704837","potions_obtained":[{"floor":2.0,"key":"FearPotion"},{"floor":8.0,"key":"SteroidPotion"},{"floor":13.0,"key":"SneckoOil"},{"floor":18,"key":"ColorlessPotion"},{"floor":22,"key":"Fire Potion"},{"floor":29,"key":"AttackPotion"},{"floor":31,"key":"BloodPotion"},{"floor":33,"key":"FearPotion"},{"floor":35,"key":"SpeedPotion"},{"floor":36,"key":"FearPotion"},{"floor":37,"key":"FairyPotion"},{"floor":39,"key":"CultistPotion"},{"floor":41,"key":"Swift Potion"},{"floor":44,"key":"BloodPotion"},{"floor":46,"key":"SteroidPotion"}],"is_trial":false,"path_per_floor":["M","M","?","?","M","E","$","E","T","R","M","?","E","M","R","B",null,"M","?","?","$","M","R","E","R","T","E","$","M","?","E","R","B",null,"M","M","M","?","?","E","?","E","T","E","?","E","?","M","R","B",null,"R","$","E","B",null],"character_chosen":"IRONCLAD","items_purchased":["Happy Flower","Immolate","Inflame","Fire Potion","Incense Burner","Toolbox","Membership Card","Metallicize","Bag of Marbles","Orrery","Toy Ornithopter","Red Skull","Anchor","Oddly Smooth Stone","War Paint","Pummel"],"campfire_rested":1,"item_purchase_floors":[7,7,7,7,21,21,28,28,53,53,53,53,53,53,53,53],"current_hp_per_floor":[53,54,47,47,52,15,15,19,19,41,47,47,47,47,47,23,67,64,64,64,64,74,74,69,69,69,79,79,81,81,60,60,72,80,82,82,82,82,81,81,82,82,82,82,72,82,82,82,82,52,75,75,75,82,82],"gold":32,"neow_bonus":"TWO_FIFTY_GOLD","is_daily":false,"chose_seed":false,"campfire_upgraded":5,"win_rate":0.0,"timestamp":1611278735,"path_taken":["M","M","?","?","M","E","$","E","T","R","M","?","E","M","R","BOSS","M","?","?","$","?","R","E","R","T","E","$","M","?","E","R","BOSS","M","M","M","?","?","E","?","E","T","E","?","E","?","M","R","BOSS","R","$","E","BOSS"],"items_purchased_type":["Relic","Card","Card","Potion","Relic","Relic","Relic","Card","Relic","Relic","Relic","Relic","Relic","Relic","Relic","Card"],"build_version":"2020-12-22","purchased_purges":3,"victory":true,"max_hp_per_floor":[75,75,75,75,75,75,75,75,75,75,75,75,82,82,82,82,82,82,82,82,82,82,82,82,82,82,82,82,82,82,82,82,82,82,82,82,82,82,82,82,82,82,82,82,82,82,82,82,82,82,82,82,82,82,82],"relic_stats":{"Happy Flower":[37],"Gremlin Horn":[2,2],"counters":[29,135],"Astrolabe":["Reckless Charge","Fiend Fire","Sentinel"],"Dead Branch":[93],"Pen Nib":[6],"War Paint":["Defend_R","Madness"],"Burning Blood":127,"Nunchaku":[19],"Sundial":[0],"Bird Faced Urn":[78],"obtain_stats":[{"Ice Cream":39,"Gremlin Horn":44,"Incense Burner":21,"Burning Blood":0,"Old Coin":3,"Nunchaku":12,"HornCleat":31,"Sundial":46,"Strawberry":13,"Toolbox":21,"Philosopher\u0027s Stone":34,"Red Skull":53,"Paper Frog":54,"Potion Belt":8,"Happy Flower":7,"Astrolabe":17,"Dead Branch":41,"Oddly Smooth Stone":53,"Thread and Needle":24,"Pen Nib":42,"The Courier":43,"War Paint":53,"White Beast Statue":27,"Anchor":53,"Bird Faced Urn":6,"Orrery":53,"Bag of Marbles":53,"Membership Card":28,"Bottled Lightning":40,"FossilizedHelix":9,"Toy Ornithopter":53},{"Ice Cream":20,"Gremlin Horn":24,"Incense Burner":10,"Burning Blood":0,"Old Coin":2,"Nunchaku":6,"HornCleat":15,"Sundial":25,"Strawberry":7,"Toolbox":10,"Philosopher\u0027s Stone":16,"Red Skull":27,"Paper Frog":28,"Potion Belt":5,"Happy Flower":4,"Astrolabe":9,"Dead Branch":22,"Oddly Smooth Stone":27,"Thread and Needle":12,"Pen Nib":23,"The Courier":23,"War Paint":27,"White Beast Statue":13,"Anchor":27,"Bird Faced Urn":4,"Orrery":27,"Bag of Marbles":27,"Membership Card":13,"Bottled Lightning":21,"FossilizedHelix":5,"Toy Ornithopter":27},{"Ice Cream":94,"Gremlin Horn":113,"Incense Burner":43,"Burning Blood":0,"Old Coin":7,"Nunchaku":25,"HornCleat":67,"Sundial":117,"Strawberry":31,"Toolbox":43,"Philosopher\u0027s Stone":75,"Red Skull":125,"Paper Frog":130,"Potion Belt":24,"Happy Flower":22,"Astrolabe":41,"Dead Branch":102,"Oddly Smooth Stone":125,"Thread and Needle":52,"Pen Nib":108,"The Courier":108,"War Paint":125,"White Beast Statue":57,"Anchor":125,"Bird Faced Urn":22,"Orrery":125,"Bag of Marbles":125,"Membership Card":57,"Bottled Lightning":99,"FossilizedHelix":24,"Toy Ornithopter":125}],"Toy Ornithopter":0},"card_choices":[{"not_picked":["Clash","Wild Strike"],"picked":"Armaments","floor":1.0},{"not_picked":["Wild Strike","Clash"],"picked":"Body Slam","floor":2.0},{"not_picked":["Rupture","Flex"],"picked":"Hemokinesis","floor":5.0},{"not_picked":["Flex","Body Slam"],"picked":"Berserk","floor":6.0},{"not_picked":["Clothesline","Juggernaut"],"picked":"Limit Break","floor":8.0},{"not_picked":["Pummel","Warcry"],"picked":"Shrug It Off","floor":11.0},{"not_picked":["Pommel Strike","Sentinel"],"picked":"Headbutt","floor":13.0},{"not_picked":["Bloodletting","Armaments"],"picked":"Anger","floor":14.0},{"not_picked":["Exhume","Berserk"],"picked":"Limit Break","floor":16},{"not_picked":["Iron Wave","Perfected Strike"],"picked":"Uppercut","floor":18},{"not_picked":["Dropkick","Perfected Strike"],"picked":"Shockwave","floor":22},{"not_picked":["Perfected Strike","Clash"],"picked":"Pommel Strike","floor":24},{"not_picked":["Thunderclap","Iron Wave"],"picked":"True Grit","floor":27},{"not_picked":["Anger","Dropkick","Warcry"],"picked":"SKIP","floor":29},{"not_picked":["Anger","Rampage"],"picked":"Ghostly Armor","floor":31},{"not_picked":["Brutality","Juggernaut"],"picked":"Double Tap","floor":33},{"not_picked":["Wild Strike","Iron Wave"],"picked":"Inflame","floor":35},{"not_picked":["Burning Pact","Warcry"],"picked":"Havoc+1","floor":36},{"not_picked":["Wild Strike","Rage"],"picked":"Pommel Strike","floor":37},{"not_picked":["Clash","Heavy Blade"],"picked":"Disarm+1","floor":39},{"not_picked":["Power Through+1","Searing Blow"],"picked":"Heavy Blade","floor":40},{"not_picked":["Metallicize","Heavy Blade"],"picked":"Feel No Pain","floor":41},{"not_picked":["Clothesline","Twin Strike"],"picked":"Body Slam","floor":42},{"not_picked":["Fire Breathing","Havoc+1"],"picked":"Corruption","floor":44},{"not_picked":["Armaments","Wild Strike+1"],"picked":"Offering","floor":46},{"not_picked":["Sever Soul","Blood for Blood+1"],"picked":"Battle Trance","floor":48},{"not_picked":["Burning Pact","Clothesline"],"picked":"Havoc","floor":53},{"not_picked":["Anger+1","Bludgeon"],"picked":"Warcry","floor":53},{"not_picked":["Havoc","Wild Strike"],"picked":"Spot Weakness","floor":54}],"player_experience":921749,"relics_obtained":[{"floor":6.0,"key":"Bird Faced Urn"},{"floor":8.0,"key":"Potion Belt"},{"floor":9.0,"key":"FossilizedHelix"},{"floor":13.0,"key":"Strawberry"},{"floor":24,"key":"Thread and Needle"},{"floor":27,"key":"White Beast Statue"},{"floor":31,"key":"HornCleat"},{"floor":39,"key":"Ice Cream"},{"floor":40,"key":"Bottled Lightning"},{"floor":41,"key":"Dead Branch"},{"floor":42,"key":"Pen Nib"},{"floor":43,"key":"The Courier"},{"floor":44,"key":"Gremlin Horn"},{"floor":46,"key":"Sundial"},{"floor":54,"key":"Paper Frog"}],"event_choices":[{"damage_healed":0.0,"max_hp_gain":0.0,"max_hp_loss":0.0,"gold_gain":0.0,"event_name":"Scrap Ooze","player_choice":"Success","floor":3.0,"gold_loss":0.0,"damage_taken":7.0,"relics_obtained":["Old Coin"]},{"damage_healed":0.0,"max_hp_gain":0.0,"max_hp_loss":0.0,"gold_gain":175.0,"event_name":"Liars Game","player_choice":"AGREE","floor":4.0,"gold_loss":0.0,"damage_taken":0.0,"cards_obtained":["Doubt"]},{"damage_healed":0.0,"max_hp_gain":0.0,"max_hp_loss":0.0,"gold_gain":30.0,"event_name":"Dead Adventurer","player_choice":"Searched \u00272\u0027 times","floor":12.0,"gold_loss":0.0,"damage_taken":0.0,"relics_obtained":["Nunchaku"]},{"damage_healed":0,"gold_gain":99,"player_choice":"Stole From Cult","damage_taken":0,"max_hp_gain":0,"max_hp_loss":0,"event_name":"Nest","floor":19,"gold_loss":0},{"damage_healed":0,"gold_gain":0,"player_choice":"Upgraded","damage_taken":0,"max_hp_gain":0,"max_hp_loss":0,"event_name":"Upgrade Shrine","floor":20,"gold_loss":0,"cards_upgraded":["Limit Break"]},{"damage_healed":0,"gold_gain":0,"player_choice":"Copied","damage_taken":0,"max_hp_gain":0,"max_hp_loss":0,"event_name":"Duplicator","floor":30,"gold_loss":0,"cards_obtained":["Inflame"]},{"damage_healed":0,"gold_gain":0,"player_choice":"Ignored","damage_taken":0,"max_hp_gain":0,"max_hp_loss":0,"event_name":"Tomb of Lord Red Mask","floor":38,"gold_loss":0},{"damage_healed":0,"gold_gain":0,"player_choice":"Fight","damage_taken":0,"max_hp_gain":0,"max_hp_loss":0,"event_name":"MindBloom","floor":39,"gold_loss":0},{"damage_healed":0,"gold_gain":0,"player_choice":"Fight","damage_taken":0,"max_hp_gain":0,"max_hp_loss":0,"event_name":"Mysterious Sphere","floor":41,"gold_loss":0},{"damage_healed":0,"gold_gain":0,"player_choice":"Embrace Madness","damage_taken":10,"max_hp_gain":0,"max_hp_loss":0,"event_name":"Winding Halls","floor":45,"gold_loss":0,"cards_obtained":["Madness","Madness"]},{"cards_removed":["Reckless Charge"],"damage_healed":0,"gold_gain":0,"player_choice":"Card Removal","damage_taken":0,"max_hp_gain":0,"max_hp_loss":0,"event_name":"Wheel of Change","floor":47,"gold_loss":0}],"is_beta":false,"boss_relics":[{"not_picked":["Tiny House","Black Blood"],"picked":"Astrolabe"},{"not_picked":["Calling Bell","SlaversCollar"],"picked":"Philosopher\u0027s Stone"}],"items_purged_floors":[7,21,28],"is_endless":false,"potions_floor_spawned":[2,8,13,18,22,29,31,33,35,36,37,39,40,41,42,44,46,48,54],"ascension_level":14}}