{"host":"vumwfieg2b2mnrfl","time":1611277353,"event":{"mods":["AchievementEnabler","BaseMod","Minty Spire (QoL Compilation)","Rare Cards Sparkle","Relic Stats"],"gold_per_floor":[119,185,185,20,20,20,52,52,52,32,42,62,92,106,106,106,106],"floor_reached":16,"language":"ENG","playtime":257,"items_purged":[],"score":259,"play_id":"1ce27828-6194-4c14-a5aa-1b09f464ddac","local_time":"20210121190233","is_ascension_mode":true,"campfire_choices":[{"data":"Night Terror","floor":6.0,"key":"SMITH"},{"data":"Neutralize","floor":8.0,"key":"SMITH"},{"floor":15,"key":"REST"}],"circlet_count":0,"master_deck":["AscendersBane","Strike_G","Strike_G","Strike_G","Strike_G","Defend_G","Defend_G+1","Defend_G","Defend_G+1","Defend_G","Survivor","Neutralize+1","Predator","Night Terror+1","Deadly Poison","Poisoned Stab","Catalyst","Dash"],"relics":["Ring of the Snake","NeowsBlessing","War Paint","Membership Card","Ancient Tea Set","InkBottle","Prayer Wheel"],"acts_visited":["Exordium"],"potions_floor_usage":[16],"damage_taken":[{"damage":0.0,"enemies":"Jaw Worm","floor":1.0,"turns":1.0},{"damage":0.0,"enemies":"3 Sentries","floor":7.0,"turns":1.0},{"damage":0.0,"enemies":"Small Slimes","floor":11.0,"turns":1.0},{"damage":0.0,"enemies":"2 Louse","floor":12.0,"turns":2.0},{"damage":24.0,"enemies":"Gremlin Nob","floor":13.0,"turns":4.0},{"damage":0.0,"enemies":"2 Fungi Beasts","floor":14.0,"turns":3.0},{"damage":48,"enemies":"Slime Boss","floor":16,"turns":6}],"seed_played":"286225363404170528","potions_obtained":[{"floor":1.0,"key":"GamblersBrew"},{"floor":10.0,"key":"EntropicBrew"},{"floor":13.0,"key":"PowerPotion"}],"is_trial":false,"path_per_floor":["M","?","?","$","?","R","E","R","T","?","M","M","E","M","R","B"],"character_chosen":"THE_SILENT","items_purchased":["Membership Card"],"campfire_rested":1,"item_purchase_floors":[4],"current_hp_per_floor":[59,59,41,41,41,41,41,41,41,41,41,41,17,17,36,0,0],"gold":106,"neow_bonus":"THREE_ENEMY_KILL","is_daily":false,"chose_seed":false,"campfire_upgraded":2,"win_rate":0.0,"timestamp":1611277353,"path_taken":["M","?","?","$","?","R","E","R","T","?","M","M","E","M","R","BOSS"],"items_purchased_type":["Relic"],"build_version":"2020-12-22","purchased_purges":0,"victory":false,"max_hp_per_floor":[66,66,66,66,66,66,66,66,66,66,66,66,66,66,66,66,66],"relic_stats":{"counters":[7,18],"Prayer Wheel":2,"War Paint":["Defend_G","Defend_G"],"obtain_stats":[{"NeowsBlessing":0,"Prayer Wheel":13,"Membership Card":4,"War Paint":3,"Ancient Tea Set":7,"InkBottle":9,"Ring of the Snake":0},{"NeowsBlessing":0,"Prayer Wheel":5,"Membership Card":1,"War Paint":1,"Ancient Tea Set":2,"InkBottle":2,"Ring of the Snake":0},{"NeowsBlessing":0,"Prayer Wheel":9,"Membership Card":1,"War Paint":1,"Ancient Tea Set":2,"InkBottle":2,"Ring of the Snake":0}],"InkBottle":[4],"Ring of the Snake":[14]},"card_choices":[{"not_picked":["Quick Slash","Well Laid Plans"],"picked":"Predator","floor":1.0},{"not_picked":["Finisher","Blade Dance"],"picked":"Deadly Poison","floor":7.0},{"not_picked":["Finisher","Skewer"],"picked":"Poisoned Stab","floor":11.0},{"not_picked":["Prepared","Endless Agony","Predator"],"picked":"SKIP","floor":12.0},{"not_picked":["Flechettes","Blur"],"picked":"Catalyst","floor":13.0},{"not_picked":["Cloak And Dagger","Outmaneuver"],"picked":"Dash","floor":14},{"not_picked":["Prepared","Flechettes","Dodge and Roll"],"picked":"SKIP","floor":14}],"player_experience":449111,"relics_obtained":[{"floor":7.0,"key":"Ancient Tea Set"},{"floor":9.0,"key":"InkBottle"},{"floor":13.0,"key":"Prayer Wheel"}],"event_choices":[{"damage_healed":0.0,"max_hp_gain":0.0,"max_hp_loss":0.0,"gold_gain":66.0,"event_name":"Golden Wing","player_choice":"Gained Gold","floor":2.0,"gold_loss":0.0,"damage_taken":0.0},{"damage_healed":0.0,"max_hp_gain":0.0,"max_hp_loss":0.0,"gold_gain":0.0,"event_name":"Scrap Ooze","player_choice":"Success","floor":3.0,"gold_loss":0.0,"damage_taken":18.0,"relics_obtained":["War Paint"]},{"damage_healed":0.0,"max_hp_gain":0.0,"max_hp_loss":0.0,"gold_gain":0.0,"cards_transformed":["Strike_G"],"event_name":"Living Wall","player_choice":"Change","floor":5.0,"gold_loss":0.0,"damage_taken":0.0,"cards_obtained":["Night Terror"]},{"damage_healed":0.0,"max_hp_gain":0.0,"max_hp_loss":0.0,"gold_gain":0.0,"event_name":"The Woman in Blue","player_choice":"Bought 1 Potion","floor":10.0,"gold_loss":0.0,"damage_taken":0.0}],"is_beta":false,"boss_relics":[],"items_purged_floors":[],"is_endless":false,"potions_floor_spawned":[1,11,13],"killed_by":"Slime Boss","ascension_level":19}}