{"host":"7fyy23rucerupe6i","time":1611309707,"event":{"mods":["AchievementEnabler","Act Like it!","Aspiration","Bard","BaseMod","Better Note","Better Vampires","BetterRewards","Colored Map","Colored Powertips","Conspire","Curses Come First","Custom Start","Downfall","Googly Eyes","Hermit","Mad Scientist","Minty Spire (QoL Compilation)","Quick Restart","Relic Stats","Shop Mod","ShortenTheSpire","Spicy Shops","StSLib","SuperFastMode","The Gatherer"],"gold_per_floor":[110,125,169,187,199,230,230,305,305,305,333,345,362,379,379,476,476,487,500,450,450,450,450],"floor_reached":21,"language":"ZHS","playtime":1162,"items_purged":["bronze:Strike"],"score":268,"play_id":"3032f711-98c3-4861-b47f-97031698fa44","local_time":"20210122180147","is_ascension_mode":false,"campfire_choices":[{"data":"bronze:MaxOutput","floor":7,"key":"SMITH"},{"data":"bronze:Return","floor":15,"key":"SMITH"}],"circlet_count":0,"master_deck":["bronze:Strike","bronze:Strike","bronze:Strike","bronze:Defend","bronze:Defend","bronze:Defend","bronze:Replicate","bronze:Goto","bronze:MaxOutput+1","bronze:Safeguard","bronze:Boost","bronze:DigitalCarnage","bronze:Safeguard","bronze:Mutator","bronze:Return+1","bronze:ClassDefault","bronze:ChildClass","bronze:HardenedForm","bronze:ChosenStrike"],"relics":["bronze:BronzeCore","bronze:DecasWashers","PreservedInsect","Omamori","Chemical X","CultistMask","Toy Ornithopter","StrikeDummy","conspire:DecoderRing","conspire:TopHat","expansioncontent:StudyCardRelic"],"acts_visited":["Exordium","TheCity"],"potions_floor_usage":[11,13,16],"damage_taken":[{"damage":1,"enemies":"Cultist","floor":1,"turns":3},{"damage":0,"enemies":"2 Louse","floor":2,"turns":3},{"damage":9,"enemies":"conspire:MimicChest","floor":3,"turns":8},{"damage":2,"enemies":"Jaw Worm","floor":4,"turns":5},{"damage":0,"enemies":"Large Slime","floor":5,"turns":4},{"damage":0,"enemies":"Gremlin Nob","floor":6,"turns":3},{"damage":1,"enemies":"3 Sentries","floor":11,"turns":4},{"damage":2,"enemies":"Red Slaver","floor":12,"turns":6},{"damage":0,"enemies":"Looter","floor":13,"turns":2},{"damage":0,"enemies":"Blue Slaver","floor":14,"turns":1},{"damage":0,"enemies":"Slime Boss","floor":16,"turns":6},{"damage":0,"enemies":"Chosen","floor":18,"turns":4},{"damage":20,"enemies":"2 Thieves","floor":19,"turns":4},{"damage":0,"enemies":"3 Cultists","floor":21,"turns":1}],"seed_played":"-3148512057139163106","potions_obtained":[{"floor":1,"key":"PowerPotion"},{"floor":4,"key":"Swift Potion"},{"floor":5,"key":"Swift Potion"},{"floor":12,"key":"AttackPotion"}],"is_trial":false,"path_per_floor":["M","M","?","M","M","E","R","?","T","?","E","M","M","M","R","B",null,"M","M","?","M"],"character_chosen":"THE_AUTOMATON","items_purchased":["bronze:DecasWashers","PreservedInsect","Omamori","Chemical X","bronze:MaxOutput"],"campfire_rested":0,"item_purchase_floors":[0,0,0,0,0],"current_hp_per_floor":[37,37,28,26,26,26,26,15,15,15,19,17,22,22,22,27,70,70,50,50,50,50,50],"gold":450,"neow_bonus":"","is_daily":false,"chose_seed":false,"campfire_upgraded":2,"win_rate":0.0,"timestamp":1611309707,"path_taken":["M","M","?","?","M","E","R","?","T","?","E","M","?","M","R","BOSS","M","M","?","M"],"items_purchased_type":["Relic","Relic","Relic","Relic","Card"],"build_version":"2020-12-22","purchased_purges":1,"victory":false,"max_hp_per_floor":[70,70,70,70,70,70,70,70,70,70,70,70,70,70,70,70,70,70,70,70,70,70,70],"relic_stats":{"counters":[27,86],"PreservedInsect":51,"Chemical X":[9],"obtain_stats":[{"Ice Cream":0,"Pear":9,"Torii":0,"bronze:DecasWashers":0,"Eternal Feather":11,"PreservedInsect":0,"Bag of Preparation":0,"Omamori":0,"expansioncontent:StudyCardRelic":17,"White Beast Statue":0,"conspire:TopHat":11,"Lizard Tail":0,"Ornamental Fan":0,"conspire:DecoderRing":9,"Molten Egg 2":0,"CultistMask":0,"Art of War":13,"Membership Card":0,"Chemical X":0,"StrikeDummy":6,"hexamod:SpiritBrand":0,"Toy Ornithopter":0},{"Ice Cream":0,"Pear":6,"Torii":11,"bronze:DecasWashers":13,"Eternal Feather":7,"PreservedInsect":13,"Bag of Preparation":11,"Omamori":13,"expansioncontent:StudyCardRelic":24,"White Beast Statue":11,"conspire:TopHat":20,"Lizard Tail":11,"Ornamental Fan":0,"conspire:DecoderRing":19,"Molten Egg 2":0,"CultistMask":13,"Art of War":9,"Membership Card":11,"Chemical X":13,"StrikeDummy":19,"hexamod:SpiritBrand":0,"Toy Ornithopter":11},{"Ice Cream":0,"Pear":13,"Torii":27,"bronze:DecasWashers":32,"Eternal Feather":16,"PreservedInsect":32,"Bag of Preparation":27,"Omamori":32,"expansioncontent:StudyCardRelic":77,"White Beast Statue":27,"conspire:TopHat":62,"Lizard Tail":27,"Ornamental Fan":0,"conspire:DecoderRing":58,"Molten Egg 2":0,"CultistMask":32,"Art of War":22,"Membership Card":27,"Chemical X":32,"StrikeDummy":58,"hexamod:SpiritBrand":0,"Toy Ornithopter":27}],"Toy Ornithopter":15},"card_choices":[{"not_picked":["bronze:Invalidate","bronze:ClassDefault"],"picked":"bronze:Safeguard","floor":1},{"not_picked":["bronze:Iterate","bronze:BugBarrage"],"picked":"bronze:Boost","floor":2},{"not_picked":["bronze:Constructor","bronze:BronzeOrb"],"picked":"bronze:DigitalCarnage","floor":3},{"not_picked":["bronze:BugBarrage","bronze:Frontload"],"picked":"bronze:Safeguard","floor":4},{"not_picked":["bronze:WhirlingStrike","bronze:Turbo"],"picked":"bronze:Mutator","floor":5},{"not_picked":["bronze:Refactor","bronze:BitShift","bronze:InfiniteBeams"],"picked":"SKIP","floor":6},{"not_picked":["bronze:BugBarrage","bronze:DelayedSlice","bronze:Allocate"],"picked":"SKIP","floor":11},{"not_picked":["bronze:DelayedSlice","bronze:InfiniteBeams"],"picked":"bronze:Return","floor":12},{"not_picked":["bronze:Refactor","bronze:Invalidate"],"picked":"bronze:ClassDefault","floor":13},{"not_picked":["bronze:Repair","bronze:Fortify"],"picked":"bronze:ChildClass","floor":14},{"not_picked":["bronze:Hardcode","bronze:RecursiveStrike"],"picked":"bronze:HardenedForm","floor":16},{"not_picked":["bronze:Branch+1","bronze:OilSpill","bronze:DelayedGuard"],"picked":"SKIP","floor":18},{"not_picked":["bronze:Deprecate","bronze:Constructor"],"picked":"bronze:ChosenStrike","floor":19}],"player_experience":358361,"relics_obtained":[{"floor":3,"key":"Toy Ornithopter"},{"floor":6,"key":"StrikeDummy"},{"floor":9,"key":"conspire:DecoderRing"},{"floor":11,"key":"conspire:TopHat"}],"event_choices":[{"damage_healed":0,"gold_gain":75,"player_choice":"Gather Gold","damage_taken":11,"max_hp_gain":0,"max_hp_loss":0,"event_name":"World of Goop","floor":8,"gold_loss":0},{"cards_removed":["bronze:Defend"],"damage_healed":0,"gold_gain":0,"player_choice":"Offered Basic","damage_taken":0,"max_hp_gain":0,"max_hp_loss":0,"event_name":"Bonfire Elementals","floor":10,"gold_loss":0},{"damage_healed":0,"gold_gain":0,"player_choice":"Bet on Murderer","damage_taken":0,"max_hp_gain":0,"max_hp_loss":0,"event_name":"The Joust","floor":20,"gold_loss":50}],"is_beta":false,"boss_relics":[{"not_picked":["aspiration:DefectSkillbook","conspire:RoyalGoblet"],"picked":"expansioncontent:StudyCardRelic"}],"items_purged_floors":[0],"is_endless":false,"potions_floor_spawned":[1,4,5,12],"killed_by":"3 Cultists","ascension_level":0}}