{"host":"gsmj583br51y3r1c","time":1611329167,"event":{"mods":["AchievementEnabler","BaseMod","Better Note","Better Third Choice","Colored Map","Dark Map","Downfall","Hermit","Highlight Path","Infinite Spire","Marisa????????","Minty Spire (QoL Compilation)","Permanent Neow","Quick Restart","StSLib","The Bug Knight","The Cursed","The Marked","The Mystic","The Servant 0.9.4","everything is the same but u backflip on backflip"],"gold_per_floor":[369,385,385,385,231,244,254,254,254,254,275,225,225,234,234,362,371,420,420,380,389,219,219,219,237,237,274,317,317,360,396,396,534,534,572,586,461,496,524,524,524,524],"floor_reached":41,"language":"ENG","playtime":3466,"items_purged":["hermit:Strike_Hermit","hermit:Strike_Hermit","hermit:Defend_Hermit","hermit:Quickdraw"],"score":383,"play_id":"1d93d5da-3078-479f-9eb7-6aa374199285","local_time":"20210122172607","is_ascension_mode":false,"campfire_choices":[{"data":"hermit:Brawl","floor":10.0,"key":"SMITH"},{"data":"hermit:Dive","floor":13.0,"key":"SMITH"},{"data":"hermit:Determination","floor":15.0,"key":"SMITH"},{"data":"Decay","floor":23.0,"key":"PURGE"},{"data":"Injury","floor":32.0,"key":"PURGE"},{"data":"hermit:BodyArmor","floor":40,"key":"PURGE"}],"circlet_count":0,"master_deck":["hermit:Snapshot","hermit:Covet","hermit:Determination+1","hermit:Brawl+1","hermit:LoneWolf","hermit:Dive+1","hermit:DeadOrAlive+1","CurseOfTheBell","hermit:Dive+1","hermit:GoldenBullet","hermit:Adapt","hermit:PistolWhip","hermit:BigShot","hermit:CalledShot+1","hermit:DeadOrAlive","hermit:Enervate","hermit:FlashPowder+1"],"relics":["hermit:Momento","CeramicFish","Golden Idol","Calling Bell","Strawberry","Peace Pipe","hermit:Spyglass","Bronze Scales","Coffee Dripper","Question Card","Sozu"],"acts_visited":["Exordium","TheCity","TheBeyond"],"potions_floor_usage":[36],"damage_taken":[{"damage":1.0,"enemies":"Cultist","floor":1.0,"turns":3.0},{"damage":2.0,"enemies":"2 Louse","floor":2.0,"turns":3.0},{"damage":0.0,"enemies":"Small Slimes","floor":6.0,"turns":4.0},{"damage":7.0,"enemies":"Blue Slaver","floor":7.0,"turns":4.0},{"damage":2.0,"enemies":"3 Louse","floor":11.0,"turns":4.0},{"damage":25.0,"enemies":"Slime Boss","floor":16.0,"turns":12.0},{"damage":22.0,"enemies":"Chosen","floor":18.0,"turns":6.0},{"damage":0.0,"enemies":"Shell Parasite","floor":27.0,"turns":5.0},{"damage":14.0,"enemies":"Centurion and Healer","floor":28.0,"turns":5.0},{"damage":0.0,"enemies":"Snake Plant","floor":30.0,"turns":3.0},{"damage":0.0,"enemies":"Snecko","floor":31.0,"turns":5.0},{"damage":14.0,"enemies":"Champ","floor":33.0,"turns":10.0},{"damage":0,"enemies":"Orb Walker","floor":35,"turns":2},{"damage":24,"enemies":"3 Darklings","floor":36,"turns":7},{"damage":9,"enemies":"Jaw Worm Horde","floor":38,"turns":4},{"damage":8,"enemies":"Transient","floor":39,"turns":5},{"damage":42,"enemies":"Nightmare","floor":41,"turns":7}],"seed_played":"-4806539416659435477","potions_obtained":[{"floor":1.0,"key":"AttackPotion"},{"floor":6.0,"key":"hermit:Tonic"},{"floor":11.0,"key":"EntropicBrew"},{"floor":20.0,"key":"champ:CounterPotion"},{"floor":20.0,"key":"champ:CounterPotion"},{"floor":20.0,"key":"SkillPotion"},{"floor":28.0,"key":"hermit:BlackBile"},{"floor":30.0,"key":"GamblersBrew"},{"floor":31.0,"key":"Weak Potion"}],"is_trial":false,"path_per_floor":["M","M","?","?","$","M","M","T","T","R","M","?","R","?","R","B",null,"M","?","?","?","$","R","AVR","?","T","M","M","?","M","M","R","B",null,"M","M","$","M","M","R","NM"],"character_chosen":"HERMIT","items_purchased":["hermit:Determination","hermit:GoldenBullet"],"campfire_rested":0,"item_purchase_floors":[5,22],"current_hp_per_floor":[53,51,44,44,44,44,37,37,37,37,35,35,35,35,35,10,82,60,60,60,60,60,60,60,60,60,60,46,46,46,46,46,32,82,82,58,58,49,41,41,0,0],"gold":524,"neow_bonus":"TWO_FIFTY_GOLD","is_daily":false,"chose_seed":false,"campfire_upgraded":3,"win_rate":0.0,"timestamp":1611329167,"path_taken":["M","?","?","?","$","M","M","?","T","R","?","?","R","?","R","BOSS","M","?","?","?","$","R","AVR","?","T","M","M","?","M","M","R","BOSS","M","M","$","M","M","R","NM"],"items_purchased_type":["Card","Card"],"build_version":"2020-12-22","purchased_purges":4,"victory":false,"max_hp_per_floor":[75,75,75,75,75,75,75,75,75,75,75,75,75,75,75,75,82,82,82,82,82,82,82,82,82,82,82,82,82,82,82,82,82,82,82,82,82,82,82,82,82,82],"card_choices":[{"not_picked":["hermit:Shortfuse","hermit:HoleUp","hermit:Vantage"],"picked":"SKIP","floor":1.0},{"not_picked":["hermit:BodyArmor","hermit:SprayPray"],"picked":"hermit:Quickdraw","floor":2.0},{"not_picked":["hermit:BodyArmor","hermit:Feint"],"picked":"hermit:Brawl","floor":6.0},{"not_picked":["hermit:BodyArmor","hermit:Spite"],"picked":"hermit:LoneWolf","floor":7.0},{"not_picked":["hermit:NoHoldsBarred","hermit:Ricochet"],"picked":"hermit:Dive","floor":11.0},{"not_picked":["hermit:Gambit","hermit:FinalCanter"],"picked":"hermit:DeadOrAlive","floor":16.0},{"not_picked":["hermit:Headshot","hermit:Roulette"],"picked":"hermit:Dive+1","floor":18.0},{"not_picked":["hermit:WideOpen+1","hermit:Shortfuse","hermit:Vantage"],"picked":"hermit:PistolWhip","floor":27.0},{"not_picked":["hermit:Manifest","hermit:Brawl","hermit:CalledShot"],"picked":"hermit:BigShot","floor":28.0},{"not_picked":["hermit:Midnight","hermit:LowProfile","hermit:TrackingShot"],"picked":"hermit:CalledShot+1","floor":30.0},{"not_picked":["hermit:Roulette+1","hermit:Misfire+1","hermit:Feint","hermit:Cheat"],"picked":"SKIP","floor":31.0},{"not_picked":["hermit:Dissolve","hermit:Gambit","hermit:Adapt"],"picked":"hermit:DeadOrAlive","floor":33.0},{"not_picked":["hermit:PistolWhip","hermit:FullyLoaded+1","hermit:Horror+1"],"picked":"hermit:Enervate","floor":35},{"not_picked":["hermit:HoleUp","hermit:WideOpen+1","hermit:GoldenBullet","hermit:Grudge"],"picked":"SKIP","floor":36},{"not_picked":["hermit:TrackingShot+1","hermit:Roulette","hermit:ItchyTrigger+1","hermit:Manifest"],"picked":"SKIP","floor":38},{"not_picked":["hermit:Vantage","hermit:Gestalt","hermit:TrackingShot+1"],"picked":"hermit:FlashPowder+1","floor":39}],"player_experience":453037,"relics_obtained":[{"floor":9.0,"key":"CeramicFish"},{"floor":17.0,"key":"Strawberry"},{"floor":17.0,"key":"Peace Pipe"},{"floor":17.0,"key":"hermit:Spyglass"},{"floor":26.0,"key":"Question Card"}],"event_choices":[{"cards_removed":["hermit:Strike_Hermit"],"damage_healed":0.0,"max_hp_gain":0.0,"max_hp_loss":0.0,"gold_gain":0.0,"event_name":"Golden Wing","player_choice":"Card Removal","floor":3.0,"gold_loss":0.0,"damage_taken":7.0},{"cards_removed":["hermit:Defend_Hermit"],"damage_healed":0.0,"max_hp_gain":0.0,"max_hp_loss":0.0,"gold_gain":0.0,"event_name":"Living Wall","player_choice":"Forget","floor":4.0,"gold_loss":0.0,"damage_taken":0.0},{"cards_removed":["hermit:Defend_Hermit"],"damage_healed":0.0,"max_hp_gain":0.0,"max_hp_loss":0.0,"gold_gain":0.0,"event_name":"The Cleric","player_choice":"Card Removal","floor":12.0,"gold_loss":50.0,"damage_taken":0.0},{"damage_healed":0.0,"max_hp_gain":0.0,"max_hp_loss":0.0,"gold_gain":0.0,"event_name":"Golden Idol","player_choice":"Take Wound","floor":14.0,"gold_loss":0.0,"damage_taken":0.0,"relics_obtained":["Golden Idol"],"cards_obtained":["Injury"]},{"damage_healed":0.0,"max_hp_gain":0.0,"max_hp_loss":0.0,"gold_gain":0.0,"event_name":"Upgrade Shrine","player_choice":"Upgraded","floor":19.0,"gold_loss":0.0,"damage_taken":0.0,"cards_upgraded":["hermit:DeadOrAlive"]},{"damage_healed":0.0,"max_hp_gain":0.0,"max_hp_loss":0.0,"gold_gain":0.0,"event_name":"The Woman in Blue","player_choice":"Bought 3 Potions","floor":20.0,"gold_loss":0.0,"damage_taken":0.0},{"damage_healed":0.0,"max_hp_gain":0.0,"max_hp_loss":0.0,"gold_gain":0.0,"event_name":"Wheel of Change","player_choice":"Cursed","floor":21.0,"gold_loss":0.0,"damage_taken":0.0,"cards_obtained":["Decay"]},{"damage_healed":0.0,"max_hp_gain":0.0,"max_hp_loss":0.0,"gold_gain":0.0,"cards_transformed":["hermit:Strike_Hermit","hermit:Defend_Hermit"],"event_name":"Drug Dealer","player_choice":"Became Test Subject","floor":25.0,"gold_loss":0.0,"damage_taken":0.0,"cards_obtained":["hermit:BodyArmor","hermit:Adapt"]},{"damage_healed":0.0,"max_hp_gain":0.0,"max_hp_loss":0.0,"gold_gain":0.0,"event_name":"Cursed Tome","player_choice":"Ignored","floor":29.0,"gold_loss":0.0,"damage_taken":0.0}],"is_beta":false,"boss_relics":[{"not_picked":["hermit:BartenderGlass","Runic Pyramid"],"picked":"Calling Bell"},{"not_picked":["Pandora\u0027s Box","SacredBark"],"picked":"Sozu"}],"items_purged_floors":[5,22,24,37],"is_endless":false,"potions_floor_spawned":[1,6,11,28,30,31,35,38],"killed_by":"Nightmare","ascension_level":0}}