{"host":"hpt6dcq85ksi3d55","time":1611296386,"event":{"mods":["AchievementEnabler","BaseMod","Colored Map","Colored Powertips","Downfall","Highlight Path","Marisa????????","Minty Spire (QoL Compilation)","Remilia??????","Shop Mod","StSLib","The Animator","The Cursed","The Necromancer","The Servant 0.9.4"],"gold_per_floor":[116,145,145,161,61,61,61,61],"floor_reached":7,"language":"ENG","playtime":908,"items_purged":[],"score":43,"play_id":"b23df7d0-06ab-4b56-a3f0-d61813bc6c53","local_time":"20210122011946","is_ascension_mode":true,"campfire_choices":[{"floor":6,"key":"RECALL"}],"circlet_count":0,"master_deck":["animator:Strike_GATE","animator:Defend_GATE","animator:TukaLunaMarceau","animator:Kuribayashi","animator:Ciel","animator:Hakurou","animator:Strike_Konosuba","animator:Strike_GATE","animator:Strike_OnePunchMan","animator:Defend_OnePunchMan","animator:Defend_Konosuba","animator:Defend_Overlord"],"relics":["animator:LivingPicture","animator:TheMissingPiece","animator:PurgingStone","Bag of Marbles"],"acts_visited":["Exordium"],"potions_floor_usage":[7,7,7],"damage_taken":[{"damage":3,"enemies":"Small Slimes","floor":1,"turns":4},{"damage":2,"enemies":"Cultist","floor":2,"turns":4},{"damage":6,"enemies":"Jaw Worm","floor":4,"turns":5},{"damage":24,"enemies":"Lagavulin","floor":7,"turns":9}],"seed_played":"-5415370586224479261","potions_obtained":[{"floor":2,"key":"Ancient Potion"},{"floor":3,"key":"Energy Potion"},{"floor":3,"key":"EssenceOfSteel"}],"is_trial":false,"path_per_floor":["M","M","?","M","?","R","E"],"character_chosen":"THE_ANIMATOR","items_purchased":[],"campfire_rested":0,"item_purchase_floors":[],"current_hp_per_floor":[63,61,61,55,55,55,31,31],"gold":61,"neow_bonus":"RANDOM_COMMON_RELIC","is_daily":false,"chose_seed":false,"campfire_upgraded":0,"win_rate":0.0,"timestamp":1611296386,"path_taken":["M","M","?","?","?","R","E"],"items_purchased_type":[],"build_version":"2020-12-22","purchased_purges":0,"victory":false,"max_hp_per_floor":[66,66,66,66,66,66,66,66],"card_choices":[{"not_picked":["animator:Kuribayashi","animator:Demiurge","animator:Rider"],"picked":"SKIP","floor":1},{"not_picked":["animator:Benimaru","animator:MumenRider"],"picked":"animator:Ciel","floor":2},{"not_picked":["animator:Illya","animator:LizardPriest"],"picked":"animator:Hakurou","floor":4}],"player_experience":178063,"relics_obtained":[],"event_choices":[{"damage_healed":0,"gold_gain":0,"player_choice":"Got Potions","damage_taken":0,"max_hp_gain":0,"max_hp_loss":0,"event_name":"Lab","floor":3,"gold_loss":0}],"is_beta":false,"boss_relics":[],"items_purged_floors":[],"is_endless":false,"potions_floor_spawned":[2],"killed_by":"Lagavulin","ascension_level":1}}