{"host":"2ixd8xwebcm7gar8","time":1611361322,"event":{"mods":["AchievementEnabler","Act Like it!","BaseMod","Conspire","Defuse TimeMaze Blight","Downfall","Googly Eyes","Minty Spire (QoL Compilation)","StSLib"],"gold_per_floor":[99,111,125,125,16,16,16,16,43,57,57,42,176,176,194,298,298,298,310,310,0,0,0,0,0,0,0,0,0,0,16,31,130,130,130,148,148,162,14,45,68,68,68,80,80,5,5,5,5,5],"floor_reached":48,"language":"ENG","playtime":2619,"items_purged":[],"score":538,"play_id":"13bc6936-76df-4667-abad-2607691957e0","local_time":"20210122162202","daily_mods":["Draft","Heirloom","Time Dilation","Flight","Elite Swarm"],"is_ascension_mode":true,"campfire_choices":[{"data":"bronze:FineTuning","floor":1.0,"key":"SMITH"},{"data":"bronze:Format","floor":6.0,"key":"SMITH"},{"data":"bronze:Overload","floor":8.0,"key":"SMITH"},{"data":"bronze:ClassDefault","floor":11.0,"key":"SMITH"},{"data":"bronze:SpaghettiCode","floor":18.0,"key":"SMITH"},{"data":"bronze:SpaghettiCode","floor":25.0,"key":"SMITH"},{"data":"bronze:BronzeArmor","floor":26.0,"key":"SMITH"},{"data":"bronze:Format","floor":27.0,"key":"SMITH"},{"data":"bronze:Allocate","floor":30.0,"key":"SMITH"},{"data":"bronze:Mutator","floor":35.0,"key":"SMITH"},{"floor":43.0,"key":"REST"},{"floor":45.0,"key":"REST"},{"floor":47.0,"key":"REST"}],"circlet_count":0,"master_deck":["bronze:WhirlingStrike","bronze:DelayedGuard","bronze:OilSpill","bronze:DelayedSlice","bronze:ForceShield","bronze:OilSpill","bronze:FineTuning+1","bronze:Branch","bronze:Allocate+1","bronze:FineTuning","bronze:DelayedSlice","bronze:ForceShield","bronze:Turbo+1","bronze:DelayedSlice","bronze:Turbo+1","bronze:Format+1","bronze:ClassDefault+1","bronze:BuggyMess","bronze:Format+1","bronze:OilSpill","bronze:BronzeArmor+1","bronze:SpaghettiCode+1","bronze:Turbo","bronze:SpaghettiCode+1","bronze:Mutator+1","bronze:WildBeam","bronze:Format+1","bronze:DelayedSlice+1","bronze:Turbo+1"],"relics":["bronze:BronzeCore","Ice Cream","Bronze Scales","Pen Nib","Medical Kit","conspire:SpecialSausage","MutagenicStrength","Omamori","hexamod:CandleOfCauterizing","Black Star","Membership Card","Matryoshka","Slimebound:StickyStick","War Paint","downfall:TeleportStone","Regal Pillow"],"acts_visited":["Exordium","TheCity","TheBeyond"],"potions_floor_usage":[48],"damage_taken":[{"damage":7.0,"enemies":"Small Slimes","floor":2.0,"turns":3.0},{"damage":0.0,"enemies":"Cultist","floor":3.0,"turns":2.0},{"damage":0.0,"enemies":"downfall:FleeingMerchant","floor":5.0,"turns":4.0},{"damage":0.0,"enemies":"Gremlin Nob","floor":9.0,"turns":2.0},{"damage":0.0,"enemies":"2 Louse","floor":10.0,"turns":1.0},{"damage":0.0,"enemies":"downfall:FleeingMerchant","floor":12.0,"turns":4.0},{"damage":0.0,"enemies":"downfall:FleeingMerchant","floor":13.0,"turns":4.0},{"damage":0.0,"enemies":"Exordium Wildlife","floor":15.0,"turns":1.0},{"damage":13.0,"enemies":"WA_ARCHETYPE_RETAIN","floor":16.0,"turns":4.0},{"damage":0.0,"enemies":"3 Byrds","floor":19.0,"turns":3.0},{"damage":48.0,"enemies":"Gremlin Leader","floor":28.0,"turns":6.0},{"damage":0.0,"enemies":"Shell Parasite","floor":31.0,"turns":1.0},{"damage":12.0,"enemies":"Centurion and Healer","floor":32.0,"turns":2.0},{"damage":43.0,"enemies":"DF_ARCHETYPE_CLAW","floor":33.0,"turns":4.0},{"damage":9.0,"enemies":"3 Shapes","floor":36.0,"turns":2.0},{"damage":0.0,"enemies":"3 Darklings","floor":38.0,"turns":4.0},{"damage":46.0,"enemies":"conspire:MimicChest","floor":40.0,"turns":5.0},{"damage":12.0,"enemies":"Spire Growth","floor":44.0,"turns":4.0},{"damage":70,"enemies":"IC_BLOCK_ARCHETYPE","floor":48,"turns":4}],"seed_played":"5846749818772422864","potions_obtained":[{"floor":2.0,"key":"Guardian:BlockOnCardUsePotion"},{"floor":9.0,"key":"PowerPotion"},{"floor":15.0,"key":"SpeedPotion"},{"floor":16.0,"key":"CultistPotion"},{"floor":19.0,"key":"SmokeBomb"},{"floor":32.0,"key":"ColorlessPotion"},{"floor":36.0,"key":"Dexterity Potion"},{"floor":44.0,"key":"sneckomod:MuddlingPotion"}],"is_trial":true,"path_per_floor":["R","M","M","?","$","R","T","R","E","M","R","$","$","?","M","B",null,"R","M","?","$","?","?","T","R","R","R","E","?","R","M","M","B",null,"R","M","?","M","$","?","T","?","R","M","R","$","R","B"],"character_chosen":"THE_AUTOMATON","items_purchased":["bronze:ClassDefault","bronze:BuggyMess","bronze:OilSpill","Medical Kit","bronze:SpaghettiCode","Omamori","Membership Card","Regal Pillow"],"campfire_rested":3,"item_purchase_floors":[5,5,13,13,21,21,39,46],"current_hp_per_floor":[70,63,63,63,63,63,63,63,63,63,63,63,63,63,63,50,70,70,70,70,70,70,70,70,70,70,70,22,70,70,70,58,15,70,70,61,61,61,61,15,15,15,36,24,45,45,70,0,0,0],"gold":5,"neow_bonus":"","is_daily":false,"chose_seed":false,"campfire_upgraded":10,"win_rate":0.0,"timestamp":1611361322,"path_taken":["R","M","M","?","$","R","T","R","E","?","R","$","$","?","M","BOSS","R","M","?","$","?","?","T","R","R","R","E","?","R","?","M","BOSS","R","M","?","?","$","?","T","?","R","?","R","$","R","BOSS"],"items_purchased_type":["Card","Card","Card","Relic","Card","Relic","Relic","Relic"],"build_version":"2020-12-22","purchased_purges":0,"victory":false,"max_hp_per_floor":[70,70,70,70,70,70,70,70,70,70,70,70,70,70,70,70,70,70,70,70,70,70,70,70,70,70,70,70,70,70,70,70,70,70,70,70,70,70,70,70,70,70,70,70,70,70,70,70,70,70],"card_choices":[{"not_picked":["bronze:Invalidate","bronze:Shell"],"picked":"bronze:Overload","floor":0.0},{"not_picked":["bronze:Branch","bronze:FollowUp"],"picked":"bronze:WhirlingStrike","floor":0.0},{"not_picked":["bronze:Flail","bronze:Shield"],"picked":"bronze:DelayedGuard","floor":0.0},{"not_picked":["bronze:Shield","bronze:Deprecate"],"picked":"bronze:OilSpill","floor":0.0},{"not_picked":["bronze:BuggyMess","bronze:DelayedGuard"],"picked":"bronze:DelayedSlice","floor":0.0},{"not_picked":["bronze:BitShift","bronze:ChildClass"],"picked":"bronze:ForceShield","floor":0.0},{"not_picked":["bronze:WildBeam","bronze:Turbo"],"picked":"bronze:OilSpill","floor":0.0},{"not_picked":["bronze:GetLatest","bronze:Repair"],"picked":"bronze:FineTuning","floor":0.0},{"not_picked":["bronze:DigitalCarnage","bronze:Overheat"],"picked":"bronze:Branch","floor":0.0},{"not_picked":["bronze:BugBarrage","bronze:CutThrough"],"picked":"bronze:Allocate","floor":0.0},{"not_picked":["bronze:Safeguard","bronze:Shield"],"picked":"bronze:FineTuning","floor":0.0},{"not_picked":["bronze:CutThrough","bronze:DelayedGuard"],"picked":"bronze:DelayedSlice","floor":0.0},{"not_picked":["bronze:Backtrace","bronze:DigitalCarnage"],"picked":"bronze:Deprecate","floor":0.0},{"not_picked":["bronze:Safeguard","bronze:BitShift"],"picked":"bronze:ForceShield","floor":0.0},{"not_picked":["bronze:BuggyMess","bronze:Philosophize"],"picked":"bronze:Turbo","floor":0.0},{"not_picked":["bronze:BugBarrage","bronze:WhirlingStrike"],"picked":"bronze:DelayedSlice","floor":2.0},{"not_picked":["bronze:BugBarrage","bronze:DigitalCarnage"],"picked":"bronze:Turbo","floor":3.0},{"not_picked":["bronze:Philosophize","bronze:BitShift","bronze:Repulsor"],"picked":"SKIP","floor":5.0},{"not_picked":["bronze:Break","bronze:HyperBeam","bronze:FindAndReplace"],"picked":"SKIP","floor":9.0},{"not_picked":["bronze:Shield","bronze:Philosophize","bronze:Frontload"],"picked":"SKIP","floor":10.0},{"not_picked":["bronze:ChildClass","bronze:BronzeOrb","bronze:CutThrough"],"picked":"SKIP","floor":12.0},{"not_picked":["bronze:WildBeam","bronze:CutThrough"],"picked":"bronze:Format","floor":13.0},{"not_picked":["bronze:ChosenStrike","bronze:Frontload"],"picked":"bronze:BronzeArmor","floor":15.0},{"not_picked":["bronze:Format","bronze:ThunderWave"],"picked":"bronze:SpaghettiCode","floor":16.0},{"not_picked":["bronze:BugBarrage+1","bronze:CloningBeam+1"],"picked":"bronze:Turbo","floor":19.0},{"not_picked":["bronze:BugBarrage","bronze:Shell","bronze:DelayedGuard+1"],"picked":"SKIP","floor":31.0},{"not_picked":["bronze:FollowUp+1","bronze:Turbo"],"picked":"bronze:Mutator","floor":32.0},{"not_picked":["bronze:Branch+1","bronze:Allocate"],"picked":"bronze:WildBeam","floor":36.0},{"not_picked":["bronze:DelayedGuard+1","bronze:Invalidate","bronze:Iterate+1"],"picked":"SKIP","floor":38.0},{"not_picked":["bronze:BugBarrage+1","bronze:WhirlingStrike"],"picked":"bronze:DelayedSlice+1","floor":40.0},{"not_picked":["bronze:Branch","bronze:Iterate"],"picked":"bronze:Turbo+1","floor":44.0}],"player_experience":443736,"relics_obtained":[{"floor":7.0,"key":"Bronze Scales"},{"floor":9.0,"key":"Pen Nib"},{"floor":24.0,"key":"hexamod:CandleOfCauterizing"},{"floor":40.0,"key":"Matryoshka"},{"floor":41.0,"key":"Slimebound:StickyStick"},{"floor":41.0,"key":"War Paint"}],"event_choices":[{"damage_healed":0.0,"max_hp_gain":0.0,"max_hp_loss":0.0,"gold_gain":0.0,"event_name":"conspire:Investor","player_choice":"Leave","floor":14.0,"gold_loss":0.0,"damage_taken":0.0},{"damage_healed":0.0,"max_hp_gain":0.0,"max_hp_loss":0.0,"gold_gain":0.0,"event_name":"Drug Dealer","player_choice":"Inject Mutagens","floor":20.0,"gold_loss":0.0,"damage_taken":0.0,"relics_obtained":["MutagenicStrength"]},{"damage_healed":0.0,"max_hp_gain":0.0,"max_hp_loss":0.0,"gold_gain":0.0,"event_name":"Vampires","player_choice":"Ignored","floor":22.0,"gold_loss":0.0,"damage_taken":0.0},{"cards_removed":["bronze:Overload"],"damage_healed":48.0,"max_hp_gain":0.0,"max_hp_loss":0.0,"gold_gain":0.0,"event_name":"Bonfire Elementals","player_choice":"Offered Uncommon","floor":29.0,"gold_loss":0.0,"damage_taken":0.0}],"is_beta":false,"boss_relics":[{"not_picked":["Calling Bell","Snecko Eye"],"picked":"conspire:SpecialSausage"},{"not_picked":["conspire:SeveredTorchhead","Coffee Dripper"],"picked":"Black Star"}],"items_purged_floors":[],"is_endless":true,"potions_floor_spawned":[2,9,15,16,19,32,36,44],"killed_by":"IC_BLOCK_ARCHETYPE","ascension_level":1}}