{"host":"kmq7aw60w430zvtx","time":1611306772,"event":{"mods":["BaseMod","Downfall","GifTheSpireLib","Hermit","Hubris","Minty Spire (QoL Compilation)","StSLib","The Construct","The Cursed","The Hierophant","The Jungle","The Necromancer","The Runesmith"],"gold_per_floor":[213,227,18,193,193,193,227,227,254,268,268,268,268],"floor_reached":12,"language":"ENG","playtime":523,"items_purged":[],"score":84,"play_id":"5ae852c2-afe3-48db-8712-79805a98b74a","local_time":"20210122101252","is_ascension_mode":true,"campfire_choices":[{"data":"Madness","floor":6,"key":"SMITH"}],"circlet_count":0,"master_deck":["Strike_P","Strike_P","Strike_P","Strike_P","Defend_P","Defend_P","Defend_P","Defend_P","Eruption","Vigilance","Wireheading","Wireheading","CutThroughFate","Madness+1","Doubt","JustLucky","ThirdEye","SignatureMove"],"relics":["PureWater","Membership Card","Golden Idol","Blood Vial","Smiling Mask"],"acts_visited":["Exordium"],"potions_floor_usage":[7,7],"damage_taken":[{"damage":0,"enemies":"Small Slimes","floor":1,"turns":2},{"damage":7,"enemies":"2 Louse","floor":2,"turns":3},{"damage":34,"enemies":"Lagavulin","floor":7,"turns":8},{"damage":9,"enemies":"Jaw Worm","floor":10,"turns":4},{"damage":22,"enemies":"Gremlin Nob","floor":12,"turns":3}],"seed_played":"-5039670064135922872","potions_obtained":[{"floor":1,"key":"Swift Potion"},{"floor":2,"key":"SpeedPotion"}],"is_trial":false,"path_per_floor":["M","M","$","?","?","R","E","?","T","M","?","E"],"character_chosen":"WATCHER","items_purchased":["Membership Card","CutThroughFate","Madness"],"campfire_rested":0,"item_purchase_floors":[3,3,3],"current_hp_per_floor":[72,65,65,65,65,65,31,31,31,24,12,0,0],"gold":268,"neow_bonus":"HUNDRED_GOLD","is_daily":false,"chose_seed":false,"campfire_upgraded":1,"win_rate":0.0,"timestamp":1611306772,"path_taken":["M","M","$","?","?","R","E","?","T","M","?","E"],"items_purchased_type":["Relic","Card","Card"],"build_version":"2020-12-22","purchased_purges":0,"victory":false,"max_hp_per_floor":[72,72,72,72,67,67,67,67,67,67,67,67,67],"card_choices":[{"not_picked":["Pray","Study"],"picked":"Wireheading","floor":1},{"not_picked":["ForeignInfluence","ThirdEye"],"picked":"Wireheading","floor":2},{"not_picked":["CrushJoints","BowlingBash"],"picked":"JustLucky","floor":7},{"not_picked":["SashWhip","FlyingSleeves"],"picked":"SignatureMove","floor":10}],"player_experience":307252,"relics_obtained":[{"floor":7,"key":"Blood Vial"}],"event_choices":[{"damage_healed":0,"gold_gain":175,"player_choice":"AGREE","damage_taken":0,"max_hp_gain":0,"max_hp_loss":0,"event_name":"Liars Game","floor":4,"gold_loss":0,"cards_obtained":["Doubt"]},{"damage_healed":0,"gold_gain":0,"player_choice":"Lose Max HP","damage_taken":0,"relics_obtained":["Golden Idol"],"max_hp_gain":0,"max_hp_loss":5,"event_name":"Golden Idol","floor":5,"gold_loss":0},{"damage_healed":0,"gold_gain":0,"player_choice":"Success","damage_taken":12,"relics_obtained":["Smiling Mask"],"max_hp_gain":0,"max_hp_loss":0,"event_name":"Scrap Ooze","floor":11,"gold_loss":0}],"is_beta":false,"boss_relics":[],"items_purged_floors":[],"is_endless":false,"potions_floor_spawned":[1,2],"killed_by":"Gremlin Nob","ascension_level":2}}