{"host":"981nlwu0905dw1bz","time":1611344424,"event":{"mods":["AchievementEnabler","BaseMod","DeckTracker","Minty Spire (QoL Compilation)","Rare Cards Sparkle","SuperFastMode"],"gold_per_floor":[119,119,135,154,79,79,93,93,120,20,46,65,165,178,178,281,281,292,167,184,197,217,217,235,271,271,23,23,23,23,42,42,147,147,158,169,169,181,8,8,22,22,22],"floor_reached":42,"language":"KOR","playtime":1219,"items_purged":["Strike_R","Strike_R","Defend_R","Strike_R+1","Bash"],"score":570,"play_id":"4165369f-0868-4ceb-a4fb-2364d0426644","local_time":"20210123044024","is_ascension_mode":true,"campfire_choices":[{"data":"Rampage","floor":6.0,"key":"SMITH"},{"floor":8.0,"key":"REST"},{"floor":15.0,"key":"REST"},{"floor":23.0,"key":"REST"},{"floor":29.0,"key":"REST"},{"data":"Shrug It Off","floor":32.0,"key":"SMITH"},{"data":"Metallicize","floor":40,"key":"SMITH"}],"circlet_count":0,"master_deck":["Rampage+1","Thunderclap+1","Shrug It Off+1","Shrug It Off","Shrug It Off","Metallicize+1"],"relics":["Black Blood","CeramicFish","Whetstone","Empty Cage","Smiling Mask","Thread and Needle","Oddly Smooth Stone"],"acts_visited":["Exordium","TheCity","TheBeyond"],"potions_floor_usage":[33,33,33,41],"damage_taken":[{"damage":13.0,"enemies":"Jaw Worm","floor":1.0,"turns":4.0},{"damage":0.0,"enemies":"Cultist","floor":3.0,"turns":2.0},{"damage":4.0,"enemies":"2 Louse","floor":4.0,"turns":3.0},{"damage":22.0,"enemies":"Gremlin Gang","floor":7.0,"turns":3.0},{"damage":17.0,"enemies":"Lagavulin","floor":11.0,"turns":5.0},{"damage":13.0,"enemies":"Lots of Slimes","floor":12.0,"turns":3.0},{"damage":3.0,"enemies":"3 Louse","floor":14.0,"turns":4.0},{"damage":42.0,"enemies":"The Guardian","floor":16.0,"turns":7.0},{"damage":3.0,"enemies":"Spheric Guardian","floor":18.0,"turns":3.0},{"damage":25.0,"enemies":"2 Thieves","floor":20.0,"turns":4.0},{"damage":6.0,"enemies":"3 Cultists","floor":21.0,"turns":4.0},{"damage":18.0,"enemies":"Centurion and Healer","floor":22.0,"turns":5.0},{"damage":18.0,"enemies":"Snake Plant","floor":24.0,"turns":3.0},{"damage":10.0,"enemies":"Gremlin Leader","floor":25.0,"turns":4.0},{"damage":11.0,"enemies":"Chosen and Byrds","floor":31.0,"turns":4.0},{"damage":57,"enemies":"Collector","floor":33,"turns":7},{"damage":8,"enemies":"3 Shapes","floor":35,"turns":5},{"damage":3,"enemies":"Orb Walker","floor":36,"turns":4},{"damage":31,"enemies":"Maw","floor":38,"turns":8},{"damage":27,"enemies":"Sphere and 2 Shapes","floor":41,"turns":6},{"damage":61,"enemies":"Nemesis","floor":42,"turns":8}],"seed_played":"5087762934606892637","potions_obtained":[{"floor":3.0,"key":"ColorlessPotion"},{"floor":4.0,"key":"Strength Potion"},{"floor":14.0,"key":"Swift Potion"},{"floor":18.0,"key":"GamblersBrew"},{"floor":20.0,"key":"FearPotion"},{"floor":22.0,"key":"DistilledChaos"},{"floor":24.0,"key":"Fire Potion"},{"floor":30.0,"key":"FairyPotion"},{"floor":30.0,"key":"EntropicBrew"},{"floor":38,"key":"LiquidBronze"}],"is_trial":false,"path_per_floor":["M","?","M","M","$","R","M","R","T","$","E","M","?","M","R","B",null,"M","$","M","M","M","R","M","E","T","$","?","R","?","M","R","B",null,"M","M","?","M","$","R","M","E"],"character_chosen":"IRONCLAD","items_purchased":["Oddly Smooth Stone","Dexterity Potion","Metallicize","Block Potion"],"campfire_rested":4,"item_purchase_floors":[27,27,39,39],"current_hp_per_floor":[44,44,50,52,52,52,36,60,60,60,49,42,42,45,69,33,68,71,71,52,52,40,64,52,48,48,48,48,72,72,67,67,16,64,68,77,76,57,57,57,42,6,6],"gold":22,"neow_bonus":"REMOVE_TWO","is_daily":false,"chose_seed":false,"campfire_upgraded":3,"win_rate":0.0,"timestamp":1611344424,"path_taken":["M","?","M","?","$","R","M","R","T","$","E","M","?","?","R","BOSS","M","$","M","?","M","R","M","E","T","$","?","R","?","?","R","BOSS","M","M","?","M","$","R","M","E"],"items_purchased_type":["Relic","Potion","Card","Potion"],"build_version":"2020-12-22","purchased_purges":5,"victory":false,"max_hp_per_floor":[80,80,80,80,80,80,80,80,80,80,80,80,80,80,80,80,80,80,80,80,80,80,80,80,80,80,80,80,80,80,80,80,80,80,80,80,76,76,76,76,76,76,76],"card_choices":[{"not_picked":["Flex","Clothesline"],"picked":"Rampage","floor":1.0},{"not_picked":["Iron Wave","Disarm"],"picked":"Thunderclap","floor":3.0},{"not_picked":["True Grit","Spot Weakness","Feed"],"picked":"SKIP","floor":4.0},{"not_picked":["Armaments","Dark Embrace"],"picked":"Shrug It Off","floor":7.0},{"not_picked":["Thunderclap","Flame Barrier","Clothesline"],"picked":"SKIP","floor":11.0},{"not_picked":["Dropkick","Brutality"],"picked":"Shrug It Off","floor":12.0},{"not_picked":["Dual Wield","Flame Barrier","Burning Pact"],"picked":"SKIP","floor":14.0},{"not_picked":["Havoc","Feel No Pain","Sword Boomerang"],"picked":"SKIP","floor":18.0},{"not_picked":["Flame Barrier+1","Fire Breathing","Perfected Strike"],"picked":"SKIP","floor":20.0},{"not_picked":["Flex","Fire Breathing+1","Twin Strike"],"picked":"SKIP","floor":21.0},{"not_picked":["Corruption","Searing Blow","Spot Weakness"],"picked":"SKIP","floor":22.0},{"not_picked":["Heavy Blade","Perfected Strike","Clash"],"picked":"SKIP","floor":24.0},{"not_picked":["Iron Wave+1","Anger+1"],"picked":"Shrug It Off","floor":25.0},{"not_picked":["Uppercut+1","Clothesline","Body Slam+1"],"picked":"SKIP","floor":31.0},{"not_picked":["Sword Boomerang+1","Heavy Blade","Iron Wave+1"],"picked":"SKIP","floor":35},{"not_picked":["Flex+1","Blood for Blood","Burning Pact"],"picked":"SKIP","floor":36},{"not_picked":["Blood for Blood","Battle Trance","Intimidate"],"picked":"SKIP","floor":38},{"not_picked":["Iron Wave","Limit Break","Armaments"],"picked":"SKIP","floor":41}],"player_experience":556193,"relics_obtained":[{"floor":9.0,"key":"CeramicFish"},{"floor":11.0,"key":"Whetstone"},{"floor":25.0,"key":"Smiling Mask"},{"floor":26.0,"key":"Thread and Needle"}],"event_choices":[{"cards_removed":["Strike_R"],"damage_healed":0.0,"max_hp_gain":0.0,"max_hp_loss":0.0,"gold_gain":0.0,"event_name":"Purifier","player_choice":"Purged","floor":2.0,"gold_loss":0.0,"damage_taken":0.0},{"damage_healed":0.0,"max_hp_gain":0.0,"max_hp_loss":0.0,"gold_gain":100.0,"event_name":"Golden Shrine","player_choice":"Pray","floor":13.0,"gold_loss":0.0,"damage_taken":0.0},{"damage_healed":0.0,"max_hp_gain":0.0,"max_hp_loss":0.0,"gold_gain":0.0,"event_name":"Vampires","player_choice":"Ignored","floor":28.0,"gold_loss":0.0,"damage_taken":0.0},{"damage_healed":0.0,"max_hp_gain":0.0,"max_hp_loss":0.0,"gold_gain":0.0,"event_name":"Lab","player_choice":"Got Potions","floor":30.0,"gold_loss":0.0,"damage_taken":0.0},{"damage_healed":0,"gold_gain":0,"player_choice":"Max HP","damage_taken":0,"max_hp_gain":0,"max_hp_loss":4,"event_name":"Winding Halls","floor":37,"gold_loss":0}],"is_beta":false,"boss_relics":[{"not_picked":["Busted Crown","Black Star"],"picked":"Empty Cage"},{"not_picked":["Cursed Key","SacredBark"],"picked":"Black Blood"}],"items_purged_floors":[5,10,19,27,39],"is_endless":false,"potions_floor_spawned":[3,4,14,18,20,22,24,38],"killed_by":"Nemesis","ascension_level":7}}