{"host":"1xo5g347e5o4auts","time":1611310377,"event":{"mods":["BaseMod","Minty Spire (QoL Compilation)","Permanent Neow","StSLib"],"gold_per_floor":[16,36,36,56,71,71,97,109,160,160,222,241,241,241],"floor_reached":13,"language":"ENG","playtime":289,"items_purged":[],"score":174,"play_id":"467c3f49-8561-40e9-8cad-d0acbb375faa","local_time":"20210122121257","is_ascension_mode":true,"campfire_choices":[{"floor":6.0,"key":"REST"},{"floor":10.0,"key":"REST"}],"circlet_count":0,"master_deck":["AscendersBane","Strike_G","Strike_G","Strike_G","Strike_G","Strike_G","Defend_G","Defend_G+1","Defend_G","Defend_G","Defend_G","Survivor","Neutralize","Die Die Die+1","Dagger Spray","Dagger Spray","Predator"],"relics":["Ring of the Snake","Turnip","Kunai","Boot","Question Card"],"acts_visited":["Exordium"],"potions_floor_usage":[13],"damage_taken":[{"damage":0.0,"enemies":"Cultist","floor":1.0,"turns":4.0},{"damage":0.0,"enemies":"2 Louse","floor":2.0,"turns":4.0},{"damage":0.0,"enemies":"Small Slimes","floor":4.0,"turns":3.0},{"damage":0.0,"enemies":"2 Fungi Beasts","floor":5.0,"turns":1.0},{"damage":52.0,"enemies":"Gremlin Nob","floor":7.0,"turns":5.0},{"damage":0.0,"enemies":"3 Louse","floor":8.0,"turns":2.0},{"damage":4.0,"enemies":"3 Sentries","floor":11.0,"turns":4.0},{"damage":0.0,"enemies":"Looter","floor":12.0,"turns":2.0},{"damage":13,"enemies":"Lagavulin","floor":13,"turns":7}],"seed_played":"-5652502869817560982","potions_obtained":[{"floor":1.0,"key":"Energy Potion"},{"floor":7.0,"key":"Swift Potion"},{"floor":11.0,"key":"DistilledChaos"},{"floor":12.0,"key":"SmokeBomb"}],"is_trial":false,"path_per_floor":["M","M","?","M","M","R","E","M","T","R","?","M","E"],"character_chosen":"THE_SILENT","items_purchased":[],"campfire_rested":2,"item_purchase_floors":[],"current_hp_per_floor":[59,59,39,39,39,58,6,6,6,25,21,21,8,8],"gold":241,"neow_bonus":"ONE_RARE_RELIC","is_daily":false,"chose_seed":false,"campfire_upgraded":0,"win_rate":0.0,"timestamp":1611310377,"path_taken":["M","?","?","M","M","R","E","M","T","R","?","M","E"],"items_purchased_type":[],"build_version":"2020-12-22","purchased_purges":0,"victory":false,"max_hp_per_floor":[66,66,66,66,66,66,66,66,66,66,66,66,66,66],"card_choices":[{"not_picked":["Sucker Punch","Choke","Flying Knee"],"picked":"SKIP","floor":1.0},{"not_picked":["Dodge and Roll","Slice"],"picked":"Die Die Die","floor":2.0},{"not_picked":["Flying Knee","Deflect"],"picked":"Dagger Spray","floor":4.0},{"not_picked":["Backflip","Quick Slash","Underhanded Strike"],"picked":"SKIP","floor":5.0},{"not_picked":["Backflip","Quick Slash","Underhanded Strike"],"picked":"SKIP","floor":5.0},{"not_picked":["Acrobatics","Deflect"],"picked":"Dagger Spray","floor":7.0},{"not_picked":["Tactician","Outmaneuver","Sucker Punch"],"picked":"SKIP","floor":8.0},{"not_picked":["Quick Slash","Prepared"],"picked":"Predator","floor":11.0},{"not_picked":["Slice","Dagger Spray","Escape Plan","Bane"],"picked":"SKIP","floor":12.0}],"player_experience":1344867,"relics_obtained":[{"floor":7.0,"key":"Kunai"},{"floor":9.0,"key":"Boot"},{"floor":11.0,"key":"Question Card"}],"event_choices":[{"damage_healed":0.0,"max_hp_gain":0.0,"max_hp_loss":0.0,"gold_gain":0.0,"event_name":"Shining Light","player_choice":"Entered Light","floor":3.0,"gold_loss":0.0,"damage_taken":20.0,"cards_upgraded":["Die Die Die","Defend_G"]},{"damage_healed":0.0,"max_hp_gain":0.0,"max_hp_loss":0.0,"gold_gain":0.0,"event_name":"Dead Adventurer","player_choice":"Searched \u00272\u0027 times","floor":11.0,"gold_loss":0.0,"damage_taken":0.0}],"is_beta":false,"boss_relics":[],"items_purged_floors":[],"is_endless":false,"potions_floor_spawned":[1,7,11,12],"killed_by":"Lagavulin","ascension_level":20}}