{"host":"b4vwm7jq6jdk6nca","time":1611333355,"event":{"mods":["BaseMod","Downfall","Lobotomy","Minty Spire (QoL Compilation)","Quick Restart","StSLib","The Cursed"],"gold_per_floor":[111,72,147,147,162,196,196,230,230,249,281,296,296,311,311,311,311],"floor_reached":16,"language":"ZHS","playtime":732,"items_purged":[],"score":126,"play_id":"d295c93a-397a-4942-8ab9-b54c8b905444","local_time":"20210123003555","is_ascension_mode":true,"campfire_choices":[{"data":"TheCursedMod:SpitefulPlan","floor":7.0,"key":"SMITH"},{"floor":15,"key":"REST"}],"circlet_count":0,"master_deck":["TheCursedMod:Strike_TheCursed","TheCursedMod:Strike_TheCursed","TheCursedMod:Strike_TheCursed","TheCursedMod:Strike_TheCursed","TheCursedMod:Defend_TheCursed","TheCursedMod:Defend_TheCursed","TheCursedMod:Defend_TheCursed","TheCursedMod:Defend_TheCursed","TheCursedMod:CursedWand","TheCursedMod:CleanUpWorkshop","TheCursedMod:Dregs","ShyLook","TheCursedMod:SpitefulPlan+1","TheCursedMod:HellfireBreathing+1","Scorched","TheCursedMod:CircleOfFlame","QueenOfHatred","TheCursedMod:Wield","Wellcheers","TheCursedMod:SpitefulPray","BeautyBeast","TheCursedMod:ReleasedStrength","Laetitia","TheCursedMod:ReleasedKnowledge+1","OSAHOGD","TheCursedMod:CircleOfCorruption+1","TheCursedMod:FleshFromBone+1"],"relics":["TheCursedMod:BlackMagic101","CogitoBucket","TheCursedMod:MagicCandle","Nunchaku","Toxic Egg 2","SkinProphecy","TheCursedMod:DemonicMark"],"acts_visited":["Exordium"],"potions_floor_usage":[16],"damage_taken":[{"damage":0.0,"enemies":"Cultist","floor":1.0,"turns":3.0},{"damage":0.0,"enemies":"2 Louse","floor":5.0,"turns":4.0},{"damage":22.0,"enemies":"Lagavulin","floor":6.0,"turns":6.0},{"damage":5.0,"enemies":"3 Sentries","floor":8.0,"turns":4.0},{"damage":0.0,"enemies":"Small Slimes","floor":10.0,"turns":3.0},{"damage":6.0,"enemies":"Lagavulin","floor":11.0,"turns":6.0},{"damage":1.0,"enemies":"Exordium Wildlife","floor":12.0,"turns":2.0},{"damage":26,"enemies":"3 Louse","floor":14,"turns":4},{"damage":46,"enemies":"Hexaghost","floor":16,"turns":8}],"seed_played":"-4617639137800787752","potions_obtained":[{"floor":5.0,"key":"PowerPotion"},{"floor":8.0,"key":"Block Potion"},{"floor":10.0,"key":"Energy Potion"},{"floor":12.0,"key":"LiquidBronze"}],"is_trial":false,"path_per_floor":["M","$","?","?","M","E","R","E","T","M","E","M","?","M","R","B"],"character_chosen":"THE_CURSED","items_purchased":["TheCursedMod:HellfireBreathing"],"campfire_rested":1,"item_purchase_floors":[2],"current_hp_per_floor":[75,75,64,64,64,42,42,43,43,52,55,60,35,11,34,0,0],"gold":311,"neow_bonus":"","is_daily":false,"chose_seed":false,"campfire_upgraded":1,"win_rate":0.0,"timestamp":1611333355,"path_taken":["M","?","?","?","M","E","R","E","T","M","E","?","?","M","R","BOSS"],"items_purchased_type":["Card"],"build_version":"2020-12-22","purchased_purges":0,"victory":false,"max_hp_per_floor":[75,75,75,75,75,75,75,75,75,75,75,75,75,77,77,79,79],"card_choices":[{"not_picked":["Rudolta","CrumblingArmor"],"picked":"ShyLook","floor":1.0},{"not_picked":["TheCursedMod:VitalStrike","TheCursedMod:CircleOfFocus"],"picked":"TheCursedMod:SpitefulPlan","floor":1.0},{"not_picked":["Porccubus","HeroicMonk"],"picked":"Scorched","floor":5.0},{"not_picked":["TheCursedMod:SoulCrush","TheCursedMod:BlessingInDisguise"],"picked":"TheCursedMod:CircleOfFlame","floor":5.0},{"not_picked":["SnowQueen","Wellcheers"],"picked":"QueenOfHatred","floor":6.0},{"not_picked":["TheCursedMod:TacticalStrike","TheCursedMod:SpreadPlague"],"picked":"TheCursedMod:Wield","floor":6.0},{"not_picked":["CENSORED","PunishingBird"],"picked":"Wellcheers","floor":8.0},{"not_picked":["TheCursedMod:CursedAmulet","TheCursedMod:CircleOfFlame"],"picked":"TheCursedMod:SpitefulPray","floor":8.0},{"not_picked":["FairyFestival","OldLady"],"picked":"BeautyBeast","floor":10.0},{"not_picked":["TheCursedMod:Stigma","TheCursedMod:CursedShiv"],"picked":"TheCursedMod:ReleasedStrength","floor":10.0},{"not_picked":["PunishingBird","LittlePrince"],"picked":"Laetitia","floor":11.0},{"not_picked":["TheCursedMod:SmokeScreen+1","TheCursedMod:CursedMace"],"picked":"TheCursedMod:ReleasedKnowledge+1","floor":11.0},{"not_picked":["Murderer","CrumblingArmor"],"picked":"OSAHOGD","floor":12.0},{"not_picked":["TheCursedMod:FleshFromBone+1","TheCursedMod:RavingStaff"],"picked":"TheCursedMod:CircleOfCorruption+1","floor":12.0},{"not_picked":["TheCursedMod:AshesToAshes+1","TheCursedMod:SpitefulStrike"],"picked":"TheCursedMod:FleshFromBone+1","floor":14}],"player_experience":218781,"relics_obtained":[{"floor":6.0,"key":"TheCursedMod:MagicCandle"},{"floor":8.0,"key":"Nunchaku"},{"floor":11.0,"key":"Toxic Egg 2"}],"event_choices":[{"damage_healed":0.0,"max_hp_gain":0.0,"max_hp_loss":0.0,"gold_gain":75.0,"event_name":"World of Goop","player_choice":"Gather Gold","floor":3.0,"gold_loss":0.0,"damage_taken":11.0},{"damage_healed":0.0,"max_hp_gain":0.0,"max_hp_loss":0.0,"gold_gain":0.0,"event_name":"Living Wall","player_choice":"Grow","floor":4.0,"gold_loss":0.0,"damage_taken":0.0,"cards_upgraded":["TheCursedMod:HellfireBreathing"]},{"damage_healed":0.0,"max_hp_gain":0.0,"max_hp_loss":0.0,"gold_gain":0.0,"event_name":"Scrap Ooze","player_choice":"Success","floor":13.0,"gold_loss":0.0,"damage_taken":25.0,"relics_obtained":["TheCursedMod:DemonicMark"]}],"is_beta":false,"boss_relics":[],"items_purged_floors":[],"is_endless":false,"potions_floor_spawned":[5,8,10,12],"killed_by":"Hexaghost","ascension_level":1}}