{"host":"zxd2l8an9de7z7b9","time":1611306580,"event":{"mods":["100% Spire Juice","2.2 Compatiblity","Arknights The Spire","BaseMod","CapriCore","Colored Map","Colored Powertips","GungeonMod","Minty Spire (QoL Compilation)","Rare Cards Sparkle","StSLib","SuperFastMode"],"gold_per_floor":[113,63,80,255,267,267,301,301,372,372,372,372,1,19,19,19,19],"floor_reached":16,"language":"KOR","playtime":816,"items_purged":["Doubt"],"score":98,"play_id":"cc54d65d-a3c4-43c9-b8e8-99f4f7d9ee71","local_time":"20210122180940","is_ascension_mode":false,"campfire_choices":[{"data":"Eruption","floor":6.0,"key":"SMITH"},{"data":"Halt","floor":8,"key":"SMITH"},{"data":"Meditate","floor":15,"key":"SMITH"}],"circlet_count":0,"master_deck":["Strike_P","Strike_P","Strike_P","Defend_P","Defend_P","Defend_P","Defend_P","Eruption+1","Vigilance","Halt+1","Consecrate","Crescendo","Evaluate","Meditate+1"],"relics":["PureWater","Potion Belt","Letter Opener","Golden Idol","Nunchaku","Incense Burner"],"acts_visited":[],"potions_floor_usage":[7,7],"damage_taken":[{"damage":0.0,"enemies":"Small Slimes","floor":1.0,"turns":4.0},{"damage":1.0,"enemies":"Jaw Worm","floor":3.0,"turns":4.0},{"damage":0.0,"enemies":"2 Louse","floor":5.0,"turns":3.0},{"damage":8,"enemies":"Gremlin Nob","floor":7,"turns":3},{"damage":0,"enemies":"Large Slime","floor":14,"turns":4},{"damage":45,"enemies":"Hexaghost","floor":16,"turns":11}],"seed_played":"8439950251881165679","potions_obtained":[{"floor":0.0,"key":"FearPotion"},{"floor":0.0,"key":"LiquidMemories"},{"floor":0.0,"key":"Fire Potion"},{"floor":7,"key":"Dexterity Potion"}],"is_trial":false,"path_per_floor":["M","?","M","?","M","R","E","R","T","?","?","?","$","M","R","B"],"character_chosen":"WATCHER","items_purchased":["Incense Burner"],"campfire_rested":0,"item_purchase_floors":[13],"current_hp_per_floor":[72,72,71,71,71,71,63,63,63,45,50,43,43,43,43,0,0],"gold":19,"neow_bonus":"THREE_SMALL_POTIONS","is_daily":false,"chose_seed":false,"campfire_upgraded":3,"win_rate":0.0,"timestamp":1611306580,"path_taken":["M","?","M","?","?","R","E","R","T","?","?","?","$","M","R","BOSS"],"items_purchased_type":["Relic"],"build_version":"2020-12-22","purchased_purges":1,"victory":false,"max_hp_per_floor":[72,72,72,72,72,72,72,72,72,72,77,77,77,77,77,77,77],"card_choices":[{"not_picked":["Vengeance","Prostrate"],"picked":"Halt","floor":1.0},{"not_picked":["Judgement","Prostrate"],"picked":"Consecrate","floor":3.0},{"not_picked":["SashWhip","SandsOfTime"],"picked":"Crescendo","floor":5.0},{"not_picked":["JustLucky","CrushJoints"],"picked":"Evaluate","floor":7},{"not_picked":["CrushJoints","Halt"],"picked":"Meditate","floor":14}],"player_experience":358233,"relics_obtained":[{"floor":7,"key":"Potion Belt"},{"floor":9,"key":"Letter Opener"}],"event_choices":[{"cards_removed":["Strike_P"],"damage_healed":0.0,"max_hp_gain":0.0,"max_hp_loss":0.0,"gold_gain":0.0,"event_name":"The Cleric","player_choice":"Card Removal","floor":2.0,"gold_loss":50.0,"damage_taken":0.0},{"damage_healed":0.0,"max_hp_gain":0.0,"max_hp_loss":0.0,"gold_gain":175.0,"event_name":"Liars Game","player_choice":"AGREE","floor":4.0,"gold_loss":0.0,"damage_taken":0.0,"cards_obtained":["Doubt"]},{"damage_healed":0,"gold_gain":0,"player_choice":"Take Damage","damage_taken":18,"relics_obtained":["Golden Idol"],"max_hp_gain":0,"max_hp_loss":0,"event_name":"Golden Idol","floor":10,"gold_loss":0},{"damage_healed":0,"gold_gain":0,"player_choice":"Donut","damage_taken":0,"max_hp_gain":5,"max_hp_loss":0,"event_name":"Big Fish","floor":11,"gold_loss":0},{"damage_healed":0,"gold_gain":0,"player_choice":"Success","damage_taken":7,"relics_obtained":["Nunchaku"],"max_hp_gain":0,"max_hp_loss":0,"event_name":"Scrap Ooze","floor":12,"gold_loss":0}],"is_beta":false,"boss_relics":[],"items_purged_floors":[13],"is_endless":false,"potions_floor_spawned":[5,7],"killed_by":"Hexaghost","ascension_level":0}}