{"host":"wogey4gsknv4ot2d","time":1611303356,"event":{"mods":["2.2 Compatiblity","AchievementEnabler","Act Like it!","Alarm Clock","BaseMod","Bestiary","Better Match","Better Third Choice","Colored Map","Colored Powertips","Googly Eyes","Key Reminder","Minty Spire (QoL Compilation)","Permanent Neow","Rare Cards Sparkle","Relic Stats","Spicy Shops","StSLib"],"gold_per_floor":[117,136,136,148,17,50,63,74,74,40,51,51,51,51],"floor_reached":13,"language":"ENG","playtime":376,"items_purged":[],"score":96,"play_id":"36c37a97-1390-4975-b4b6-138abc0ef966","local_time":"20210122021556","is_ascension_mode":true,"campfire_choices":[],"circlet_count":0,"master_deck":["Strike_B","Strike_B","Strike_B","Strike_B","Defend_B","Defend_B","Defend_B","Defend_B","Zap","Dualcast","Streamline","Chill","Chill","Steam","Auto Shields","Cold Snap","Beam Cell"],"relics":["Cracked Core","keyreminder:keyreminder","Turnip","Tiny Chest","Boot"],"acts_visited":["Exordium"],"potions_floor_usage":[2,6,13],"damage_taken":[{"damage":0,"enemies":"Cultist","floor":1,"turns":4},{"damage":7,"enemies":"Small Slimes","floor":2,"turns":2},{"damage":5,"enemies":"Jaw Worm","floor":4,"turns":2},{"damage":28,"enemies":"Lagavulin","floor":6,"turns":5},{"damage":0,"enemies":"Lots of Slimes","floor":7,"turns":4},{"damage":13,"enemies":"Exordium Thugs","floor":8,"turns":4},{"damage":9,"enemies":"Exordium Wildlife","floor":11,"turns":6},{"damage":22,"enemies":"Gremlin Nob","floor":13,"turns":3}],"seed_played":"-3585072500884528715","potions_obtained":[{"floor":0,"key":"Strength Potion"},{"floor":0,"key":"Swift Potion"},{"floor":0,"key":"Explosive Potion"},{"floor":4,"key":"FocusPotion"}],"is_trial":false,"path_per_floor":["M","M","T","M","$","E","M","M","T","$","M","$","E"],"character_chosen":"DEFECT","items_purchased":["Turnip","Fire Potion","Cold Snap"],"campfire_rested":0,"item_purchase_floors":[5,5,10],"current_hp_per_floor":[75,68,68,63,63,35,35,22,22,22,13,13,0,0],"gold":51,"neow_bonus":"THREE_SMALL_POTIONS","is_daily":false,"chose_seed":false,"campfire_upgraded":0,"win_rate":0.0,"timestamp":1611303356,"path_taken":["M","M","?","M","$","E","M","M","T","?","M","$","E"],"items_purchased_type":["Relic","Potion","Card"],"build_version":"2020-12-22","purchased_purges":0,"victory":false,"max_hp_per_floor":[75,75,75,75,75,75,75,75,75,75,75,75,75,75],"relic_stats":{"counters":[8,30],"Tiny Chest":0,"Turnip":[0],"Boot":[11],"obtain_stats":[{"keyreminder:keyreminder":3,"Tiny Chest":6,"Turnip":5,"Cracked Core":0,"Boot":9},{"keyreminder:keyreminder":2,"Tiny Chest":4,"Turnip":3,"Cracked Core":0,"Boot":6},{"keyreminder:keyreminder":6,"Tiny Chest":13,"Turnip":8,"Cracked Core":0,"Boot":21}]},"card_choices":[{"not_picked":["Leap","Melter"],"picked":"Streamline","floor":1},{"not_picked":["Static Discharge","Hologram"],"picked":"Chill","floor":2},{"not_picked":["Compile Driver","Gash"],"picked":"Chill","floor":4},{"not_picked":["Fission","Redo"],"picked":"Steam","floor":6},{"not_picked":["Hologram","Streamline"],"picked":"Auto Shields","floor":7},{"not_picked":["Doom and Gloom","Sunder","Compile Driver"],"picked":"SKIP","floor":8},{"not_picked":["Lockon","Streamline"],"picked":"Beam Cell","floor":11}],"player_experience":69499,"relics_obtained":[{"floor":6,"key":"Tiny Chest"},{"floor":9,"key":"Boot"}],"event_choices":[],"is_beta":false,"boss_relics":[],"items_purged_floors":[],"is_endless":false,"potions_floor_spawned":[4,8,11],"killed_by":"Gremlin Nob","ascension_level":2}}