{"host":"bf9sa99gaumonoeu","time":1611321666,"event":{"mods":["AchievementEnabler","Act Like it!","Aspiration","BaseMod","Bestiary","Block Reminder","Colored Map","Colored Powertips","Friendly Minions","Gensokyo","GifTheSpireLib","Googly Eyes","Hallownest","Hermit","Highlight Path","Jorbs\u0027s Wanderer Trilogy","KinomotoSakuraMod(????)","Koishi","Marisa????????","Minty Spire (QoL Compilation)","Rare Cards Sparkle","Relic Stats","Spire Arcade","StSLib","The Administrix","The Animator","The Bug Knight","The Construct","The Cursed","The Hierophant","The Mystic","The Necromancer","The Poker Player","The Runesmith","The Senshi","The Servant 0.9.4","ojb\u0027s Info Mod"],"gold_per_floor":[363,378,27,40,119,119,119,139,164,164,204,204,256,284,284,386,386,405,375,109,131,154,176,198,198,224,269,296,320,372,395,395,395,395],"floor_reached":33,"language":"ENG","playtime":3022,"items_purged":[],"score":673,"play_id":"4849d4ee-229c-40dd-b7da-75d820853124","local_time":"20210122112106","is_ascension_mode":true,"campfire_choices":[{"data":"Cloak And Dagger","floor":6,"key":"SMITH"},{"data":"Finisher","floor":10,"key":"SMITH"},{"data":"Acrobatics","floor":15,"key":"SMITH"},{"data":"Wraith Form v2","floor":32,"key":"SMITH"}],"circlet_count":0,"master_deck":["AscendersBane","Strike_G","Strike_G","Strike_G","Strike_G","Strike_G","Defend_G","Defend_G","Defend_G","Defend_G","Defend_G","Survivor","Neutralize","Dagger Spray","Masterful Stab","Finisher+1","Backstab","Footwork","Bandage Up","Cloak And Dagger+1","Acrobatics+1","Tactician","Bouncing Flask","Underhanded Strike","Die Die Die","OortCloud","PiercingWail","Wraith Form v2+1","All Out Attack","Ghostly","Ghostly","Ghostly","Finisher","MilkyWay+1","PowerUp+1"],"relics":["Ring of the Snake","Golden Idol","CeramicFish","Lantern","theSenshi:FeatherClipsRelic","Bird Faced Urn","aspiration:MarisaSkillbook","aspiration:FrozenJewel","aspiration:RitualStick","Orichalcum","Sundial","Dream Catcher"],"acts_visited":["Exordium","TheCity"],"potions_floor_usage":[11,13,19,22,27,29,33],"damage_taken":[{"damage":15,"enemies":"Cultist","floor":1,"turns":7},{"damage":2,"enemies":"2 Louse","floor":2,"turns":2},{"damage":0,"enemies":"Jaw Worm","floor":4,"turns":2},{"damage":4,"enemies":"Blue Slaver","floor":8,"turns":4},{"damage":6,"enemies":"Lagavulin","floor":11,"turns":4},{"damage":1,"enemies":"Gremlin Nob","floor":13,"turns":3},{"damage":0,"enemies":"Lots of Slimes","floor":14,"turns":4},{"damage":22,"enemies":"The Guardian","floor":16,"turns":11},{"damage":0,"enemies":"Chosen","floor":18,"turns":3},{"damage":6,"enemies":"Spheric Guardian","floor":21,"turns":5},{"damage":6,"enemies":"Snake Plant","floor":22,"turns":4},{"damage":32,"enemies":"Shelled Parasite and Fungi","floor":23,"turns":7},{"damage":3,"enemies":"Cultist and Chosen","floor":24,"turns":7},{"damage":10,"enemies":"Book of Stabbing","floor":27,"turns":6},{"damage":0,"enemies":"Snake Plant","floor":29,"turns":4},{"damage":0,"enemies":"Slavers","floor":30,"turns":6},{"damage":0,"enemies":"Shelled Parasite and Fungi","floor":31,"turns":4},{"damage":62,"enemies":"Automaton","floor":33,"turns":6}],"seed_played":"-7437705589811316998","potions_obtained":[{"floor":8,"key":"FearPotion"},{"floor":13,"key":"PowerPotion"},{"floor":14,"key":"Weak Potion"},{"floor":19,"key":"Fruit Juice"},{"floor":19,"key":"SneckoOil"},{"floor":21,"key":"Explosive Potion"},{"floor":24,"key":"PowerPotion"},{"floor":27,"key":"Fruit Juice"}],"is_trial":false,"path_per_floor":["M","M","$","M","?","R","?","M","T","R","E","T","E","M","R","B",null,"M","?","$","M","M","M","M","?","T","E","?","M","E","M","R","B"],"character_chosen":"THE_SILENT","items_purchased":["Finisher","Backstab","Footwork","Bandage Up","FearPotion","aspiration:FrozenJewel"],"campfire_rested":0,"item_purchase_floors":[3,3,3,3,3,20],"current_hp_per_floor":[29,27,27,31,31,31,31,31,31,31,29,29,34,46,46,36,54,60,65,65,65,65,47,58,42,42,48,32,37,37,37,37,0,0],"gold":395,"neow_bonus":"TWO_FIFTY_GOLD","is_daily":false,"chose_seed":false,"campfire_upgraded":4,"win_rate":0.0,"timestamp":1611321666,"path_taken":["M","M","$","M","?","R","?","M","T","R","E","?","E","M","R","BOSS","M","?","$","M","M","M","?","?","T","E","?","M","E","M","R","BOSS"],"items_purchased_type":["Card","Card","Card","Card","Potion","Relic"],"build_version":"2020-12-22","purchased_purges":0,"victory":false,"max_hp_per_floor":[66,66,66,66,66,66,60,60,60,60,60,60,60,60,60,60,60,60,65,65,65,65,65,65,65,65,65,32,37,37,37,37,37,37],"relic_stats":{"Dream Catcher":0,"counters":[18,89],"Golden Idol":82,"Sundial":[0],"CeramicFish":126,"Bird Faced Urn":[20],"Orichalcum":[60],"obtain_stats":[{"Lantern":11,"Dream Catcher":30,"Golden Idol":7,"Sundial":27,"CeramicFish":9,"Bird Faced Urn":13,"theSenshi:FeatherClipsRelic":12,"Orichalcum":26,"aspiration:MarisaSkillbook":17,"aspiration:FrozenJewel":20,"aspiration:RitualStick":25,"Ring of the Snake":0},{"Lantern":5,"Dream Catcher":16,"Golden Idol":3,"Sundial":14,"CeramicFish":4,"Bird Faced Urn":6,"theSenshi:FeatherClipsRelic":5,"Orichalcum":13,"aspiration:MarisaSkillbook":8,"aspiration:FrozenJewel":9,"aspiration:RitualStick":13,"Ring of the Snake":0},{"Lantern":19,"Dream Catcher":79,"Golden Idol":11,"Sundial":69,"CeramicFish":15,"Bird Faced Urn":22,"theSenshi:FeatherClipsRelic":19,"Orichalcum":63,"aspiration:MarisaSkillbook":37,"aspiration:FrozenJewel":40,"aspiration:RitualStick":63,"Ring of the Snake":0}],"aspiration:RitualStick":[0],"Ring of the Snake":[36]},"card_choices":[{"not_picked":["Outmaneuver","Cloak And Dagger"],"picked":"Dagger Spray","floor":1},{"not_picked":["Prepared","Flying Knee"],"picked":"Masterful Stab","floor":2},{"not_picked":["Caltrops","Distraction"],"picked":"Cloak And Dagger","floor":4},{"not_picked":["Expertise","Blade Dance"],"picked":"Acrobatics","floor":8},{"not_picked":["Flying Knee","Deflect"],"picked":"Tactician","floor":11},{"not_picked":["Sucker Punch","Tactician"],"picked":"Bouncing Flask","floor":13},{"not_picked":["Blade Dance","Slice"],"picked":"Underhanded Strike","floor":14},{"not_picked":["Unload","Envenom"],"picked":"Die Die Die","floor":16},{"not_picked":["Escape Plan","MeteoricShower","Underhanded Strike","Dagger Spray"],"picked":"SKIP","floor":18},{"not_picked":["GravityBeat","Finisher","EnergyFlow"],"picked":"OortCloud","floor":21},{"not_picked":["WitchOfGreed","DC","Blade Dance","UnstableBomb"],"picked":"SKIP","floor":22},{"not_picked":["Bouncing Flask","Deflect","Quick Slash"],"picked":"PiercingWail","floor":23},{"not_picked":["Acceleration","Dagger Spray","Deadly Poison"],"picked":"Wraith Form v2","floor":24},{"not_picked":["PulseMagic","Dodge and Roll","Poisoned Stab"],"picked":"All Out Attack","floor":27},{"not_picked":["6A","Bouncing Flask","NonDirectionalLaser"],"picked":"Finisher","floor":29},{"not_picked":["Underhanded Strike","Caltrops","Orbital"],"picked":"MilkyWay+1","floor":30},{"not_picked":["GrandCross","Doppelganger","Prepared"],"picked":"PowerUp+1","floor":31}],"player_experience":1106436,"relics_obtained":[{"floor":9,"key":"CeramicFish"},{"floor":11,"key":"Lantern"},{"floor":12,"key":"theSenshi:FeatherClipsRelic"},{"floor":13,"key":"Bird Faced Urn"},{"floor":26,"key":"Orichalcum"},{"floor":27,"key":"Sundial"},{"floor":30,"key":"Dream Catcher"}],"event_choices":[{"damage_healed":0,"gold_gain":79,"player_choice":"Gained Gold","damage_taken":0,"max_hp_gain":0,"max_hp_loss":0,"event_name":"Golden Wing","floor":5,"gold_loss":0},{"damage_healed":0,"gold_gain":0,"player_choice":"Lose Max HP","damage_taken":0,"relics_obtained":["Golden Idol"],"max_hp_gain":0,"max_hp_loss":6,"event_name":"Golden Idol","floor":7,"gold_loss":0},{"damage_healed":0,"gold_gain":0,"player_choice":"Bought 2 Potions","damage_taken":0,"max_hp_gain":0,"max_hp_loss":0,"event_name":"The Woman in Blue","floor":19,"gold_loss":0},{"damage_healed":0,"gold_gain":0,"player_choice":"Became a Ghost","damage_taken":0,"max_hp_gain":0,"max_hp_loss":33,"event_name":"Ghosts","floor":28,"gold_loss":0,"cards_obtained":["Ghostly","Ghostly","Ghostly"]}],"is_beta":false,"boss_relics":[{"not_picked":["construct:ClawGrip","Busted Crown"],"picked":"aspiration:MarisaSkillbook"}],"items_purged_floors":[],"is_endless":false,"potions_floor_spawned":[8,13,14,21,24,27],"killed_by":"Automaton","ascension_level":20}}