{"host":"qekv59dthhdg54sz","time":1611287449,"event":{"mods":["AchievementEnabler","BaseMod","Colored Map","DeckTracker","KOR Keyword Fix","Minty Spire (QoL Compilation)","Rare Cards Sparkle","StSLib","SuperFastMode"],"gold_per_floor":[15,15,15,38,56,56,80,96,96,112,155,155,170,186,186,276,276,296,296,311,71,87,87,102,118,118,136,136,36,75,93,93,184,184,202,218,93,111,136,136,136,136,136,167,167,191,191,210,210,210,210],"floor_reached":52,"language":"KOR","playtime":1774,"items_purged":["Strike_P","Strike_P","Strike_P+1"],"score":1824,"play_id":"9163023d-b23c-4e77-8343-4f234187aae7","local_time":"20210122125049","is_ascension_mode":true,"campfire_choices":[{"data":"Eruption","floor":6.0,"key":"SMITH"},{"data":"MentalFortress","floor":12.0,"key":"SMITH"},{"data":"Adaptation","floor":15.0,"key":"SMITH"},{"data":"Devotion","floor":23.0,"key":"SMITH"},{"data":"ForeignInfluence","floor":28.0,"key":"SMITH"},{"floor":32.0,"key":"REST"},{"floor":40.0,"key":"REST"},{"floor":47.0,"key":"DIG"},{"floor":49.0,"key":"DIG"}],"circlet_count":0,"master_deck":["AscendersBane","Defend_P+1","Defend_P","Eruption+1","Vigilance+1","Devotion+1","ReachHeaven+1","Prostrate+1","TalkToTheHand+1","MentalFortress+1","EmptyMind+1","Adaptation+1","CurseOfTheBell","Evaluate+1","DeusExMachina+1","Tantrum","Brilliance","Pray+1"],"relics":["PureWater","Golden Idol","War Paint","Ornamental Fan","Centennial Puzzle","Calling Bell","Potion Belt","Toxic Egg 2","Du-Vu Doll","Lee\u0027s Waffle","Gremlin Horn","Empty Cage","Bottled Tornado","Shovel","StrikeDummy","Yang"],"acts_visited":["Exordium","TheCity","TheBeyond"],"potions_floor_usage":[51,51],"damage_taken":[{"damage":0.0,"enemies":"Cultist","floor":1.0,"turns":2.0},{"damage":1.0,"enemies":"2 Louse","floor":5.0,"turns":2.0},{"damage":4.0,"enemies":"Jaw Worm","floor":7.0,"turns":5.0},{"damage":1.0,"enemies":"Red Slaver","floor":8.0,"turns":3.0},{"damage":2.0,"enemies":"2 Fungi Beasts","floor":10.0,"turns":3.0},{"damage":30.0,"enemies":"3 Sentries","floor":11.0,"turns":8.0},{"damage":8.0,"enemies":"Exordium Wildlife","floor":13.0,"turns":5.0},{"damage":9.0,"enemies":"3 Louse","floor":14.0,"turns":4.0},{"damage":6.0,"enemies":"Hexaghost","floor":16.0,"turns":8.0},{"damage":16.0,"enemies":"Spheric Guardian","floor":18.0,"turns":5.0},{"damage":29.0,"enemies":"Shell Parasite","floor":20.0,"turns":6.0},{"damage":21.0,"enemies":"Shelled Parasite and Fungi","floor":22.0,"turns":7.0},{"damage":1.0,"enemies":"Snecko","floor":24.0,"turns":5.0},{"damage":2.0,"enemies":"Cultist and Chosen","floor":25.0,"turns":3.0},{"damage":8.0,"enemies":"Centurion and Healer","floor":27.0,"turns":5.0},{"damage":16.0,"enemies":"Sentry and Sphere","floor":30.0,"turns":6.0},{"damage":0.0,"enemies":"Chosen and Byrds","floor":31.0,"turns":5.0},{"damage":23.0,"enemies":"Champ","floor":33.0,"turns":9.0},{"damage":19.0,"enemies":"Orb Walker","floor":35.0,"turns":4.0},{"damage":15.0,"enemies":"3 Darklings","floor":36.0,"turns":3.0},{"damage":0.0,"enemies":"Spire Growth","floor":38.0,"turns":4.0},{"damage":7.0,"enemies":"Transient","floor":39.0,"turns":6.0},{"damage":0.0,"enemies":"Mind Bloom Boss Battle","floor":44.0,"turns":4.0},{"damage":1.0,"enemies":"Sphere and 2 Shapes","floor":46.0,"turns":3.0},{"damage":0.0,"enemies":"Writhing Mass","floor":48.0,"turns":4.0},{"damage":20.0,"enemies":"Donu and Deca","floor":50.0,"turns":6.0},{"damage":27,"enemies":"Awakened One","floor":51,"turns":6}],"seed_played":"-3324436563653172445","potions_obtained":[{"floor":5.0,"key":"BottledMiracle"},{"floor":7.0,"key":"PowerPotion"},{"floor":13.0,"key":"Block Potion"},{"floor":22.0,"key":"BottledMiracle"},{"floor":24.0,"key":"Swift Potion"},{"floor":27.0,"key":"SpeedPotion"},{"floor":30.0,"key":"Explosive Potion"},{"floor":33.0,"key":"BlessingOfTheForge"},{"floor":36.0,"key":"AttackPotion"},{"floor":38.0,"key":"LiquidMemories"},{"floor":44.0,"key":"LiquidMemories"},{"floor":46.0,"key":"ColorlessPotion"}],"is_trial":false,"path_per_floor":["M","?","?","T","M","R","M","M","T","M","E","R","M","M","R","B",null,"M","?","M","$","M","R","M","M","T","M","R","$","M","M","R","B",null,"M","M","$","M","M","R","?","$","T","?","?","M","R","M","R","B","B",null],"character_chosen":"WATCHER","items_purchased":["Lee\u0027s Waffle"],"campfire_rested":2,"item_purchase_floors":[21],"current_hp_per_floor":[61,61,66,66,65,65,61,60,60,58,28,28,20,11,11,5,52,36,36,7,74,53,53,52,50,50,42,42,42,26,26,48,25,62,43,28,28,28,21,43,43,43,43,43,84,83,83,83,83,63,36],"gold":210,"neow_bonus":"THREE_RARE_CARDS","is_daily":false,"chose_seed":false,"campfire_upgraded":5,"win_rate":0.0,"timestamp":1611287449,"path_taken":["M","?","?","?","?","R","M","M","T","M","E","R","M","M","R","BOSS","M","?","?","?","M","R","M","M","T","M","R","$","M","M","R","BOSS","M","M","$","M","M","R","?","$","T","?","?","M","R","M","R","BOSS","BOSS"],"items_purchased_type":["Relic"],"build_version":"2020-12-22","purchased_purges":3,"victory":true,"max_hp_per_floor":[68,62,67,67,67,67,67,67,67,67,67,67,67,67,67,67,67,67,67,67,74,74,74,74,74,74,74,74,74,74,74,74,74,74,74,74,74,74,74,74,74,74,74,74,84,84,84,84,84,84,84],"card_choices":[{"not_picked":["Omniscience","SpiritShield"],"picked":"Devotion","floor":0.0},{"not_picked":["Halt","Conclude"],"picked":"ReachHeaven","floor":1.0},{"not_picked":["CutThroughFate","EmptyFist"],"picked":"Prostrate","floor":5.0},{"not_picked":["EmptyFist","FlyingSleeves"],"picked":"ForeignInfluence","floor":7.0},{"not_picked":["PathToVictory","WheelKick"],"picked":"TalkToTheHand","floor":8.0},{"not_picked":["PathToVictory","BowlingBash"],"picked":"MentalFortress","floor":10.0},{"not_picked":["WheelKick","CrushJoints"],"picked":"EmptyMind","floor":11.0},{"not_picked":["FearNoEvil","Crescendo"],"picked":"Adaptation","floor":13.0},{"not_picked":["JustLucky","FollowUp","CutThroughFate"],"picked":"SKIP","floor":14.0},{"not_picked":["ConjureBlade","MasterReality"],"picked":"LessonLearned","floor":16.0},{"not_picked":["EmptyFist","CrushJoints","FlyingSleeves"],"picked":"SKIP","floor":18.0},{"not_picked":["FollowUp","Fasting2"],"picked":"Evaluate+1","floor":20.0},{"not_picked":["FollowUp","TalkToTheHand"],"picked":"DeusExMachina+1","floor":22.0},{"not_picked":["CrushJoints","LikeWater","EmptyBody+1"],"picked":"SKIP","floor":24.0},{"not_picked":["PathToVictory+1","ForeignInfluence+1","FlurryOfBlows"],"picked":"SKIP","floor":25.0},{"not_picked":["EmptyBody+1","Adaptation"],"picked":"Tantrum","floor":27.0},{"not_picked":["DeceiveReality+1","Consecrate","Tantrum"],"picked":"SKIP","floor":30.0},{"not_picked":["Crescendo+1","Conclude","WreathOfFlame+1"],"picked":"SKIP","floor":31.0},{"not_picked":["Vault+1","DeusExMachina+1"],"picked":"Brilliance","floor":33.0},{"not_picked":["JustLucky+1","SignatureMove+1","FollowUp"],"picked":"SKIP","floor":35.0},{"not_picked":["BowlingBash","PathToVictory+1","Conclude"],"picked":"SKIP","floor":36.0},{"not_picked":["Swivel+1","ThirdEye+1","Indignation+1"],"picked":"SKIP","floor":38.0},{"not_picked":["Tantrum","EmptyBody+1"],"picked":"Pray+1","floor":39.0},{"not_picked":["Protect+1","Evaluate+1","EmptyFist"],"picked":"SKIP","floor":46.0},{"not_picked":["Conclude","ConjureBlade+1","BowlingBash"],"picked":"SKIP","floor":48.0}],"player_experience":799678,"relics_obtained":[{"floor":4.0,"key":"War Paint"},{"floor":9.0,"key":"Ornamental Fan"},{"floor":11.0,"key":"Centennial Puzzle"},{"floor":17.0,"key":"Potion Belt"},{"floor":17.0,"key":"Toxic Egg 2"},{"floor":17.0,"key":"Du-Vu Doll"},{"floor":26.0,"key":"Gremlin Horn"},{"floor":43.0,"key":"Bottled Tornado"},{"floor":44.0,"key":"Shovel"},{"floor":47.0,"key":"StrikeDummy"},{"floor":49.0,"key":"Yang"}],"event_choices":[{"damage_healed":0.0,"max_hp_gain":0.0,"max_hp_loss":6.0,"gold_gain":0.0,"event_name":"Golden Idol","player_choice":"Lose Max HP","floor":2.0,"gold_loss":0.0,"damage_taken":0.0,"relics_obtained":["Golden Idol"]},{"damage_healed":0.0,"max_hp_gain":5.0,"max_hp_loss":0.0,"gold_gain":0.0,"event_name":"Big Fish","player_choice":"Donut","floor":3.0,"gold_loss":0.0,"damage_taken":0.0},{"cards_removed":["Strike_P"],"damage_healed":0.0,"max_hp_gain":0.0,"max_hp_loss":0.0,"gold_gain":0.0,"event_name":"Purifier","player_choice":"Purged","floor":19.0,"gold_loss":0.0,"damage_taken":0.0},{"cards_removed":["ForeignInfluence"],"damage_healed":0.0,"max_hp_gain":0.0,"max_hp_loss":0.0,"gold_gain":0.0,"event_name":"Falling","player_choice":"Removed Skill","floor":41.0,"gold_loss":0.0,"damage_taken":0.0},{"damage_healed":0.0,"max_hp_gain":0.0,"max_hp_loss":0.0,"gold_gain":0.0,"event_name":"MindBloom","player_choice":"Fight","floor":44.0,"gold_loss":0.0,"damage_taken":0.0},{"cards_removed":["LessonLearned"],"damage_healed":31.0,"max_hp_gain":10.0,"max_hp_loss":0.0,"gold_gain":0.0,"event_name":"Bonfire Elementals","player_choice":"Offered Rare","floor":45.0,"gold_loss":0.0,"damage_taken":0.0}],"is_beta":false,"boss_relics":[{"not_picked":["Philosopher\u0027s Stone","Black Star"],"picked":"Calling Bell"},{"not_picked":["Fusion Hammer","Sozu"],"picked":"Empty Cage"}],"items_purged_floors":[21,29,37],"is_endless":false,"potions_floor_spawned":[5,7,13,22,24,27,30,33,36,38,44,46,48],"ascension_level":20}}