{"host":"qm4rv4rkpk76sbxu","time":1611324943,"event":{"mods":["BaseMod","Bestiary","Block Reminder","DeckTracker","Filter the Spire","Keyboard Shortcuts","Minty Spire (QoL Compilation)","MonsterHotkey","Quick Restart","Random Character Button","Relic Stats","Slay-I","StSLib","Unceasing Turn Reminder","ojb\u0027s Better Paths Mod","ojb\u0027s Info Mod"],"gold_per_floor":[115,115,131,91,108,140,215,215,215,246,246,246,282,40,40,160,160,173,173,173,186,236,236,270,289,312,333,386,431,28,42,42,177,177,200,220,229,76,76,1075,1097,1141,1141,1141,1185,1185,1185,179,179,179,179,179,32,72,72],"floor_reached":56,"language":"ENG","playtime":2076,"items_purged":["Shame","Strike_G+1"],"score":1509,"play_id":"0264b844-faf3-4e6e-9d2b-c633eae9990c","local_time":"20210122151543","is_ascension_mode":true,"campfire_choices":[{"data":"Noxious Fumes","floor":12.0,"key":"SMITH"},{"data":"Calculated Gamble","floor":15.0,"key":"SMITH"},{"data":"Die Die Die","floor":23.0,"key":"SMITH"},{"data":"Burst","floor":32.0,"key":"SMITH"},{"data":"Ghostly","floor":44.0,"key":"SMITH"},{"floor":49.0,"key":"RECALL"},{"data":"Ghostly","floor":52.0,"key":"SMITH"}],"circlet_count":0,"master_deck":["Strike_G+1","Strike_G+1","Strike_G+1","Defend_G+1","Defend_G+1","Defend_G+1","Defend_G+1","Defend_G+1","Survivor","Neutralize","Flash of Steel","Cloak And Dagger","Noxious Fumes+1","Calculated Gamble+1","Poisoned Stab","Blur","Dagger Throw","Die Die Die+1","Well Laid Plans+1","Reflex","Venomology","Crippling Poison+1","Backflip+1","Outmaneuver","Ghostly+1","Ghostly","Ghostly+1","Ghostly","Ghostly+1","Burst+1","Noxious Fumes","Wraith Form v2","Burst+1","Calculated Gamble","Bouncing Flask+1","Apotheosis","Doppelganger","Ghostly+1","Crippling Poison+1"],"relics":["Ring of the Snake","Pear","Sundial","Meat on the Bone","CaptainsWheel","Golden Idol","Juzu Bracelet","White Beast Statue","Philosopher\u0027s Stone","Question Card","Snake Skull","CeramicFish","Omamori","Runic Pyramid","Happy Flower","Toy Ornithopter","Boot","Centennial Puzzle","OrangePellets","Incense Burner","Blood Vial","DollysMirror","Akabeko"],"acts_visited":["Exordium","TheCity","TheBeyond","TheEnding"],"potions_floor_usage":[55,55],"damage_taken":[{"damage":0.0,"enemies":"Jaw Worm","floor":1.0,"turns":4.0},{"damage":0.0,"enemies":"Small Slimes","floor":3.0,"turns":3.0},{"damage":0.0,"enemies":"Cultist","floor":5.0,"turns":4.0},{"damage":21.0,"enemies":"Gremlin Nob","floor":6.0,"turns":5.0},{"damage":22.0,"enemies":"3 Sentries","floor":10.0,"turns":8.0},{"damage":0.0,"enemies":"Gremlin Nob","floor":13.0,"turns":4.0},{"damage":8.0,"enemies":"Hexaghost","floor":16.0,"turns":10.0},{"damage":13.0,"enemies":"2 Thieves","floor":18.0,"turns":4.0},{"damage":3.0,"enemies":"Shell Parasite","floor":21.0,"turns":4.0},{"damage":23.0,"enemies":"Slavers","floor":24.0,"turns":5.0},{"damage":3.0,"enemies":"Snake Plant","floor":25.0,"turns":4.0},{"damage":12.0,"enemies":"Snecko","floor":27.0,"turns":5.0},{"damage":0.0,"enemies":"Gremlin Leader","floor":28.0,"turns":4.0},{"damage":4.0,"enemies":"Cultist and Chosen","floor":31.0,"turns":6.0},{"damage":4.0,"enemies":"Automaton","floor":33.0,"turns":9.0},{"damage":10.0,"enemies":"3 Darklings","floor":35.0,"turns":6.0},{"damage":0.0,"enemies":"3 Shapes","floor":36.0,"turns":4.0},{"damage":0.0,"enemies":"Transient","floor":41.0,"turns":5.0},{"damage":3.0,"enemies":"Giant Head","floor":42.0,"turns":9.0},{"damage":4.0,"enemies":"Nemesis","floor":45.0,"turns":7.0},{"damage":40.0,"enemies":"Awakened One","floor":50.0,"turns":12.0},{"damage":2.0,"enemies":"Shield and Spear","floor":54.0,"turns":7.0},{"damage":27,"enemies":"The Heart","floor":55,"turns":12}],"seed_played":"-8104040103023480098","potions_obtained":[{"floor":3.0,"key":"Fire Potion"},{"floor":4.0,"key":"CultistPotion"},{"floor":4.0,"key":"Explosive Potion"},{"floor":6.0,"key":"SkillPotion"},{"floor":10.0,"key":"BlessingOfTheForge"},{"floor":16.0,"key":"EntropicBrew"},{"floor":18.0,"key":"AttackPotion"},{"floor":21.0,"key":"PowerPotion"},{"floor":24.0,"key":"SkillPotion"},{"floor":25.0,"key":"Strength Potion"},{"floor":27.0,"key":"DistilledChaos"},{"floor":28.0,"key":"LiquidBronze"},{"floor":33.0,"key":"SteroidPotion"},{"floor":35.0,"key":"Regen Potion"},{"floor":45.0,"key":"SteroidPotion"},{"floor":54.0,"key":"Energy Potion"}],"is_trial":false,"path_per_floor":["M","?","M","?","M","E","?","?","T","E","?","R","E","$","R","B",null,"M","?","?","M","?","R","E","M","T","M","E","?","$","M","R","B",null,"M","M","?","$","?","?","M","E","T","R","E","?","?","$","R","B",null,"R","$","E","B",null],"character_chosen":"THE_SILENT","items_purchased":["White Beast Statue","Burst","Noxious Fumes","Omamori","Happy Flower","OrangePellets","Apotheosis","Doppelganger","Incense Burner","Blood Vial","DollysMirror"],"campfire_rested":0,"item_purchase_floors":[14,30,30,30,38,48,48,48,48,48,53],"current_hp_per_floor":[70,68,68,68,68,47,36,62,62,52,32,32,44,44,44,48,80,67,67,67,64,64,64,41,50,50,50,50,40,40,36,36,32,40,30,30,30,30,30,30,40,37,37,37,36,36,36,36,36,17,40,40,40,38,23],"gold":72,"neow_bonus":"RANDOM_COLORLESS","is_daily":false,"chose_seed":false,"campfire_upgraded":6,"win_rate":0.0,"timestamp":1611324943,"path_taken":["M","?","M","?","?","E","?","?","T","E","?","R","E","$","R","BOSS","M","?","?","M","?","R","E","M","T","M","E","?","$","M","R","BOSS","M","M","?","$","?","?","M","E","T","R","E","?","?","$","R","BOSS","R","$","E","BOSS"],"items_purchased_type":["Relic","Card","Card","Relic","Relic","Relic","Card","Card","Relic","Relic","Relic"],"build_version":"2020-12-22","purchased_purges":2,"victory":true,"max_hp_per_floor":[70,80,80,80,80,80,80,80,80,80,80,80,80,80,80,80,80,80,80,80,80,80,80,80,80,80,80,80,40,40,40,40,40,40,40,40,40,40,40,40,40,40,40,40,40,40,40,40,40,40,40,40,40,40,40],"relic_stats":{"Happy Flower":[17],"counters":[23,141],"Golden Idol":175,"CeramicFish":144,"Snake Skull":[170],"Juzu Bracelet":3,"Question Card":13,"Boot":[34],"Blood Vial":4,"OrangePellets":[4],"Centennial Puzzle":[9],"Sundial":[16],"obtain_stats":[{"Pear":2,"Happy Flower":38,"Golden Idol":11,"CeramicFish":28,"Snake Skull":24,"Juzu Bracelet":13,"Omamori":30,"Incense Burner":48,"Question Card":20,"Boot":43,"White Beast Statue":14,"Akabeko":54,"Blood Vial":48,"OrangePellets":48,"CaptainsWheel":10,"Centennial Puzzle":45,"Sundial":6,"DollysMirror":53,"Philosopher\u0027s Stone":17,"Toy Ornithopter":42,"Ring of the Snake":0,"Meat on the Bone":9,"Runic Pyramid":34},{"Pear":1,"Happy Flower":17,"Golden Idol":5,"CeramicFish":13,"Snake Skull":10,"Juzu Bracelet":6,"Omamori":13,"Incense Burner":20,"Question Card":8,"Boot":19,"White Beast Statue":6,"Akabeko":22,"Blood Vial":20,"OrangePellets":20,"CaptainsWheel":5,"Centennial Puzzle":20,"Sundial":4,"DollysMirror":21,"Philosopher\u0027s Stone":7,"Toy Ornithopter":19,"Ring of the Snake":0,"Meat on the Bone":4,"Runic Pyramid":15},{"Pear":4,"Happy Flower":89,"Golden Idol":24,"CeramicFish":64,"Snake Skull":51,"Juzu Bracelet":28,"Omamori":64,"Incense Burner":110,"Question Card":42,"Boot":103,"White Beast Statue":28,"Akabeko":129,"Blood Vial":110,"OrangePellets":110,"CaptainsWheel":24,"Centennial Puzzle":110,"Sundial":16,"DollysMirror":122,"Philosopher\u0027s Stone":38,"Toy Ornithopter":103,"Ring of the Snake":0,"Meat on the Bone":16,"Runic Pyramid":79}],"Toy Ornithopter":20,"Ring of the Snake":[46],"Meat on the Bone":72},"card_choices":[{"not_picked":["Blind","Dark Shackles"],"picked":"Flash of Steel","floor":0.0},{"not_picked":["Bane","Slice"],"picked":"Cloak And Dagger","floor":1.0},{"not_picked":["Backflip","Sucker Punch"],"picked":"Noxious Fumes","floor":3.0},{"not_picked":["Accuracy","Sucker Punch"],"picked":"Calculated Gamble","floor":5.0},{"not_picked":["Underhanded Strike","Outmaneuver"],"picked":"Poisoned Stab","floor":6.0},{"not_picked":["Prepared","Cloak And Dagger"],"picked":"Blur","floor":10.0},{"not_picked":["Bane","Sucker Punch"],"picked":"Dagger Throw","floor":13.0},{"not_picked":["Doppelganger","Grand Finale"],"picked":"Die Die Die","floor":16.0},{"not_picked":["Bane+1","Deadly Poison"],"picked":"Well Laid Plans+1","floor":18.0},{"not_picked":["Poisoned Stab","Dagger Throw","Underhanded Strike"],"picked":"Reflex","floor":21.0},{"not_picked":["Acrobatics+1","Dagger Spray","Backflip"],"picked":"Venomology","floor":24.0},{"not_picked":["Bouncing Flask","Finisher+1","Dagger Spray"],"picked":"Crippling Poison+1","floor":25.0},{"not_picked":["Riddle With Holes+1","Predator","Underhanded Strike+1"],"picked":"Backflip+1","floor":27.0},{"not_picked":["Storm of Steel","PiercingWail+1","Poisoned Stab+1"],"picked":"Outmaneuver","floor":28.0},{"not_picked":["PiercingWail","Quick Slash+1","Dodge and Roll+1","Sucker Punch"],"picked":"SKIP","floor":31.0},{"not_picked":["Die Die Die","Storm of Steel","After Image"],"picked":"Wraith Form v2","floor":33.0},{"not_picked":["Slice+1","Backflip+1","Sucker Punch+1","Distraction+1"],"picked":"SKIP","floor":35.0},{"not_picked":["Riddle With Holes","Quick Slash+1","Masterful Stab+1","Bane"],"picked":"SKIP","floor":36.0},{"not_picked":["Cloak And Dagger","Sucker Punch+1","Backflip+1"],"picked":"Calculated Gamble","floor":41.0},{"not_picked":["Finisher","Poisoned Stab+1","Prepared+1"],"picked":"Bouncing Flask+1","floor":42.0},{"not_picked":["All Out Attack+1","Sucker Punch+1","Blade Dance+1","Well Laid Plans"],"picked":"SKIP","floor":45.0},{"not_picked":["Heel Hook+1","Caltrops","Riddle With Holes"],"picked":"Crippling Poison+1","floor":54.0}],"player_experience":1358058,"relics_obtained":[{"floor":6.0,"key":"Sundial"},{"floor":9.0,"key":"Meat on the Bone"},{"floor":10.0,"key":"CaptainsWheel"},{"floor":13.0,"key":"Juzu Bracelet"},{"floor":24.0,"key":"Snake Skull"},{"floor":28.0,"key":"CeramicFish"},{"floor":42.0,"key":"Toy Ornithopter"},{"floor":43.0,"key":"Boot"},{"floor":45.0,"key":"Centennial Puzzle"},{"floor":54.0,"key":"Akabeko"}],"event_choices":[{"damage_healed":0.0,"max_hp_gain":0.0,"max_hp_loss":0.0,"gold_gain":0.0,"event_name":"Scrap Ooze","player_choice":"Success","floor":2.0,"gold_loss":0.0,"damage_taken":12.0,"relics_obtained":["Pear"]},{"damage_healed":0.0,"max_hp_gain":0.0,"max_hp_loss":0.0,"gold_gain":0.0,"event_name":"The Woman in Blue","player_choice":"Bought 3 Potions","floor":4.0,"gold_loss":0.0,"damage_taken":0.0},{"damage_healed":0.0,"max_hp_gain":0.0,"max_hp_loss":0.0,"gold_gain":75.0,"event_name":"World of Goop","player_choice":"Gather Gold","floor":7.0,"gold_loss":0.0,"damage_taken":11.0},{"damage_healed":26.0,"max_hp_gain":0.0,"max_hp_loss":0.0,"gold_gain":0.0,"event_name":"Big Fish","player_choice":"Banana","floor":8.0,"gold_loss":0.0,"damage_taken":0.0},{"damage_healed":0.0,"max_hp_gain":0.0,"max_hp_loss":0.0,"gold_gain":0.0,"event_name":"Golden Idol","player_choice":"Take Damage","floor":11.0,"gold_loss":0.0,"damage_taken":20.0,"relics_obtained":["Golden Idol"]},{"damage_healed":0.0,"max_hp_gain":0.0,"max_hp_loss":0.0,"gold_gain":0.0,"event_name":"Back to Basics","player_choice":"Simplicity","floor":19.0,"gold_loss":0.0,"damage_taken":0.0,"cards_upgraded":["Strike_G","Strike_G","Strike_G","Strike_G","Strike_G","Defend_G","Defend_G","Defend_G","Defend_G","Defend_G"]},{"damage_healed":0.0,"max_hp_gain":0.0,"max_hp_loss":0.0,"gold_gain":0.0,"event_name":"Addict","player_choice":"Stole Relic","floor":20.0,"gold_loss":0.0,"damage_taken":0.0,"relics_obtained":["Question Card"],"cards_obtained":["Shame"]},{"damage_healed":0.0,"max_hp_gain":0.0,"max_hp_loss":0.0,"gold_gain":100.0,"event_name":"The Joust","player_choice":"Bet on Murderer","floor":22.0,"gold_loss":50.0,"damage_taken":0.0},{"damage_healed":0.0,"max_hp_gain":0.0,"max_hp_loss":40.0,"gold_gain":0.0,"event_name":"Ghosts","player_choice":"Became a Ghost","floor":29.0,"gold_loss":0.0,"damage_taken":0.0,"cards_obtained":["Ghostly","Ghostly","Ghostly","Ghostly","Ghostly"]},{"damage_healed":0.0,"max_hp_gain":0.0,"max_hp_loss":0.0,"gold_gain":0.0,"event_name":"Duplicator","player_choice":"Copied","floor":37.0,"gold_loss":0.0,"damage_taken":0.0,"cards_obtained":["Burst"]},{"cards_removed":["Strike_G"],"damage_healed":0.0,"max_hp_gain":0.0,"max_hp_loss":0.0,"gold_gain":0.0,"event_name":"Falling","player_choice":"Removed Attack","floor":39.0,"gold_loss":0.0,"damage_taken":0.0},{"damage_healed":0.0,"max_hp_gain":0.0,"max_hp_loss":0.0,"gold_gain":999.0,"event_name":"MindBloom","player_choice":"Gold","floor":40.0,"gold_loss":0.0,"damage_taken":0.0,"cards_obtained":["Normality","Normality"]},{"damage_healed":0.0,"max_hp_gain":0.0,"max_hp_loss":0.0,"gold_gain":0.0,"event_name":"Upgrade Shrine","player_choice":"Upgraded","floor":46.0,"gold_loss":0.0,"damage_taken":0.0,"cards_upgraded":["Ghostly"]},{"damage_healed":0.0,"max_hp_gain":0.0,"max_hp_loss":0.0,"gold_gain":0.0,"event_name":"Tomb of Lord Red Mask","player_choice":"Ignored","floor":47.0,"gold_loss":0.0,"damage_taken":0.0}],"is_beta":false,"boss_relics":[{"not_picked":["Velvet Choker","Runic Dome"],"picked":"Philosopher\u0027s Stone"},{"not_picked":["Sozu","Pandora\u0027s Box"],"picked":"Runic Pyramid"}],"items_purged_floors":[30,48],"is_endless":false,"potions_floor_spawned":[3,6,10,16,18,21,24,25,27,28,31,33,35,36,41,42,45,54],"ascension_level":1}}