{"host":"hk3n60c9tb8azi3z","time":1611326182,"event":{"mods":["AchievementEnabler","BaseMod","Minty Spire (QoL Compilation)","Relic Sorter","Relic Stats"],"gold_per_floor":[112,112,112,72,92,136,160,160,187,212,226,247,247,291,291,384,384,399,399,412,431,449,492,492,532,559,559,474,272,272,286,286,381,381,404,354,372,388,663,699,257,257,257,290,304,348,348,348,348],"floor_reached":48,"language":"ENG","playtime":4360,"items_purged":["PathToVictory+1","CrushJoints"],"score":1465,"play_id":"e03bbfbb-3734-479b-960b-d0613da55932","local_time":"20210122153622","daily_mods":["Draft","Heirloom"],"is_ascension_mode":true,"campfire_choices":[{"data":"WaveOfTheHand","floor":8.0,"key":"SMITH"},{"floor":13.0,"key":"REST"},{"data":"Omniscience","floor":15.0,"key":"SMITH"},{"floor":24.0,"key":"REST"},{"data":"MentalFortress","floor":27.0,"key":"SMITH"},{"data":"TalkToTheHand","floor":32.0,"key":"SMITH"},{"data":"Ragnarok","floor":42,"key":"SMITH"}],"circlet_count":0,"master_deck":["AscendersBane","Meditate","EmptyBody+1","SashWhip","ThirdEye","WaveOfTheHand+1","Conclude+1","Protect","Crescendo+1","Wireheading","Protect","ThirdEye+1","EmptyFist","Crescendo+1","CutThroughFate","FlurryOfBlows","MentalFortress+1","FlurryOfBlows","Adaptation","Omniscience+1","Vault","TalkToTheHand+1","Ragnarok+1","FearNoEvil","TalkToTheHand+1","Ragnarok","TalkToTheHand+1","MentalFortress","Wireheading","MentalFortress","Regret","Crescendo","TalkToTheHand+1","Ragnarok","Shame","Wallop+1","Pain"],"relics":["PureWater","Gambling Chip","Golden Idol","War Paint","PreservedInsect","Meat on the Bone","Runic Pyramid","Regal Pillow","Orichalcum","Damaru","White Beast Statue","Cursed Key","Toy Ornithopter","DollysMirror","Eternal Feather","GoldenEye","Bottled Flame","WarpedTongs"],"acts_visited":["TheBeyond"],"potions_floor_usage":[40],"damage_taken":[{"damage":0.0,"enemies":"Small Slimes","floor":1.0,"turns":2.0},{"damage":0.0,"enemies":"2 Louse","floor":5.0,"turns":1.0},{"damage":9.0,"enemies":"Lagavulin","floor":6.0,"turns":6.0},{"damage":0.0,"enemies":"Cultist","floor":7.0,"turns":3.0},{"damage":0.0,"enemies":"Looter","floor":10.0,"turns":3.0},{"damage":0.0,"enemies":"2 Fungi Beasts","floor":11.0,"turns":3.0},{"damage":0.0,"enemies":"3 Louse","floor":12.0,"turns":2.0},{"damage":8.0,"enemies":"Gremlin Nob","floor":14.0,"turns":3.0},{"damage":0.0,"enemies":"Slime Boss","floor":16.0,"turns":5.0},{"damage":3.0,"enemies":"3 Byrds","floor":18.0,"turns":4.0},{"damage":4.0,"enemies":"Shell Parasite","floor":20.0,"turns":4.0},{"damage":9.0,"enemies":"Snake Plant","floor":21.0,"turns":5.0},{"damage":4.0,"enemies":"Cultist and Chosen","floor":22.0,"turns":7.0},{"damage":0.0,"enemies":"Gremlin Leader","floor":23.0,"turns":5.0},{"damage":1.0,"enemies":"Book of Stabbing","floor":25.0,"turns":4.0},{"damage":2.0,"enemies":"3 Cultists","floor":31.0,"turns":4.0},{"damage":6.0,"enemies":"Collector","floor":33.0,"turns":10.0},{"damage":0,"enemies":"3 Darklings","floor":35,"turns":3},{"damage":0,"enemies":"Orb Walker","floor":37,"turns":3},{"damage":3,"enemies":"Spire Growth","floor":38,"turns":5},{"damage":15,"enemies":"Reptomancer","floor":40,"turns":6},{"damage":4,"enemies":"Nemesis","floor":44,"turns":5},{"damage":0,"enemies":"Transient","floor":45,"turns":6},{"damage":0,"enemies":"Giant Head","floor":46,"turns":9},{"damage":8,"enemies":"Sphere and 2 Shapes","floor":48,"turns":4}],"seed_played":"-4157835089864180188","potions_obtained":[{"floor":1.0,"key":"EntropicBrew"},{"floor":4.0,"key":"EntropicBrew"},{"floor":20.0,"key":"Swift Potion"},{"floor":22.0,"key":"Ancient Potion"},{"floor":23.0,"key":"AttackPotion"},{"floor":31.0,"key":"Block Potion"},{"floor":33.0,"key":"Weak Potion"},{"floor":40,"key":"Fire Potion"},{"floor":44,"key":"BlessingOfTheForge"}],"is_trial":true,"path_per_floor":["M","?","?","?","M","E","M","R","T","M","M","M","R","E","R","B",null,"M","?","M","M","M","E","R","E","T","R","?","$","?","M","R","B",null,"M","?","M","M","?","E","$","R","T","E","M","E","?","M"],"character_chosen":"WATCHER","items_purchased":["TalkToTheHand","MentalFortress","DollysMirror","Ragnarok"],"campfire_rested":2,"item_purchase_floors":[29,29,41,41],"current_hp_per_floor":[61,61,42,42,42,33,33,33,33,33,33,33,51,43,43,43,57,54,54,50,41,37,37,62,61,61,61,61,61,61,59,59,53,60,60,60,60,57,57,42,42,42,42,38,38,38,38,30,30],"gold":348,"neow_bonus":"","is_daily":false,"chose_seed":false,"campfire_upgraded":5,"win_rate":0.0,"timestamp":1611326182,"path_taken":["M","?","?","?","M","E","M","R","T","M","M","?","R","E","R","BOSS","M","?","M","M","M","E","R","E","T","R","?","$","?","M","R","BOSS","M","?","?","M","?","E","$","R","T","E","?","E","?","M"],"items_purchased_type":["Card","Card","Relic","Card"],"build_version":"2020-12-22","purchased_purges":2,"victory":false,"max_hp_per_floor":[68,62,62,62,62,62,62,62,62,62,62,62,62,62,62,62,62,62,62,62,62,62,62,62,62,62,62,62,62,62,62,62,62,62,62,62,62,62,62,62,62,62,62,62,62,62,62,62,62],"relic_stats":{"Regal Pillow":0,"counters":[8,41],"Golden Idol":38,"Eternal Feather":0,"PreservedInsect":241,"War Paint":[],"Orichalcum":[24],"Cursed Key":1,"GoldenEye":[18],"WarpedTongs":[4],"Gambling Chip":[11],"obtain_stats":[{"Regal Pillow":0,"Golden Idol":0,"Damaru":0,"Eternal Feather":43,"PreservedInsect":0,"War Paint":0,"Orichalcum":0,"Cursed Key":34,"GoldenEye":44,"White Beast Statue":0,"WarpedTongs":47,"Bottled Flame":46,"DollysMirror":41,"Gambling Chip":0,"PureWater":0,"Toy Ornithopter":40,"Meat on the Bone":0,"Runic Pyramid":0},{"Regal Pillow":0,"Golden Idol":0,"Damaru":0,"Eternal Feather":4,"PreservedInsect":0,"War Paint":0,"Orichalcum":0,"Cursed Key":0,"GoldenEye":5,"White Beast Statue":0,"WarpedTongs":7,"Bottled Flame":7,"DollysMirror":4,"Gambling Chip":0,"PureWater":0,"Toy Ornithopter":4,"Meat on the Bone":0,"Runic Pyramid":0},{"Regal Pillow":0,"Golden Idol":0,"Damaru":0,"Eternal Feather":17,"PreservedInsect":0,"War Paint":0,"Orichalcum":0,"Cursed Key":0,"GoldenEye":22,"White Beast Statue":0,"WarpedTongs":37,"Bottled Flame":37,"DollysMirror":17,"Gambling Chip":0,"PureWater":0,"Toy Ornithopter":17,"Meat on the Bone":0,"Runic Pyramid":0}],"Toy Ornithopter":0,"Meat on the Bone":0},"card_choices":[{"not_picked":["DeceiveReality","EmptyFist"],"picked":"Meditate","floor":0.0},{"not_picked":["FollowUp","FlyingSleeves"],"picked":"EmptyBody","floor":0.0},{"not_picked":["Meditate","Swivel"],"picked":"SashWhip","floor":0.0},{"not_picked":["Fasting2","SashWhip"],"picked":"ThirdEye","floor":0.0},{"not_picked":["SashWhip","Worship"],"picked":"CrushJoints","floor":0.0},{"not_picked":["Halt","CrushJoints"],"picked":"WaveOfTheHand","floor":0.0},{"not_picked":["EmptyFist","Prostrate"],"picked":"Conclude","floor":0.0},{"not_picked":["WaveOfTheHand","InnerPeace"],"picked":"Protect","floor":0.0},{"not_picked":["JustLucky","Collect"],"picked":"Crescendo","floor":0.0},{"not_picked":["FollowUp","EmptyBody"],"picked":"Wireheading","floor":0.0},{"not_picked":["CrushJoints","EmptyBody"],"picked":"Protect","floor":0.0},{"not_picked":["Protect","Prostrate"],"picked":"PathToVictory","floor":0.0},{"not_picked":["Swivel","Worship"],"picked":"ThirdEye","floor":0.0},{"not_picked":["EmptyBody","CarveReality"],"picked":"EmptyFist","floor":0.0},{"not_picked":["JustLucky","DeceiveReality"],"picked":"Crescendo","floor":0.0},{"not_picked":["Collect","EmptyBody"],"picked":"CutThroughFate","floor":1.0},{"not_picked":["FollowUp","Sanctity"],"picked":"FlurryOfBlows","floor":5.0},{"not_picked":["EmptyBody","Evaluate"],"picked":"MentalFortress","floor":6.0},{"not_picked":["WheelKick","FollowUp"],"picked":"FlurryOfBlows","floor":7.0},{"not_picked":["Conclude","DeceiveReality","Halt"],"picked":"SKIP","floor":10.0},{"not_picked":["MasterReality","EmptyBody","FollowUp"],"picked":"SKIP","floor":11.0},{"not_picked":["Wireheading","EmptyBody"],"picked":"Adaptation","floor":12.0},{"not_picked":["PathToVictory","CutThroughFate"],"picked":"Omniscience","floor":14.0},{"not_picked":["Judgement","DeusExMachina"],"picked":"Vault","floor":16.0},{"not_picked":["Vengeance","Halt+1"],"picked":"TalkToTheHand+1","floor":18.0},{"not_picked":["JustLucky","EmptyBody"],"picked":"Ragnarok","floor":20.0},{"not_picked":["ClearTheMind","Consecrate","JustLucky"],"picked":"SKIP","floor":21.0},{"not_picked":["EmptyFist","SashWhip"],"picked":"FearNoEvil","floor":22.0},{"not_picked":["LikeWater","FlurryOfBlows"],"picked":"TalkToTheHand+1","floor":23.0},{"not_picked":["SashWhip","WheelKick+1"],"picked":"Ragnarok","floor":25.0},{"not_picked":["EmptyBody","Pray","FlyingSleeves"],"picked":"SKIP","floor":31.0},{"not_picked":["BowlingBash+1","ReachHeaven"],"picked":"Wireheading","floor":35},{"not_picked":["FollowUp","SandsOfTime+1","ThirdEye"],"picked":"SKIP","floor":37},{"not_picked":["Conclude","ClearTheMind"],"picked":"MentalFortress","floor":38},{"not_picked":["Weave","Wireheading+1"],"picked":"Crescendo","floor":40},{"not_picked":["ConjureBlade","SashWhip"],"picked":"Wallop+1","floor":44},{"not_picked":["Fasting2","Crescendo+1","Evaluate"],"picked":"SKIP","floor":45},{"not_picked":["FollowUp","FlyingSleeves","FearNoEvil"],"picked":"SKIP","floor":46}],"player_experience":1561437,"relics_obtained":[{"floor":6.0,"key":"War Paint"},{"floor":9.0,"key":"PreservedInsect"},{"floor":14.0,"key":"Meat on the Bone"},{"floor":23.0,"key":"Regal Pillow"},{"floor":25.0,"key":"Orichalcum"},{"floor":26.0,"key":"Damaru"},{"floor":40,"key":"Toy Ornithopter"},{"floor":43,"key":"Eternal Feather"},{"floor":44,"key":"GoldenEye"},{"floor":46,"key":"Bottled Flame"}],"event_choices":[{"damage_healed":0.0,"max_hp_gain":0.0,"max_hp_loss":6.0,"gold_gain":0.0,"event_name":"Golden Idol","player_choice":"Lose Max HP","floor":2.0,"gold_loss":0.0,"damage_taken":0.0,"relics_obtained":["Golden Idol"]},{"damage_healed":0.0,"max_hp_gain":0.0,"max_hp_loss":0.0,"gold_gain":0.0,"event_name":"Shining Light","player_choice":"Entered Light","floor":3.0,"gold_loss":0.0,"damage_taken":19.0,"cards_upgraded":["Crescendo","Conclude"]},{"damage_healed":0.0,"max_hp_gain":0.0,"max_hp_loss":0.0,"gold_gain":0.0,"event_name":"The Woman in Blue","player_choice":"Bought 3 Potions","floor":4.0,"gold_loss":0.0,"damage_taken":0.0},{"damage_healed":0.0,"max_hp_gain":0.0,"max_hp_loss":0.0,"gold_gain":0.0,"event_name":"Back to Basics","player_choice":"Simplicity","floor":19.0,"gold_loss":0.0,"damage_taken":0.0,"cards_upgraded":[]},{"damage_healed":0.0,"max_hp_gain":0.0,"max_hp_loss":0.0,"gold_gain":0.0,"event_name":"Addict","player_choice":"Obtained Relic","floor":28.0,"gold_loss":85.0,"damage_taken":0.0,"relics_obtained":["White Beast Statue"]},{"damage_healed":0.0,"max_hp_gain":0.0,"max_hp_loss":0.0,"gold_gain":0.0,"event_name":"Transmorgrifier","player_choice":"Ignored","floor":30.0,"gold_loss":0.0,"damage_taken":0.0},{"damage_healed":0,"gold_gain":0,"player_choice":"Upgraded Two","damage_taken":0,"max_hp_gain":0,"max_hp_loss":0,"event_name":"Designer","floor":36,"gold_loss":50,"cards_upgraded":["ThirdEye","Crescendo"]},{"damage_healed":0,"gold_gain":275,"player_choice":"Desecrate","damage_taken":0,"max_hp_gain":0,"max_hp_loss":0,"event_name":"Golden Shrine","floor":39,"gold_loss":0,"cards_obtained":["Regret"]},{"damage_healed":0,"gold_gain":0,"player_choice":"Rummage","damage_taken":0,"relics_obtained":["WarpedTongs"],"max_hp_gain":0,"max_hp_loss":0,"event_name":"Accursed Blacksmith","floor":47,"gold_loss":0,"cards_obtained":["Pain"]}],"is_beta":false,"boss_relics":[{"not_picked":["Busted Crown","VioletLotus"],"picked":"Runic Pyramid"},{"not_picked":["SacredBark","Calling Bell"],"picked":"Cursed Key"}],"items_purged_floors":[29,41],"is_endless":false,"potions_floor_spawned":[1,6,7,12,20,22,23,31,33,35,37,38,40,44,45,46],"killed_by":"Sphere and 2 Shapes","ascension_level":20}}