{"host":"sav7uxregyirlf69","time":1611317708,"event":{"mods":["AchievementEnabler","BaseMod","Colored Map","DeckTracker","Keyboard Shortcuts","Minty Spire (QoL Compilation)","READ ME - Guardian Mod","StSLib","SuperFastMode"],"gold_per_floor":[119,4,20,20,36,66,66,100,125,139,39,50,103,131,131,207,207,224,75,45,64,64,64,79,79,79,79,95,95,106,120,120,120,120],"floor_reached":33,"language":"KOR","playtime":718,"items_purged":["Strike_R","Strike_R"],"score":538,"play_id":"6f022ca7-9be6-47ab-9e60-73082e91f5f0","local_time":"20210122211508","is_ascension_mode":true,"campfire_choices":[{"data":"Rampage","floor":7,"key":"SMITH"},{"data":"Disarm","floor":15,"key":"SMITH"},{"floor":23,"key":"REST"},{"floor":27,"key":"REST"},{"data":"Barricade","floor":32,"key":"SMITH"}],"circlet_count":0,"master_deck":["AscendersBane","Strike_R","Strike_R","Strike_R","Defend_R","Defend_R","Defend_R","Defend_R","Bash","Disarm+1","Rampage+1","Iron Wave","Feel No Pain","Feed","Havoc","Shrug It Off","Barricade+1","Fiend Fire","Body Slam+1","Shockwave","Seeing Red+1","Disarm"],"relics":["Black Blood","NeowsBlessing","Pen Nib","PreservedInsect","MealTicket","Tiny Chest","Dead Branch","Orichalcum","Gremlin Horn"],"acts_visited":["Exordium","TheCity"],"potions_floor_usage":[6,6,14,16,33],"damage_taken":[{"damage":0,"enemies":"Cultist","floor":1,"turns":1},{"damage":0,"enemies":"Jaw Worm","floor":3,"turns":1},{"damage":0,"enemies":"2 Louse","floor":5,"turns":1},{"damage":9,"enemies":"Gremlin Nob","floor":6,"turns":3},{"damage":20,"enemies":"3 Sentries","floor":8,"turns":12},{"damage":30,"enemies":"Gremlin Gang","floor":10,"turns":6},{"damage":12,"enemies":"3 Louse","floor":12,"turns":5},{"damage":19,"enemies":"Gremlin Nob","floor":14,"turns":4},{"damage":22,"enemies":"The Guardian","floor":16,"turns":12},{"damage":36,"enemies":"Shell Parasite","floor":18,"turns":8},{"damage":25,"enemies":"2 Thieves","floor":20,"turns":4},{"damage":10,"enemies":"Snecko","floor":21,"turns":4},{"damage":40,"enemies":"Shelled Parasite and Fungi","floor":24,"turns":8},{"damage":23,"enemies":"Snake Plant","floor":28,"turns":4},{"damage":24,"enemies":"Sentry and Sphere","floor":30,"turns":5},{"damage":4,"enemies":"Centurion and Healer","floor":31,"turns":6},{"damage":45,"enemies":"Automaton","floor":33,"turns":8}],"seed_played":"-3576237004391520761","potions_obtained":[{"floor":1,"key":"Explosive Potion"},{"floor":3,"key":"LiquidMemories"},{"floor":12,"key":"Block Potion"},{"floor":14,"key":"Swift Potion"},{"floor":20,"key":"Dexterity Potion"},{"floor":24,"key":"AttackPotion"}],"is_trial":false,"path_per_floor":["M","$","M","?","M","E","R","E","T","M","$","M","T","E","R","B",null,"M","$","M","M","?","R","M","?","T","R","M","$","M","M","R","B"],"character_chosen":"IRONCLAD","items_purchased":["Rampage","Fiend Fire"],"campfire_rested":2,"item_purchase_floors":[2,19],"current_hp_per_floor":[74,74,75,75,75,72,72,58,58,37,52,46,46,33,33,17,63,42,57,44,46,23,48,20,20,20,45,34,49,37,45,45,0,0],"gold":120,"neow_bonus":"THREE_ENEMY_KILL","is_daily":false,"chose_seed":false,"campfire_upgraded":3,"win_rate":0.0,"timestamp":1611317708,"path_taken":["M","?","M","?","?","E","R","E","T","M","?","?","?","E","R","BOSS","M","$","M","M","?","R","M","?","T","R","M","$","M","M","R","BOSS"],"items_purchased_type":["Card","Card"],"build_version":"2020-12-22","purchased_purges":2,"victory":false,"max_hp_per_floor":[75,75,75,75,75,75,75,75,75,78,78,78,78,78,78,78,78,81,81,81,81,86,86,86,86,86,86,86,86,86,86,86,86,86],"card_choices":[{"not_picked":["Iron Wave","Flex"],"picked":"Disarm","floor":1},{"not_picked":["Rampage","Combust","Anger"],"picked":"SKIP","floor":3},{"not_picked":["Clash","Perfected Strike"],"picked":"Iron Wave","floor":5},{"not_picked":["Combust","Armaments"],"picked":"Feel No Pain","floor":6},{"not_picked":["Perfected Strike","Whirlwind"],"picked":"Feed","floor":8},{"not_picked":["Rupture","Intimidate"],"picked":"Havoc","floor":10},{"not_picked":["Rupture","Flex","True Grit"],"picked":"SKIP","floor":12},{"not_picked":["Iron Wave","Thunderclap"],"picked":"Shrug It Off","floor":14},{"not_picked":["Demon Form","Brutality"],"picked":"Barricade","floor":16},{"not_picked":["Thunderclap","Uppercut","Hemokinesis"],"picked":"SKIP","floor":18},{"not_picked":["Heavy Blade","Twin Strike"],"picked":"Body Slam+1","floor":20},{"not_picked":["Sword Boomerang","Body Slam"],"picked":"Shockwave","floor":21},{"not_picked":["Whirlwind+1","Sword Boomerang"],"picked":"Seeing Red+1","floor":24},{"not_picked":["True Grit","Pummel","Armaments"],"picked":"SKIP","floor":28},{"not_picked":["Perfected Strike+1","Feed"],"picked":"Disarm","floor":30},{"not_picked":["Flex","Twin Strike","Cleave"],"picked":"SKIP","floor":31}],"player_experience":1353257,"relics_obtained":[{"floor":6,"key":"Pen Nib"},{"floor":8,"key":"PreservedInsect"},{"floor":9,"key":"MealTicket"},{"floor":13,"key":"Tiny Chest"},{"floor":14,"key":"Dead Branch"},{"floor":26,"key":"Gremlin Horn"}],"event_choices":[{"damage_healed":0,"gold_gain":0,"player_choice":"Full Heal","damage_taken":0,"max_hp_gain":0,"max_hp_loss":0,"event_name":"Wheel of Change","floor":4,"gold_loss":0},{"damage_healed":0,"gold_gain":0,"player_choice":"Shed Blood","damage_taken":28,"max_hp_gain":5,"max_hp_loss":0,"event_name":"Forgotten Altar","floor":22,"gold_loss":0},{"damage_healed":0,"gold_gain":0,"player_choice":"Gave Potion","damage_taken":0,"relics_obtained":["Orichalcum"],"max_hp_gain":0,"max_hp_loss":0,"event_name":"WeMeetAgain","floor":25,"gold_loss":0}],"is_beta":false,"boss_relics":[{"not_picked":["SlaversCollar","Runic Cube"],"picked":"Black Blood"}],"items_purged_floors":[2,11],"is_endless":false,"potions_floor_spawned":[1,3,12,14,20,24],"killed_by":"Automaton","ascension_level":20}}