{"host":"3jpwrwmmgyabjceh","time":1611345127,"event":{"mods":["AchievementEnabler","BaseMod","Colored Map","Colored Powertips","Highlight Path","Minty Spire (QoL Compilation)","Quick Restart","Relic Stats","StSLib","SuperFastMode"],"gold_per_floor":[109,109,70,85,105,136,136,154,154,154,181,210,245,272,281,391,391,413,438,39,58,67,109,118,154,177,189,198,307,316,316,316],"floor_reached":31,"language":"ENG","playtime":1275,"items_purged":["Strike_P"],"score":412,"play_id":"3f0f7e99-c041-4335-8802-42a857ddedfa","local_time":"20210122225207","is_ascension_mode":true,"campfire_choices":[{"data":"Eruption","floor":7.0,"key":"SMITH"},{"data":"WheelKick","floor":10.0,"key":"SMITH"},{"floor":15.0,"key":"REST"},{"floor":24.0,"key":"REST"}],"circlet_count":0,"master_deck":["Strike_P","Strike_P","Strike_P","Defend_P","Defend_P","Defend_P","Defend_P","Eruption+1","Vigilance","Protect","MentalFortress","Crescendo","WheelKick+1","FearNoEvil","CutThroughFate+1","Consecrate+1","EmptyBody","ClearTheMind","Vengeance","ThirdEye","Omniscience","EmptyMind","LikeWater","Apotheosis","FlurryOfBlows","Shame","FlurryOfBlows","Wireheading","CutThroughFate","Writhe","Omniscience","Decay"],"relics":["Black Star","GremlinMask","Bronze Scales","Eternal Feather","Bottled Flame","Matryoshka","Dream Catcher","Odd Mushroom","Lantern","CeramicFish","Sozu","Whetstone","Strawberry","Blue Candle","Oddly Smooth Stone","Torii","Bag of Marbles","Vajra","Bag of Preparation","Regal Pillow","StoneCalendar","Shuriken"],"acts_visited":["Exordium","TheCity"],"potions_floor_usage":[],"damage_taken":[{"damage":0.0,"enemies":"Small Slimes","floor":1.0,"turns":4.0},{"damage":13.0,"enemies":"Cultist","floor":4.0,"turns":5.0},{"damage":4.0,"enemies":"2 Louse","floor":5.0,"turns":4.0},{"damage":19.0,"enemies":"Lagavulin","floor":6.0,"turns":6.0},{"damage":11.0,"enemies":"Looter","floor":8.0,"turns":3.0},{"damage":24.0,"enemies":"3 Sentries","floor":11.0,"turns":5.0},{"damage":11.0,"enemies":"The Mushroom Lair","floor":12.0,"turns":3.0},{"damage":4.0,"enemies":"Lagavulin","floor":13.0,"turns":7.0},{"damage":0.0,"enemies":"Large Slime","floor":14.0,"turns":5.0},{"damage":0.0,"enemies":"Slime Boss","floor":16.0,"turns":9.0},{"damage":2.0,"enemies":"2 Thieves","floor":18.0,"turns":3.0},{"damage":5.0,"enemies":"Chosen","floor":19.0,"turns":4.0},{"damage":12.0,"enemies":"3 Cultists","floor":21.0,"turns":4.0},{"damage":31.0,"enemies":"Slavers","floor":23.0,"turns":5.0},{"damage":19.0,"enemies":"Gremlin Leader","floor":25.0,"turns":6.0},{"damage":2.0,"enemies":"Cultist and Chosen","floor":27.0,"turns":4.0},{"damage":10.0,"enemies":"Colosseum Slavers","floor":29.0,"turns":2.0},{"damage":35.0,"enemies":"Colosseum Nobs","floor":29.0,"turns":5.0},{"damage":1,"enemies":"Centurion and Healer","floor":31,"turns":2}],"seed_played":"-1812148084986691946","potions_obtained":[{"floor":1.0,"key":"Regen Potion"},{"floor":4.0,"key":"FearPotion"},{"floor":8.0,"key":"BlessingOfTheForge"},{"floor":16.0,"key":"SneckoOil"}],"is_trial":false,"path_per_floor":["M","?","$","M","M","E","R","M","T","R","E","?","E","M","R","B",null,"M","M","$","M","?","E","R","E","T","M","?","?","?","M"],"character_chosen":"WATCHER","items_purchased":["MentalFortress","Apotheosis","Whetstone"],"campfire_rested":2,"item_purchase_floors":[3,20,20],"current_hp_per_floor":[72,72,72,59,55,45,54,43,43,52,28,17,13,13,46,46,72,70,65,65,53,60,29,67,48,48,46,46,1,1,0,0],"gold":316,"neow_bonus":"BOSS_RELIC","is_daily":false,"chose_seed":false,"campfire_upgraded":2,"win_rate":0.0,"timestamp":1611345127,"path_taken":["M","?","?","M","M","E","R","M","T","R","E","?","E","M","R","BOSS","M","M","$","M","?","E","R","E","T","M","?","?","?","?"],"items_purchased_type":["Card","Card","Relic"],"build_version":"2020-12-22","purchased_purges":1,"victory":false,"max_hp_per_floor":[72,72,72,72,72,72,72,72,72,72,72,72,72,72,72,72,72,72,72,72,72,79,79,79,79,79,79,79,79,79,79,79],"relic_stats":{"Regal Pillow":0,"Torii":5,"counters":[19,86],"CeramicFish":135,"Blue Candle":[4],"Eternal Feather":45,"StoneCalendar":[0],"Bag of Preparation":[8],"Whetstone":["Consecrate","CutThroughFate"],"Sozu":3,"Dream Catcher":2,"Shuriken":[0],"Bronze Scales":[138],"Black Star":5,"obtain_stats":[{"Lantern":13,"Regal Pillow":28,"Torii":25,"CeramicFish":13,"Blue Candle":23,"Oddly Smooth Stone":23,"Vajra":26,"GremlinMask":2,"Eternal Feather":6,"StoneCalendar":29,"Bag of Preparation":26,"Whetstone":20,"Odd Mushroom":12,"Sozu":17,"Bottled Flame":9,"Dream Catcher":11,"Matryoshka":11,"Shuriken":29,"Bronze Scales":6,"Strawberry":22,"Black Star":0,"Bag of Marbles":25,"PureWater":0},{"Lantern":8,"Regal Pillow":16,"Torii":15,"CeramicFish":8,"Blue Candle":14,"Oddly Smooth Stone":14,"Vajra":15,"GremlinMask":1,"Eternal Feather":4,"StoneCalendar":18,"Bag of Preparation":15,"Whetstone":12,"Odd Mushroom":7,"Sozu":10,"Bottled Flame":5,"Dream Catcher":6,"Matryoshka":6,"Shuriken":18,"Bronze Scales":4,"Strawberry":13,"Black Star":0,"Bag of Marbles":15,"PureWater":0},{"Lantern":37,"Regal Pillow":77,"Torii":73,"CeramicFish":37,"Blue Candle":67,"Oddly Smooth Stone":67,"Vajra":73,"GremlinMask":4,"Eternal Feather":19,"StoneCalendar":84,"Bag of Preparation":73,"Whetstone":58,"Odd Mushroom":30,"Sozu":51,"Bottled Flame":22,"Dream Catcher":27,"Matryoshka":27,"Shuriken":84,"Bronze Scales":19,"Strawberry":62,"Black Star":0,"Bag of Marbles":73,"PureWater":0}]},"card_choices":[{"not_picked":["Sanctity","ThirdEye"],"picked":"Protect","floor":1.0},{"not_picked":["Swivel","EmptyFist"],"picked":"Crescendo","floor":4.0},{"not_picked":["LikeWater","ThirdEye"],"picked":"WheelKick","floor":5.0},{"not_picked":["CrushJoints","CarveReality"],"picked":"FearNoEvil","floor":6.0},{"not_picked":["Brilliance","EmptyMind"],"picked":"CutThroughFate","floor":8.0},{"not_picked":["EmptyFist","CutThroughFate"],"picked":"Consecrate","floor":11.0},{"not_picked":["JustLucky","FlyingSleeves"],"picked":"EmptyBody","floor":12.0},{"not_picked":["FlyingSleeves","Worship"],"picked":"ClearTheMind","floor":13.0},{"not_picked":["Study","SandsOfTime"],"picked":"Vengeance","floor":14.0},{"not_picked":["PathToVictory","CrushJoints"],"picked":"ThirdEye","floor":15.0},{"not_picked":["Vault","Wish"],"picked":"Omniscience","floor":16.0},{"not_picked":["InnerPeace","EmptyFist"],"picked":"EmptyMind","floor":18.0},{"not_picked":["ThirdEye","EmptyFist+1"],"picked":"LikeWater","floor":19.0},{"not_picked":["ThirdEye","CrushJoints"],"picked":"FlurryOfBlows","floor":21.0},{"not_picked":["Weave","Consecrate+1"],"picked":"FlurryOfBlows","floor":23.0},{"not_picked":["Evaluate+1","CarveReality+1"],"picked":"Wireheading","floor":24.0},{"not_picked":["FollowUp","Indignation"],"picked":"CutThroughFate","floor":25.0},{"not_picked":["Crescendo+1","Evaluate","EmptyFist"],"picked":"SKIP","floor":27.0},{"not_picked":["Perseverance","CarveReality"],"picked":"Omniscience","floor":29.0}],"player_experience":253938,"relics_obtained":[{"floor":6.0,"key":"Bronze Scales"},{"floor":6.0,"key":"Eternal Feather"},{"floor":9.0,"key":"Bottled Flame"},{"floor":11.0,"key":"Matryoshka"},{"floor":11.0,"key":"Dream Catcher"},{"floor":12.0,"key":"Odd Mushroom"},{"floor":13.0,"key":"Lantern"},{"floor":13.0,"key":"CeramicFish"},{"floor":23.0,"key":"Blue Candle"},{"floor":23.0,"key":"Oddly Smooth Stone"},{"floor":25.0,"key":"Torii"},{"floor":25.0,"key":"Bag of Marbles"},{"floor":26.0,"key":"Vajra"},{"floor":26.0,"key":"Bag of Preparation"},{"floor":29.0,"key":"StoneCalendar"},{"floor":29.0,"key":"Shuriken"}],"event_choices":[{"damage_healed":0.0,"max_hp_gain":0.0,"max_hp_loss":0.0,"gold_gain":0.0,"event_name":"FaceTrader","player_choice":"Trade","floor":2.0,"gold_loss":0.0,"damage_taken":0.0,"relics_obtained":["GremlinMask"]},{"damage_healed":0.0,"max_hp_gain":0.0,"max_hp_loss":0.0,"gold_gain":0.0,"event_name":"Mushrooms","player_choice":"Fought Mushrooms","floor":12.0,"gold_loss":0.0,"damage_taken":0.0},{"damage_healed":0.0,"max_hp_gain":0.0,"max_hp_loss":0.0,"gold_gain":0.0,"event_name":"Addict","player_choice":"Stole Relic","floor":22.0,"gold_loss":0.0,"damage_taken":0.0,"relics_obtained":["Strawberry"],"cards_obtained":["Shame"]},{"damage_healed":0.0,"max_hp_gain":0.0,"max_hp_loss":0.0,"gold_gain":0.0,"event_name":"The Mausoleum","player_choice":"Opened","floor":28.0,"gold_loss":0.0,"damage_taken":0.0,"relics_obtained":["Regal Pillow"],"cards_obtained":["Writhe"]},{"damage_healed":0.0,"max_hp_gain":0.0,"max_hp_loss":0.0,"gold_gain":0.0,"event_name":"Colosseum","player_choice":"Fight","floor":29.0,"gold_loss":0.0,"damage_taken":0.0},{"damage_healed":0.0,"max_hp_gain":0.0,"max_hp_loss":0.0,"gold_gain":0.0,"event_name":"Colosseum","player_choice":"Fought Nobs","floor":29.0,"gold_loss":0.0,"damage_taken":0.0},{"damage_healed":0.0,"max_hp_gain":0.0,"max_hp_loss":0.0,"gold_gain":0.0,"event_name":"Forgotten Altar","player_choice":"Smashed Altar","floor":30.0,"gold_loss":0.0,"damage_taken":0.0,"cards_obtained":["Decay"]}],"is_beta":false,"boss_relics":[{"not_picked":["Empty Cage","Cursed Key"],"picked":"Sozu"}],"items_purged_floors":[20],"is_endless":false,"potions_floor_spawned":[1,4,8,16,18,27,29,29],"killed_by":"Centurion and Healer","ascension_level":4}}