{"host":"x7xd4wkamhrqrrvw","time":1611358610,"event":{"mods":["AchievementEnabler","BaseMod","Minty Spire (QoL Compilation)","StSLib"],"gold_per_floor":[160,173,173,196,213,246,246,246,246],"floor_reached":8,"language":"ENG","playtime":306,"items_purged":[],"score":95,"play_id":"b216c19b-f658-4393-bc22-1e7167c44051","local_time":"20210122213650","is_ascension_mode":true,"campfire_choices":[{"floor":7,"key":"REST"}],"circlet_count":0,"master_deck":["AscendersBane","Strike_B","Strike_B+1","Strike_B","Strike_B","Defend_B","Defend_B","Defend_B","Defend_B","Zap","Genetic Algorithm","Streamline","Capacitor","Coolheaded","Seek"],"relics":["Tiny House","Toy Ornithopter","Blue Candle"],"acts_visited":["Exordium"],"potions_floor_usage":[6,6],"damage_taken":[{"damage":5,"enemies":"Small Slimes","floor":1,"turns":4},{"damage":5,"enemies":"Jaw Worm","floor":2,"turns":4},{"damage":5,"enemies":"Cultist","floor":5,"turns":4},{"damage":45,"enemies":"Gremlin Nob","floor":6,"turns":5},{"damage":34,"enemies":"3 Sentries","floor":8,"turns":4}],"seed_played":"-8924957161743938273","potions_obtained":[{"floor":0,"key":"ColorlessPotion"},{"floor":1,"key":"ColorlessPotion"}],"is_trial":false,"path_per_floor":["M","M","?","T","M","E","R","E"],"character_chosen":"DEFECT","items_purchased":[],"campfire_rested":1,"item_purchase_floors":[],"current_hp_per_floor":[64,59,52,52,47,12,34,0,0],"gold":246,"neow_bonus":"BOSS_RELIC","is_daily":false,"chose_seed":false,"campfire_upgraded":0,"win_rate":0.0,"timestamp":1611358610,"path_taken":["M","M","?","?","M","E","R","E"],"items_purchased_type":[],"build_version":"2020-12-22","purchased_purges":0,"victory":false,"max_hp_per_floor":[76,76,76,76,76,76,76,76,76],"card_choices":[{"not_picked":["White Noise","Double Energy"],"picked":"Genetic Algorithm","floor":0},{"not_picked":["Turbo","Leap"],"picked":"Streamline","floor":1},{"not_picked":["Redo","Gash"],"picked":"Capacitor","floor":2},{"not_picked":["White Noise","Scrape"],"picked":"Coolheaded","floor":5},{"not_picked":["Coolheaded","Lockon"],"picked":"Seek","floor":6}],"player_experience":391496,"relics_obtained":[{"floor":4,"key":"Toy Ornithopter"},{"floor":6,"key":"Blue Candle"}],"event_choices":[{"cards_removed":["Dualcast"],"damage_healed":0,"gold_gain":0,"player_choice":"Card Removal","damage_taken":7,"max_hp_gain":0,"max_hp_loss":0,"event_name":"Golden Wing","floor":3,"gold_loss":0}],"is_beta":false,"boss_relics":[],"items_purged_floors":[],"is_endless":false,"potions_floor_spawned":[1,5],"killed_by":"3 Sentries","ascension_level":14}}