{"host":"gsmj583br51y3r1c","time":1611314793,"event":{"mods":["AchievementEnabler","BaseMod","Better Note","Better Third Choice","Colored Map","Dark Map","Downfall","Hermit","Highlight Path","Infinite Spire","Marisa????????","Minty Spire (QoL Compilation)","Permanent Neow","Quick Restart","StSLib","The Bug Knight","The Cursed","The Marked","The Mystic","The Servant 0.9.4","everything is the same but u backflip on backflip"],"gold_per_floor":[212,212,63,78,153,153,179,202,202,240,2,42,42,42,42,244,244,289,47,47,90,16,62,139,139,139,139,139,139,185,185,185,393,393,393,393],"floor_reached":35,"language":"ENG","playtime":3126,"items_purged":["hermit:Strike_Hermit","hermit:Strike_Hermit","hermit:Strike_Hermit"],"score":388,"play_id":"34598e6e-32dd-4279-bae0-bb5454f4e27b","local_time":"20210122132633","is_ascension_mode":false,"campfire_choices":[{"data":"hermit:Scavenge","floor":6,"key":"SMITH"},{"data":"hermit:DeadOrAlive","floor":13,"key":"SMITH"},{"data":"hermit:BigShot","floor":15,"key":"SMITH"},{"data":"hermit:FromBeyond","floor":25,"key":"SMITH"},{"data":"hermit:Covet","floor":27,"key":"SMITH"},{"data":"hermit:Snapshot","floor":29,"key":"SMITH"},{"data":"hermit:GhostlyPresence","floor":32,"key":"SMITH"}],"circlet_count":0,"master_deck":["hermit:Defend_Hermit","hermit:Defend_Hermit","hermit:Defend_Hermit","hermit:Snapshot+1","hermit:Covet+1","Injury","hermit:BigShot+1","hermit:Scavenge+1","hermit:Deadeye","hermit:DeadOrAlive+1","hermit:FromBeyond+1","hermit:Misfire","hermit:GhostlyPresence+1","hermit:GhostlyPresence+1","hermit:GhostlyPresence","Shame","hermit:GoldenBullet","hermit:Deadeye","hermit:Magnum"],"relics":["hermit:Momento","Golden Idol","Vajra","Odd Mushroom","Sozu","Membership Card","ClockworkSouvenir","Darkstone Periapt","Sundial","Akabeko","Snecko Eye"],"acts_visited":["Exordium","TheCity","TheBeyond"],"potions_floor_usage":[10,16,18],"damage_taken":[{"damage":3,"enemies":"Jaw Worm","floor":1,"turns":3},{"damage":2,"enemies":"Small Slimes","floor":4,"turns":4},{"damage":0,"enemies":"Cultist","floor":7,"turns":3},{"damage":9,"enemies":"Red Slaver","floor":8,"turns":4},{"damage":2,"enemies":"The Mushroom Lair","floor":10,"turns":4},{"damage":1,"enemies":"Large Slime","floor":12,"turns":7},{"damage":44,"enemies":"The Guardian","floor":16,"turns":11},{"damage":16,"enemies":"2 Thieves","floor":18,"turns":3},{"damage":0,"enemies":"Chosen","floor":21,"turns":3},{"damage":1,"enemies":"Centurion and Healer","floor":23,"turns":4},{"damage":5,"enemies":"Nightmare","floor":24,"turns":10},{"damage":0,"enemies":"Snecko","floor":30,"turns":6},{"damage":40,"enemies":"Collector","floor":33,"turns":17},{"damage":0,"enemies":"3 Shapes","floor":35,"turns":1}],"seed_played":"7468356264473721546","potions_obtained":[{"floor":1,"key":"Explosive Potion"},{"floor":4,"key":"Strength Potion"},{"floor":16,"key":"hexamod:SoulburnPotion"}],"is_trial":false,"path_per_floor":["M","?","$","M","?","R","M","M","T","?","$","M","R","$","R","B",null,"M","$","?","M","$","M","NM","R","T","R","?","R","M","?","R","B",null,"M"],"character_chosen":"HERMIT","items_purchased":["hermit:BigShot","hermit:DeadOrAlive","Membership Card","hermit:GhostlyPresence","ClockworkSouvenir"],"campfire_rested":0,"item_purchase_floors":[3,11,19,19,22],"current_hp_per_floor":[72,72,72,70,59,59,59,50,50,48,48,47,47,47,47,3,75,59,59,59,59,59,58,53,53,53,53,59,59,59,59,59,19,81,81,81],"gold":393,"neow_bonus":"HUNDRED_GOLD","is_daily":false,"chose_seed":false,"campfire_upgraded":7,"win_rate":0.0,"timestamp":1611314793,"path_taken":["M","?","$","M","?","R","M","M","T","?","$","M","R","?","R","BOSS","M","$","?","M","?","M","NM","R","T","R","?","R","?","?","R","BOSS","M"],"items_purchased_type":["Card","Card","Relic","Card","Relic"],"build_version":"2020-12-22","purchased_purges":3,"victory":false,"max_hp_per_floor":[75,75,75,75,75,75,75,75,75,75,75,75,75,75,75,75,75,75,75,75,75,75,75,75,75,75,75,81,81,81,81,81,81,81,81,81],"card_choices":[{"not_picked":["hermit:Combo","hermit:Spite","hermit:HoleUp"],"picked":"SKIP","floor":1},{"not_picked":["hermit:BodyArmor","hermit:Determination"],"picked":"hermit:Scavenge","floor":4},{"not_picked":["hermit:Ricochet","hermit:SprayPray","hermit:WideOpen"],"picked":"SKIP","floor":7},{"not_picked":["hermit:Feint","hermit:CalledShot","hermit:HighCaliber"],"picked":"SKIP","floor":8},{"not_picked":["hermit:Determination","hermit:Desperado"],"picked":"hermit:Deadeye","floor":10},{"not_picked":["hermit:Misfire","hermit:LowProfile","hermit:Snipe"],"picked":"SKIP","floor":12},{"not_picked":["hermit:HeroicBravado","hermit:Reprieve"],"picked":"hermit:FromBeyond","floor":16},{"not_picked":["hermit:Grudge+1","hermit:HighCaliber"],"picked":"hermit:Misfire","floor":18},{"not_picked":["hermit:CalledShot","hermit:Purgatory"],"picked":"hermit:GhostlyPresence+1","floor":21},{"not_picked":["hermit:Feint","hermit:Maintenance+1","hermit:WideOpen"],"picked":"SKIP","floor":23},{"not_picked":["hermit:Vantage","hermit:Determination"],"picked":"hermit:GhostlyPresence","floor":24},{"not_picked":["hermit:Cheat+1","hermit:Ricochet","hermit:HighCaliber+1"],"picked":"SKIP","floor":30},{"not_picked":["hermit:Roughhouse","hermit:Reprieve"],"picked":"hermit:Magnum","floor":33}],"player_experience":449911,"relics_obtained":[{"floor":9,"key":"Vajra"},{"floor":10,"key":"Odd Mushroom"},{"floor":24,"key":"Darkstone Periapt"},{"floor":26,"key":"Sundial"}],"event_choices":[{"damage_healed":0,"gold_gain":0,"player_choice":"Take Wound","damage_taken":0,"relics_obtained":["Golden Idol"],"max_hp_gain":0,"max_hp_loss":0,"event_name":"Golden Idol","floor":2,"gold_loss":0,"cards_obtained":["Injury"]},{"damage_healed":0,"gold_gain":75,"player_choice":"Gold","damage_taken":11,"max_hp_gain":0,"max_hp_loss":0,"event_name":"betterThird:BetterGoop","floor":5,"gold_loss":0},{"damage_healed":0,"gold_gain":0,"player_choice":"Fought Mushrooms","damage_taken":0,"max_hp_gain":0,"max_hp_loss":0,"event_name":"Mushrooms","floor":10,"gold_loss":0},{"cards_removed":["hermit:Strike_Hermit"],"damage_healed":0,"gold_gain":0,"player_choice":"Give","damage_taken":0,"max_hp_gain":0,"max_hp_loss":0,"event_name":"betterNote:BetterNote","floor":20,"gold_loss":0,"cards_obtained":["hermit:Strike_Hermit"]},{"damage_healed":0,"gold_gain":0,"player_choice":"Stole Relic","damage_taken":0,"relics_obtained":["Akabeko"],"max_hp_gain":0,"max_hp_loss":0,"event_name":"Addict","floor":28,"gold_loss":0,"cards_obtained":["Shame"]},{"damage_healed":0,"gold_gain":0,"cards_transformed":["hermit:Strike_Hermit","hermit:Defend_Hermit"],"player_choice":"Became Test Subject","damage_taken":0,"max_hp_gain":0,"max_hp_loss":0,"event_name":"Drug Dealer","floor":31,"gold_loss":0,"cards_obtained":["hermit:GoldenBullet","hermit:Deadeye"]}],"is_beta":false,"boss_relics":[{"not_picked":["Coffee Dripper","hermit:BartenderGlass"],"picked":"Sozu"},{"not_picked":["Pandora\u0027s Box","infinitespire:Cupcake"],"picked":"Snecko Eye"}],"items_purged_floors":[3,11,19],"is_endless":true,"potions_floor_spawned":[1,4,16,21,24,33],"killed_by":"3 Shapes","ascension_level":0}}