{"host":"agbyy69nq62afhwx","time":1611350249,"event":{"mods":["BaseMod","Colored Map","DeckTracker","Highlight Path","Keyboard Shortcuts","Minty Spire (QoL Compilation)","Quick Restart","StSLib","SuperFastMode","everything is the same but u backflip on backflip"],"gold_per_floor":[113,127,127,29,49,49,61,61,137,163,213,225,4,4,4,75,75,75,75],"floor_reached":18,"language":"KOR","playtime":312,"items_purged":[],"score":269,"play_id":"cf96a83c-17ae-48c8-a52c-2e2d0b1aee13","local_time":"20210123061729","is_ascension_mode":true,"campfire_choices":[{"data":"Zap","floor":6.0,"key":"SMITH"},{"data":"Redo","floor":8.0,"key":"SMITH"},{"floor":12,"key":"REST"},{"data":"Electrodynamics","floor":15,"key":"SMITH"}],"circlet_count":0,"master_deck":["AscendersBane","Zap+1","Dualcast","Meteor Strike","Doom and Gloom","Finesse","Redo+1","Electrodynamics+1","Finesse","Storm","Reinforced Body","Doom and Gloom","Coolheaded","Consume","Gash","Hyperbeam"],"relics":["Cracked Core","SsserpentHead","Ornamental Fan","Juzu Bracelet","MawBank","Pandora\u0027s Box"],"acts_visited":["Exordium","TheCity"],"potions_floor_usage":[],"damage_taken":[{"damage":6.0,"enemies":"Cultist","floor":1.0,"turns":4.0},{"damage":0.0,"enemies":"Small Slimes","floor":2.0,"turns":2.0},{"damage":0.0,"enemies":"2 Louse","floor":5.0,"turns":2.0},{"damage":10.0,"enemies":"Looter","floor":7.0,"turns":3.0},{"damage":37.0,"enemies":"Gremlin Nob","floor":10.0,"turns":5.0},{"damage":25,"enemies":"Hexaghost","floor":16,"turns":9},{"damage":17,"enemies":"Shell Parasite","floor":18,"turns":4}],"seed_played":"-6988765425331296700","potions_obtained":[{"floor":1.0,"key":"DuplicationPotion"},{"floor":7.0,"key":"AttackPotion"}],"is_trial":false,"path_per_floor":["M","M","?","$","M","R","M","R","T","E","?","R","$","?","R","B",null,"M"],"character_chosen":"DEFECT","items_purchased":["Finesse","Electrodynamics","Finesse"],"campfire_rested":1,"item_purchase_floors":[4,13,13],"current_hp_per_floor":[58,58,58,58,58,58,48,48,48,11,11,30,30,30,30,5,49,32,32],"gold":75,"neow_bonus":"THREE_RARE_CARDS","is_daily":false,"chose_seed":false,"campfire_upgraded":3,"win_rate":0.0,"timestamp":1611350249,"path_taken":["M","M","?","$","M","R","M","R","T","E","?","R","$","?","R","BOSS","M"],"items_purchased_type":["Card","Card","Card"],"build_version":"2020-12-22","purchased_purges":0,"victory":false,"max_hp_per_floor":[64,64,64,64,64,64,64,64,64,64,64,64,64,64,64,64,64,64,64],"card_choices":[{"not_picked":["Multi-Cast","Amplify"],"picked":"Meteor Strike","floor":0.0},{"not_picked":["Hello World","Stack"],"picked":"Doom and Gloom","floor":1.0},{"not_picked":["Scrape","Rebound","Consume"],"picked":"SKIP","floor":2.0},{"not_picked":["Redo","Compile Driver","Go for the Eyes"],"picked":"SKIP","floor":5.0},{"not_picked":["Skim","Leap"],"picked":"Redo","floor":7.0},{"not_picked":["Redo","Steam","Stack"],"picked":"SKIP","floor":10.0}],"player_experience":441010,"relics_obtained":[{"floor":9.0,"key":"Ornamental Fan"},{"floor":10.0,"key":"Juzu Bracelet"}],"event_choices":[{"damage_healed":0.0,"max_hp_gain":0.0,"max_hp_loss":0.0,"gold_gain":0.0,"event_name":"FaceTrader","player_choice":"Trade","floor":3.0,"gold_loss":0.0,"damage_taken":0.0,"relics_obtained":["SsserpentHead"]},{"damage_healed":0,"gold_gain":0,"player_choice":"Searched \u00271\u0027 times","damage_taken":0,"relics_obtained":["MawBank"],"max_hp_gain":0,"max_hp_loss":0,"event_name":"Dead Adventurer","floor":11,"gold_loss":0},{"cards_removed":["Strike_B"],"damage_healed":0,"gold_gain":0,"player_choice":"Card Removal","damage_taken":0,"max_hp_gain":0,"max_hp_loss":0,"event_name":"The Cleric","floor":14,"gold_loss":50}],"is_beta":false,"boss_relics":[{"not_picked":["SacredBark","Black Star"],"picked":"Pandora\u0027s Box"}],"items_purged_floors":[],"is_endless":false,"potions_floor_spawned":[1,7],"killed_by":"Shell Parasite","ascension_level":14}}