{"host":"sc0o2qwpf9j16a4i","time":1611319059,"event":{"mods":["AchievementEnabler","BaseMod","BetterRewards","Block Reminder","Colored Map","Colored Powertips","Custom Start","Highlight Path","Minty Spire (QoL Compilation)","Relic Stats"],"gold_per_floor":[113,113,123,88,106,136,136,170,170,170,170,170,4,4,4,76,76,92,17,31,48,48,48,48],"floor_reached":23,"language":"ENG","playtime":1024,"items_purged":["Strike_G"],"score":494,"play_id":"e79e9ef5-cf72-47d3-9e3f-60bcb42a462a","local_time":"20210122143739","is_ascension_mode":true,"campfire_choices":[{"floor":7,"key":"REST"},{"data":"Adrenaline","floor":10,"key":"SMITH"},{"data":"Neutralize","floor":12,"key":"SMITH"},{"data":"Well Laid Plans","floor":15,"key":"SMITH"}],"circlet_count":0,"master_deck":["AscendersBane","Strike_G","Strike_G","Defend_G","Defend_G","Defend_G","Defend_G","Defend_G","Survivor","Neutralize+1","Well Laid Plans+1","Dagger Throw","Flying Knee","Backflip","Adrenaline+1","Deflect","Envenom","PiercingWail","Night Terror"],"relics":["Ring of the Snake","OrangePellets","ClockworkSouvenir","Bag of Marbles","Blood Vial","Sling","Anchor","Paper Crane","Matryoshka","Medical Kit","Sundial","SlaversCollar"],"acts_visited":["Exordium","TheCity"],"potions_floor_usage":[6,8,16,21,21],"damage_taken":[{"damage":4,"enemies":"2 Louse","floor":1,"turns":4},{"damage":0,"enemies":"Jaw Worm","floor":3,"turns":5},{"damage":0,"enemies":"Cultist","floor":5,"turns":4},{"damage":14,"enemies":"3 Sentries","floor":6,"turns":10},{"damage":12,"enemies":"Lagavulin","floor":8,"turns":6},{"damage":0,"enemies":"Hexaghost","floor":16,"turns":10},{"damage":15,"enemies":"Spheric Guardian","floor":18,"turns":11},{"damage":0,"enemies":"Shell Parasite","floor":20,"turns":6},{"damage":11,"enemies":"Centurion and Healer","floor":21,"turns":13},{"damage":28,"enemies":"Gremlin Leader","floor":23,"turns":7}],"seed_played":"-1598062383795440854","potions_obtained":[{"floor":1,"key":"Fire Potion"},{"floor":5,"key":"SteroidPotion"},{"floor":6,"key":"PowerPotion"},{"floor":16,"key":"Dexterity Potion"},{"floor":20,"key":"Regen Potion"}],"is_trial":false,"path_per_floor":["M","?","M","?","M","E","R","E","T","R","?","R","$","T","R","B",null,"M","$","M","M","?","E"],"character_chosen":"THE_SILENT","items_purchased":["OrangePellets","ClockworkSouvenir","Bag of Marbles","Blood Vial","Sling","Well Laid Plans","Medical Kit"],"campfire_rested":1,"item_purchase_floors":[0,0,0,0,0,0,13],"current_hp_per_floor":[21,21,23,39,41,29,48,38,38,38,31,31,31,31,31,33,58,45,45,47,53,53,27,27],"gold":48,"neow_bonus":"","is_daily":false,"chose_seed":false,"campfire_upgraded":3,"win_rate":0.0,"timestamp":1611319059,"path_taken":["M","?","M","?","M","E","R","E","T","R","?","R","?","?","R","BOSS","M","$","M","M","?","E"],"items_purchased_type":["Relic","Relic","Relic","Relic","Relic","Card","Relic"],"build_version":"2020-12-22","purchased_purges":1,"victory":false,"max_hp_per_floor":[66,66,66,66,66,66,66,66,66,66,66,66,66,66,66,66,66,66,66,66,66,66,66,66],"relic_stats":{"Blood Vial":20,"OrangePellets":[0],"counters":[38,110],"Sundial":[14],"Medical Kit":[10],"obtain_stats":[{"Darkstone Periapt":24,"Lantern":29,"Gremlin Horn":45,"CeramicFish":30,"Snake Skull":29,"Smiling Mask":40,"Sling":0,"ClockworkSouvenir":38,"Sozu":17,"Blood Vial":0,"Dream Catcher":37,"Centennial Puzzle":43,"Matryoshka":9,"Sundial":14,"Pantograph":28,"MealTicket":21,"Fusion Hammer":34,"Ring of the Snake":0,"PreservedInsect":26,"War Paint":27,"Paper Crane":8,"Medical Kit":13,"White Beast Statue":12,"OrangePellets":0,"SlaversCollar":17,"Anchor":6,"Shuriken":7,"Bronze Scales":9,"Bag of Marbles":0},{"Darkstone Periapt":14,"Lantern":16,"Gremlin Horn":24,"CeramicFish":17,"Snake Skull":16,"Smiling Mask":22,"Sling":28,"ClockworkSouvenir":21,"Sozu":10,"Blood Vial":28,"Dream Catcher":21,"Centennial Puzzle":22,"Matryoshka":33,"Sundial":33,"Pantograph":16,"MealTicket":12,"Fusion Hammer":19,"Ring of the Snake":0,"PreservedInsect":14,"War Paint":15,"Paper Crane":33,"Medical Kit":33,"White Beast Statue":7,"OrangePellets":28,"SlaversCollar":34,"Anchor":32,"Shuriken":4,"Bronze Scales":4,"Bag of Marbles":28},{"Darkstone Periapt":14,"Lantern":16,"Gremlin Horn":26,"CeramicFish":17,"Snake Skull":16,"Smiling Mask":23,"Sling":34,"ClockworkSouvenir":21,"Sozu":10,"Blood Vial":34,"Dream Catcher":21,"Centennial Puzzle":23,"Matryoshka":63,"Sundial":63,"Pantograph":16,"MealTicket":12,"Fusion Hammer":19,"Ring of the Snake":0,"PreservedInsect":14,"War Paint":15,"Paper Crane":63,"Medical Kit":63,"White Beast Statue":7,"OrangePellets":34,"SlaversCollar":73,"Anchor":57,"Shuriken":4,"Bronze Scales":4,"Bag of Marbles":34}],"Ring of the Snake":[76]},"card_choices":[{"not_picked":["Blade Dance","Quick Slash"],"picked":"Dagger Throw","floor":1},{"not_picked":["Accuracy","Dagger Throw"],"picked":"Flying Knee","floor":3},{"not_picked":["Blade Dance","Cloak And Dagger"],"picked":"Backflip","floor":5},{"not_picked":["Underhanded Strike","Predator"],"picked":"Adrenaline","floor":6},{"not_picked":["Acrobatics","Dagger Spray"],"picked":"Deflect","floor":8},{"not_picked":["Bullet Time","Venomology"],"picked":"Envenom","floor":16},{"not_picked":["Catalyst","Underhanded Strike","Choke"],"picked":"SKIP","floor":18},{"not_picked":["All Out Attack","Dagger Throw"],"picked":"PiercingWail","floor":20},{"not_picked":["Eviscerate","Cloak And Dagger","Flechettes"],"picked":"SKIP","floor":21}],"player_experience":878860,"relics_obtained":[{"floor":6,"key":"Anchor"},{"floor":8,"key":"Paper Crane"},{"floor":9,"key":"Matryoshka"},{"floor":14,"key":"Sundial"}],"event_choices":[{"damage_healed":0,"gold_gain":0,"player_choice":"Ignored","damage_taken":0,"max_hp_gain":0,"max_hp_loss":0,"event_name":"Shining Light","floor":2,"gold_loss":0},{"damage_healed":16,"gold_gain":0,"player_choice":"Healed","damage_taken":0,"max_hp_gain":0,"max_hp_loss":0,"event_name":"The Cleric","floor":4,"gold_loss":35},{"cards_removed":["Strike_G"],"damage_healed":0,"gold_gain":0,"player_choice":"Card Removal","damage_taken":7,"max_hp_gain":0,"max_hp_loss":0,"event_name":"Golden Wing","floor":11,"gold_loss":0},{"damage_healed":0,"gold_gain":0,"cards_transformed":["Strike_G"],"player_choice":"Transformed","damage_taken":0,"max_hp_gain":0,"max_hp_loss":0,"event_name":"Transmorgrifier","floor":22,"gold_loss":0,"cards_obtained":["Night Terror"]}],"is_beta":false,"boss_relics":[{"not_picked":["Runic Dome","Fusion Hammer"],"picked":"SlaversCollar"}],"items_purged_floors":[19],"is_endless":false,"potions_floor_spawned":[1,5,6,16,20],"killed_by":"Gremlin Leader","ascension_level":20}}