{"host":"bq4pt811tk9yrmjl","time":1611276735,"event":{"mods":["AchievementEnabler","BaseMod","Colored Map","Colored Powertips","Defuse TimeMaze Blight","Hermit","Minty Spire (QoL Compilation)","StSLib","SuperFastMode"],"gold_per_floor":[110,110,127,127,137,170,170,185,185,40,55,55,105,117,117,222,222,236,335,335,335,97,97,132,147,147,165,183,183,183],"floor_reached":29,"language":"ENG","playtime":652,"items_purged":[],"score":282,"play_id":"5b7a12ca-dbbf-4358-8e35-d12bc67cedfb","local_time":"20210121225215","is_ascension_mode":true,"campfire_choices":[{"data":"Demon Form","floor":15,"key":"SMITH"},{"floor":23,"key":"REST"}],"circlet_count":0,"master_deck":["Strike_R","Strike_R","Strike_R","Strike_R","Strike_R","Defend_R","Defend_R","Defend_R","Defend_R","Bash","Anger","Berserk","Clash","Demon Form+1","Rampage","Limit Break","Flame Barrier"],"relics":["Burning Blood","NeowsBlessing","Singing Bowl","White Beast Statue","Anchor","Art of War","Strawberry","Sozu","Membership Card","Bronze Scales","Mummified Hand","Gremlin Horn"],"acts_visited":["Exordium","TheCity"],"potions_floor_usage":[16,25,28],"damage_taken":[{"damage":0.0,"enemies":"Jaw Worm","floor":1.0,"turns":1.0},{"damage":0.0,"enemies":"2 Louse","floor":3.0,"turns":1.0},{"damage":0.0,"enemies":"Small Slimes","floor":5.0,"turns":1.0},{"damage":39.0,"enemies":"Lagavulin","floor":6.0,"turns":9.0},{"damage":14.0,"enemies":"Blue Slaver","floor":8.0,"turns":4.0},{"damage":2.0,"enemies":"2 Fungi Beasts","floor":11.0,"turns":3.0},{"damage":5,"enemies":"Looter","floor":14,"turns":4},{"damage":30,"enemies":"Slime Boss","floor":16,"turns":5},{"damage":26,"enemies":"3 Byrds","floor":18,"turns":5},{"damage":66,"enemies":"Gremlin Leader","floor":24,"turns":6},{"damage":3,"enemies":"2 Thieves","floor":25,"turns":4},{"damage":10,"enemies":"3 Cultists","floor":27,"turns":4},{"damage":17,"enemies":"Snake Plant","floor":28,"turns":4},{"damage":0,"enemies":"Cultist and Chosen","floor":29,"turns":2}],"seed_played":"8327646822571324946","potions_obtained":[{"floor":8.0,"key":"Dexterity Potion"},{"floor":11.0,"key":"FairyPotion"},{"floor":14,"key":"Swift Potion"},{"floor":16,"key":"EssenceOfSteel"}],"is_trial":false,"path_per_floor":["M","?","M","?","M","E","?","M","T","$","M","?","T","M","R","B",null,"M","?","?","?","$","R","E","M","T","M","M","M"],"character_chosen":"IRONCLAD","items_purchased":["Anchor","Membership Card","Bronze Scales","Flame Barrier"],"campfire_rested":1,"item_purchase_floors":[10,22,22,22],"current_hp_per_floor":[80,73,79,79,82,49,49,43,43,43,49,49,56,57,57,33,93,75,75,56,56,56,86,28,33,33,31,22,22,22],"gold":183,"neow_bonus":"THREE_ENEMY_KILL","is_daily":false,"chose_seed":false,"campfire_upgraded":1,"win_rate":0.0,"timestamp":1611276735,"path_taken":["M","?","M","?","M","E","?","?","T","$","M","?","?","M","R","BOSS","M","?","?","?","$","R","E","M","T","?","M","M"],"items_purchased_type":["Relic","Relic","Relic","Card"],"build_version":"2020-12-22","purchased_purges":0,"victory":false,"max_hp_per_floor":[80,80,80,80,82,82,82,84,84,84,86,86,93,93,93,93,93,95,95,100,100,100,100,102,104,104,106,108,108,108],"card_choices":[{"not_picked":["Pommel Strike","Thunderclap"],"picked":"Anger","floor":1.0},{"not_picked":["Body Slam","Warcry"],"picked":"Berserk","floor":3.0},{"not_picked":["Anger","Havoc","Heavy Blade"],"picked":"Singing Bowl","floor":5.0},{"not_picked":["Headbutt","Perfected Strike"],"picked":"Clash","floor":6.0},{"not_picked":["Perfected Strike","Shockwave","Armaments"],"picked":"Singing Bowl","floor":8.0},{"not_picked":["Body Slam","Rupture","Cleave"],"picked":"Singing Bowl","floor":11.0},{"not_picked":["Sever Soul","Armaments"],"picked":"Rampage","floor":14},{"not_picked":["Demon Form","Brutality"],"picked":"Limit Break","floor":16},{"not_picked":["Dark Embrace","Battle Trance+1","Havoc"],"picked":"Singing Bowl","floor":18},{"not_picked":["Armaments","Heavy Blade","Sentinel+1"],"picked":"Singing Bowl","floor":24},{"not_picked":["Perfected Strike","Spot Weakness","Bloodletting"],"picked":"Singing Bowl","floor":25},{"not_picked":["Metallicize","Seeing Red","Twin Strike"],"picked":"Singing Bowl","floor":27},{"not_picked":["Pommel Strike","Fire Breathing+1","Rampage+1"],"picked":"Singing Bowl","floor":28}],"player_experience":203071,"relics_obtained":[{"floor":6.0,"key":"White Beast Statue"},{"floor":13,"key":"Strawberry"},{"floor":24,"key":"Mummified Hand"},{"floor":26,"key":"Gremlin Horn"}],"event_choices":[{"damage_healed":0.0,"max_hp_gain":0.0,"max_hp_loss":0.0,"gold_gain":0.0,"event_name":"Scrap Ooze","player_choice":"Success","floor":2.0,"gold_loss":0.0,"damage_taken":7.0,"relics_obtained":["Singing Bowl"]},{"damage_healed":0.0,"max_hp_gain":0.0,"max_hp_loss":0.0,"gold_gain":0.0,"event_name":"Golden Wing","player_choice":"Ignored","floor":4.0,"gold_loss":0.0,"damage_taken":0.0},{"damage_healed":0.0,"max_hp_gain":0.0,"max_hp_loss":0.0,"gold_gain":0.0,"event_name":"Match and Keep!","player_choice":"1 cards matched","floor":7.0,"gold_loss":0.0,"damage_taken":0.0,"cards_obtained":["Demon Form"]},{"damage_healed":0,"gold_gain":0,"player_choice":"Searched \u00271\u0027 times","damage_taken":0,"relics_obtained":["Art of War"],"max_hp_gain":0,"max_hp_loss":0,"event_name":"Dead Adventurer","floor":12,"gold_loss":0},{"damage_healed":0,"gold_gain":99,"player_choice":"Stole From Cult","damage_taken":0,"max_hp_gain":0,"max_hp_loss":0,"event_name":"Nest","floor":19,"gold_loss":0},{"damage_healed":0,"gold_gain":0,"player_choice":"Shed Blood","damage_taken":24,"max_hp_gain":5,"max_hp_loss":0,"event_name":"Forgotten Altar","floor":20,"gold_loss":0},{"damage_healed":0,"gold_gain":0,"player_choice":"Ignored","damage_taken":0,"max_hp_gain":0,"max_hp_loss":0,"event_name":"Beggar","floor":21,"gold_loss":0}],"is_beta":false,"boss_relics":[{"not_picked":["Pandora\u0027s Box","Tiny House"],"picked":"Sozu"}],"items_purged_floors":[],"is_endless":false,"potions_floor_spawned":[8,11,14,16,18,24,25,27,28],"killed_by":"Cultist and Chosen","ascension_level":1}}