{"host":"bq4pt811tk9yrmjl","time":1611326584,"event":{"mods":["AchievementEnabler","BaseMod","Colored Map","Colored Powertips","Defuse TimeMaze Blight","Hermit","Minty Spire (QoL Compilation)","StSLib","SuperFastMode"],"gold_per_floor":[112,112,112,112,127,127,127,157,226,237,270,270,270,288,288,392,392,407,407,407,426,273,273,298,298,298,298,317,327,24,34,34,138,138,152,152,164,164,175,175,195,195,195,32,48,65,82,101,101,101,101,101,4,32,32,32],"floor_reached":55,"language":"ENG","playtime":1589,"items_purged":[],"score":733,"play_id":"24787daa-cc02-407e-bec2-def22cc30ee9","local_time":"20210122124304","is_ascension_mode":true,"campfire_choices":[{"data":"Neutralize","floor":6.0,"key":"SMITH"},{"floor":13.0,"key":"RECALL"},{"data":"Bouncing Flask","floor":15.0,"key":"SMITH"},{"data":"Noxious Fumes","floor":23.0,"key":"SMITH"},{"floor":25.0,"key":"REST"},{"data":"Blade Dance","floor":27.0,"key":"SMITH"},{"floor":32.0,"key":"REST"},{"data":"Adrenaline","floor":40.0,"key":"SMITH"},{"floor":42.0,"key":"REST"},{"floor":49.0,"key":"REST"},{"data":"Dash","floor":52.0,"key":"SMITH"}],"circlet_count":0,"master_deck":["Strike_G","Strike_G","Defend_G","Defend_G","Defend_G","Defend_G","Defend_G","Survivor","Neutralize+1","Noxious Fumes+1","Bane","Bouncing Flask+1","Blade Dance+1","Dash+1","Noxious Fumes+1","Adrenaline+1","Deflect","Cloak And Dagger+1","Deflect+1","Heel Hook+1","Cloak And Dagger+1","Escape Plan","Dodge and Roll+1","Cloak And Dagger+1","Deflect+1","Blade Dance+1","Flechettes+1","Cloak And Dagger+1"],"relics":["Ring of the Snake","NeowsBlessing","Boot","Bag of Preparation","WristBlade","Membership Card","Bottled Lightning","Pantograph","Snake Skull","ClockworkSouvenir","Ginger","Astrolabe","The Courier","Prayer Wheel","Bird Faced Urn","Sling","White Beast Statue"],"acts_visited":["Exordium","TheCity","TheBeyond","TheEnding"],"potions_floor_usage":[54,54],"damage_taken":[{"damage":0.0,"enemies":"Jaw Worm","floor":1.0,"turns":1.0},{"damage":0.0,"enemies":"Small Slimes","floor":5.0,"turns":1.0},{"damage":0.0,"enemies":"3 Sentries","floor":8.0,"turns":1.0},{"damage":4.0,"enemies":"Cultist","floor":10.0,"turns":3.0},{"damage":10.0,"enemies":"Lagavulin","floor":11.0,"turns":5.0},{"damage":0.0,"enemies":"Looter","floor":14.0,"turns":3.0},{"damage":32.0,"enemies":"Slime Boss","floor":16.0,"turns":9.0},{"damage":0.0,"enemies":"3 Byrds","floor":18.0,"turns":5.0},{"damage":10.0,"enemies":"Spheric Guardian","floor":21.0,"turns":4.0},{"damage":24.0,"enemies":"Book of Stabbing","floor":24.0,"turns":7.0},{"damage":11.0,"enemies":"Snecko","floor":28.0,"turns":4.0},{"damage":24.0,"enemies":"Chosen and Byrds","floor":29.0,"turns":5.0},{"damage":2.0,"enemies":"3 Cultists","floor":31.0,"turns":4.0},{"damage":62.0,"enemies":"Champ","floor":33.0,"turns":10.0},{"damage":12.0,"enemies":"3 Darklings","floor":35.0,"turns":4.0},{"damage":0.0,"enemies":"Orb Walker","floor":37.0,"turns":3.0},{"damage":0.0,"enemies":"4 Shapes","floor":39.0,"turns":4.0},{"damage":20.0,"enemies":"Transient","floor":41.0,"turns":5.0},{"damage":24.0,"enemies":"Writhing Mass","floor":45.0,"turns":6.0},{"damage":11.0,"enemies":"Maw","floor":46.0,"turns":7.0},{"damage":0.0,"enemies":"Transient","floor":47.0,"turns":5.0},{"damage":0.0,"enemies":"Sphere and 2 Shapes","floor":48.0,"turns":6.0},{"damage":103.0,"enemies":"Time Eater","floor":50.0,"turns":11.0},{"damage":25,"enemies":"Shield and Spear","floor":54,"turns":5},{"damage":84,"enemies":"The Heart","floor":55,"turns":6}],"seed_played":"-3156131235069692855","potions_obtained":[{"floor":1.0,"key":"EssenceOfSteel"},{"floor":5.0,"key":"DistilledChaos"},{"floor":8.0,"key":"Dexterity Potion"},{"floor":21.0,"key":"SneckoOil"},{"floor":29.0,"key":"Swift Potion"},{"floor":33.0,"key":"PowerPotion"},{"floor":35.0,"key":"LiquidMemories"},{"floor":37.0,"key":"Explosive Potion"},{"floor":45.0,"key":"Fire Potion"},{"floor":47.0,"key":"Fire Potion"},{"floor":48.0,"key":"Strength Potion"}],"is_trial":false,"path_per_floor":["M","?","?","$","M","R","$","E","T","M","E","?","R","M","R","B",null,"M","?","?","M","$","R","E","R","T","R","M","M","$","M","R","B",null,"M","?","M","?","M","R","M","R","T","$","M","M","M","M","R","B",null,"R","$","E","B"],"character_chosen":"THE_SILENT","items_purchased":["Membership Card","Snake Skull","ClockworkSouvenir","Ginger","FairyPotion","Bird Faced Urn","Sling","PowerPotion","PowerPotion"],"campfire_rested":4,"item_purchase_floors":[22,30,30,30,44,44,53,53,53],"current_hp_per_floor":[70,70,75,75,75,75,75,75,75,71,61,61,61,61,61,29,75,75,75,61,51,51,51,27,51,51,51,40,16,16,14,38,1,80,68,68,68,68,68,68,48,72,72,72,52,45,49,53,77,3,80,80,80,59,0,0],"gold":32,"neow_bonus":"THREE_ENEMY_KILL","is_daily":false,"chose_seed":false,"campfire_upgraded":6,"win_rate":0.0,"timestamp":1611326584,"path_taken":["M","?","?","$","M","R","?","E","T","?","E","?","R","?","R","BOSS","M","?","?","M","$","R","E","R","T","R","M","M","$","M","R","BOSS","M","?","?","?","M","R","M","R","T","$","M","M","M","M","R","BOSS","R","$","E","BOSS"],"items_purchased_type":["Relic","Relic","Relic","Relic","Potion","Relic","Relic","Potion","Potion"],"build_version":"2020-12-22","purchased_purges":0,"victory":false,"max_hp_per_floor":[70,70,75,75,75,75,75,75,75,75,75,75,75,75,75,75,75,75,75,80,80,80,80,80,80,80,80,80,80,80,80,80,80,80,80,80,80,80,80,80,80,80,80,80,80,80,80,80,80,80,80,80,80,80,80,80],"card_choices":[{"not_picked":["Expertise","Blur"],"picked":"Noxious Fumes","floor":1.0},{"not_picked":["Expertise","Setup"],"picked":"Bane","floor":5.0},{"not_picked":["Deflect","Infinite Blades"],"picked":"Bouncing Flask","floor":8.0},{"not_picked":["PiercingWail","Slice"],"picked":"Blade Dance","floor":10.0},{"not_picked":["Poisoned Stab","Flechettes"],"picked":"Dash","floor":11.0},{"not_picked":["Deadly Poison","Deflect"],"picked":"Noxious Fumes","floor":14.0},{"not_picked":["Envenom","Unload"],"picked":"Adrenaline","floor":16.0},{"not_picked":["Backflip","Poisoned Stab","Deadly Poison+1"],"picked":"SKIP","floor":18.0},{"not_picked":["Setup","Concentrate","Endless Agony"],"picked":"SKIP","floor":21.0},{"not_picked":["Flying Knee","Prepared"],"picked":"Deflect","floor":24.0},{"not_picked":["Deadly Poison+1","Dodge and Roll"],"picked":"Cloak And Dagger+1","floor":28.0},{"not_picked":["Blade Dance","Acrobatics","Poisoned Stab+1"],"picked":"SKIP","floor":29.0},{"not_picked":["Bane","Dash"],"picked":"Slice","floor":31.0},{"not_picked":["Prepared+1","Skewer","Poisoned Stab+1"],"picked":"SKIP","floor":35.0},{"not_picked":["Dagger Spray+1","Bane+1","Masterful Stab"],"picked":"SKIP","floor":37.0},{"not_picked":["Sucker Punch","Quick Slash"],"picked":"Cloak And Dagger+1","floor":39.0},{"not_picked":["Predator","Backstab+1","Deflect"],"picked":"SKIP","floor":41.0},{"not_picked":["Bouncing Flask+1","Heel Hook"],"picked":"Escape Plan","floor":45.0},{"not_picked":["Poisoned Stab+1","Blade Dance","Outmaneuver"],"picked":"SKIP","floor":45.0},{"not_picked":["Deadly Poison+1","Backstab+1"],"picked":"Dodge and Roll+1","floor":46.0},{"not_picked":["PiercingWail","Acrobatics+1"],"picked":"Cloak And Dagger+1","floor":46.0},{"not_picked":["Venomology","Distraction+1"],"picked":"Deflect+1","floor":47.0},{"not_picked":["Tactician","Dash"],"picked":"Blade Dance+1","floor":47.0},{"not_picked":["Escape Plan","Dodge and Roll"],"picked":"Flechettes+1","floor":48.0},{"not_picked":["Prepared+1","Sucker Punch+1"],"picked":"Cloak And Dagger+1","floor":48.0},{"not_picked":["Expertise+1","Underhanded Strike","Sucker Punch"],"picked":"SKIP","floor":54}],"player_experience":207380,"relics_obtained":[{"floor":8.0,"key":"Boot"},{"floor":11.0,"key":"Bag of Preparation"},{"floor":24.0,"key":"Bottled Lightning"},{"floor":26.0,"key":"Pantograph"},{"floor":43.0,"key":"Prayer Wheel"},{"floor":54,"key":"White Beast Statue"}],"event_choices":[{"damage_healed":0.0,"max_hp_gain":0.0,"max_hp_loss":0.0,"gold_gain":0.0,"event_name":"Living Wall","player_choice":"Grow","floor":2.0,"gold_loss":0.0,"damage_taken":0.0,"cards_upgraded":["Noxious Fumes"]},{"damage_healed":0.0,"max_hp_gain":5.0,"max_hp_loss":0.0,"gold_gain":0.0,"event_name":"Big Fish","player_choice":"Donut","floor":3.0,"gold_loss":0.0,"damage_taken":0.0},{"damage_healed":0.0,"max_hp_gain":0.0,"max_hp_loss":0.0,"gold_gain":0.0,"event_name":"NoteForYourself","player_choice":"Ignored","floor":12.0,"gold_loss":0.0,"damage_taken":0.0},{"damage_healed":0.0,"max_hp_gain":0.0,"max_hp_loss":0.0,"gold_gain":0.0,"event_name":"Vampires","player_choice":"Ignored","floor":19.0,"gold_loss":0.0,"damage_taken":0.0},{"damage_healed":0.0,"max_hp_gain":5.0,"max_hp_loss":0.0,"gold_gain":0.0,"event_name":"Forgotten Altar","player_choice":"Shed Blood","floor":20.0,"gold_loss":0.0,"damage_taken":19.0},{"cards_removed":["Night Terror"],"damage_healed":0.0,"max_hp_gain":0.0,"max_hp_loss":0.0,"gold_gain":0.0,"event_name":"WeMeetAgain","player_choice":"Gave Card","floor":36.0,"gold_loss":0.0,"damage_taken":0.0,"relics_obtained":["The Courier"]},{"cards_removed":["Slice"],"damage_healed":0.0,"max_hp_gain":0.0,"max_hp_loss":0.0,"gold_gain":0.0,"event_name":"Falling","player_choice":"Removed Attack","floor":38.0,"gold_loss":0.0,"damage_taken":0.0}],"is_beta":false,"boss_relics":[{"not_picked":["Philosopher\u0027s Stone","Ectoplasm"],"picked":"WristBlade"},{"not_picked":["Calling Bell","Tiny House"],"picked":"Astrolabe"}],"items_purged_floors":[],"is_endless":false,"potions_floor_spawned":[1,5,8,10,21,29,33,35,37,45,47,48],"killed_by":"The Heart","ascension_level":1}}