{"host":"9jkzatiwan7o33sr","time":1611285986,"event":{"mods":["A Magickal Journey","AchievementEnabler","Act Like it!","Aspiration","BaseMod","Colored Map","Colored Powertips","Conspire","Downfall","Duelist Mod","GifTheSpireLib","Hallownest","Hermit","Hubris","Infinite Spire","Marisa????????","Mimic Mod","Minty Spire (QoL Compilation)","StSLib","Stuff the Spire","Td1madao Mod","The Animator","The Bug Knight","The Construct","The Cursed","The Disciple","The Elementalist","The Factory","The Hierophant","The Jungle","The Mystic","The Necromancer","The Poker Player","The Runesmith","The Servant 0.9.4","The Witch","[IsaacMod]????"],"gold_per_floor":[113,113,19,19,34,34,63,78,78,178,178,178,178,189,189,286,286,306,317,68,78,89,89,116,116,116,116,126,126,142,153,153,249,249,261,271,271,281,29,55,55,55,85,99,99,113,113,147,147,147],"floor_reached":51,"language":"ENG","playtime":4831,"items_purged":[],"score":736,"play_id":"0a364718-bb16-435b-9ae0-a24f856c078e","local_time":"20210122042626","is_ascension_mode":true,"campfire_choices":[{"data":"ForeignInfluence","floor":6.0,"key":"SMITH"},{"data":"BattleHymn","floor":11.0,"key":"SMITH"},{"data":"Vigilance","floor":13.0,"key":"SMITH"},{"floor":15.0,"key":"REST"},{"data":"Evaluate","floor":23.0,"key":"SMITH"},{"data":"Wallop","floor":25.0,"key":"SMITH"},{"data":"ThirdEye","floor":32.0,"key":"SMITH"},{"floor":41,"key":"REST"},{"data":"Devotion","floor":45,"key":"SMITH"},{"data":"Devotion","floor":47,"key":"SMITH"},{"data":"Nirvana","floor":49,"key":"SMITH"}],"circlet_count":0,"master_deck":["Strike_P","Strike_P","Strike_P","Strike_P","Defend_P+1","Defend_P","Defend_P","Defend_P","Eruption+1","Vigilance+1","Adaptation","Pray","SashWhip","ForeignInfluence+1","CutThroughFate","CrushJoints","BattleHymn+1","Nirvana+1","Devotion+1","Wallop","Evaluate+1","Protect+1","Study+1","Wallop+1","Devotion+1","EmptyBody+1","ThirdEye+1","JustLucky+1","Brilliance+1","PathToVictory","Prostrate+1","FlurryOfBlows+1","EmptyFist","Protect","Prostrate","Bandage Up","Evaluate+1","Perseverance","Prostrate+1","CutThroughFate+1"],"relics":["PureWater","HushsDoor","YumHeart","Orichalcum","Kunai","hubris:ScarierMask","Mummified Hand","War Paint","StuffTheSpire:CocoNut","SlaversCollar","TungstenRod","hubris:HerbalPaste","Matryoshka","D4","Omamori","Whetstone"],"acts_visited":["Exordium","TheCity","TheBeyond"],"potions_floor_usage":[40,50],"damage_taken":[{"damage":9.0,"enemies":"Jaw Worm","floor":1.0,"turns":4.0},{"damage":1.0,"enemies":"Cultist","floor":5.0,"turns":4.0},{"damage":44.0,"enemies":"3 Sentries","floor":7.0,"turns":8.0},{"damage":0.0,"enemies":"conspire:RoseBush","floor":8.0,"turns":3.0},{"damage":13.0,"enemies":"Lots of Slimes","floor":14.0,"turns":5.0},{"damage":52.0,"enemies":"Hexaghost","floor":16.0,"turns":11.0},{"damage":0.0,"enemies":"conspire:FuzzyDice","floor":18.0,"turns":4.0},{"damage":10.0,"enemies":"3 Byrds","floor":19.0,"turns":5.0},{"damage":16.0,"enemies":"Snecko","floor":21.0,"turns":7.0},{"damage":1.0,"enemies":"Cultist and Chosen","floor":22.0,"turns":5.0},{"damage":22.0,"enemies":"Slavers","floor":24.0,"turns":6.0},{"damage":2.0,"enemies":"Shelled Parasite and Fungi","floor":28.0,"turns":5.0},{"damage":0.0,"enemies":"Centurion and Healer","floor":30.0,"turns":5.0},{"damage":0.0,"enemies":"Snecko","floor":31.0,"turns":4.0},{"damage":34.0,"enemies":"Collector","floor":33.0,"turns":9.0},{"damage":2.0,"enemies":"3 Darklings","floor":35.0,"turns":5.0},{"damage":3.0,"enemies":"Orb Walker","floor":36.0,"turns":3.0},{"damage":22,"enemies":"Jaw Worm Horde","floor":38,"turns":5},{"damage":43,"enemies":"Nemesis","floor":40,"turns":7},{"damage":0,"enemies":"Writhing Mass","floor":43,"turns":7},{"damage":18,"enemies":"Writhing Mass","floor":44,"turns":7},{"damage":0,"enemies":"Sphere and 2 Shapes","floor":46,"turns":6},{"damage":8,"enemies":"Reptomancer","floor":48,"turns":6},{"damage":30,"enemies":"infinitespire:MassOfShapes","floor":50,"turns":15}],"seed_played":"-231514736819252408","potions_obtained":[{"floor":5.0,"key":"Ancient Potion"},{"floor":7.0,"key":"FairyPotion"},{"floor":8.0,"key":"SteroidPotion"},{"floor":16.0,"key":"Fire Potion"},{"floor":18.0,"key":"SpeedPotion"},{"floor":31.0,"key":"Weak Potion"},{"floor":33.0,"key":"SpeedPotion"},{"floor":36.0,"key":"LiquidBronze"},{"floor":38,"key":"SkillPotion"},{"floor":44,"key":"StancePotion"},{"floor":46,"key":"hexamod:SoulburnPotion"}],"is_trial":false,"path_per_floor":["M","?","$","?","M","R","E","M","T","?","R","?","R","M","R","B",null,"M","M","$","M","M","R","E","R","T","?","M","?","M","M","R","B",null,"M","M","AVR","M","$","E","R","?","MIM","M","R","M","R","E","R","B",null],"character_chosen":"WATCHER","items_purchased":["SashWhip","ForeignInfluence","Wallop","Mummified Hand","hubris:HerbalPaste","EmptyFist","Protect"],"campfire_rested":2,"item_purchase_floors":[3,3,17,20,39,39,39],"current_hp_per_floor":[63,63,63,72,71,71,52,52,52,52,52,52,52,39,60,8,70,70,60,60,69,68,68,46,46,53,53,51,51,76,76,76,42,77,75,72,72,75,75,34,57,57,67,59,59,69,69,67,67,47],"gold":147,"neow_bonus":"THREE_CARDS","is_daily":false,"chose_seed":false,"campfire_upgraded":9,"win_rate":0.0,"timestamp":1611285986,"path_taken":["M","?","$","?","?","R","E","?","T","?","R","?","R","M","R","BOSS","M","M","$","M","M","R","E","R","T","?","M","?","M","?","R","BOSS","M","M","AVR","?","$","E","R","?","MIM","M","R","?","R","E","R","BOSS"],"items_purchased_type":["Card","Card","Card","Relic","Relic","Card","Card"],"build_version":"2020-12-22","purchased_purges":0,"victory":true,"max_hp_per_floor":[72,72,72,72,72,72,72,72,72,72,72,72,72,72,72,72,70,70,70,70,70,70,70,70,70,77,77,77,77,77,77,77,77,77,77,77,77,77,77,77,77,77,77,77,77,77,77,77,77,77],"card_choices":[{"not_picked":[],"picked":"BettingIsNotGood","floor":0.0},{"not_picked":["WaveOfTheHand","Bomb"],"picked":"Adaptation","floor":0.0},{"not_picked":["ForeignInfluence","FlurryOfBlows"],"picked":"Pray","floor":1.0},{"not_picked":["FlurryOfBlows","Fasting2"],"picked":"CutThroughFate","floor":5.0},{"not_picked":["BowlingBash","Bomb"],"picked":"CrushJoints","floor":7.0},{"not_picked":["FlurryOfBlows","SashWhip"],"picked":"BattleHymn","floor":8.0},{"not_picked":["Consecrate","Vengeance"],"picked":"Nirvana","floor":14.0},{"not_picked":["Brilliance","Judgement"],"picked":"Devotion","floor":16.0},{"not_picked":["ThirdEye","Crescendo"],"picked":"Evaluate","floor":18.0},{"not_picked":["BattleHymn","CrushJoints"],"picked":"Protect","floor":19.0},{"not_picked":["BowlingBash","FlurryOfBlows"],"picked":"Study+1","floor":21.0},{"not_picked":["Evaluate","Protect"],"picked":"Wallop","floor":22.0},{"not_picked":["MasterReality","Fasting2+1"],"picked":"Devotion","floor":24.0},{"not_picked":["PathToVictory","MentalFortress"],"picked":"EmptyBody+1","floor":28.0},{"not_picked":["Evaluate","Crescendo"],"picked":"ThirdEye","floor":30.0},{"not_picked":["FlyingSleeves","ClearTheMind"],"picked":"JustLucky+1","floor":31.0},{"not_picked":["MasterReality","Establishment"],"picked":"Brilliance","floor":33.0},{"not_picked":["SignatureMove","Worship"],"picked":"PathToVictory","floor":35.0},{"not_picked":["EmptyFist+1","FollowUp+1"],"picked":"Prostrate+1","floor":36.0},{"not_picked":["BattleHymn","FollowUp"],"picked":"FlurryOfBlows+1","floor":38},{"not_picked":["CutThroughFate+1","FlurryOfBlows"],"picked":"Prostrate","floor":40},{"not_picked":["StuffTheSpire:FreeRealEstate","Purity"],"picked":"Bandage Up","floor":42},{"not_picked":["Fasting2+1","Swivel+1"],"picked":"Evaluate+1","floor":43},{"not_picked":["Blasphemy","ClearTheMind"],"picked":"Perseverance","floor":44},{"not_picked":["Evaluate+1","Nirvana+1"],"picked":"Prostrate+1","floor":46},{"not_picked":["InnerPeace","FollowUp"],"picked":"CutThroughFate+1","floor":48}],"player_experience":603854,"relics_obtained":[{"floor":7.0,"key":"Orichalcum"},{"floor":9.0,"key":"Kunai"},{"floor":24.0,"key":"War Paint"},{"floor":26.0,"key":"StuffTheSpire:CocoNut"},{"floor":40,"key":"Matryoshka"},{"floor":43,"key":"D4"},{"floor":43,"key":"Omamori"},{"floor":48,"key":"Whetstone"}],"event_choices":[{"cards_removed":["BettingIsNotGood"],"damage_healed":9.0,"max_hp_gain":0.0,"max_hp_loss":0.0,"gold_gain":0.0,"event_name":"Bonfire Elementals","player_choice":"Offered Uncommon","floor":4.0,"gold_loss":0.0,"damage_taken":0.0},{"damage_healed":0.0,"max_hp_gain":0.0,"max_hp_loss":0.0,"gold_gain":100.0,"event_name":"Golden Shrine","player_choice":"Pray","floor":10.0,"gold_loss":0.0,"damage_taken":0.0},{"damage_healed":0.0,"max_hp_gain":0.0,"max_hp_loss":0.0,"gold_gain":0.0,"event_name":"conspire:Investor","player_choice":"Leave","floor":27.0,"gold_loss":0.0,"damage_taken":0.0},{"damage_healed":0,"gold_gain":0,"player_choice":"Memory 1","damage_taken":0,"max_hp_gain":0,"max_hp_loss":0,"event_name":"SensoryStone","floor":42,"gold_loss":0}],"is_beta":false,"boss_relics":[{"not_picked":["aspiration:FutureDiary","ChampionBelt"],"picked":"hubris:ScarierMask"},{"not_picked":[]},{"not_picked":["VioletLotus","hubris:RunicObelisk"],"picked":"SlaversCollar"},{"not_picked":[]}],"items_purged_floors":[],"is_endless":false,"potions_floor_spawned":[5,7,8,16,18,21,24,31,33,36,38,44,46],"ascension_level":1}}