{"host":"fqepcc6wiujntn7y","time":1611338503,"event":{"mods":["AchievementEnabler","BaseMod","Minty Spire (QoL Compilation)","Quick Restart","Replay The Spire","StSLib","The Jungle"],"gold_per_floor":[110,110,123,48,58,91,101,135,208,220,235,268,324,355,355,458,458,474,269,286,286,299,299,326,343,343,353,353,685,705,805,805,905,905,818,778,696,61,74,108,108,134,134,151,168,200,200,216,216,216],"floor_reached":51,"language":"ENG","playtime":7624,"items_purged":["Strike_R","Strike_R"],"score":820,"play_id":"baf6bd54-7660-45c0-858b-abab9589a36b","local_time":"20210122180143","is_ascension_mode":true,"campfire_choices":[{"floor":15,"key":"DIG"},{"data":"Armaments","floor":23,"key":"SMITH"},{"data":"Armaments","floor":28,"key":"SMITH"},{"floor":32,"key":"DIG"},{"floor":47,"key":"REST"},{"data":"ReplayReversal","floor":49,"key":"SMITH"}],"circlet_count":0,"master_deck":["Defend_R","Defend_R","Defend_R","Defend_R","Bash","Pummel","Twin Strike","Armaments+1","Entrench+1","Sword Boomerang","Feed","Armaments+1","ReplayReversal+1","Iron Wave","Immolate","Clothesline","Combust","Flex","Sword Boomerang","Anger+1","ReplayReversal","Iron Wave","Hemokinesis+1","Shockwave+1","Metallicize","ReplayReversal","ReplayTheSpireMod:LeadingStrike+1","Eclipse","Feel No Pain+1","Twin Strike+1","Metallicize","Feed+1","Cleave+1","Metallicize","Madness","Madness","Spot Weakness","Demonic Infusion"],"relics":["Burning Blood","ReplayTheSpireMod:TigerMarble","Champion Belt","Divine Protection","Regal Pillow","Bronze Scales","Paper Frog","Runic Pyramid","BargainBundle","Ring of Peace","Ring of Hypnosis","ReplayTheSpireMod:Spearhead","Replay:Accelerometer","Old Coin","Bird Faced Urn","Question Card","Ancient Tea Set","Kintsugi","Charon\u0027s Ashes","Lee\u0027s Waffle","Meat on the Bone","Orichalcum","Another Sword","Replay:Multitool"],"acts_visited":["Exordium","TheCity","TheBeyond"],"potions_floor_usage":[8,12,16,24,24,33,33,46],"damage_taken":[{"damage":1,"enemies":"Cultist","floor":1,"turns":3},{"damage":0,"enemies":"2 Louse","floor":3,"turns":3},{"damage":1,"enemies":"Jaw Worm","floor":5,"turns":3},{"damage":29,"enemies":"3 Sentries","floor":6,"turns":11},{"damage":9,"enemies":"Blue Slaver","floor":7,"turns":2},{"damage":0,"enemies":"Gremlin Nob","floor":8,"turns":4},{"damage":4,"enemies":"Large Slime","floor":10,"turns":5},{"damage":8,"enemies":"Red Slaver","floor":11,"turns":3},{"damage":0,"enemies":"3 Sentries","floor":12,"turns":10},{"damage":12,"enemies":"Gremlin Nob","floor":14,"turns":4},{"damage":61,"enemies":"The Guardian","floor":16,"turns":16},{"damage":22,"enemies":"2 Thieves","floor":18,"turns":4},{"damage":12,"enemies":"Chosen","floor":20,"turns":5},{"damage":21,"enemies":"Centurion and Healer","floor":22,"turns":7},{"damage":0,"enemies":"Gremlin Leader","floor":24,"turns":7},{"damage":0,"enemies":"Snecko","floor":25,"turns":5},{"damage":10,"enemies":"Sentry and Sphere","floor":27,"turns":5},{"damage":12,"enemies":"Book of Stabbing","floor":29,"turns":5},{"damage":0,"enemies":"3 Cultists","floor":30,"turns":4},{"damage":3,"enemies":"Colosseum Slavers","floor":31,"turns":6},{"damage":1,"enemies":"Colosseum Nobs","floor":31,"turns":4},{"damage":113,"enemies":"Collector","floor":33,"turns":16},{"damage":4,"enemies":"Orb Walker","floor":35,"turns":5},{"damage":20,"enemies":"3 Darklings","floor":37,"turns":7},{"damage":31,"enemies":"Writhing Mass","floor":39,"turns":5},{"damage":7,"enemies":"Nemesis","floor":40,"turns":9},{"damage":13,"enemies":"R_Hoarder","floor":42,"turns":13},{"damage":21,"enemies":"Sphere and 2 Shapes","floor":44,"turns":5},{"damage":39,"enemies":"Jaw Worm Horde","floor":45,"turns":7},{"damage":38,"enemies":"Reptomancer","floor":46,"turns":8},{"damage":0,"enemies":"Spire Growth","floor":48,"turns":6},{"damage":80,"enemies":"Replay:Hell Engine","floor":50,"turns":15}],"seed_played":"-2583820322441792359","potions_obtained":[{"floor":3,"key":"EssenceOfSteel"},{"floor":5,"key":"Block Potion"},{"floor":8,"key":"BloodPotion"},{"floor":11,"key":"DuplicationPotion"},{"floor":16,"key":"Block Potion"},{"floor":24,"key":"FearPotion"},{"floor":30,"key":"GamblersBrew"},{"floor":40,"key":"Weak Potion"},{"floor":42,"key":"Dexterity Potion"},{"floor":46,"key":"BlessingOfTheForge"}],"is_trial":false,"path_per_floor":["M","?","M","$","M","E","M","E","T","M","M","E","?","E","R","B",null,"M","$","M","?","M","R","E","M","T","M","R","E","M","?","R","B",null,"M","?","M","$","M","E","?","E","T","M","M","E","R","M","R","B",null],"character_chosen":"IRONCLAD","items_purchased":["BargainBundle","Combust","Flex","Heavy Blade","Sword Boomerang","Toxic Potion","Metallicize","Charon\u0027s Ashes","Lee\u0027s Waffle","Feed+1"],"campfire_rested":1,"item_purchase_floors":[19,19,19,19,19,19,38,38,38,38],"current_hp_per_floor":[88,88,88,88,88,65,62,68,68,73,74,83,83,77,77,22,97,84,84,81,81,69,69,78,84,84,80,80,74,80,91,91,10,112,112,112,98,119,102,109,94,97,97,91,76,66,120,130,130,72],"gold":216,"neow_bonus":"TEN_PERCENT_HP_BONUS","is_daily":false,"chose_seed":false,"campfire_upgraded":3,"win_rate":0.0,"timestamp":1611338503,"path_taken":["M","?","M","$","M","E","M","E","T","?","M","E","?","E","R","BOSS","M","$","M","?","M","R","E","M","T","M","R","E","M","?","R","BOSS","M","?","M","$","?","E","?","E","T","M","M","E","R","M","R","BOSS"],"items_purchased_type":["Relic","Card","Card","Card","Card","Potion","Card","Relic","Relic","Card"],"build_version":"2020-12-22","purchased_purges":2,"victory":true,"max_hp_per_floor":[88,88,88,88,88,88,88,88,88,91,94,97,97,97,97,97,97,100,100,103,103,106,106,109,109,109,109,109,109,109,112,112,112,112,112,112,112,119,119,119,119,119,119,126,130,130,130,130,130,130],"card_choices":[{"not_picked":["True Grit","Wild Strike"],"picked":"Pummel","floor":1},{"not_picked":["Shrug It Off","Pommel Strike"],"picked":"Twin Strike","floor":3},{"not_picked":["Headbutt","Shrug It Off"],"picked":"Armaments","floor":5},{"not_picked":["Replay:Undeath\u0027s Touch","Seeing Red"],"picked":"Entrench","floor":6},{"not_picked":["Hemokinesis","Life Link"],"picked":"Sword Boomerang","floor":7},{"not_picked":["Entrench","Pommel Strike"],"picked":"Feed","floor":8},{"not_picked":["Body Slam","Run Through"],"picked":"Armaments","floor":10},{"not_picked":["Pommel Strike","Thunderclap"],"picked":"ReplayReversal","floor":11},{"not_picked":["Perfected Strike","Replay:Many Hands"],"picked":"Heavy Blade","floor":12},{"not_picked":["Warcry","Demonic Infusion"],"picked":"Iron Wave","floor":14},{"not_picked":["Replay:Many Hands","Eclipse"],"picked":"Immolate","floor":16},{"not_picked":["Ghostly Armor","Perfected Strike"],"picked":"Clothesline","floor":18},{"not_picked":["ReplayTheSpireMod:Corrosion Curse","Rupture"],"picked":"Anger+1","floor":20},{"not_picked":["Body Slam","Heavy Blade+1"],"picked":"ReplayReversal","floor":22},{"not_picked":["Infernal Blade","Armaments"],"picked":"Iron Wave","floor":24},{"not_picked":["Run Through","Wild Strike"],"picked":"Hemokinesis+1","floor":25},{"not_picked":["Flex","Evolve"],"picked":"Shockwave+1","floor":27},{"not_picked":["Cleave","True Grit"],"picked":"Metallicize","floor":29},{"not_picked":["Thunderclap","Bludgeon"],"picked":"ReplayReversal","floor":30},{"not_picked":["Life Link+1","Iron Wave"],"picked":"ReplayTheSpireMod:LeadingStrike+1","floor":31},{"not_picked":["Double Tap","Demonic Infusion","Limit Break"],"picked":"Eclipse","floor":33},{"not_picked":["Anger","Perfected Strike","Iron Wave"],"picked":"Feel No Pain+1","floor":35},{"not_picked":["Pommel Strike+1","ReplayTheSpireMod:Strike From Hell","Armaments"],"picked":"Twin Strike+1","floor":37},{"not_picked":["Anger","Twin Strike+1","Pummel+1"],"picked":"Cleave+1","floor":39},{"not_picked":["Brutality","ReplayTheSpireMod:Muscle Training+1","Dual Wield"],"picked":"Metallicize","floor":40},{"not_picked":["True Grit","Shockwave+1","Shrug It Off","ReplayReversal"],"picked":"SKIP","floor":42},{"not_picked":["Clash","Defy Death+1","Replay:Undeath\u0027s Touch","Heavy Blade+1"],"picked":"SKIP","floor":44},{"not_picked":["Defy Death+1","Anger","Replay:Undeath\u0027s Touch+1"],"picked":"Spot Weakness","floor":45},{"not_picked":["Replay:Undeath\u0027s Touch","Flex","Cleave"],"picked":"Demonic Infusion","floor":46},{"not_picked":["Battle Trance+1","Sword Boomerang","Perfected Strike+1","Replay:Undeath\u0027s Touch+1"],"picked":"SKIP","floor":48}],"player_experience":40960,"relics_obtained":[{"floor":6,"key":"ReplayTheSpireMod:TigerMarble"},{"floor":8,"key":"Champion Belt"},{"floor":9,"key":"Divine Protection"},{"floor":12,"key":"Regal Pillow"},{"floor":14,"key":"Bronze Scales"},{"floor":15,"key":"Paper Frog"},{"floor":21,"key":"Ring of Peace"},{"floor":21,"key":"Ring of Hypnosis"},{"floor":24,"key":"ReplayTheSpireMod:Spearhead"},{"floor":26,"key":"Replay:Accelerometer"},{"floor":29,"key":"Old Coin"},{"floor":31,"key":"Bird Faced Urn"},{"floor":31,"key":"Question Card"},{"floor":32,"key":"Ancient Tea Set"},{"floor":40,"key":"Meat on the Bone"},{"floor":42,"key":"Orichalcum"},{"floor":43,"key":"Another Sword"},{"floor":46,"key":"Replay:Multitool"}],"event_choices":[{"cards_removed":["Strike_R"],"damage_healed":0,"gold_gain":0,"player_choice":"Card Removal","damage_taken":0,"max_hp_gain":0,"max_hp_loss":0,"event_name":"Wheel of Change","floor":2,"gold_loss":0},{"damage_healed":0,"gold_gain":56,"player_choice":"Gained Gold","damage_taken":0,"max_hp_gain":0,"max_hp_loss":0,"event_name":"Golden Wing","floor":13,"gold_loss":0},{"damage_healed":0,"gold_gain":0,"player_choice":"Fight","damage_taken":0,"max_hp_gain":0,"max_hp_loss":0,"event_name":"Colosseum","floor":31,"gold_loss":0},{"damage_healed":0,"gold_gain":0,"player_choice":"Fought Nobs","damage_taken":0,"max_hp_gain":0,"max_hp_loss":0,"event_name":"Colosseum","floor":31,"gold_loss":0},{"damage_healed":0,"gold_gain":0,"player_choice":"Upgrade","damage_taken":0,"max_hp_gain":0,"max_hp_loss":0,"event_name":"Designer","floor":36,"gold_loss":40,"cards_upgraded":["Entrench"]},{"damage_healed":0,"gold_gain":0,"player_choice":"Embrace Madness","damage_taken":15,"max_hp_gain":0,"max_hp_loss":0,"event_name":"Winding Halls","floor":41,"gold_loss":0,"cards_obtained":["Madness","Madness"]}],"is_beta":false,"boss_relics":[{"not_picked":["ReplayTheSpireMod:DimensionalGlitch","SacredBark"],"picked":"Runic Pyramid"},{"not_picked":["Runic Dome","Snecko Eye"],"picked":"Kintsugi"}],"items_purged_floors":[4,19],"is_endless":false,"potions_floor_spawned":[3,5,8,11,16,20,22,24,30,31,40,42,46,48],"ascension_level":1}}