{"host":"sum4dy402bbv9y4o","time":1611354897,"event":{"mods":["Aspiration","BaseMod","Conspire","Highlight Path","Minty Spire (QoL Compilation)","StSLib"],"gold_per_floor":[14,31,43,54,54,54,82,82,82,115,21,21,46,61,61,135,135,147,162,181,23,23,23,50,11,11,28,28,43,43,53,53,127,127,143,0,0,19,38,38,73,92,119,119,139,139,151,151,151],"floor_reached":48,"language":"ENG","playtime":1881,"items_purged":["Defend_P"],"score":1133,"play_id":"b1e2315d-593a-481a-bc1e-c0645fa81fe3","local_time":"20210123013457","is_ascension_mode":true,"campfire_choices":[{"data":"Eruption","floor":6,"key":"SMITH"},{"data":"Conclude","floor":8,"key":"SMITH"},{"floor":15,"key":"REST"},{"floor":23,"key":"REST"},{"data":"Wallop","floor":30,"key":"SMITH"},{"floor":32,"key":"REST"},{"floor":40,"key":"REST"},{"floor":44,"key":"REST"}],"circlet_count":0,"master_deck":["AscendersBane","Strike_P+1","Defend_P","Eruption+1","Vigilance+1","Secret Weapon+1","Conclude+1","Adaptation+1","SashWhip+1","BowlingBash+1","Tantrum+1","CarveReality+1","TalkToTheHand+1","Protect+1","FlurryOfBlows+1","Brilliance+1","LessonLearned+1","Establishment+1","DeusExMachina+1","EmptyFist+1","CrushJoints+1","Halt+1","Wallop+1","Perseverance+1","WindmillStrike","Protect+1","Halt+1","Halt","TalkToTheHand+1","Consecrate+1","Halt","FollowUp","FlurryOfBlows"],"relics":["PureWater","Ice Cream","White Beast Statue","Bag of Marbles","Astrolabe","Vajra","Smiling Mask","Empty Cage","Red Mask","Lantern","Potion Belt"],"acts_visited":["Exordium","TheCity","TheBeyond"],"potions_floor_usage":[7,13,16,16,18,20,24,31,31,31,31,31,35,38,39,42,45,45,47],"damage_taken":[{"damage":0,"enemies":"Cultist","floor":1,"turns":2},{"damage":7,"enemies":"Jaw Worm","floor":2,"turns":3},{"damage":0,"enemies":"Small Slimes","floor":3,"turns":2},{"damage":1,"enemies":"2 Fungi Beasts","floor":4,"turns":3},{"damage":27,"enemies":"Lagavulin","floor":7,"turns":5},{"damage":15,"enemies":"3 Sentries","floor":10,"turns":4},{"damage":0,"enemies":"Lagavulin","floor":13,"turns":2},{"damage":6,"enemies":"3 Louse","floor":14,"turns":2},{"damage":3,"enemies":"Hexaghost","floor":16,"turns":5},{"damage":4,"enemies":"conspire:FuzzyDice","floor":18,"turns":3},{"damage":0,"enemies":"Chosen","floor":19,"turns":1},{"damage":3,"enemies":"Centurion and Healer","floor":20,"turns":4},{"damage":0,"enemies":"conspire:Head Lice","floor":24,"turns":3},{"damage":0,"enemies":"conspire:HollyBat","floor":27,"turns":10},{"damage":0,"enemies":"Cultist and Chosen","floor":29,"turns":5},{"damage":12,"enemies":"Centurion and Healer","floor":31,"turns":8},{"damage":19,"enemies":"Automaton","floor":33,"turns":8},{"damage":6,"enemies":"Orb Walker","floor":35,"turns":3},{"damage":9,"enemies":"3 Shapes","floor":38,"turns":8},{"damage":22,"enemies":"Writhing Mass","floor":39,"turns":6},{"damage":59,"enemies":"Reptomancer","floor":41,"turns":7},{"damage":0,"enemies":"Sphere and 2 Shapes","floor":42,"turns":3},{"damage":6,"enemies":"3 Darklings","floor":45,"turns":4},{"damage":12,"enemies":"Spire Growth","floor":47,"turns":4},{"damage":21,"enemies":"4 Shapes","floor":48,"turns":3}],"seed_played":"8491559202682092000","potions_obtained":[{"floor":2,"key":"AttackPotion"},{"floor":7,"key":"BottledMiracle"},{"floor":10,"key":"Energy Potion"},{"floor":13,"key":"Explosive Potion"},{"floor":14,"key":"BlessingOfTheForge"},{"floor":16,"key":"Block Potion"},{"floor":18,"key":"EssenceOfSteel"},{"floor":19,"key":"PowerPotion"},{"floor":20,"key":"Strength Potion"},{"floor":24,"key":"SpeedPotion"},{"floor":29,"key":"EntropicBrew"},{"floor":31,"key":"Fruit Juice"},{"floor":33,"key":"Regen Potion"},{"floor":35,"key":"Explosive Potion"},{"floor":38,"key":"EssenceOfSteel"},{"floor":39,"key":"FearPotion"},{"floor":41,"key":"Strength Potion"},{"floor":42,"key":"EssenceOfSteel"},{"floor":45,"key":"GamblersBrew"},{"floor":47,"key":"Strength Potion"}],"is_trial":false,"path_per_floor":["M","M","M","M","?","R","E","R","T","E","$","?","E","M","R","B",null,"M","M","M","$","?","R","E","$","T","M","$","M","R","M","R","B",null,"M","?","?","M","M","R","E","M","T","R","M","?","M","M"],"character_chosen":"WATCHER","items_purchased":["TalkToTheHand","SkillPotion","Wallop","WindmillStrike"],"campfire_rested":5,"item_purchase_floors":[11,11,21,25],"current_hp_per_floor":[61,54,54,53,58,58,31,31,31,16,16,16,16,10,31,28,62,58,58,55,55,34,57,57,57,57,57,57,57,57,50,74,55,76,79,79,74,65,43,67,8,8,8,32,26,26,14,0,0],"gold":151,"neow_bonus":"RANDOM_COLORLESS_2","is_daily":false,"chose_seed":false,"campfire_upgraded":3,"win_rate":0.0,"timestamp":1611354897,"path_taken":["M","M","M","M","?","R","E","R","T","E","$","?","E","M","R","BOSS","M","M","M","$","?","R","E","$","T","M","$","M","R","M","R","BOSS","M","?","?","M","M","R","E","M","T","R","M","?","M","M"],"items_purchased_type":["Card","Potion","Card","Card"],"build_version":"2020-12-22","purchased_purges":1,"victory":false,"max_hp_per_floor":[68,68,68,68,73,73,73,73,73,73,73,73,73,73,73,73,73,73,73,73,73,78,78,78,78,78,78,78,78,78,83,83,83,83,83,83,83,83,83,83,83,83,83,83,83,83,83,83,83],"card_choices":[{"not_picked":["Mayhem","The Bomb"],"picked":"Secret Weapon","floor":0},{"not_picked":["Nirvana","FlyingSleeves"],"picked":"Conclude","floor":1},{"not_picked":["EmptyBody","BowlingBash"],"picked":"Adaptation","floor":2},{"not_picked":["CrushJoints","Meditate"],"picked":"SashWhip","floor":3},{"not_picked":["Study","Crescendo"],"picked":"BowlingBash","floor":4},{"not_picked":["Collect","Consecrate"],"picked":"Tantrum","floor":7},{"not_picked":["EmptyMind","Tantrum"],"picked":"CarveReality","floor":10},{"not_picked":["Indignation","SpiritShield"],"picked":"Protect","floor":13},{"not_picked":["FollowUp","EmptyBody"],"picked":"FlurryOfBlows","floor":14},{"not_picked":["Judgement","Omniscience"],"picked":"Brilliance","floor":16},{"not_picked":["Vengeance","FlyingSleeves"],"picked":"EmptyFist+1","floor":18},{"not_picked":["ClearTheMind","JustLucky"],"picked":"CrushJoints+1","floor":19},{"not_picked":["ClearTheMind","FollowUp"],"picked":"Halt","floor":20},{"not_picked":["ThirdEye+1","Ragnarok"],"picked":"Perseverance+1","floor":24},{"not_picked":["CrushJoints","BowlingBash","JustLucky"],"picked":"SKIP","floor":27},{"not_picked":["JustLucky","ClearTheMind"],"picked":"Protect+1","floor":29},{"not_picked":["Vengeance","ThirdEye","CutThroughFate"],"picked":"SKIP","floor":31},{"not_picked":["ThirdEye","BowlingBash"],"picked":"Halt","floor":35},{"not_picked":["JustLucky","Tantrum"],"picked":"Halt","floor":38},{"not_picked":["Conclude","Study"],"picked":"TalkToTheHand","floor":39},{"not_picked":["Ragnarok","FlyingSleeves"],"picked":"Consecrate","floor":41},{"not_picked":["BowlingBash+1","Consecrate+1"],"picked":"Halt","floor":42},{"not_picked":["Swivel","DeceiveReality+1"],"picked":"FollowUp","floor":45},{"not_picked":["Halt","CrushJoints"],"picked":"FlurryOfBlows","floor":47}],"player_experience":2962005,"relics_obtained":[{"floor":7,"key":"Ice Cream"},{"floor":9,"key":"White Beast Statue"},{"floor":10,"key":"Akabeko"},{"floor":13,"key":"Bag of Marbles"},{"floor":24,"key":"Vajra"},{"floor":26,"key":"Smiling Mask"},{"floor":41,"key":"Lantern"},{"floor":43,"key":"Potion Belt"}],"event_choices":[{"damage_healed":0,"gold_gain":0,"player_choice":"Donut","damage_taken":0,"max_hp_gain":5,"max_hp_loss":0,"event_name":"Big Fish","floor":5,"gold_loss":0},{"damage_healed":0,"gold_gain":0,"player_choice":"Shed Blood","damage_taken":26,"max_hp_gain":5,"max_hp_loss":0,"event_name":"Forgotten Altar","floor":22,"gold_loss":0},{"damage_healed":0,"gold_gain":0,"player_choice":"Paid","damage_taken":0,"relics_obtained":["Red Mask"],"max_hp_gain":0,"max_hp_loss":0,"event_name":"Tomb of Lord Red Mask","floor":36,"gold_loss":143},{"damage_healed":0,"gold_gain":0,"player_choice":"Leave","damage_taken":0,"max_hp_gain":0,"max_hp_loss":0,"event_name":"conspire:Investor","floor":37,"gold_loss":0},{"damage_healed":0,"gold_gain":0,"player_choice":"Upgraded","damage_taken":0,"max_hp_gain":0,"max_hp_loss":0,"event_name":"Upgrade Shrine","floor":46,"gold_loss":0,"cards_upgraded":["TalkToTheHand"]}],"is_beta":false,"boss_relics":[{"not_picked":["aspiration:DefectSkillbook","Philosopher\u0027s Stone"],"picked":"Astrolabe"},{"not_picked":["SacredBark","aspiration:FutureDiary"],"picked":"Empty Cage"}],"items_purged_floors":[21],"is_endless":false,"potions_floor_spawned":[2,7,10,13,14,16,18,19,20,24,27,29,31,33,35,38,39,41,42,45,47],"killed_by":"4 Shapes","ascension_level":20}}