{"host":"cpfpi6qzkh3nfm6s","time":1611281333,"event":{"mods":["AchievementEnabler","BaseMod","Colored Map","Downfall","Minty Spire (QoL Compilation)","StSLib"],"gold_per_floor":[113,113,113,130,130,130,55,81,104,132,32,47,63,92,92,190,190,206,206,206,223,223,258,258,288,288,301,327,125,141,169,169,266,266,283,283,293,347,364,364,389,400,447,460,460,471,487,500,500,500],"floor_reached":51,"language":"ENG","playtime":2954,"items_purged":["Strike_G","Strike_G","Defend_G"],"score":822,"play_id":"f93219f5-05bf-46b4-89b7-dd2f7eeb5da9","local_time":"20210122020853","is_ascension_mode":false,"campfire_choices":[{"data":"Deadly Poison","floor":6.0,"key":"SMITH"},{"data":"Poisoned Stab","floor":15.0,"key":"SMITH"},{"data":"Blade Dance","floor":24.0,"key":"SMITH"},{"data":"Noxious Fumes","floor":32.0,"key":"SMITH"},{"data":"Neutralize","floor":40,"key":"SMITH"},{"data":"Noxious Fumes","floor":49,"key":"SMITH"}],"circlet_count":0,"master_deck":["Defend_G","Defend_G+1","Defend_G","Defend_G","Survivor+1","Neutralize+1","Sucker Punch+1","Deadly Poison+1","Poisoned Stab+1","Flying Knee","Dagger Spray+1","Blade Dance+1","Bouncing Flask+1","Wraith Form v2+1","Slice+1","Dagger Spray+1","Deflect","Poisoned Stab+1","Deflect+1","Noxious Fumes+1","Venomology+1","Endless Agony+1","Noxious Fumes+1","Poisoned Stab+1","Night Terror","Bouncing Flask+1","Noxious Fumes+1","Discovery","Magnetism","Acrobatics+1","Skewer"],"relics":["Ring of the Snake","NeowsBlessing","Bag of Preparation","Orichalcum","Odd Mushroom","White Beast Statue","Astrolabe","Whetstone","Nunchaku","Prayer Wheel","Red Mask","Lizard Tail","SacredBark","TungstenRod","Anchor","Omamori"],"acts_visited":["Exordium","TheCity","TheBeyond"],"potions_floor_usage":[38,39,39,41,41,44,46,47,50,50,50,50,50],"damage_taken":[{"damage":0.0,"enemies":"2 Louse","floor":1.0,"turns":1.0},{"damage":0.0,"enemies":"Small Slimes","floor":4.0,"turns":1.0},{"damage":0.0,"enemies":"3 Sentries","floor":8.0,"turns":1.0},{"damage":8.0,"enemies":"The Mushroom Lair","floor":10.0,"turns":5.0},{"damage":0.0,"enemies":"Jaw Worm","floor":12.0,"turns":3.0},{"damage":2.0,"enemies":"Red Slaver","floor":13.0,"turns":3.0},{"damage":0.0,"enemies":"Lagavulin","floor":14.0,"turns":5.0},{"damage":17.0,"enemies":"Hexaghost","floor":16.0,"turns":8.0},{"damage":9.0,"enemies":"Shell Parasite","floor":18.0,"turns":5.0},{"damage":0.0,"enemies":"3 Byrds","floor":21.0,"turns":3.0},{"damage":22.0,"enemies":"Gremlin Leader","floor":23.0,"turns":8.0},{"damage":7.0,"enemies":"Book of Stabbing","floor":25.0,"turns":5.0},{"damage":22.0,"enemies":"Centurion and Healer","floor":27.0,"turns":6.0},{"damage":3.0,"enemies":"Masked Bandits","floor":28.0,"turns":5.0},{"damage":0.0,"enemies":"Sentry and Sphere","floor":30.0,"turns":4.0},{"damage":6.0,"enemies":"Slavers","floor":31.0,"turns":6.0},{"damage":47.0,"enemies":"Automaton","floor":33.0,"turns":10.0},{"damage":2.0,"enemies":"3 Shapes","floor":35.0,"turns":7.0},{"damage":0.0,"enemies":"3 Darklings","floor":37.0,"turns":3.0},{"damage":0,"enemies":"2 Orb Walkers","floor":38,"turns":4},{"damage":0,"enemies":"Spire Growth","floor":39,"turns":4},{"damage":0,"enemies":"Reptomancer","floor":41,"turns":5},{"damage":0,"enemies":"Transient","floor":42,"turns":5},{"damage":8,"enemies":"3 Darklings","floor":44,"turns":3},{"damage":0,"enemies":"Writhing Mass","floor":46,"turns":4},{"damage":10,"enemies":"Spire Growth","floor":47,"turns":3},{"damage":0,"enemies":"Sphere and 2 Shapes","floor":48,"turns":2},{"damage":18,"enemies":"Donu and Deca","floor":50,"turns":5}],"seed_played":"-7536740413006627925","potions_obtained":[{"floor":4.0,"key":"EssenceOfSteel"},{"floor":12.0,"key":"Strength Potion"},{"floor":14.0,"key":"hexamod:SoulburnPotion"},{"floor":16.0,"key":"GhostInAJar"},{"floor":18.0,"key":"LiquidBronze"},{"floor":21.0,"key":"Regen Potion"},{"floor":23.0,"key":"sneckomod:MuddlingPotion"},{"floor":25.0,"key":"Swift Potion"},{"floor":27.0,"key":"Dexterity Potion"},{"floor":28.0,"key":"FearPotion"},{"floor":30.0,"key":"DistilledChaos"},{"floor":31.0,"key":"EssenceOfSteel"},{"floor":33.0,"key":"Energy Potion"},{"floor":35.0,"key":"LiquidBronze"},{"floor":37.0,"key":"LiquidMemories"},{"floor":38,"key":"GhostInAJar"},{"floor":39,"key":"SmokeBomb"},{"floor":41,"key":"Block Potion"},{"floor":46,"key":"Slimebound:ThreeZeroPotion"},{"floor":47,"key":"Poison Potion"}],"is_trial":false,"path_per_floor":["M","?","?","M","?","R","$","E","T","?","$","M","M","E","R","B",null,"M","$","?","M","?","E","R","E","T","M","?","$","M","E","R","B",null,"M","?","M","?","M","R","E","M","T","M","?","M","M","M","R","B",null],"character_chosen":"THE_SILENT","items_purchased":["Noxious Fumes"],"campfire_rested":0,"item_purchase_floors":[29],"current_hp_per_floor":[70,70,56,56,56,56,56,56,56,48,48,48,46,46,46,29,70,61,61,61,61,61,39,39,46,46,24,21,21,21,15,15,8,70,68,68,68,68,68,68,68,68,68,60,70,70,60,60,60,42],"gold":500,"neow_bonus":"THREE_ENEMY_KILL","is_daily":false,"chose_seed":false,"campfire_upgraded":6,"win_rate":0.0,"timestamp":1611281333,"path_taken":["M","?","?","M","?","R","$","E","T","?","$","?","M","E","R","BOSS","M","$","?","M","?","E","R","E","T","M","?","?","?","E","R","BOSS","M","?","?","?","M","R","E","M","T","M","?","M","M","M","R","BOSS"],"items_purchased_type":["Card"],"build_version":"2020-12-22","purchased_purges":3,"victory":true,"max_hp_per_floor":[70,70,70,70,70,70,70,70,70,70,70,70,70,70,70,70,70,70,70,70,70,70,70,70,70,70,70,70,70,70,70,70,70,70,70,70,70,70,70,70,70,70,70,70,70,70,70,70,70,70],"card_choices":[{"not_picked":["PiercingWail","Choke"],"picked":"Sucker Punch","floor":1.0},{"not_picked":["Backflip","Deflect"],"picked":"Deadly Poison","floor":4.0},{"not_picked":["Quick Slash","Dagger Throw"],"picked":"Poisoned Stab","floor":8.0},{"not_picked":["Skewer","Deadly Poison"],"picked":"Flying Knee","floor":10.0},{"not_picked":["Acrobatics","Malaise"],"picked":"Dagger Spray","floor":12.0},{"not_picked":["Finisher","Well Laid Plans","Reflex"],"picked":"SKIP","floor":13.0},{"not_picked":["Deadly Poison","Flying Knee"],"picked":"Blade Dance","floor":14.0},{"not_picked":["Calculated Gamble","Underhanded Strike+1"],"picked":"Dagger Spray+1","floor":18.0},{"not_picked":["Calculated Gamble","Outmaneuver+1","Skewer+1"],"picked":"SKIP","floor":21.0},{"not_picked":["Sucker Punch","Blade Dance"],"picked":"Deflect","floor":23.0},{"not_picked":["Calculated Gamble+1","Quick Slash"],"picked":"Poisoned Stab+1","floor":25.0},{"not_picked":["Underhanded Strike","Blur"],"picked":"Deflect+1","floor":27.0},{"not_picked":["Wraith Form v2","Deadly Poison","PiercingWail"],"picked":"SKIP","floor":27.0},{"not_picked":["Flying Knee","Underhanded Strike","Deadly Poison"],"picked":"SKIP","floor":30.0},{"not_picked":["Sucker Punch","Flying Knee+1","Dagger Spray"],"picked":"SKIP","floor":30.0},{"not_picked":["After Image","Leg Sweep+1","Blade Dance+1"],"picked":"SKIP","floor":31.0},{"not_picked":["A Thousand Cuts","Tools of the Trade"],"picked":"Venomology","floor":33.0},{"not_picked":["Acrobatics","Prepared+1"],"picked":"Endless Agony+1","floor":35.0},{"not_picked":["Well Laid Plans+1","Distraction+1"],"picked":"Noxious Fumes+1","floor":35.0},{"not_picked":["Expertise+1","Dash"],"picked":"Poisoned Stab+1","floor":37.0},{"not_picked":["Outmaneuver+1","Sucker Punch","Blade Dance"],"picked":"SKIP","floor":37.0},{"not_picked":["PiercingWail+1","Prepared","Backstab+1"],"picked":"SKIP","floor":39},{"not_picked":["Dodge and Roll","Dash","Flying Knee+1"],"picked":"SKIP","floor":39},{"not_picked":["Dagger Throw","All Out Attack"],"picked":"Night Terror","floor":41},{"not_picked":["Quick Slash","Predator","Tactician+1"],"picked":"SKIP","floor":42},{"not_picked":["Prepared+1","Tactician","Flying Knee+1"],"picked":"SKIP","floor":42},{"not_picked":["Blade Dance+1","PiercingWail+1"],"picked":"Bouncing Flask+1","floor":44},{"not_picked":["Dodge and Roll+1","Dagger Throw"],"picked":"Noxious Fumes","floor":44},{"not_picked":["HandOfGreed","Enlightenment"],"picked":"Discovery","floor":45},{"not_picked":["Jack Of All Trades","Secret Weapon"],"picked":"Magnetism","floor":45},{"not_picked":["Expertise","Slice"],"picked":"Acrobatics+1","floor":46},{"not_picked":["Masterful Stab+1","Dodge and Roll+1","Distraction+1"],"picked":"SKIP","floor":46},{"not_picked":["PiercingWail","Flying Knee"],"picked":"Skewer","floor":47},{"not_picked":["Underhanded Strike","Well Laid Plans+1","Dodge and Roll+1"],"picked":"SKIP","floor":47},{"not_picked":["Outmaneuver+1","Acrobatics+1","Riddle With Holes+1"],"picked":"SKIP","floor":48},{"not_picked":["Underhanded Strike+1","Flechettes","Well Laid Plans"],"picked":"SKIP","floor":48}],"player_experience":7893,"relics_obtained":[{"floor":8.0,"key":"Bag of Preparation"},{"floor":9.0,"key":"Orichalcum"},{"floor":10.0,"key":"Odd Mushroom"},{"floor":14.0,"key":"White Beast Statue"},{"floor":23.0,"key":"Whetstone"},{"floor":25.0,"key":"Nunchaku"},{"floor":26.0,"key":"Prayer Wheel"},{"floor":28.0,"key":"Red Mask"},{"floor":31.0,"key":"Lizard Tail"},{"floor":38,"key":"TungstenRod"},{"floor":41,"key":"Anchor"},{"floor":43,"key":"Omamori"}],"event_choices":[{"damage_healed":0.0,"max_hp_gain":0.0,"max_hp_loss":0.0,"gold_gain":0.0,"event_name":"Liars Game","player_choice":"Ignored","floor":2.0,"gold_loss":0.0,"damage_taken":0.0},{"damage_healed":0.0,"max_hp_gain":0.0,"max_hp_loss":0.0,"gold_gain":0.0,"event_name":"Shining Light","player_choice":"Entered Light","floor":3.0,"gold_loss":0.0,"damage_taken":14.0,"cards_upgraded":["Defend_G","Survivor"]},{"damage_healed":0.0,"max_hp_gain":0.0,"max_hp_loss":0.0,"gold_gain":0.0,"event_name":"Golden Wing","player_choice":"Ignored","floor":5.0,"gold_loss":0.0,"damage_taken":0.0},{"damage_healed":0.0,"max_hp_gain":0.0,"max_hp_loss":0.0,"gold_gain":0.0,"event_name":"Mushrooms","player_choice":"Fought Mushrooms","floor":10.0,"gold_loss":0.0,"damage_taken":0.0},{"damage_healed":0.0,"max_hp_gain":0.0,"max_hp_loss":0.0,"gold_gain":0.0,"event_name":"Beggar","player_choice":"Ignored","floor":20.0,"gold_loss":0.0,"damage_taken":0.0},{"damage_healed":0.0,"max_hp_gain":0.0,"max_hp_loss":0.0,"gold_gain":0.0,"event_name":"Ghosts","player_choice":"Ignored","floor":22.0,"gold_loss":0.0,"damage_taken":0.0},{"damage_healed":0.0,"max_hp_gain":0.0,"max_hp_loss":0.0,"gold_gain":0.0,"event_name":"Masked Bandits","player_choice":"Fought Bandits","floor":28.0,"gold_loss":0.0,"damage_taken":0.0},{"damage_healed":0.0,"max_hp_gain":0.0,"max_hp_loss":0.0,"gold_gain":0.0,"event_name":"Accursed Blacksmith","player_choice":"Forge","floor":36.0,"gold_loss":0.0,"damage_taken":0.0,"cards_upgraded":["Venomology"]},{"damage_healed":0,"gold_gain":0,"player_choice":"Fight","damage_taken":0,"max_hp_gain":0,"max_hp_loss":0,"event_name":"Mysterious Sphere","floor":38,"gold_loss":0},{"damage_healed":0,"gold_gain":0,"player_choice":"Memory 3","damage_taken":10,"max_hp_gain":0,"max_hp_loss":0,"event_name":"SensoryStone","floor":45,"gold_loss":0}],"is_beta":false,"boss_relics":[{"not_picked":["Ectoplasm","Busted Crown"],"picked":"Astrolabe"},{"not_picked":["Sozu","Snecko Eye"],"picked":"SacredBark"}],"items_purged_floors":[7,11,29],"is_endless":false,"potions_floor_spawned":[4,12,14,16,18,21,23,25,27,28,30,31,33,35,37,38,39,41,42,44,46,47,48],"ascension_level":0}}