{"host":"c52z9ixzgdjttcmx","time":1611286392,"event":{"mods":["BaseMod","Colored Powertips","Minty Spire (QoL Compilation)","Rare Cards Sparkle","Relic Stats"],"gold_per_floor":[115,115,115,130,130,130,165,165,165,199,280,319,338,19,19,117,117,142,163,163,33,33,33,57,96,96,134,153,153,252,268,268,362,362,382,28,28,103,127,127,170,194,220,239,258,258,258],"floor_reached":46,"language":"ENG","playtime":2545,"items_purged":["Strike_P"],"score":984,"play_id":"178227a6-abc9-4d17-a4a2-43c9d22719c8","local_time":"20210121213312","is_ascension_mode":true,"campfire_choices":[{"data":"Tantrum","floor":6,"key":"SMITH"},{"data":"EmptyBody","floor":8,"key":"SMITH"},{"floor":15,"key":"REST"},{"floor":23,"key":"REST"},{"floor":32,"key":"REST"},{"floor":40,"key":"REST"}],"circlet_count":0,"master_deck":["AscendersBane","Strike_P+1","Defend_P+1","Defend_P+1","Defend_P+1","Defend_P+1","Eruption+1","Vigilance","Tantrum+1","EmptyBody+1","Tantrum","TalkToTheHand","CutThroughFate+1","CutThroughFate","FlurryOfBlows+1","Prostrate","Apotheosis","ThirdEye","Riddle With Holes","Adaptation","JustLucky","Blur","Flex+1","InnerPeace","Venomology","Perseverance","Barricade","Dodge and Roll+1","EmptyBody","Writhe","Prostrate+1","Riddle With Holes","Sanctity+1","EmptyFist"],"relics":["PureWater","NeowsBlessing","Golden Idol","Yang","Pear","Lizard Tail","Darkstone Periapt","Nunchaku","PrismaticShard","Fusion Hammer","Shuriken","Letter Opener","Whetstone","Snecko Eye","Lantern","Potion Belt","Toxic Egg 2","Blood Vial","Smiling Mask"],"acts_visited":["Exordium","TheCity","TheBeyond"],"potions_floor_usage":[28,33,33,33,41,41,42,44,46],"damage_taken":[{"damage":0,"enemies":"Cultist","floor":1,"turns":1},{"damage":0,"enemies":"2 Louse","floor":4,"turns":1},{"damage":0,"enemies":"3 Sentries","floor":7,"turns":2},{"damage":9,"enemies":"Gremlin Nob","floor":10,"turns":3},{"damage":12,"enemies":"3 Sentries","floor":12,"turns":4},{"damage":0,"enemies":"Jaw Worm","floor":13,"turns":2},{"damage":0,"enemies":"Slime Boss","floor":16,"turns":7},{"damage":0,"enemies":"3 Byrds","floor":18,"turns":3},{"damage":0,"enemies":"Spheric Guardian","floor":19,"turns":3},{"damage":9,"enemies":"Snecko","floor":24,"turns":4},{"damage":21,"enemies":"Slavers","floor":25,"turns":6},{"damage":20,"enemies":"Book of Stabbing","floor":27,"turns":4},{"damage":14,"enemies":"Shelled Parasite and Fungi","floor":28,"turns":2},{"damage":16,"enemies":"Snake Plant","floor":31,"turns":4},{"damage":3,"enemies":"Champ","floor":33,"turns":7},{"damage":20,"enemies":"Orb Walker","floor":35,"turns":4},{"damage":0,"enemies":"3 Shapes","floor":39,"turns":6},{"damage":57,"enemies":"Giant Head","floor":41,"turns":11},{"damage":39,"enemies":"Writhing Mass","floor":42,"turns":7},{"damage":38,"enemies":"4 Shapes","floor":44,"turns":8},{"damage":0,"enemies":"Spire Growth","floor":45,"turns":8},{"damage":15,"enemies":"Jaw Worm Horde","floor":46,"turns":2}],"seed_played":"-3655563174899292594","potions_obtained":[{"floor":1,"key":"StancePotion"},{"floor":12,"key":"Ancient Potion"},{"floor":16,"key":"EssenceOfSteel"},{"floor":24,"key":"Dexterity Potion"},{"floor":28,"key":"Energy Potion"},{"floor":31,"key":"PowerPotion"},{"floor":42,"key":"BottledMiracle"},{"floor":44,"key":"LiquidBronze"}],"is_trial":false,"path_per_floor":["M","?","?","M","?","R","E","R","T","E","T","E","M","$","R","B",null,"M","M","?","$","$","R","M","E","T","E","M","?","?","M","R","B",null,"M","$","?","T","M","R","E","M","T","M","M","M"],"character_chosen":"WATCHER","items_purchased":["FlurryOfBlows","PrismaticShard","Prostrate","Adaptation","JustLucky","Lantern","EmptyBody","Potion Belt"],"campfire_rested":4,"item_purchase_floors":[14,14,14,21,21,36,36,36],"current_hp_per_floor":[65,58,58,58,40,40,40,40,50,41,41,29,29,29,53,53,75,75,75,75,75,75,82,73,52,52,32,18,18,18,2,26,23,67,47,47,74,74,74,88,31,44,44,8,10,0,0],"gold":258,"neow_bonus":"THREE_ENEMY_KILL","is_daily":false,"chose_seed":false,"campfire_upgraded":2,"win_rate":0.0,"timestamp":1611286392,"path_taken":["M","?","?","?","?","R","E","R","T","E","?","E","M","$","R","BOSS","M","M","?","?","$","R","M","E","T","E","?","?","?","M","R","BOSS","M","$","?","?","M","R","E","M","T","?","M","M"],"items_purchased_type":["Card","Relic","Card","Card","Card","Relic","Card","Relic"],"build_version":"2020-12-22","purchased_purges":1,"victory":false,"max_hp_per_floor":[72,72,72,72,72,72,72,72,82,82,82,82,82,82,82,82,82,82,82,82,82,82,82,82,82,82,82,82,82,82,82,82,82,82,82,82,88,88,88,88,88,88,88,88,88,88,88],"relic_stats":{"Darkstone Periapt":6,"counters":[22,99],"Golden Idol":133,"Yang":[202],"Letter Opener":[198],"Whetstone":["FlurryOfBlows","CutThroughFate"],"Smiling Mask":0,"Blood Vial":8,"Lizard Tail":44,"Nunchaku":[18],"Shuriken":[18],"Snecko Eye":[72,80,106,86],"obtain_stats":[{"Darkstone Periapt":11,"Potion Belt":36,"Lantern":36,"Pear":9,"NeowsBlessing":0,"Golden Idol":5,"Yang":7,"Letter Opener":26,"Whetstone":27,"PrismaticShard":14,"Smiling Mask":43,"Blood Vial":41,"Lizard Tail":10,"Nunchaku":12,"Shuriken":25,"Snecko Eye":34,"Fusion Hammer":17,"PureWater":0,"Toxic Egg 2":38},{"Darkstone Periapt":4,"Potion Belt":16,"Lantern":16,"Pear":3,"NeowsBlessing":0,"Golden Idol":2,"Yang":3,"Letter Opener":11,"Whetstone":12,"PrismaticShard":6,"Smiling Mask":19,"Blood Vial":18,"Lizard Tail":4,"Nunchaku":5,"Shuriken":11,"Snecko Eye":15,"Fusion Hammer":7,"PureWater":0,"Toxic Egg 2":16},{"Darkstone Periapt":7,"Potion Belt":57,"Lantern":57,"Pear":4,"NeowsBlessing":0,"Golden Idol":2,"Yang":4,"Letter Opener":36,"Whetstone":40,"PrismaticShard":13,"Smiling Mask":81,"Blood Vial":74,"Lizard Tail":7,"Nunchaku":11,"Shuriken":36,"Snecko Eye":53,"Fusion Hammer":20,"PureWater":0,"Toxic Egg 2":57}]},"card_choices":[{"not_picked":["CutThroughFate","JustLucky"],"picked":"Tantrum","floor":1},{"not_picked":["BowlingBash","Vengeance"],"picked":"EmptyBody","floor":4},{"not_picked":["Swivel","Study"],"picked":"Tantrum","floor":7},{"not_picked":["SashWhip","WaveOfTheHand"],"picked":"TalkToTheHand","floor":10},{"not_picked":["FollowUp","Blasphemy"],"picked":"CutThroughFate","floor":12},{"not_picked":["Sanctity","FlyingSleeves"],"picked":"CutThroughFate","floor":13},{"not_picked":["Thinking Ahead","Blasphemy"],"picked":"Apotheosis","floor":16},{"not_picked":["Ball Lightning","Clash"],"picked":"ThirdEye","floor":18},{"not_picked":["Wild Strike","Ball Lightning"],"picked":"Riddle With Holes","floor":19},{"not_picked":["True Grit","SashWhip"],"picked":"Blur","floor":24},{"not_picked":["Clash","Barrage"],"picked":"Flex+1","floor":25},{"not_picked":["Rip and Tear","Tantrum+1"],"picked":"InnerPeace","floor":27},{"not_picked":["True Grit","MentalFortress"],"picked":"Venomology","floor":28},{"not_picked":["Fire Breathing","Twin Strike"],"picked":"Perseverance","floor":31},{"not_picked":["Impervious","Electrodynamics"],"picked":"Barricade","floor":33},{"not_picked":["Power Through","Inflame"],"picked":"Dodge and Roll+1","floor":35},{"not_picked":["True Grit+1","ReachHeaven"],"picked":"Prostrate+1","floor":39},{"not_picked":["Blood for Blood","Slice","Deadly Poison+1"],"picked":"SKIP","floor":41},{"not_picked":["Searing Blow","Masterful Stab"],"picked":"Riddle With Holes","floor":42},{"not_picked":["BattleHymn","Blizzard+1"],"picked":"Sanctity+1","floor":44},{"not_picked":["PanicButton+1","Ball Lightning"],"picked":"EmptyFist","floor":45}],"player_experience":3301196,"relics_obtained":[{"floor":7,"key":"Yang"},{"floor":9,"key":"Pear"},{"floor":10,"key":"Lizard Tail"},{"floor":11,"key":"Darkstone Periapt"},{"floor":12,"key":"Nunchaku"},{"floor":25,"key":"Shuriken"},{"floor":26,"key":"Letter Opener"},{"floor":27,"key":"Whetstone"},{"floor":38,"key":"Toxic Egg 2"},{"floor":41,"key":"Blood Vial"},{"floor":43,"key":"Smiling Mask"}],"event_choices":[{"cards_removed":["Strike_P"],"damage_healed":0,"gold_gain":0,"player_choice":"Card Removal","damage_taken":7,"max_hp_gain":0,"max_hp_loss":0,"event_name":"Golden Wing","floor":2,"gold_loss":0},{"damage_healed":0,"gold_gain":0,"player_choice":"Upgraded","damage_taken":0,"max_hp_gain":0,"max_hp_loss":0,"event_name":"Upgrade Shrine","floor":3,"gold_loss":0,"cards_upgraded":["Eruption"]},{"damage_healed":0,"gold_gain":0,"player_choice":"Take Damage","damage_taken":18,"relics_obtained":["Golden Idol"],"max_hp_gain":0,"max_hp_loss":0,"event_name":"Golden Idol","floor":5,"gold_loss":0},{"cards_removed":["Strike_P"],"damage_healed":0,"gold_gain":0,"player_choice":"Purged","damage_taken":0,"max_hp_gain":0,"max_hp_loss":0,"event_name":"Purifier","floor":20,"gold_loss":0},{"damage_healed":0,"gold_gain":0,"player_choice":"Simplicity","damage_taken":0,"max_hp_gain":0,"max_hp_loss":0,"event_name":"Back to Basics","floor":29,"gold_loss":0,"cards_upgraded":["Strike_P","Defend_P","Defend_P","Defend_P","Defend_P"]},{"damage_healed":0,"gold_gain":99,"player_choice":"Stole From Cult","damage_taken":0,"max_hp_gain":0,"max_hp_loss":0,"event_name":"Nest","floor":30,"gold_loss":0},{"damage_healed":21,"gold_gain":0,"player_choice":"Writhe","damage_taken":0,"max_hp_gain":0,"max_hp_loss":0,"event_name":"Winding Halls","floor":37,"gold_loss":0,"cards_obtained":["Writhe"]}],"is_beta":false,"boss_relics":[{"not_picked":["Velvet Choker","VioletLotus"],"picked":"Fusion Hammer"},{"not_picked":["Philosopher\u0027s Stone","Pandora\u0027s Box"],"picked":"Snecko Eye"}],"items_purged_floors":[14],"is_endless":false,"potions_floor_spawned":[1,12,13,16,24,27,28,31,42,44],"killed_by":"Jaw Worm Horde","ascension_level":13}}