{"host":"5gc11emcm5chfr5t","time":1611298534,"event":{"mods":["2.2 Compatiblity","AchievementEnabler","BaseMod","Bestiary","Better Note","Colored Map","Colored Powertips","Downfall","Googly Eyes","Minty Spire (QoL Compilation)","Rare Cards Sparkle","StSLib"],"gold_per_floor":[99,99,99,199,199,228,251,101,111,111,11,31,65,65,84,160,160,60,73,91,114,114,114,114],"floor_reached":22,"language":"ENG","playtime":842,"items_purged":[],"score":480,"play_id":"af02a049-b6a2-45ad-b970-0174b0b81fb7","local_time":"20210122015534","is_ascension_mode":true,"campfire_choices":[{"floor":1,"key":"RECALL"},{"data":"sneckomod:WideSting","floor":11,"key":"SMITH"},{"data":"sneckomod:MorePower","floor":18,"key":"SMITH"}],"circlet_count":0,"master_deck":["AscendersBane","sneckomod:Strike","sneckomod:Strike","sneckomod:Defend","sneckomod:Defend","sneckomod:Defend","sneckomod:TailWhip","sneckomod:SnekBite","sneckomod:Unknown","sneckomod:Unknown","sneckomod:RainOfDice","sneckomod:SoulRoll","sneckomod:UnknownUncommonSkill","sneckomod:SlitherStrike","sneckomod:WideSting+1","sneckomod:SerpentIdol","sneckomod:UnknownRarePower","sneckomod:UnknownRarePower","sneckomod:Unknown2Cost","sneckomod:SoulRoll","sneckomod:MorePower+1","sneckomod:UnknownVulnerable+1","sneckomod:UnknownClassPURPLE","sneckomod:UnknownBoss+1","sneckomod:QuickMove"],"relics":["sneckomod:SneckoSoul","downfall:HeartsMalice","Gremlin Horn","Lantern","downfall:HeartBlessingRed","Incense Burner","Philosopher\u0027s Stone","downfall:HeartBlessingGreen","Guardian:PocketSentry"],"acts_visited":["Exordium","TheCity"],"potions_floor_usage":[13,13,16,20],"damage_taken":[{"damage":0,"enemies":"2 Louse","floor":2,"turns":1},{"damage":0,"enemies":"downfall:FleeingMerchant","floor":3,"turns":1},{"damage":0,"enemies":"Lagavulin","floor":6,"turns":1},{"damage":3,"enemies":"Cultist","floor":9,"turns":4},{"damage":9,"enemies":"Jaw Worm","floor":12,"turns":2},{"damage":0,"enemies":"Gremlin Nob","floor":13,"turns":3},{"damage":4,"enemies":"2 Fungi Beasts","floor":15,"turns":3},{"damage":58,"enemies":"WA_ARCHETYPE_RETAIN","floor":16,"turns":9},{"damage":45,"enemies":"Spheric Guardian","floor":19,"turns":6},{"damage":26,"enemies":"Snake Plant","floor":20,"turns":4},{"damage":7,"enemies":"Centurion and Healer","floor":22,"turns":1}],"seed_played":"-5828771627310097281","potions_obtained":[{"floor":9,"key":"champ:CounterPotion"},{"floor":12,"key":"SteroidPotion"},{"floor":15,"key":"champ:CounterPotion"},{"floor":16,"key":"LiquidBronze"}],"is_trial":false,"path_per_floor":["R","M","$","?","?","E","T","?","M","?","R","M","E","?","M","B",null,"R","M","M","T","M"],"character_chosen":"THE_SNECKO","items_purchased":[],"campfire_rested":0,"item_purchase_floors":[],"current_hp_per_floor":[75,75,75,75,75,75,75,93,90,90,90,81,81,81,77,19,75,75,30,4,4,0,0,0],"gold":114,"neow_bonus":"THREE_ENEMY_KILL","is_daily":false,"chose_seed":false,"campfire_upgraded":2,"win_rate":0.0,"timestamp":1611298534,"path_taken":["R","M","$","?","?","E","T","?","?","?","R","M","E","?","M","BOSS","R","M","M","?","?"],"items_purchased_type":[],"build_version":"2020-12-22","purchased_purges":0,"victory":false,"max_hp_per_floor":[83,83,83,83,83,83,83,93,93,93,93,93,93,93,93,93,93,93,93,93,93,93,93,93],"card_choices":[{"not_picked":["sneckomod:IronFang","sneckomod:SnekBeam"],"picked":"sneckomod:RainOfDice","floor":2},{"not_picked":["sneckomod:UnknownClassRED","sneckomod:UnknownExhaust"],"picked":"sneckomod:SoulRoll","floor":3},{"not_picked":["sneckomod:UnlimitedRolls","sneckomod:Unknown1Cost"],"picked":"sneckomod:SlitherStrike","floor":6},{"not_picked":["sneckomod:QuickMove","sneckomod:SnakeSap"],"picked":"sneckomod:WideSting","floor":9},{"not_picked":["sneckomod:DiceCrush","sneckomod:UnknownCommonAttack"],"picked":"sneckomod:SerpentIdol","floor":12},{"not_picked":["sneckomod:DiceCrush","sneckomod:Unknown1Cost"],"picked":"sneckomod:UnknownRarePower","floor":13},{"not_picked":["sneckomod:SoulDraw","sneckomod:RainOfDice"],"picked":"sneckomod:SoulRoll","floor":15},{"not_picked":["sneckomod:SoulExchange","sneckomod:GlitteringGambit"],"picked":"sneckomod:MorePower","floor":16},{"not_picked":["sneckomod:UnknownBlock+1","sneckomod:UnknownCommonSkill+1"],"picked":"sneckomod:UnknownVulnerable+1","floor":19},{"not_picked":["sneckomod:RainOfDice","sneckomod:UnknownCommonSkill"],"picked":"sneckomod:UnknownClassPURPLE","floor":19},{"not_picked":["sneckomod:UnknownClassPURPLE+1","sneckomod:UnknownClassSLIMEBOUND+1"],"picked":"sneckomod:UnknownBoss+1","floor":20},{"not_picked":["sneckomod:UnknownColorless","sneckomod:MasterEye"],"picked":"sneckomod:QuickMove","floor":20}],"player_experience":560840,"relics_obtained":[{"floor":6,"key":"Gremlin Horn"},{"floor":7,"key":"Lantern"},{"floor":13,"key":"Incense Burner"},{"floor":21,"key":"Guardian:PocketSentry"}],"event_choices":[{"damage_healed":0,"gold_gain":0,"cards_transformed":["sneckomod:Strike"],"player_choice":"Change","damage_taken":0,"max_hp_gain":0,"max_hp_loss":0,"event_name":"Living Wall","floor":5,"gold_loss":0,"cards_obtained":["sneckomod:UnknownUncommonSkill"]}],"is_beta":false,"boss_relics":[{"not_picked":["Runic Pyramid","Empty Cage"],"picked":"Philosopher\u0027s Stone"}],"items_purged_floors":[],"is_endless":false,"potions_floor_spawned":[9,12,15,16],"killed_by":"Centurion and Healer","ascension_level":20}}