{"host":"usrgk25etjl0nf5i","time":1611288205,"event":{"mods":["2.2 Compatiblity","BaseMod","Downfall","Hubris","Minty Spire (QoL Compilation)","StSLib","SuperFastMode"],"gold_per_floor":[130,156,186,213,225,237,284,296,308,348,371,383,383],"floor_reached":12,"language":"ENG","playtime":492,"items_purged":[],"score":149,"play_id":"a660dd35-640e-438c-8d24-ae8d9cd0fb30","local_time":"20210121200325","is_ascension_mode":true,"campfire_choices":[{"floor":6,"key":"REST"}],"circlet_count":0,"master_deck":["AscendersBane","Strike_R","Strike_R","Strike_R","Strike_R","Strike_R","Defend_R","Defend_R","Defend_R","Defend_R","Bash","Intimidate","Intimidate","Heavy Blade","Rupture+1","Feel No Pain","Regret","Uppercut","Armaments"],"relics":["Burning Blood","MawBank","hubris:Reverence","hubris:DeckOfHolding","Nunchaku","hubris:ChampionShield"],"acts_visited":["Exordium"],"potions_floor_usage":[7,7],"damage_taken":[{"damage":8,"enemies":"2 Louse","floor":1,"turns":3},{"damage":7,"enemies":"Small Slimes","floor":2,"turns":3},{"damage":6,"enemies":"Jaw Worm","floor":3,"turns":4},{"damage":40,"enemies":"Exordium Thugs","floor":4,"turns":6},{"damage":27,"enemies":"3 Sentries","floor":7,"turns":12},{"damage":42,"enemies":"Gremlin Nob","floor":10,"turns":5},{"damage":5,"enemies":"Red Slaver","floor":11,"turns":2},{"damage":24,"enemies":"Lagavulin","floor":12,"turns":7}],"seed_played":"-8413744036953465396","potions_obtained":[{"floor":2,"key":"Regen Potion"},{"floor":4,"key":"FearPotion"},{"floor":10,"key":"Explosive Potion"}],"is_trial":false,"path_per_floor":["M","M","M","M","?","R","E","?","T","E","M","E"],"character_chosen":"IRONCLAD","items_purchased":[],"campfire_rested":1,"item_purchase_floors":[],"current_hp_per_floor":[70,69,69,35,35,59,53,53,53,17,18,0,0],"gold":383,"neow_bonus":"RANDOM_COMMON_RELIC","is_daily":false,"chose_seed":false,"campfire_upgraded":0,"win_rate":0.0,"timestamp":1611288205,"path_taken":["M","M","M","M","?","R","E","?","T","E","M","E"],"items_purchased_type":[],"build_version":"2020-12-22","purchased_purges":0,"victory":false,"max_hp_per_floor":[80,80,80,80,80,80,80,80,80,80,80,80,80],"card_choices":[{"not_picked":["Clash","Wild Strike"],"picked":"Intimidate","floor":1},{"not_picked":["Sword Boomerang","Shrug It Off"],"picked":"Intimidate","floor":2},{"not_picked":["Wild Strike","Clash"],"picked":"Heavy Blade","floor":3},{"not_picked":["Warcry","Havoc"],"picked":"Rupture","floor":4},{"not_picked":["Armaments","Searing Blow"],"picked":"Feel No Pain","floor":7},{"not_picked":["Perfected Strike","True Grit"],"picked":"Uppercut","floor":10},{"not_picked":["Iron Wave","True Grit"],"picked":"Armaments","floor":11}],"player_experience":661350,"relics_obtained":[{"floor":7,"key":"hubris:Reverence"},{"floor":9,"key":"Nunchaku"},{"floor":10,"key":"hubris:ChampionShield"}],"event_choices":[{"damage_healed":0,"gold_gain":0,"player_choice":"Grow","damage_taken":0,"max_hp_gain":0,"max_hp_loss":0,"event_name":"Living Wall","floor":5,"gold_loss":0,"cards_upgraded":["Rupture"]},{"damage_healed":0,"gold_gain":0,"player_choice":"Box","damage_taken":0,"relics_obtained":["hubris:DeckOfHolding"],"max_hp_gain":0,"max_hp_loss":0,"event_name":"Big Fish","floor":8,"gold_loss":0,"cards_obtained":["Regret"]}],"is_beta":false,"boss_relics":[],"items_purged_floors":[],"is_endless":false,"potions_floor_spawned":[2,4,10],"killed_by":"Lagavulin","ascension_level":13}}