{"host":"jlk2k69f9c6o7b3e","time":1611297863,"event":{"mods":["AchievementEnabler","BaseMod","Minty Spire (QoL Compilation)","StSLib"],"gold_per_floor":[127,311,333,360,360,402,422,465,465,465,465],"floor_reached":10,"language":"ZHS","playtime":708,"items_purged":[],"score":98,"play_id":"89aa7177-b6d2-45d2-b4d4-afcb64961012","local_time":"20210122144423","is_ascension_mode":true,"campfire_choices":[],"circlet_count":0,"master_deck":["Strike_G","Strike_G","Strike_G","Strike_G","Strike_G","Defend_G","Defend_G","Defend_G","Defend_G","Defend_G","Survivor","Neutralize","Infinite Blades+1","Doubt","Quick Slash","Quick Slash","Concentrate","Expertise","Choke"],"relics":["Ring of the Snake","CeramicFish","Darkstone Periapt","Juzu Bracelet","Boot"],"acts_visited":["Exordium"],"potions_floor_usage":[],"damage_taken":[{"damage":1.0,"enemies":"Small Slimes","floor":1.0,"turns":3.0},{"damage":4.0,"enemies":"Jaw Worm","floor":3.0,"turns":5.0},{"damage":5.0,"enemies":"Cultist","floor":4.0,"turns":4.0},{"damage":17.0,"enemies":"Lagavulin","floor":6.0,"turns":6.0},{"damage":13.0,"enemies":"3 Louse","floor":7.0,"turns":4.0},{"damage":26.0,"enemies":"3 Sentries","floor":8.0,"turns":10.0},{"damage":14,"enemies":"Gremlin Nob","floor":10,"turns":3}],"seed_played":"875400189347808920","potions_obtained":[{"floor":3.0,"key":"AttackPotion"},{"floor":6.0,"key":"Dexterity Potion"}],"is_trial":false,"path_per_floor":["M","?","M","M","?","E","M","E","T","E"],"character_chosen":"THE_SILENT","items_purchased":[],"campfire_rested":0,"item_purchase_floors":[],"current_hp_per_floor":[69,69,65,60,60,43,30,4,4,0,0],"gold":465,"neow_bonus":"RANDOM_COMMON_RELIC","is_daily":false,"chose_seed":false,"campfire_upgraded":0,"win_rate":0.0,"timestamp":1611297863,"path_taken":["M","?","M","M","?","E","M","E","T","E"],"items_purchased_type":[],"build_version":"2020-12-22","purchased_purges":0,"victory":false,"max_hp_per_floor":[70,70,70,70,70,70,70,70,70,70,70],"card_choices":[{"not_picked":["Acrobatics","Blade Dance"],"picked":"Infinite Blades","floor":1.0},{"not_picked":["Outmaneuver","Backflip"],"picked":"Quick Slash","floor":3.0},{"not_picked":["Outmaneuver","Flying Knee"],"picked":"Quick Slash","floor":4.0},{"not_picked":["Dagger Spray","Cloak And Dagger"],"picked":"Concentrate","floor":6.0},{"not_picked":["Deflect","Deadly Poison"],"picked":"Expertise","floor":7.0},{"not_picked":["Blur","Slice"],"picked":"Choke","floor":8.0}],"player_experience":284658,"relics_obtained":[{"floor":6.0,"key":"Darkstone Periapt"},{"floor":8.0,"key":"Juzu Bracelet"},{"floor":9.0,"key":"Boot"}],"event_choices":[{"damage_healed":0.0,"max_hp_gain":0.0,"max_hp_loss":0.0,"gold_gain":175.0,"event_name":"Liars Game","player_choice":"AGREE","floor":2.0,"gold_loss":0.0,"damage_taken":0.0,"cards_obtained":["Doubt"]},{"damage_healed":0.0,"max_hp_gain":0.0,"max_hp_loss":0.0,"gold_gain":0.0,"event_name":"Living Wall","player_choice":"Grow","floor":5.0,"gold_loss":0.0,"damage_taken":0.0,"cards_upgraded":["Infinite Blades"]}],"is_beta":false,"boss_relics":[],"items_purged_floors":[],"is_endless":false,"potions_floor_spawned":[3,6],"killed_by":"Gremlin Nob","ascension_level":5}}