{"host":"zzc28wglrg51iog5","time":1611320658,"event":{"mods":["BaseMod","Colored Map","Downfall","GifTheSpireLib","Hermit","Minty Spire (QoL Compilation)","StSLib","The Hierophant"],"gold_per_floor":[0,15,15,28,38,23,23,123,156,156,185,198,98,98,118,218,218,118,136,136,149,149,174,174,174,259,292,304,316,2,16,35,133,133,33,44,60,73,73,36,107,7,7,32,32,47,60,75,86,86,86,111,111,111,111,111],"floor_reached":57,"language":"ENG","playtime":5818,"items_purged":["bronze:Refactor","bronze:Strike"],"score":1385,"play_id":"cb7eb622-c48d-4ba1-aa17-9fc7ec3d6706","local_time":"20210122140418","is_ascension_mode":true,"campfire_choices":[{"data":"bronze:Replicate","floor":1.0,"key":"SMITH"},{"floor":10.0,"key":"RECALL"},{"data":"bronze:Return","floor":13,"key":"SMITH"},{"data":"bronze:SpaghettiCode","floor":18,"key":"SMITH"},{"data":"bronze:Fortify","floor":25,"key":"SMITH"},{"data":"bronze:TinkerersToolbox","floor":35,"key":"SMITH"},{"data":"bronze:ForceShield","floor":43,"key":"SMITH"},{"data":"bronze:FindAndReplace","floor":54,"key":"SMITH"}],"circlet_count":0,"master_deck":["bronze:Defend","bronze:Defend","bronze:Defend","bronze:Replicate+1","bronze:Goto","bronze:Constructor","bronze:Safeguard","bronze:ChosenStrike","bronze:DelayedSlice","bronze:Deprecate+1","bronze:Invalidate","bronze:BronzeArmor+1","bronze:Overheat","bronze:Fortify+1","bronze:Return+1","bronze:Repulsor+1","bronze:DigitalCarnage","bronze:InfiniteBeams+1","bronze:SpaghettiCode+1","bronze:Optimize+1","bronze:Overload+1","bronze:Verify+1","bronze:Turbo+1","bronze:Terminator+1","bronze:FollowUp+1","bronze:FunctionCard","bronze:FindAndReplace+1","bronze:TinkerersToolbox+1","bronze:ForceShield+1","bronze:Library+1","bronze:InfiniteBeams+1","bronze:ThunderWave"],"relics":["bronze:BronzeCore","Lizard Tail","Prayer Wheel","Frozen Egg 2","Pear","downfall:HeartBlessingRed","GremlinMask","Runic Pyramid","downfall:HeartBlessingGreen","bronze:BottledCode","hexamod:CandleOfCauterizing","hexamod:BolsterEngine","champ:Barbells","Anchor","Philosopher\u0027s Stone","downfall:HeartBlessingBlue","TungstenRod","Mercury Hourglass","Akabeko","Mummified Hand"],"acts_visited":["Exordium","TheCity","TheBeyond","TheEnding"],"potions_floor_usage":[15,16,27,27,33,50,55,56],"damage_taken":[{"damage":3.0,"enemies":"2 Louse","floor":2.0,"turns":2.0},{"damage":0.0,"enemies":"Cultist","floor":4.0,"turns":3.0},{"damage":3.0,"enemies":"Small Slimes","floor":5.0,"turns":2.0},{"damage":0.0,"enemies":"downfall:FleeingMerchant","floor":6.0,"turns":4.0},{"damage":12.0,"enemies":"downfall:Heads","floor":8.0,"turns":6.0},{"damage":2.0,"enemies":"Gremlin Nob","floor":9.0,"turns":4.0},{"damage":8.0,"enemies":"3 Sentries","floor":11.0,"turns":9.0},{"damage":0,"enemies":"3 Louse","floor":12,"turns":3},{"damage":0,"enemies":"Exordium Wildlife","floor":15,"turns":3},{"damage":30,"enemies":"WA_ARCHETYPE_RETAIN","floor":16,"turns":6},{"damage":0,"enemies":"3 Byrds","floor":19,"turns":3},{"damage":0,"enemies":"Spheric Guardian","floor":21,"turns":2},{"damage":24,"enemies":"Slavers","floor":23,"turns":5},{"damage":14,"enemies":"Book of Stabbing","floor":27,"turns":5},{"damage":1,"enemies":"Snecko","floor":28,"turns":4},{"damage":23,"enemies":"Centurion and Healer","floor":29,"turns":4},{"damage":0,"enemies":"downfall:FleeingMerchant","floor":30,"turns":4},{"damage":0,"enemies":"Snake Plant","floor":31,"turns":4},{"damage":12,"enemies":"Sentry and Sphere","floor":32,"turns":5},{"damage":0,"enemies":"SI_MIRROR_ARCHETYPE","floor":33,"turns":8},{"damage":0,"enemies":"Orb Walker","floor":36,"turns":2},{"damage":10,"enemies":"3 Shapes","floor":37,"turns":4},{"damage":0,"enemies":"Spire Growth","floor":38,"turns":4},{"damage":0,"enemies":"downfall:FleeingMerchant","floor":40,"turns":3},{"damage":0,"enemies":"Giant Head","floor":44,"turns":6},{"damage":0,"enemies":"Transient","floor":46,"turns":5},{"damage":0,"enemies":"Jaw Worm Horde","floor":47,"turns":3},{"damage":0,"enemies":"Maw","floor":48,"turns":5},{"damage":16,"enemies":"4 Shapes","floor":49,"turns":4},{"damage":52,"enemies":"IC_BLOCK_ARCHETYPE","floor":50,"turns":10},{"damage":23,"enemies":"downfall:CharBossMerchant","floor":52,"turns":7},{"damage":4,"enemies":"downfall:NeowBoss","floor":55,"turns":10},{"damage":20,"enemies":"downfall:NeowBossFinal","floor":56,"turns":7}],"seed_played":"-5871276472665730824","potions_obtained":[{"floor":2.0,"key":"Block Potion"},{"floor":9.0,"key":"hexamod:SoulburnPotion"},{"floor":11.0,"key":"Fruit Juice"},{"floor":12,"key":"AttackPotion"},{"floor":15,"key":"sneckomod:MuddlingPotion"},{"floor":23,"key":"Regen Potion"},{"floor":27,"key":"bronze:BuildAFunctionPotion"},{"floor":31,"key":"EssenceOfSteel"},{"floor":36,"key":"SneckoOil"},{"floor":37,"key":"SkillPotion"},{"floor":48,"key":"CultistPotion"},{"floor":52,"key":"ColorlessPotion"}],"is_trial":false,"path_per_floor":["R","M","?","M","M","$","T","?","E","R","E","M","R","?","M","B",null,"R","M","?","M","?","E","T","R","?","E","M","M","$","M","M","B",null,"R","M","M","M","?","$","T","$","R","E","$","M","M","M","M","B",null,"E","$","R","B","B",null],"character_chosen":"THE_AUTOMATON","items_purchased":["champ:Barbells","Anchor","TungstenRod"],"campfire_rested":0,"item_purchase_floors":[30,30,40],"current_hp_per_floor":[70,67,67,67,64,64,64,52,50,50,52,52,52,52,57,27,85,85,85,85,85,75,51,51,51,37,37,36,13,13,13,1,1,75,85,85,75,75,75,75,75,75,75,75,75,75,75,75,59,7,85,62,62,62,58,38],"gold":111,"neow_bonus":"ONE_RARE_RELIC","is_daily":false,"chose_seed":false,"campfire_upgraded":7,"win_rate":0.0,"timestamp":1611320658,"path_taken":["R","M","?","M","?","?","T","?","E","R","E","M","R","?","M","BOSS","R","M","?","M","?","E","T","R","?","E","M","?","$","M","M","BOSS","R","M","M","M","?","$","T","?","R","E","$","M","M","?","M","BOSS","E","$","R","BOSS","BOSS"],"items_purchased_type":["Relic","Relic","Relic"],"build_version":"2020-12-22","purchased_purges":2,"victory":true,"max_hp_per_floor":[70,70,70,70,70,70,70,70,70,70,80,80,80,80,85,85,85,85,85,85,85,75,75,75,75,75,75,75,75,75,75,75,75,75,85,85,85,85,85,85,85,85,85,85,85,85,85,85,85,85,85,85,85,85,85,85],"card_choices":[{"not_picked":["bronze:BuggyMess","bronze:DelayedGuard"],"picked":"bronze:Constructor","floor":2.0},{"not_picked":["bronze:BuggyMess","bronze:WhirlingStrike"],"picked":"bronze:Deprecate","floor":4.0},{"not_picked":["bronze:Iterate","bronze:ChildClass"],"picked":"bronze:Invalidate","floor":5.0},{"not_picked":["bronze:ChosenStrike","bronze:Shield"],"picked":"bronze:BronzeArmor","floor":6.0},{"not_picked":["bronze:Optimize","bronze:MaxOutput"],"picked":"bronze:Overheat","floor":8.0},{"not_picked":["bronze:Backtrace","bronze:Iterate"],"picked":"bronze:Return","floor":9.0},{"not_picked":["bronze:ThunderWave","bronze:CloningBeam"],"picked":"bronze:Repulsor+1","floor":11.0},{"not_picked":["bronze:Shield","bronze:Invalidate"],"picked":"bronze:DigitalCarnage","floor":12},{"not_picked":["bronze:ItsAFeature+1","bronze:FineTuning"],"picked":"bronze:InfiniteBeams+1","floor":12},{"not_picked":["bronze:CutThrough","bronze:Branch","bronze:BuggyMess"],"picked":"SKIP","floor":15},{"not_picked":["bronze:Frontload","bronze:BugBarrage","bronze:CloningBeam"],"picked":"SKIP","floor":15},{"not_picked":["bronze:Assembly","bronze:Mutator+1"],"picked":"bronze:SpaghettiCode","floor":16},{"not_picked":["bronze:WhirlingStrike","bronze:ItsAFeature+1"],"picked":"bronze:Optimize+1","floor":19},{"not_picked":["bronze:Allocate","bronze:Invalidate","bronze:WhirlingStrike"],"picked":"SKIP","floor":19},{"not_picked":["bronze:Invalidate","bronze:Overheat","bronze:Separator"],"picked":"SKIP","floor":21},{"not_picked":["bronze:Shield","bronze:Repulsor+1","bronze:Deprecate"],"picked":"SKIP","floor":21},{"not_picked":["bronze:ForLoop","bronze:BuggyMess+1"],"picked":"bronze:Overload","floor":23},{"not_picked":["bronze:Backtrace+1","bronze:Flail"],"picked":"bronze:Verify+1","floor":27},{"not_picked":["bronze:NullPointer","bronze:Iterate"],"picked":"bronze:Turbo+1","floor":28},{"not_picked":["bronze:Shell","bronze:OilSpill","bronze:Terminator"],"picked":"SKIP","floor":28},{"not_picked":["bronze:Shell","bronze:OilSpill"],"picked":"bronze:Terminator","floor":28},{"not_picked":["bronze:OilSpill+1","bronze:Separator+1"],"picked":"bronze:FollowUp+1","floor":29},{"not_picked":["bronze:RecursiveStrike","bronze:WildBeam","bronze:Overload"],"picked":"SKIP","floor":29},{"not_picked":["bronze:ForLoop","bronze:WildBeam+1"],"picked":"bronze:Hardcode+1","floor":30},{"not_picked":["bronze:ForLoop","bronze:DelayedSlice+1"],"picked":"bronze:Refactor","floor":31},{"not_picked":["bronze:InfiniteBeams+1","bronze:Shield+1","bronze:Separator"],"picked":"SKIP","floor":31},{"not_picked":["bronze:OilSpill+1","bronze:Backtrace"],"picked":"bronze:FindAndReplace","floor":32},{"not_picked":["bronze:Iterate","bronze:Deprecate+1","bronze:DelayedGuard"],"picked":"SKIP","floor":32},{"not_picked":["bronze:Hardcode+1","bronze:Assembly"],"picked":"bronze:TinkerersToolbox","floor":33},{"not_picked":["bronze:DelayedGuard","bronze:CutThrough+1"],"picked":"bronze:ForceShield","floor":36},{"not_picked":["bronze:ForLoop+1","bronze:Iterate+1","bronze:BugBarrage"],"picked":"SKIP","floor":36},{"not_picked":["bronze:Iterate","bronze:WildBeam+1","bronze:FollowUp"],"picked":"SKIP","floor":37},{"not_picked":["bronze:DelayedSlice+1","bronze:SpaghettiCode","bronze:BuggyMess"],"picked":"SKIP","floor":37},{"not_picked":["bronze:Iterate+1","bronze:Turbo+1","bronze:Overheat"],"picked":"SKIP","floor":38},{"not_picked":["bronze:FineTuning","bronze:Constructor","bronze:BronzeOrb"],"picked":"SKIP","floor":38},{"not_picked":["bronze:ClassDefault+1","bronze:Overheat","bronze:Flail+1"],"picked":"SKIP","floor":40},{"not_picked":["bronze:Iterate","bronze:FollowUp","bronze:Deprecate+1"],"picked":"SKIP","floor":44},{"not_picked":["bronze:Philosophize+1","bronze:Safeguard"],"picked":"bronze:Library+1","floor":46},{"not_picked":["bronze:Refactor+1","bronze:Separator","bronze:CutThrough"],"picked":"SKIP","floor":46},{"not_picked":["bronze:DelayedSlice+1","bronze:Constructor"],"picked":"bronze:InfiniteBeams+1","floor":47},{"not_picked":["bronze:Deprecate+1","bronze:BitShift","bronze:DelayedSlice+1"],"picked":"SKIP","floor":47},{"not_picked":["bronze:Iterate+1","bronze:Branch","bronze:Backtrace"],"picked":"SKIP","floor":48},{"not_picked":["bronze:ChosenStrike","bronze:Boost+1","bronze:ForLoop"],"picked":"SKIP","floor":48},{"not_picked":["bronze:BugBarrage","bronze:Iterate"],"picked":"bronze:ThunderWave","floor":49},{"not_picked":["bronze:BuggyMess","bronze:BronzeArmor","bronze:Deprecate"],"picked":"SKIP","floor":49},{"not_picked":["bronze:ClassDefault+1","bronze:ChosenStrike+1","bronze:Frontload+1"],"picked":"SKIP","floor":52}],"player_experience":1622228,"relics_obtained":[{"floor":7.0,"key":"Prayer Wheel"},{"floor":9.0,"key":"Frozen Egg 2"},{"floor":11.0,"key":"Pear"},{"floor":23,"key":"hexamod:CandleOfCauterizing"},{"floor":27,"key":"hexamod:BolsterEngine"},{"floor":41,"key":"Mercury Hourglass"},{"floor":44,"key":"Akabeko"},{"floor":52,"key":"Mummified Hand"}],"event_choices":[{"damage_healed":0,"gold_gain":0,"player_choice":"Trade","damage_taken":0,"relics_obtained":["GremlinMask"],"max_hp_gain":0,"max_hp_loss":0,"event_name":"FaceTrader","floor":14,"gold_loss":0},{"damage_healed":0,"gold_gain":0,"player_choice":"Ignored","damage_taken":0,"max_hp_gain":0,"max_hp_loss":0,"event_name":"Ghosts","floor":20,"gold_loss":0}],"is_beta":false,"boss_relics":[{"not_picked":["Empty Cage","SlaversCollar"],"picked":"Runic Pyramid"},{"not_picked":["expansioncontent:StudyCardRelic","Astrolabe"],"picked":"Philosopher\u0027s Stone"}],"items_purged_floors":[40,42],"is_endless":false,"potions_floor_spawned":[2,9,11,12,15,23,27,31,32,36,37,44,48,52],"ascension_level":2}}