{"host":"kvo7eymyd21g9abd","time":1611358452,"event":{"mods":["AchievementEnabler","BaseMod","Bestiary","Colored Map","Minty Spire (QoL Compilation)","StSLib"],"gold_per_floor":[115,115,134,30,44,44,73,85,163,173,199,216,249,269,269,368,368,384,384,10,23,23,23,23,39,64,64,75,75,75,88,88,184,184,203,203,3,3,3,3,3,3,67,93,105,127,139,151,163,175,187,199,24,53,53,53],"floor_reached":55,"language":"ENG","playtime":1825,"items_purged":[],"score":813,"play_id":"c022884c-6375-4600-b107-c5f64f459209","local_time":"20210122183412","is_ascension_mode":true,"campfire_choices":[{"floor":6,"key":"RECALL"},{"floor":15,"key":"REST"},{"data":"Reaper","floor":23,"key":"SMITH"},{"floor":27,"key":"REST"},{"floor":30,"key":"REST"},{"data":"Spot Weakness","floor":32,"key":"SMITH"},{"data":"Bludgeon","floor":40,"key":"SMITH"},{"data":"Flex","floor":45,"key":"SMITH"},{"data":"Disarm","floor":47,"key":"SMITH"},{"data":"Sword Boomerang","floor":49,"key":"SMITH"},{"data":"Sword Boomerang","floor":52,"key":"SMITH"}],"circlet_count":0,"master_deck":["Strike_R","Strike_R","Strike_R","Strike_R","Strike_R","Defend_R","Defend_R","Defend_R","Defend_R","Bash+1","Flex+1","Disarm+1","Rampage","Cleave","Twin Strike","Thunderclap","Sword Boomerang+1","Pommel Strike","Reaper+1","Carnage+1","Spot Weakness+1","Sword Boomerang+1","Clothesline","Shrug It Off","Shrug It Off+1","Clothesline+1","Bludgeon+1","CurseOfTheBell","Writhe","Heavy Blade+1","Inflame+1","Spot Weakness","Inflame+1"],"relics":["Burning Blood","NeowsBlessing","Magic Flower","Juzu Bracelet","Boot","Snecko Eye","Tiny Chest","Lantern","Calling Bell","Dream Catcher","Eternal Feather","Pocketwatch","Mercury Hourglass","Strawberry","Self Forming Clay","MawBank","Bronze Scales","Vajra","Turnip"],"acts_visited":["Exordium","TheCity","TheBeyond","TheEnding"],"potions_floor_usage":[5,7,13,16,16,16,28,33,55,55,55],"damage_taken":[{"damage":0,"enemies":"Small Slimes","floor":1,"turns":1},{"damage":0,"enemies":"Cultist","floor":3,"turns":1},{"damage":0,"enemies":"2 Louse","floor":5,"turns":1},{"damage":55,"enemies":"3 Sentries","floor":7,"turns":11},{"damage":11,"enemies":"Looter","floor":8,"turns":2},{"damage":0,"enemies":"3 Louse","floor":10,"turns":4},{"damage":0,"enemies":"Large Slime","floor":12,"turns":5},{"damage":38,"enemies":"Lagavulin","floor":13,"turns":4},{"damage":1,"enemies":"Exordium Thugs","floor":14,"turns":3},{"damage":20,"enemies":"Hexaghost","floor":16,"turns":7},{"damage":25,"enemies":"Spheric Guardian","floor":18,"turns":4},{"damage":41,"enemies":"3 Byrds","floor":21,"turns":5},{"damage":58,"enemies":"Centurion and Healer","floor":25,"turns":5},{"damage":41,"enemies":"Sentry and Sphere","floor":28,"turns":5},{"damage":24,"enemies":"Snake Plant","floor":31,"turns":2},{"damage":96,"enemies":"Collector","floor":33,"turns":8},{"damage":62,"enemies":"3 Darklings","floor":35,"turns":4},{"damage":9,"enemies":"3 Shapes","floor":44,"turns":3},{"damage":30,"enemies":"Maw","floor":46,"turns":6},{"damage":114,"enemies":"Time Eater","floor":50,"turns":9},{"damage":63,"enemies":"Shield and Spear","floor":54,"turns":4},{"damage":64,"enemies":"The Heart","floor":55,"turns":3}],"seed_played":"-8712763791420348176","potions_obtained":[{"floor":3,"key":"LiquidMemories"},{"floor":8,"key":"Block Potion"},{"floor":12,"key":"ColorlessPotion"},{"floor":13,"key":"LiquidMemories"},{"floor":14,"key":"Strength Potion"},{"floor":21,"key":"Ancient Potion"},{"floor":25,"key":"AttackPotion"},{"floor":33,"key":"LiquidMemories"},{"floor":54,"key":"DuplicationPotion"}],"is_trial":false,"path_per_floor":["M","?","M","$","M","R","E","M","T","M","T","M","E","M","R","B",null,"M","?","$","M","?","R","?","M","T","R","M","?","R","M","R","B",null,"M","T","$","?","?","R","?","T","T","M","R","M","R","$","R","B",null,"R","$","E","B"],"character_chosen":"IRONCLAD","items_purchased":["Fruit Juice","Tiny Chest","Spot Weakness","Sword Boomerang","CultistPotion","Strawberry","BloodPotion","Vajra","Spot Weakness"],"campfire_rested":3,"item_purchase_floors":[4,20,20,20,20,37,37,53,53],"current_hp_per_floor":[78,78,80,80,85,85,36,34,34,43,43,52,23,31,56,45,75,61,61,61,52,52,52,52,18,18,43,19,47,72,65,65,19,69,57,57,64,64,64,79,92,92,92,92,92,71,89,89,92,14,73,91,91,37,0,0],"gold":53,"neow_bonus":"THREE_ENEMY_KILL","is_daily":false,"chose_seed":false,"campfire_upgraded":7,"win_rate":0.0,"timestamp":1611358452,"path_taken":["M","?","?","$","M","R","E","M","T","M","?","M","E","M","R","BOSS","M","?","$","M","?","R","?","M","T","R","M","?","R","M","R","BOSS","M","?","$","?","?","R","?","?","T","M","R","M","R","$","R","BOSS","R","$","E","BOSS"],"items_purchased_type":["Potion","Relic","Card","Card","Potion","Relic","Potion","Relic","Card"],"build_version":"2020-12-22","purchased_purges":0,"victory":false,"max_hp_per_floor":[80,80,80,80,85,85,85,85,85,85,85,85,85,85,85,85,85,85,85,85,85,85,85,85,85,85,85,85,85,85,85,85,85,85,85,85,92,92,92,92,92,92,92,92,92,92,92,92,92,92,92,92,92,92,92,92],"card_choices":[{"not_picked":["True Grit","Wild Strike"],"picked":"Flex","floor":1},{"not_picked":["Havoc","Body Slam"],"picked":"Disarm","floor":3},{"not_picked":["Body Slam","Reckless Charge"],"picked":"Rampage","floor":5},{"not_picked":["Ghostly Armor","Pummel","Body Slam"],"picked":"SKIP","floor":7},{"not_picked":["Headbutt","Clash"],"picked":"Cleave","floor":8},{"not_picked":["Wild Strike","Thunderclap"],"picked":"Twin Strike","floor":10},{"not_picked":["Rage","Brutality"],"picked":"Thunderclap","floor":12},{"not_picked":["Combust","Entrench"],"picked":"Sword Boomerang","floor":13},{"not_picked":["Dual Wield","Clash"],"picked":"Pommel Strike","floor":14},{"not_picked":["Double Tap","Impervious"],"picked":"Reaper","floor":16},{"not_picked":["Wild Strike","Flex"],"picked":"Carnage+1","floor":18},{"not_picked":["Thunderclap","Body Slam"],"picked":"Clothesline","floor":21},{"not_picked":["Wild Strike","Warcry"],"picked":"Shrug It Off","floor":25},{"not_picked":["Sever Soul","Clothesline"],"picked":"Shrug It Off+1","floor":28},{"not_picked":["Feel No Pain","Seeing Red+1"],"picked":"Clothesline+1","floor":31},{"not_picked":["Immolate","Berserk"],"picked":"Bludgeon","floor":33},{"not_picked":["Anger","Metallicize","Havoc"],"picked":"SKIP","floor":35},{"not_picked":["Body Slam+1","Havoc+1"],"picked":"Heavy Blade+1","floor":44},{"not_picked":["Rage+1","Rampage"],"picked":"Inflame+1","floor":46},{"not_picked":["Bloodletting","Sever Soul+1"],"picked":"Inflame+1","floor":54}],"player_experience":413105,"relics_obtained":[{"floor":7,"key":"Magic Flower"},{"floor":11,"key":"Juzu Bracelet"},{"floor":13,"key":"Boot"},{"floor":26,"key":"Lantern"},{"floor":34,"key":"Dream Catcher"},{"floor":34,"key":"Eternal Feather"},{"floor":34,"key":"Pocketwatch"},{"floor":36,"key":"Mercury Hourglass"},{"floor":39,"key":"Self Forming Clay"},{"floor":42,"key":"MawBank"},{"floor":43,"key":"Bronze Scales"},{"floor":54,"key":"Turnip"}],"event_choices":[{"damage_healed":0,"gold_gain":0,"player_choice":"Forge","damage_taken":0,"max_hp_gain":0,"max_hp_loss":0,"event_name":"Accursed Blacksmith","floor":2,"gold_loss":0,"cards_upgraded":["Bash"]},{"damage_healed":0,"gold_gain":0,"player_choice":"Ignored","damage_taken":0,"max_hp_gain":0,"max_hp_loss":0,"event_name":"Vampires","floor":19,"gold_loss":0},{"damage_healed":0,"gold_gain":0,"player_choice":"Ignored","damage_taken":0,"max_hp_gain":0,"max_hp_loss":0,"event_name":"Ghosts","floor":22,"gold_loss":0},{"damage_healed":28,"gold_gain":0,"player_choice":"Heal","damage_taken":0,"max_hp_gain":0,"max_hp_loss":0,"event_name":"The Library","floor":29,"gold_loss":0},{"damage_healed":0,"gold_gain":0,"player_choice":"Ignored","damage_taken":0,"max_hp_gain":0,"max_hp_loss":0,"event_name":"Mysterious Sphere","floor":38,"gold_loss":0},{"damage_healed":0,"gold_gain":0,"player_choice":"Relic","damage_taken":0,"max_hp_gain":0,"max_hp_loss":0,"event_name":"Wheel of Change","floor":39,"gold_loss":0},{"damage_healed":23,"gold_gain":0,"player_choice":"Writhe","damage_taken":0,"max_hp_gain":0,"max_hp_loss":0,"event_name":"Winding Halls","floor":41,"gold_loss":0,"cards_obtained":["Writhe"]}],"is_beta":false,"boss_relics":[{"not_picked":["Runic Cube","Sozu"],"picked":"Snecko Eye"},{"not_picked":["Black Star","Mark of Pain"],"picked":"Calling Bell"}],"items_purged_floors":[],"is_endless":false,"potions_floor_spawned":[3,8,12,13,14,21,25,33,44,54],"killed_by":"The Heart","ascension_level":6}}