{"host":"x7xd4wkamhrqrrvw","time":1611347001,"event":{"mods":["AchievementEnabler","BaseMod","Minty Spire (QoL Compilation)","StSLib"],"gold_per_floor":[10,29,42,58,71,71,106,106,132,173,260,260,147,192,192,192,192],"floor_reached":16,"language":"ENG","playtime":657,"items_purged":[],"score":220,"play_id":"51f1d0ec-2eb7-42aa-8698-6f21475911f9","local_time":"20210122182321","is_ascension_mode":true,"campfire_choices":[{"data":"Armaments","floor":6,"key":"SMITH"},{"data":"Fire Breathing","floor":8,"key":"SMITH"},{"data":"Fire Breathing","floor":15,"key":"SMITH"}],"circlet_count":0,"master_deck":["AscendersBane","Strike_R","Strike_R","Strike_R","Defend_R","Defend_R","Defend_R","Defend_R","Bash","Fire Breathing+1","Entrench","Pommel Strike","Armaments+1","Headbutt","Wild Strike","Flame Barrier","Disarm","Fire Breathing+1"],"relics":["Burning Blood","Pen Nib","Orichalcum","CeramicFish","Golden Idol","Art of War","Vajra"],"acts_visited":["Exordium"],"potions_floor_usage":[7,11,16],"damage_taken":[{"damage":3,"enemies":"2 Louse","floor":1,"turns":5},{"damage":11,"enemies":"Cultist","floor":2,"turns":4},{"damage":2,"enemies":"Jaw Worm","floor":3,"turns":5},{"damage":0,"enemies":"Blue Slaver","floor":4,"turns":6},{"damage":11,"enemies":"3 Louse","floor":5,"turns":3},{"damage":15,"enemies":"3 Sentries","floor":7,"turns":5},{"damage":15,"enemies":"Lagavulin","floor":10,"turns":7},{"damage":5,"enemies":"Gremlin Gang","floor":11,"turns":8},{"damage":13,"enemies":"3 Sentries","floor":14,"turns":5},{"damage":26,"enemies":"Slime Boss","floor":16,"turns":3}],"seed_played":"1690096781875496643","potions_obtained":[{"floor":2,"key":"DistilledChaos"},{"floor":3,"key":"ColorlessPotion"},{"floor":14,"key":"EssenceOfSteel"}],"is_trial":false,"path_per_floor":["M","M","M","M","M","R","E","R","T","E","M","?","?","E","R","B"],"character_chosen":"IRONCLAD","items_purchased":[],"campfire_rested":0,"item_purchase_floors":[],"current_hp_per_floor":[71,66,70,75,70,70,61,61,61,52,53,27,27,20,20,0,0],"gold":192,"neow_bonus":"TRANSFORM_TWO_CARDS","is_daily":false,"chose_seed":false,"campfire_upgraded":3,"win_rate":0.0,"timestamp":1611347001,"path_taken":["M","M","M","M","M","R","E","R","T","E","M","?","?","E","R","BOSS"],"items_purchased_type":[],"build_version":"2020-12-22","purchased_purges":0,"victory":false,"max_hp_per_floor":[75,75,75,75,75,75,75,75,75,75,75,75,75,75,75,75,75],"card_choices":[{"not_picked":["Heavy Blade","Shrug It Off"],"picked":"Pommel Strike","floor":1},{"not_picked":["Anger","Twin Strike"],"picked":"Armaments","floor":2},{"not_picked":["Warcry","Thunderclap"],"picked":"Headbutt","floor":3},{"not_picked":["Feel No Pain","Double Tap"],"picked":"Wild Strike","floor":4},{"not_picked":["Bloodletting","Inflame","Anger"],"picked":"SKIP","floor":5},{"not_picked":["Thunderclap","Twin Strike"],"picked":"Flame Barrier","floor":7},{"not_picked":["Clash","Rupture"],"picked":"Disarm","floor":10},{"not_picked":["Flex","Clash","Thunderclap"],"picked":"SKIP","floor":11},{"not_picked":["Thunderclap","Combust"],"picked":"Fire Breathing","floor":14}],"player_experience":387332,"relics_obtained":[{"floor":7,"key":"Pen Nib"},{"floor":9,"key":"Orichalcum"},{"floor":10,"key":"CeramicFish"},{"floor":14,"key":"Vajra"}],"event_choices":[{"damage_healed":0,"gold_gain":0,"player_choice":"Take Damage","damage_taken":26,"relics_obtained":["Golden Idol"],"max_hp_gain":0,"max_hp_loss":0,"event_name":"Golden Idol","floor":12,"gold_loss":0},{"damage_healed":0,"gold_gain":0,"player_choice":"Paid Gold","damage_taken":0,"relics_obtained":["Art of War"],"max_hp_gain":0,"max_hp_loss":0,"event_name":"WeMeetAgain","floor":13,"gold_loss":113}],"is_beta":false,"boss_relics":[],"items_purged_floors":[],"is_endless":false,"potions_floor_spawned":[2,3,14],"killed_by":"Slime Boss","ascension_level":16}}