{"host":"neeznpvpgo0qgfkd","time":1611346640,"event":{"mods":["AchievementEnabler","BaseMod","BetterRewards","Colored Map","Colored Powertips","Exacting","Minty Spire (QoL Compilation)","Permanent Neow","Quick Restart","Shop Mod"],"gold_per_floor":[112,112,125,158,11,11,66,66,66,122,147,163,163,163],"floor_reached":13,"language":"ENG","playtime":623,"items_purged":["Defend_G"],"score":163,"play_id":"0c6571c4-71d9-4554-b810-d2f6cd11ed81","local_time":"20210122151720","is_ascension_mode":true,"campfire_choices":[{"data":"Noxious Fumes","floor":6,"key":"SMITH"},{"floor":8,"key":"DIG"}],"circlet_count":0,"master_deck":["AscendersBane","Strike_G","Strike_G","Strike_G","Strike_G","Defend_G","Defend_G","Defend_G","Defend_G","Survivor","Neutralize","Noxious Fumes+1","Cloak And Dagger","Blade Dance","Accuracy","Noxious Fumes","Dagger Spray","Dash","Infinite Blades"],"relics":["Ring of the Snake","Kunai","Membership Card","Shovel","Nunchaku","Question Card","Bronze Scales"],"acts_visited":["Exordium"],"potions_floor_usage":[10,11],"damage_taken":[{"damage":2,"enemies":"Jaw Worm","floor":1,"turns":4},{"damage":0,"enemies":"Cultist","floor":3,"turns":4},{"damage":0,"enemies":"Small Slimes","floor":4,"turns":3},{"damage":14,"enemies":"3 Sentries","floor":7,"turns":6},{"damage":19,"enemies":"3 Sentries","floor":10,"turns":4},{"damage":30,"enemies":"Gremlin Nob","floor":11,"turns":4},{"damage":13,"enemies":"Blue Slaver","floor":12,"turns":3},{"damage":8,"enemies":"3 Sentries","floor":13,"turns":2}],"seed_played":"-3937450051173178628","potions_obtained":[{"floor":10,"key":"SkillPotion"}],"is_trial":false,"path_per_floor":["M","?","M","M","$","R","E","R","T","?","E","M","E"],"character_chosen":"THE_SILENT","items_purchased":["Noxious Fumes","Kunai","Cloak And Dagger","FairyPotion","SteroidPotion","Membership Card"],"campfire_rested":0,"item_purchase_floors":[0,0,0,0,0,5],"current_hp_per_floor":[57,57,57,57,57,57,43,43,43,26,20,7,0,0],"gold":163,"neow_bonus":"","is_daily":false,"chose_seed":false,"campfire_upgraded":1,"win_rate":0.0,"timestamp":1611346640,"path_taken":["M","?","?","M","?","R","E","R","T","?","E","M","E"],"items_purchased_type":["Card","Relic","Card","Potion","Potion","Relic"],"build_version":"2020-12-22","purchased_purges":1,"victory":false,"max_hp_per_floor":[66,66,66,66,66,66,66,66,66,68,68,68,68,68],"card_choices":[{"not_picked":["Well Laid Plans","Quick Slash"],"picked":"Blade Dance","floor":1},{"not_picked":["Riddle With Holes","Caltrops"],"picked":"Accuracy","floor":3},{"not_picked":["Skewer","Slice"],"picked":"Noxious Fumes","floor":4},{"not_picked":["Glass Knife","Backstab"],"picked":"Dagger Spray","floor":7},{"not_picked":["Concentrate","Reflex","Skewer"],"picked":"Dash","floor":11},{"not_picked":["Cloak And Dagger","Quick Slash","Acrobatics"],"picked":"Infinite Blades","floor":12}],"player_experience":1893645,"relics_obtained":[{"floor":7,"key":"Shovel"},{"floor":8,"key":"Nunchaku"},{"floor":10,"key":"Question Card"},{"floor":11,"key":"Bronze Scales"}],"event_choices":[{"cards_removed":["Strike_G"],"damage_healed":0,"gold_gain":0,"player_choice":"Offered Basic","damage_taken":0,"max_hp_gain":0,"max_hp_loss":0,"event_name":"Bonfire Elementals","floor":2,"gold_loss":0},{"damage_healed":0,"gold_gain":0,"player_choice":"Searched \u00271\u0027 times","damage_taken":0,"max_hp_gain":0,"max_hp_loss":0,"event_name":"Dead Adventurer","floor":10,"gold_loss":0}],"is_beta":false,"boss_relics":[],"items_purged_floors":[0],"is_endless":false,"potions_floor_spawned":[3,10],"killed_by":"3 Sentries","ascension_level":15}}