{"host":"wghdsg8ym2wc7ov9","time":1611301172,"event":{"mods":["AchievementEnabler","Astrologer","BaseMod","Beaked The Cultist","Better Altar","Better Note","ChefMod","Colored Map","Evolution","Fox Events","Hermit","Highlight Path","Jorbs\u0027s Wanderer Trilogy","KinomotoSakuraMod(????)","Minty Spire (QoL Compilation)","Random Character Button","Relic Stats","SIMod","Shop Mod","StSLib","The Blackbeard","The Bladedancer","The Construct","The Cursed","The Death Knight","The Gatherer","The Hierophant","The Marked","The Mystic","The Necromancer","The Runesmith","The Senshi","The Servant 0.9.4"],"gold_per_floor":[111,131,131,150,162,162,192,192,192,207,232,246,279,295,295,392,392,404,404,421,421,38,66,66,85,85,117,132,132,164,164,164,259,259,279,294,305,317,328,328,328,328],"floor_reached":41,"language":"ENG","playtime":7565,"items_purged":[],"score":526,"play_id":"4a56f1ad-6855-4e9b-89da-103f3c417caa","local_time":"20210121233932","is_ascension_mode":true,"campfire_choices":[{"data":"LikeWater","floor":6,"key":"SMITH"},{"floor":8,"key":"REST"},{"floor":15,"key":"REST"},{"floor":24,"key":"REST"},{"floor":29,"key":"REST"},{"floor":32,"key":"REST"},{"floor":40,"key":"REST"}],"circlet_count":0,"master_deck":["Strike_P","Strike_P","Strike_P","Defend_P","Defend_P+1","Defend_P+1","Defend_P","Eruption+1","Vigilance","Adaptation+1","LikeWater+1","FearNoEvil+1","Protect","EmptyBody+1","ForeignInfluence+1","Prostrate","DeceiveReality","Crescendo+1","LessonLearned+1","JustLucky+1","DevaForm","FlurryOfBlows+1","SashWhip+1","LikeWater","Jack Of All Trades+1","Crescendo+1","PathToVictory","Indignation+1","BowlingBash+1","ClearTheMind+1","Devotion","Ragnarok","Perseverance","Indignation","Conclude+1","Evaluate+1","ForeignInfluence"],"relics":["HolyWater","EVO:Axolotl","NlothsMask","TeardropLocket","Singing Bowl","PreservedInsect","Bloody Idol","Damaru","War Paint","Runesmith:Locket","Regal Pillow","Black Star"],"acts_visited":["Exordium","TheCity","TheBeyond"],"potions_floor_usage":[7,13,16,18,23,27,33,37,37,38],"damage_taken":[{"damage":2,"enemies":"Jaw Worm","floor":1,"turns":5},{"damage":0,"enemies":"Cultist","floor":2,"turns":4},{"damage":0,"enemies":"2 Louse","floor":4,"turns":3},{"damage":2,"enemies":"Exordium Wildlife","floor":5,"turns":5},{"damage":12,"enemies":"Lagavulin","floor":7,"turns":7},{"damage":0,"enemies":"Large Slime","floor":10,"turns":6},{"damage":15,"enemies":"3 Sentries","floor":11,"turns":11},{"damage":1,"enemies":"Lots of Slimes","floor":12,"turns":3},{"damage":8,"enemies":"Gremlin Nob","floor":13,"turns":4},{"damage":5,"enemies":"Blue Slaver","floor":14,"turns":5},{"damage":20,"enemies":"Slime Boss","floor":16,"turns":24},{"damage":13,"enemies":"2 Thieves","floor":18,"turns":3},{"damage":7,"enemies":"Spheric Guardian","floor":20,"turns":7},{"damage":18,"enemies":"Book of Stabbing","floor":23,"turns":6},{"damage":0,"enemies":"Snake Plant","floor":25,"turns":4},{"damage":2,"enemies":"Slavers","floor":27,"turns":8},{"damage":35,"enemies":"Sentry and Sphere","floor":28,"turns":4},{"damage":15,"enemies":"Gremlin Leader","floor":30,"turns":6},{"damage":18,"enemies":"Champ","floor":33,"turns":13},{"damage":12,"enemies":"3 Darklings","floor":35,"turns":4},{"damage":0,"enemies":"3 Shapes","floor":36,"turns":5},{"damage":42,"enemies":"Jaw Worm Horde","floor":37,"turns":4},{"damage":0,"enemies":"4 Shapes","floor":38,"turns":4},{"damage":18,"enemies":"3 Darklings","floor":39,"turns":7},{"damage":96,"enemies":"Giant Head","floor":41,"turns":6}],"seed_played":"-7255613602613227550","potions_obtained":[{"floor":2,"key":"PowerPotion"},{"floor":5,"key":"SpeedPotion"},{"floor":7,"key":"FairyPotion"},{"floor":13,"key":"StancePotion"},{"floor":14,"key":"DuplicationPotion"},{"floor":23,"key":"Swift Potion"},{"floor":27,"key":"Weak Potion"},{"floor":33,"key":"DeathKnight:BottledBloodEchoes"},{"floor":35,"key":"AttackPotion"},{"floor":36,"key":"LiquidBronze"},{"floor":37,"key":"Block Potion"}],"is_trial":false,"path_per_floor":["M","M","?","M","M","R","E","R","T","M","E","M","E","M","R","B",null,"M","?","M","?","$","E","R","M","T","E","M","R","E","?","R","B",null,"M","M","M","M","M","R","E"],"character_chosen":"WATCHER","items_purchased":["Damaru","LikeWater","Jack Of All Trades","PowerPotion","Crescendo"],"campfire_rested":6,"item_purchase_floors":[22,22,22,22,22],"current_hp_per_floor":[70,70,70,70,68,68,56,72,72,72,60,59,51,46,68,48,75,62,62,55,17,17,27,49,54,54,57,27,49,39,39,75,62,75,68,73,36,41,28,65,0,0],"gold":328,"neow_bonus":"TRANSFORM_CARD","is_daily":false,"chose_seed":false,"campfire_upgraded":1,"win_rate":0.0,"timestamp":1611301172,"path_taken":["M","M","?","?","M","R","E","R","T","M","E","M","E","M","R","BOSS","M","?","M","?","$","E","R","M","T","E","M","R","E","?","R","BOSS","M","M","?","M","M","R","E"],"items_purchased_type":["Relic","Card","Card","Potion","Card"],"build_version":"2020-12-22","purchased_purges":0,"victory":false,"max_hp_per_floor":[72,72,72,72,72,72,72,72,72,72,75,75,75,75,75,75,75,75,75,75,75,75,75,75,75,75,75,75,75,75,75,75,75,75,75,75,75,75,75,75,75,75],"relic_stats":{"Regal Pillow":29,"Singing Bowl":0,"counters":[25,158],"Bloody Idol":55,"PreservedInsect":251,"Black Star":0,"War Paint":["EmptyBody","Jack Of All Trades"],"obtain_stats":[{"Regal Pillow":30,"Singing Bowl":11,"Damaru":22,"Runesmith:Locket":27,"PreservedInsect":13,"EVO:Axolotl":0,"TeardropLocket":7,"War Paint":23,"Bloody Idol":21,"HolyWater":17,"Black Star":34,"PureWater":0,"NlothsMask":3},{"Regal Pillow":18,"Singing Bowl":7,"Damaru":13,"Runesmith:Locket":16,"PreservedInsect":9,"EVO:Axolotl":0,"TeardropLocket":5,"War Paint":14,"Bloody Idol":13,"HolyWater":11,"Black Star":19,"PureWater":0,"NlothsMask":2},{"Regal Pillow":115,"Singing Bowl":41,"Damaru":87,"Runesmith:Locket":105,"PreservedInsect":48,"EVO:Axolotl":0,"TeardropLocket":24,"War Paint":93,"Bloody Idol":87,"HolyWater":77,"Black Star":128,"PureWater":0,"NlothsMask":9}]},"card_choices":[{"not_picked":["BowlingBash","Tantrum"],"picked":"LikeWater","floor":1},{"not_picked":["BowlingBash","JustLucky"],"picked":"FearNoEvil","floor":2},{"not_picked":["Worship","JustLucky"],"picked":"Protect","floor":4},{"not_picked":["FlyingSleeves","CrushJoints"],"picked":"EmptyBody","floor":5},{"not_picked":["CutThroughFate","SandsOfTime"],"picked":"ForeignInfluence","floor":7},{"not_picked":["EmptyBody","BowlingBash"],"picked":"Prostrate","floor":10},{"not_picked":["Adaptation","SignatureMove"],"picked":"DeceiveReality","floor":11},{"not_picked":["Fasting2","Protect"],"picked":"Crescendo","floor":12},{"not_picked":["ForeignInfluence","Adaptation"],"picked":"LessonLearned","floor":13},{"not_picked":["FollowUp","Protect"],"picked":"JustLucky","floor":14},{"not_picked":["Alpha","Omniscience"],"picked":"DevaForm","floor":16},{"not_picked":["EmptyFist","ClearTheMind"],"picked":"FlurryOfBlows+1","floor":18},{"not_picked":["DeceiveReality+1","EmptyMind"],"picked":"SashWhip+1","floor":20},{"not_picked":["CrushJoints","Nirvana"],"picked":"PathToVictory","floor":23},{"not_picked":["Swivel","CrushJoints"],"picked":"Indignation+1","floor":25},{"not_picked":["WaveOfTheHand","Fasting2"],"picked":"BowlingBash","floor":27},{"not_picked":["EmptyBody","MentalFortress+1"],"picked":"ClearTheMind+1","floor":28},{"not_picked":["ClearTheMind","SignatureMove+1"],"picked":"Devotion","floor":30},{"not_picked":["DevaForm","DeusExMachina"],"picked":"Ragnarok","floor":33},{"not_picked":["JustLucky","EmptyMind+1"],"picked":"Perseverance","floor":35},{"not_picked":["WreathOfFlame","Worship+1"],"picked":"Indignation","floor":36},{"not_picked":["WheelKick+1","FlyingSleeves+1"],"picked":"Conclude+1","floor":37},{"not_picked":["Vengeance","SashWhip"],"picked":"Evaluate+1","floor":38},{"not_picked":["Wallop","FlurryOfBlows+1"],"picked":"ForeignInfluence","floor":39}],"player_experience":711243,"relics_obtained":[{"floor":7,"key":"TeardropLocket"},{"floor":11,"key":"Singing Bowl"},{"floor":13,"key":"PreservedInsect"},{"floor":23,"key":"War Paint"},{"floor":27,"key":"Runesmith:Locket"},{"floor":30,"key":"Regal Pillow"}],"event_choices":[{"damage_healed":0,"gold_gain":0,"player_choice":"Trade","damage_taken":0,"relics_obtained":["NlothsMask"],"max_hp_gain":0,"max_hp_loss":0,"event_name":"FaceTrader","floor":3,"gold_loss":0},{"damage_healed":0,"gold_gain":0,"player_choice":"Ignored","damage_taken":0,"max_hp_gain":0,"max_hp_loss":0,"event_name":"Vampires","floor":19,"gold_loss":0},{"damage_healed":0,"gold_gain":0,"player_choice":" Idol ","damage_taken":38,"relics_obtained":["Bloody Idol"],"max_hp_gain":55,"max_hp_loss":17,"event_name":"betterAltar:BetterAltar","floor":21,"potions_obtained":[],"relics_lost":[],"gold_loss":0},{"damage_healed":0,"gold_gain":0,"player_choice":"Ignored","damage_taken":0,"max_hp_gain":0,"max_hp_loss":0,"event_name":"Purifier","floor":31,"gold_loss":0}],"is_beta":false,"boss_relics":[{"not_picked":["Runic Pyramid","Busted Crown"],"picked":"HolyWater"},{"not_picked":["Cursed Key","beaked:MawFillet"],"picked":"Black Star"}],"items_purged_floors":[],"is_endless":false,"potions_floor_spawned":[2,5,7,13,14,23,27,33,35,36,37],"killed_by":"Giant Head","ascension_level":1}}