{"host":"dr5ef424til0p8zn","time":1611358408,"event":{"mods":["2.2 Compatiblity","Act Like it!","BaseMod","Better Skull","Downfall","Gremlin Skip","Hallownest","Hermit","Minty Spire (QoL Compilation)","Shade Mod","StSLib","Td1madao Mod","The Bug Knight","The Hierophant","The Marked"],"gold_per_floor":[113,129,129,143,161,172,172,84,84,100,119,187,187,237,237,341,341,351,364,379,379,379,379],"floor_reached":21,"language":"ENG","playtime":2026,"items_purged":[],"score":186,"play_id":"465bca8c-fa72-41df-8977-846fdb0c7a0b","local_time":"20210123003328","is_ascension_mode":true,"campfire_choices":[{"data":"hexamod:ForkedFlame","floor":13,"key":"SMITH"},{"data":"hexamod:Float","floor":15,"key":"SMITH"}],"circlet_count":0,"master_deck":["hexamod:Strike","hexamod:Strike","hexamod:Strike","hexamod:Strike","hexamod:Defend","hexamod:Defend","hexamod:Defend","hexamod:Defend","hexamod:Float+1","hexamod:ShieldOfDarkness","hexamod:Hexaguard","hexamod:ForkedFlame+1","hexamod:PowerFromBeyond","hexamod:BacktrackSmack","hexamod:FirstSeal","hexamod:EmpoweredFlame","hexamod:FifthSeal","hexamod:InspiringFlames+1","hexamod:EtherealExpedition+1","hexamod:GhostOfSpirePast+1","hexamod:ThirdSeal","hexamod:AdvancingGuard+1","hexamod:SecondSeal","hexamod:ShieldOfDarkness+1","hexamod:FourthSeal"],"relics":["hexamod:SpiritBrand","Blue Candle","SsserpentHead","Astrolabe"],"acts_visited":["Exordium","TheCity"],"potions_floor_usage":[8,8,16,16,20,20],"damage_taken":[{"damage":4,"enemies":"2 Louse","floor":1,"turns":3},{"damage":0,"enemies":"Cultist","floor":2,"turns":4},{"damage":0,"enemies":"Small Slimes","floor":4,"turns":5},{"damage":0,"enemies":"Large Slime","floor":5,"turns":5},{"damage":0,"enemies":"Blue Slaver","floor":6,"turns":3},{"damage":0,"enemies":"downfall:FleeingMerchant","floor":8,"turns":4},{"damage":2,"enemies":"2 Fungi Beasts","floor":10,"turns":5},{"damage":0,"enemies":"Exordium Wildlife","floor":11,"turns":3},{"damage":0,"enemies":"Looter","floor":12,"turns":2},{"damage":12,"enemies":"IC_STATUS_ARCHETYPE","floor":16,"turns":5},{"damage":22,"enemies":"3 Byrds","floor":18,"turns":5},{"damage":8,"enemies":"Chosen","floor":19,"turns":5},{"damage":25,"enemies":"Centurion and Healer","floor":20,"turns":6},{"damage":34,"enemies":"Sentry and Sphere","floor":21,"turns":4}],"seed_played":"-5553041527205351855","potions_obtained":[{"floor":1,"key":"GamblersBrew"},{"floor":3,"key":"sneckomod:MuddlingPotion"},{"floor":3,"key":"Dexterity Potion"},{"floor":4,"key":"SkillPotion"},{"floor":6,"key":"Fire Potion"},{"floor":10,"key":"AttackPotion"},{"floor":12,"key":"champ:CounterPotion"},{"floor":16,"key":"SteroidPotion"},{"floor":19,"key":"champ:CounterPotion"}],"is_trial":false,"path_per_floor":["M","M","?","M","M","M","T","$","?","M","M","M","R","?","R","B",null,"M","M","M","M"],"character_chosen":"THE_SPIRIT","items_purchased":["hexamod:FirstSeal"],"campfire_rested":0,"item_purchase_floors":[8],"current_hp_per_floor":[73,73,73,73,73,73,73,73,73,77,77,77,77,82,82,70,82,60,52,34,0,0,0],"gold":379,"neow_bonus":"TEN_PERCENT_HP_BONUS","is_daily":false,"chose_seed":false,"campfire_upgraded":2,"win_rate":0.0,"timestamp":1611358408,"path_taken":["M","M","?","?","M","M","T","$","?","M","M","?","R","?","R","BOSS","M","M","M","M"],"items_purchased_type":["Card"],"build_version":"2020-12-22","purchased_purges":0,"victory":false,"max_hp_per_floor":[77,77,77,77,77,77,77,77,77,77,77,77,77,82,82,82,82,82,82,82,82,82,82],"card_choices":[{"not_picked":["hexamod:PowerFromBeyond","hexamod:Incineration"],"picked":"hexamod:ShieldOfDarkness","floor":1},{"not_picked":["hexamod:GhostLash","hexamod:AdvancingGuard"],"picked":"hexamod:Hexaguard","floor":2},{"not_picked":["hexamod:GhostLash","hexamod:InspiringFlames"],"picked":"hexamod:ForkedFlame","floor":4},{"not_picked":["hexamod:GhostLash","hexamod:GhostShield"],"picked":"hexamod:PowerFromBeyond","floor":5},{"not_picked":["hexamod:RetreatToShadows","hexamod:DynamicBlow"],"picked":"hexamod:BacktrackSmack","floor":6},{"not_picked":["hexamod:Rewind","hexamod:InspiringFlames"],"picked":"hexamod:HeatCrush","floor":8},{"not_picked":["hexamod:ExtraCrispy","hexamod:ShieldOfDarkness"],"picked":"hexamod:FlamesFromBeyond","floor":10},{"not_picked":["hexamod:GhostShield","hexamod:FlamesFromBeyond","hexamod:NightmareStrike"],"picked":"SKIP","floor":11},{"not_picked":["hexamod:GhostOfSpireFuture","hexamod:FlamesFromBeyond"],"picked":"hexamod:EmpoweredFlame","floor":12},{"not_picked":["hexamod:GhostflameInferno","hexamod:TimeOfNeed"],"picked":"hexamod:FifthSeal","floor":16},{"not_picked":["hexamod:FourthSeal","hexamod:FirstSeal"],"picked":"hexamod:ThirdSeal","floor":18},{"not_picked":["hexamod:GhostShield+1","hexamod:HeatMetal"],"picked":"hexamod:AdvancingGuard+1","floor":18},{"not_picked":["hexamod:ThirdSeal","hexamod:FirstSeal"],"picked":"hexamod:SecondSeal","floor":19},{"not_picked":["hexamod:SpectersWail","hexamod:PhantomCloak"],"picked":"hexamod:ShieldOfDarkness+1","floor":19},{"not_picked":["hexamod:SecondSeal","hexamod:StepThrough","hexamod:FifthSeal"],"picked":"SKIP","floor":19},{"not_picked":["hexamod:FirstSeal","hexamod:SecondSeal"],"picked":"hexamod:FourthSeal","floor":20},{"not_picked":["hexamod:SuperheatedStrike","hexamod:Firestarter","hexamod:NightmareGuise"],"picked":"SKIP","floor":20},{"not_picked":["hexamod:Firestarter","hexamod:ShieldOfDarkness","hexamod:SpectersWail+1"],"picked":"SKIP","floor":20}],"player_experience":514872,"relics_obtained":[{"floor":7,"key":"Blue Candle"}],"event_choices":[{"damage_healed":0,"gold_gain":0,"player_choice":"Got Potions","damage_taken":0,"max_hp_gain":0,"max_hp_loss":0,"event_name":"Lab","floor":3,"gold_loss":0},{"damage_healed":0,"gold_gain":0,"player_choice":"Trade","damage_taken":0,"relics_obtained":["SsserpentHead"],"max_hp_gain":0,"max_hp_loss":0,"event_name":"FaceTrader","floor":9,"gold_loss":0},{"damage_healed":0,"gold_gain":0,"player_choice":"Donut","damage_taken":0,"max_hp_gain":5,"max_hp_loss":0,"event_name":"Big Fish","floor":14,"gold_loss":0}],"is_beta":false,"boss_relics":[{"not_picked":["Philosopher\u0027s Stone","Empty Cage"],"picked":"Astrolabe"}],"items_purged_floors":[],"is_endless":false,"potions_floor_spawned":[1,4,6,10,12,16,19],"killed_by":"Sentry and Sphere","ascension_level":1}}