{"host":"hzinic87vu8p95wn","time":1611327299,"event":{"mods":["BaseMod","Minty Spire (QoL Compilation)"],"gold_per_floor":[110,110,110,125,46,46,76,87,87,57,86,96,131,149,149,149,149],"floor_reached":16,"language":"ENG","playtime":320,"items_purged":[],"score":276,"play_id":"aa629824-3b35-4c1a-915a-6473315dc7d5","local_time":"20210123015459","is_ascension_mode":true,"campfire_choices":[{"data":"Hologram","floor":6,"key":"SMITH"},{"floor":15,"key":"REST"}],"circlet_count":0,"master_deck":["AscendersBane","Strike_B","Strike_B","Strike_B","Defend_B","Defend_B","Defend_B+1","Defend_B","Zap","Dualcast+1","Hologram+1","Sweeping Beam","Defragment","Ball Lightning","Conserve Battery","Coolheaded"],"relics":["Cracked Core","NeowsBlessing","Kunai","Sundial","Boot","White Beast Statue"],"acts_visited":["Exordium"],"potions_floor_usage":[11,11,13,13],"damage_taken":[{"damage":0.0,"enemies":"Jaw Worm","floor":1.0,"turns":1.0},{"damage":0.0,"enemies":"2 Louse","floor":4.0,"turns":1.0},{"damage":0,"enemies":"Lagavulin","floor":7,"turns":2},{"damage":1,"enemies":"Cultist","floor":8,"turns":3},{"damage":4,"enemies":"3 Sentries","floor":11,"turns":4},{"damage":0,"enemies":"2 Fungi Beasts","floor":12,"turns":3},{"damage":30,"enemies":"Gremlin Nob","floor":13,"turns":4},{"damage":0,"enemies":"Exordium Wildlife","floor":14,"turns":2},{"damage":0,"enemies":"Hexaghost","floor":16,"turns":1}],"seed_played":"-4908084514790717620","potions_obtained":[{"floor":4.0,"key":"AttackPotion"},{"floor":7,"key":"DistilledChaos"},{"floor":11,"key":"EssenceOfSteel"},{"floor":12,"key":"EssenceOfSteel"},{"floor":14,"key":"FocusPotion"}],"is_trial":false,"path_per_floor":["M","?","?","M","$","R","E","M","T","$","E","M","E","M","R","B"],"character_chosen":"DEFECT","items_purchased":["Defragment","Ball Lightning"],"campfire_rested":1,"item_purchase_floors":[5,10],"current_hp_per_floor":[64,43,43,43,43,43,43,42,42,42,38,38,8,8,29,29,29],"gold":149,"neow_bonus":"THREE_ENEMY_KILL","is_daily":false,"chose_seed":false,"campfire_upgraded":1,"win_rate":0.0,"timestamp":1611327299,"path_taken":["M","?","?","M","$","R","E","M","T","$","E","M","E","?","R","BOSS"],"items_purchased_type":["Card","Card"],"build_version":"2020-12-22","purchased_purges":0,"victory":false,"max_hp_per_floor":[71,71,71,71,71,71,71,71,71,71,71,71,71,71,71,71,71],"card_choices":[{"not_picked":["Leap","Compile Driver"],"picked":"Hologram","floor":1.0},{"not_picked":["Compile Driver","Turbo"],"picked":"Sweeping Beam","floor":4.0},{"not_picked":["Rip and Tear","Compile Driver","Auto Shields"],"picked":"SKIP","floor":7},{"not_picked":["Sweeping Beam","Barrage","Biased Cognition"],"picked":"SKIP","floor":8},{"not_picked":["Sweeping Beam","Chill"],"picked":"Conserve Battery","floor":11},{"not_picked":["BootSequence","Ball Lightning","Steam"],"picked":"SKIP","floor":12},{"not_picked":["Compile Driver","Doom and Gloom"],"picked":"Coolheaded","floor":13},{"not_picked":["Gash","Force Field","Barrage"],"picked":"SKIP","floor":14}],"player_experience":1593798,"relics_obtained":[{"floor":7,"key":"Kunai"},{"floor":9,"key":"Sundial"},{"floor":11,"key":"Boot"},{"floor":13,"key":"White Beast Statue"}],"event_choices":[{"damage_healed":0.0,"max_hp_gain":0.0,"max_hp_loss":0.0,"gold_gain":0.0,"event_name":"Shining Light","player_choice":"Entered Light","floor":2.0,"gold_loss":0.0,"damage_taken":21.0,"cards_upgraded":["Defend_B","Dualcast"]},{"cards_removed":["Strike_B"],"damage_healed":0.0,"max_hp_gain":0.0,"max_hp_loss":0.0,"gold_gain":0.0,"event_name":"Purifier","player_choice":"Purged","floor":3.0,"gold_loss":0.0,"damage_taken":0.0}],"is_beta":false,"boss_relics":[],"items_purged_floors":[],"is_endless":false,"potions_floor_spawned":[4,7,11,12,14],"killed_by":"Hexaghost","ascension_level":18}}