{"host":"sc0o2qwpf9j16a4i","time":1611332288,"event":{"mods":["AchievementEnabler","BaseMod","BetterRewards","Block Reminder","Colored Map","Colored Powertips","Custom Start","Highlight Path","Minty Spire (QoL Compilation)","Relic Stats"],"gold_per_floor":[115,125,145,70,89,120,120,147,147,172,1,29,48,78,78,150,150,168,168,182,199,217,217,252,252,276,288,288,322,221,221,221,221,221],"floor_reached":33,"language":"ENG","playtime":1035,"items_purged":[],"score":780,"play_id":"240171b0-ca9a-4f34-9ccc-d6f50116dc3c","local_time":"20210122181808","daily_mods":["SealedDeck","Red Cards","Binary"],"is_ascension_mode":true,"campfire_choices":[{"data":"Carnage","floor":7,"key":"SMITH"},{"data":"Biased Cognition","floor":15,"key":"SMITH"},{"data":"Static Discharge","floor":23,"key":"SMITH"},{"data":"Coolheaded","floor":28,"key":"SMITH"},{"data":"Armaments","floor":32,"key":"SMITH"}],"circlet_count":0,"master_deck":["AscendersBane","Rampage+1","Reinforced Body","Static Discharge+1","Carnage+1","Sweeping Beam+1","Thunderclap","BootSequence","Self Repair","Reinforced Body","Compile Driver","Biased Cognition+1","Armaments+1","Pommel Strike","Inflame","Go for the Eyes","Reinforced Body","Recycle","Electrodynamics","Ball Lightning","Burning Pact","Corruption","Biased Cognition+1","Storm","Coolheaded+1","Battle Trance","Loop","Conserve Battery"],"relics":["Cracked Core","FossilizedHelix","Anchor","Whetstone","Question Card","Orrery","Odd Mushroom","Mercury Hourglass","Busted Crown","Blood Vial","MealTicket","Centennial Puzzle","Toxic Egg 2"],"acts_visited":["Exordium","TheCity"],"potions_floor_usage":[10,33,33],"damage_taken":[{"damage":0,"enemies":"Jaw Worm","floor":1,"turns":3},{"damage":0,"enemies":"Small Slimes","floor":2,"turns":2},{"damage":6,"enemies":"Cultist","floor":3,"turns":3},{"damage":11,"enemies":"Blue Slaver","floor":5,"turns":3},{"damage":32,"enemies":"Gremlin Nob","floor":6,"turns":4},{"damage":13,"enemies":"Lagavulin","floor":8,"turns":5},{"damage":0,"enemies":"3 Sentries","floor":10,"turns":5},{"damage":9,"enemies":"The Mushroom Lair","floor":12,"turns":3},{"damage":0,"enemies":"Exordium Wildlife","floor":13,"turns":3},{"damage":1,"enemies":"Lagavulin","floor":14,"turns":5},{"damage":0,"enemies":"Slime Boss","floor":16,"turns":5},{"damage":11,"enemies":"2 Thieves","floor":18,"turns":3},{"damage":0,"enemies":"Spheric Guardian","floor":20,"turns":3},{"damage":0,"enemies":"Snecko","floor":21,"turns":4},{"damage":24,"enemies":"Snake Plant","floor":22,"turns":4},{"damage":14,"enemies":"Slavers","floor":24,"turns":4},{"damage":12,"enemies":"3 Cultists","floor":27,"turns":3},{"damage":25,"enemies":"Gremlin Leader","floor":29,"turns":5},{"damage":62,"enemies":"Automaton","floor":33,"turns":6}],"seed_played":"5853365979397182368","potions_obtained":[{"floor":3,"key":"Explosive Potion"},{"floor":6,"key":"FearPotion"},{"floor":8,"key":"ColorlessPotion"},{"floor":14,"key":"EssenceOfDarkness"},{"floor":22,"key":"LiquidBronze"}],"is_trial":true,"path_per_floor":["M","M","M","?","M","E","R","E","T","E","$","?","M","E","R","B",null,"M","?","M","M","M","R","E","?","T","M","R","E","$","T","R","B"],"character_chosen":"DEFECT","items_purchased":["Orrery","Loop","Conserve Battery"],"campfire_rested":0,"item_purchase_floors":[11,30,30],"current_hp_per_floor":[71,71,71,71,67,42,42,36,36,43,43,41,51,57,57,57,68,64,64,71,71,54,54,47,47,47,44,44,21,36,36,36,0,0],"gold":221,"neow_bonus":"","is_daily":false,"chose_seed":false,"campfire_upgraded":5,"win_rate":0.0,"timestamp":1611332288,"path_taken":["M","M","M","?","M","E","R","E","T","E","$","?","M","E","R","BOSS","M","?","M","?","M","R","E","?","T","M","R","E","$","?","R","BOSS"],"items_purchased_type":["Relic","Card","Card"],"build_version":"2020-12-22","purchased_purges":0,"victory":false,"max_hp_per_floor":[71,71,71,71,71,71,71,71,71,71,71,71,71,71,71,71,71,71,71,71,71,71,71,71,71,71,71,71,71,71,71,71,71,71],"relic_stats":{"Blood Vial":6,"Centennial Puzzle":[3],"Busted Crown":14,"counters":[19,73],"MealTicket":15,"Whetstone":["Rampage","Sweeping Beam"],"Question Card":16,"obtain_stats":[{"Whetstone":9,"Odd Mushroom":12,"Question Card":10,"Mercury Hourglass":14,"Blood Vial":24,"Anchor":8,"Centennial Puzzle":29,"Busted Crown":17,"Orrery":11,"MealTicket":26,"Toxic Egg 2":31,"Cracked Core":0,"FossilizedHelix":6},{"Whetstone":6,"Odd Mushroom":8,"Question Card":7,"Mercury Hourglass":10,"Blood Vial":16,"Anchor":6,"Centennial Puzzle":18,"Busted Crown":11,"Orrery":7,"MealTicket":16,"Toxic Egg 2":18,"Cracked Core":0,"FossilizedHelix":5},{"Whetstone":20,"Odd Mushroom":28,"Question Card":25,"Mercury Hourglass":36,"Blood Vial":59,"Anchor":20,"Centennial Puzzle":67,"Busted Crown":41,"Orrery":25,"MealTicket":59,"Toxic Egg 2":67,"Cracked Core":0,"FossilizedHelix":15}],"Mercury Hourglass":[177]},"card_choices":[{"not_picked":["Streamline","Auto Shields"],"picked":"SKIP","floor":1},{"not_picked":["Redo"],"picked":"Compile Driver","floor":2},{"not_picked":["BootSequence","Beam Cell"],"picked":"SKIP","floor":3},{"not_picked":["Entrench","Thunderclap"],"picked":"SKIP","floor":5},{"not_picked":["Blizzard"],"picked":"Biased Cognition","floor":6},{"not_picked":["Double Energy"],"picked":"Armaments","floor":8},{"not_picked":["Turbo"],"picked":"Pommel Strike","floor":10},{"not_picked":["True Grit","Loop"],"picked":"Inflame","floor":11},{"not_picked":["Compile Driver","Redo"],"picked":"Go for the Eyes","floor":11},{"not_picked":["Compile Driver","Consume"],"picked":"Reinforced Body","floor":11},{"not_picked":["Sweeping Beam","Redo"],"picked":"Recycle","floor":11},{"not_picked":["Steam","Barrage"],"picked":"Electrodynamics","floor":11},{"not_picked":["Streamline","Spot Weakness"],"picked":"Ball Lightning","floor":12},{"not_picked":["Recycle","Ball Lightning","Fusion"],"picked":"SKIP","floor":13},{"not_picked":["Wild Strike","Havoc"],"picked":"Burning Pact","floor":14},{"not_picked":["Multi-Cast","Offering"],"picked":"Corruption","floor":16},{"not_picked":["Wild Strike"],"picked":"SKIP","floor":18},{"not_picked":[],"picked":"Storm","floor":20},{"not_picked":["Sever Soul"],"picked":"SKIP","floor":21},{"not_picked":["Flex+1"],"picked":"SKIP","floor":22},{"not_picked":["Go for the Eyes"],"picked":"SKIP","floor":24},{"not_picked":[],"picked":"Coolheaded","floor":27},{"not_picked":[],"picked":"Battle Trance","floor":29}],"player_experience":891695,"relics_obtained":[{"floor":6,"key":"FossilizedHelix"},{"floor":8,"key":"Anchor"},{"floor":9,"key":"Whetstone"},{"floor":10,"key":"Question Card"},{"floor":12,"key":"Odd Mushroom"},{"floor":14,"key":"Mercury Hourglass"},{"floor":24,"key":"Blood Vial"},{"floor":26,"key":"MealTicket"},{"floor":29,"key":"Centennial Puzzle"},{"floor":31,"key":"Toxic Egg 2"}],"event_choices":[{"cards_removed":["Pummel"],"damage_healed":0,"gold_gain":0,"player_choice":"Card Removal","damage_taken":0,"max_hp_gain":0,"max_hp_loss":0,"event_name":"The Cleric","floor":4,"gold_loss":75},{"damage_healed":0,"gold_gain":0,"player_choice":"Fought Mushrooms","damage_taken":0,"max_hp_gain":0,"max_hp_loss":0,"event_name":"Mushrooms","floor":12,"gold_loss":0},{"damage_healed":0,"gold_gain":0,"player_choice":"Copied","damage_taken":0,"max_hp_gain":0,"max_hp_loss":0,"event_name":"Duplicator","floor":19,"gold_loss":0,"cards_obtained":["Biased Cognition"]},{"damage_healed":0,"gold_gain":0,"player_choice":"Ignored","damage_taken":0,"max_hp_gain":0,"max_hp_loss":0,"event_name":"The Mausoleum","floor":25,"gold_loss":0}],"is_beta":false,"boss_relics":[{"not_picked":["Ectoplasm","SacredBark"],"picked":"Busted Crown"}],"items_purged_floors":[],"is_endless":false,"potions_floor_spawned":[3,6,8,14,18,22,24,27],"killed_by":"Automaton","ascension_level":20}}