{"host":"avws0slrk61yon7w","time":1611352381,"event":{"mods":["AchievementEnabler","Aspiration","BaseMod","BetterRewards","Conspire","DeckTracker","Downfall","Energized Spire","GifTheSpireLib","Halation","Hubris","Infinite Spire","Jedi Mod","Minty Spire (QoL Compilation)","Relic Sorter","Shop Mod","Spikes Relics","StSLib","Stuff the Spire","Trackpad","egg"],"gold_per_floor":[99,113,133,146,321,321,368,387,387,387,387],"floor_reached":9,"language":"ENG","playtime":977,"items_purged":[],"score":53,"play_id":"9aece0be-b418-4cb1-ab7c-eee9a480c28b","local_time":"20210122145301","is_ascension_mode":false,"campfire_choices":[{"data":"hexamod:Float","floor":1,"key":"SMITH"},{"floor":6,"key":"RECALL"}],"circlet_count":0,"master_deck":["hexamod:Strike","hexamod:Strike","hexamod:Strike","hexamod:Strike","hexamod:Defend","hexamod:Defend","hexamod:Defend","hexamod:Defend","hexamod:Sear","hexamod:Float+1","hexamod:HeatMetal","hexamod:FourthSeal","Doubt","hexamod:AdvancingGuard"],"relics":["hexamod:SpiritBrand"],"acts_visited":["Exordium"],"potions_floor_usage":[8,8,9],"damage_taken":[{"damage":0,"enemies":"Jaw Worm","floor":2,"turns":5},{"damage":0,"enemies":"Small Slimes","floor":3,"turns":3},{"damage":0,"enemies":"Cultist","floor":4,"turns":4},{"damage":14,"enemies":"Exordium Thugs","floor":8,"turns":7},{"damage":75,"enemies":"Gremlin Nob","floor":9,"turns":6}],"seed_played":"3342747255357435077","potions_obtained":[{"floor":3,"key":"Energy Potion"},{"floor":4,"key":"Swift Potion"},{"floor":8,"key":"BlessingOfTheForge"}],"is_trial":false,"path_per_floor":["R","M","M","M","?","R","T","M","E"],"character_chosen":"THE_SPIRIT","items_purchased":[],"campfire_rested":0,"item_purchase_floors":[],"current_hp_per_floor":[77,77,77,77,77,77,77,63,0,0,0],"gold":387,"neow_bonus":"TEN_PERCENT_HP_BONUS","is_daily":false,"chose_seed":false,"campfire_upgraded":1,"win_rate":0.0,"timestamp":1611352381,"path_taken":["R","M","M","M","?","R","T","M","E"],"items_purchased_type":[],"build_version":"2020-12-22","purchased_purges":0,"victory":false,"max_hp_per_floor":[77,77,77,77,77,77,77,77,77,77,77],"card_choices":[{"not_picked":["hexamod:FastForward","hexamod:Hexaguard"],"picked":"hexamod:HeatMetal","floor":2},{"not_picked":["hexamod:SpectersWail","hexamod:Firestarter"],"picked":"hexamod:FourthSeal","floor":3},{"not_picked":["hexamod:HauntingEcho","hexamod:PhantomCloak","hexamod:NightmareGuise"],"picked":"SKIP","floor":4},{"not_picked":["hexamod:SwordOfDarkness","hexamod:GhostLash"],"picked":"hexamod:AdvancingGuard","floor":8}],"player_experience":476903,"relics_obtained":[],"event_choices":[],"is_beta":false,"boss_relics":[],"items_purged_floors":[],"is_endless":false,"potions_floor_spawned":[3,4],"killed_by":"Gremlin Nob","ascension_level":0}}