{"host":"0c22z74nxhh6l98a","time":1611347723,"event":{"mods":["BaseMod","BetterRewards","Card Forge","GungeonMod","Hubris","Infinite Spire","Minty Spire (QoL Compilation)","Potionbrewer","Shop Mod","StSLib"],"gold_per_floor":[118,268,287,297,53,168,168,210,210,267,267,25,42,52,52,213,213,321,163,210,318,318,343,343,444,468,468,517,517,201,302,302,470,470,571,585,694,800,902,913,913,275,275,306,306,428,71,102,102,192,192,192,107,222,312],"floor_reached":56,"language":"ENG","playtime":4591,"items_purged":[],"score":3561,"play_id":"185ddbec-a81f-4514-82b2-a9cf0e5da492","local_time":"20210122143523","is_ascension_mode":true,"campfire_choices":[{"floor":7,"key":"RECALL"},{"data":"After Image","floor":11,"key":"SMITH"},{"data":"Reflex","floor":15,"key":"SMITH"},{"data":"Reflex","floor":24,"key":"SMITH"},{"data":"Adrenaline","floor":32,"key":"SMITH"},{"data":"Prepared","floor":41,"key":"SMITH"},{"data":"Prepared","floor":45,"key":"SMITH"},{"data":"Prepared","floor":49,"key":"SMITH"},{"data":"After Image","floor":52,"key":"SMITH"}],"circlet_count":0,"master_deck":["AscendersBane","After Image+1","Adrenaline+1","Venomology+1","Blade Dance","Calculated Gamble+1","Escape Plan","infinitespire:Neurotoxin+1","Prepared+1","Reflex+1","hubris:Sniper","Tactician","DemoMod:Deposit+1","Adrenaline+1","Venomology+1","Calculated Gamble+1","infinitespire:Neurotoxin+1","Prepared+1","Reflex+1","hubris:Sniper","Tactician","DemoMod:Deposit+1","Venomology+1","Adrenaline+1","Calculated Gamble+1","Escape Plan","infinitespire:Neurotoxin+1","Prepared+1","Reflex","hubris:Sniper","Tactician","DemoMod:Deposit+1","Adrenaline+1","Prepared+1","After Image+1","Prepared","Finesse","Prepared"],"relics":["Ring of the Serpent","Hammer of Thor","Seething Fire","Anvil of the Gods","MerchantsRug","hubris:SlimyHat","infinitespire:Beetle Shell","DemoMod:GundromedaStrain","Toolbox","DemoMod:AgedBell","Tingsha","CaptainsWheel","hubris:MedicalManual","Sling","DemoMod:BlueGuonStone","hubris:AncientText","DemoMod:GlassGuonStoneRelic","Eternal Feather","Calipers","TwistedFunnel","Runic Pyramid","hubris:ToyBattleship","Omamori","MutagenicStrength","Frozen Eye","infinitespire:PuzzleCube","Orichalcum","OrangePellets","potionbrewer:ToyAutogyro","Du-Vu Doll","potionbrewer:DrinkingBird","Tough Bandages","Kunai","Strawberry","The Specimen"],"acts_visited":["Exordium","TheCity","TheBeyond","TheEnding"],"potions_floor_usage":[1,3,6,6,8,8,16,16,18,20,20,21,21,21,23,23,23,25,25,25,25,25,25,28,28,28,31,31,33,34,35,35,36,37,37,37,38,38,38,39,39,39,40,40,40,44,48,50,50,50,50,55,55,55,55,55],"damage_taken":[{"damage":4,"enemies":"Small Slimes","floor":1,"turns":3},{"damage":0,"enemies":"2 Louse","floor":3,"turns":2},{"damage":0,"enemies":"Jaw Worm","floor":4,"turns":1},{"damage":0,"enemies":"Lagavulin","floor":6,"turns":1},{"damage":0,"enemies":"2 Fungi Beasts","floor":8,"turns":1},{"damage":0,"enemies":"Gremlin Nob","floor":10,"turns":1},{"damage":0,"enemies":"3 Louse","floor":13,"turns":1},{"damage":0,"enemies":"Red Slaver","floor":14,"turns":1},{"damage":0,"enemies":"The Guardian","floor":16,"turns":2},{"damage":0,"enemies":"3 Byrds","floor":18,"turns":2},{"damage":0,"enemies":"Shell Parasite","floor":20,"turns":1},{"damage":0,"enemies":"Shelled Parasite and Fungi","floor":21,"turns":3},{"damage":0,"enemies":"Book of Stabbing","floor":23,"turns":1},{"damage":0,"enemies":"Cultist and Chosen","floor":25,"turns":1},{"damage":0,"enemies":"Snake Plant","floor":28,"turns":1},{"damage":0,"enemies":"Centurion and Healer","floor":31,"turns":3},{"damage":0,"enemies":"Automaton","floor":33,"turns":2},{"damage":0,"enemies":"3 Darklings","floor":35,"turns":2},{"damage":0,"enemies":"Orb Walker","floor":36,"turns":2},{"damage":0,"enemies":"Spire Growth","floor":37,"turns":1},{"damage":0,"enemies":"Maw","floor":38,"turns":1},{"damage":0,"enemies":"Jaw Worm Horde","floor":39,"turns":1},{"damage":0,"enemies":"Spire Growth","floor":40,"turns":1},{"damage":0,"enemies":"Nemesis","floor":44,"turns":1},{"damage":0,"enemies":"Giant Head","floor":46,"turns":1},{"damage":0,"enemies":"Reptomancer","floor":48,"turns":1},{"damage":0,"enemies":"infinitespire:MassOfShapes","floor":50,"turns":1},{"damage":0,"enemies":"Shield and Spear","floor":54,"turns":1},{"damage":3,"enemies":"The Heart","floor":55,"turns":3}],"seed_played":"-7997982381435939094","potions_obtained":[{"floor":13,"key":"DuplicationPotion"},{"floor":16,"key":"EssenceOfSteel"},{"floor":25,"key":"potionbrewer:NoxiousPotion"},{"floor":28,"key":"Swift Potion"},{"floor":44,"key":"potionbrewer:HastePotion"}],"is_trial":false,"path_per_floor":["M","?","M","M","$","E","R","M","T","E","R","$","M","M","R","B",null,"M","$","M","M","AVR","E","R","M","T","?","M","?","$","M","R","B",null,"M","M","M","M","M","M","R","$","T","E","R","E","$","E","R","B",null,"R","$","E","B",null],"character_chosen":"THE_SILENT","items_purchased":["MerchantsRug","hubris:SlimyHat","infinitespire:Beetle Shell","Toolbox","Tingsha","CaptainsWheel","Sling","hubris:TenFootPole","DemoMod:BlueGuonStone","Calipers","TwistedFunnel","Frozen Eye","Tiny Chest","infinitespire:PuzzleCube","Finesse","Orichalcum","OrangePellets","GamblersBrew","Tough Bandages","Kunai","Strawberry"],"campfire_rested":0,"item_purchase_floors":[0,0,0,0,0,0,0,0,5,12,19,30,30,42,42,42,42,42,47,47,53],"current_hp_per_floor":[60,60,60,60,60,60,60,60,60,60,66,66,66,66,66,66,66,66,66,66,66,66,66,66,66,66,66,66,66,66,66,66,66,66,66,66,66,66,66,66,66,66,66,66,66,66,66,66,66,66,66,66,73,73,70],"gold":312,"neow_bonus":"","is_daily":false,"chose_seed":false,"campfire_upgraded":8,"win_rate":0.0,"timestamp":1611347723,"path_taken":["M","?","M","M","$","E","R","M","T","E","R","$","M","M","R","BOSS","M","$","M","M","AVR","E","R","M","T","?","M","?","$","M","R","BOSS","M","M","M","M","M","M","R","$","T","E","R","E","$","E","R","BOSS","R","$","E","BOSS"],"items_purchased_type":["Relic","Relic","Relic","Relic","Relic","Relic","Relic","Relic","Relic","Relic","Relic","Relic","Relic","Relic","Card","Relic","Relic","Potion","Relic","Relic","Relic"],"build_version":"2020-12-22","purchased_purges":0,"victory":true,"max_hp_per_floor":[66,66,66,66,66,66,66,66,66,66,66,66,66,66,66,66,66,66,66,66,66,66,66,66,66,66,66,66,66,66,66,66,66,66,66,66,66,66,66,66,66,66,66,66,66,66,66,66,66,66,66,66,73,73,73],"card_choices":[{"not_picked":["Skewer","Flying Knee","Outmaneuver"],"picked":"SKIP","floor":1},{"not_picked":["Backflip","Accuracy","Caltrops"],"picked":"SKIP","floor":3},{"not_picked":["Dagger Spray","Underhanded Strike","Glass Knife"],"picked":"SKIP","floor":4},{"not_picked":["Sucker Punch","Dagger Throw","Underhanded Strike"],"picked":"SKIP","floor":6},{"not_picked":["Blade Dance","Quick Slash","Deflect"],"picked":"SKIP","floor":8},{"not_picked":["Poisoned Stab","Outmaneuver","Underhanded Strike"],"picked":"SKIP","floor":10},{"not_picked":["Poisoned Stab","Blade Dance","Choke"],"picked":"SKIP","floor":13},{"not_picked":["Dodge and Roll","Outmaneuver","PiercingWail"],"picked":"SKIP","floor":14},{"not_picked":["Venomology","Grand Finale"],"picked":"Adrenaline","floor":16},{"not_picked":["Masterful Stab","Heel Hook","Dodge and Roll"],"picked":"SKIP","floor":18},{"not_picked":["Outmaneuver","Underhanded Strike+1","Dagger Spray+1"],"picked":"SKIP","floor":20},{"not_picked":["Backflip","hubris:SlightOfHand"],"picked":"Prepared","floor":21},{"not_picked":["Backflip","Sucker Punch+1","Bouncing Flask","potionbrewer:IronFist"],"picked":"SKIP","floor":23},{"not_picked":["Choke","Cloak And Dagger","Deflect","potionbrewer:TheFinalStraw"],"picked":"SKIP","floor":25},{"not_picked":["Finisher+1","Crippling Poison","Footwork","potionbrewer:HazardousWaste"],"picked":"SKIP","floor":28},{"not_picked":["Dagger Throw","Bane","hubris:TrickCloak","potionbrewer:Refill"],"picked":"SKIP","floor":31},{"not_picked":["Cloak And Dagger","Tactician","Flechettes","potionbrewer:Discombobulate"],"picked":"SKIP","floor":35},{"not_picked":["Backflip","Caltrops","potionbrewer:WizBang"],"picked":"Prepared","floor":36},{"not_picked":["All Out Attack","Tactician","Deadly Poison+1","potionbrewer:BlindingMist"],"picked":"SKIP","floor":37},{"not_picked":["Deflect","Catalyst","Heel Hook","potionbrewer:WizBang"],"picked":"SKIP","floor":38},{"not_picked":["Deflect+1","Concentrate+1","Endless Agony+1","potionbrewer:FuelCell"],"picked":"SKIP","floor":39},{"not_picked":["Quick Slash","Unload","Catalyst","potionbrewer:EmptyBottle"],"picked":"SKIP","floor":40},{"not_picked":["Deflect","Slice","Grand Finale","potionbrewer:QuickStep"],"picked":"SKIP","floor":44},{"not_picked":["Backflip","Wraith Form v2","potionbrewer:EmptyBottle"],"picked":"Prepared","floor":46},{"not_picked":["Quick Slash","Acrobatics","Concentrate"],"picked":"SKIP","floor":48},{"not_picked":["Cloak And Dagger","Dagger Throw+1","Dodge and Roll"],"picked":"SKIP","floor":54}],"player_experience":957522,"relics_obtained":[{"floor":6,"key":"hubris:AncientText"},{"floor":10,"key":"Eternal Feather"},{"floor":23,"key":"hubris:ToyBattleship"},{"floor":26,"key":"Omamori"},{"floor":43,"key":"potionbrewer:ToyAutogyro"},{"floor":44,"key":"Du-Vu Doll"},{"floor":46,"key":"potionbrewer:DrinkingBird"},{"floor":48,"key":"Darkstone Periapt"},{"floor":54,"key":"The Specimen"}],"event_choices":[{"damage_healed":0,"gold_gain":150,"player_choice":"AGREE","damage_taken":0,"max_hp_gain":0,"max_hp_loss":0,"event_name":"Liars Game","floor":2,"gold_loss":0,"cards_obtained":["Doubt"]},{"damage_healed":0,"gold_gain":0,"player_choice":"Inject Mutagens","damage_taken":0,"relics_obtained":["MutagenicStrength"],"max_hp_gain":0,"max_hp_loss":0,"event_name":"Drug Dealer","floor":27,"gold_loss":0},{"damage_healed":0,"gold_gain":0,"player_choice":"Read","damage_taken":0,"max_hp_gain":0,"max_hp_loss":0,"event_name":"The Library","floor":29,"gold_loss":0,"cards_obtained":["After Image"]}],"is_beta":false,"boss_relics":[{"not_picked":["Ectoplasm","SlaversCollar"],"picked":"Ring of the Serpent"},{"not_picked":["Pandora\u0027s Box","Runic Dome"],"picked":"hubris:HollowSoul"}],"items_purged_floors":[],"is_endless":false,"potions_floor_spawned":[3,10,13,16,20,25,28,35,37,44,46,48],"ascension_level":19}}