{"host":"ao4lxi9bhtts409i","time":1611321669,"event":{"mods":["AchievementEnabler","BaseMod","Colored Map","Colored Powertips","Minty Spire (QoL Compilation)","SuperFastMode"],"gold_per_floor":[15,30,30,6,18,44,44,78,102,102,102,102,102,121,121,121,121],"floor_reached":16,"language":"ENG","playtime":534,"items_purged":[],"score":149,"play_id":"70af8b46-1a10-4502-a71b-77d6868fe6f6","local_time":"20210122142109","is_ascension_mode":true,"campfire_choices":[{"floor":7,"key":"REST"},{"floor":10,"key":"REST"},{"data":"Neutralize","floor":13,"key":"SMITH"},{"data":"Dash","floor":15,"key":"SMITH"}],"circlet_count":0,"master_deck":["Strike_G","Strike_G","Strike_G","Strike_G","Defend_G","Defend_G","Defend_G","Defend_G","Defend_G","Survivor","Neutralize+1","Dagger Spray","Dash+1","Corpse Explosion","Deadly Poison","Crippling Poison","Poisoned Stab","Caltrops","Acrobatics"],"relics":["Ring of the Snake","Anchor","Potion Belt","Tiny Chest","Lantern"],"acts_visited":["Exordium"],"potions_floor_usage":[6,16],"damage_taken":[{"damage":6,"enemies":"Jaw Worm","floor":1,"turns":6},{"damage":0,"enemies":"Cultist","floor":2,"turns":4},{"damage":2,"enemies":"Small Slimes","floor":5,"turns":3},{"damage":40,"enemies":"Gremlin Nob","floor":6,"turns":5},{"damage":15,"enemies":"Lagavulin","floor":8,"turns":5},{"damage":0,"enemies":"Exordium Wildlife","floor":14,"turns":2},{"damage":59,"enemies":"Slime Boss","floor":16,"turns":11}],"seed_played":"178829992138153618","potions_obtained":[{"floor":2,"key":"SteroidPotion"},{"floor":14,"key":"AttackPotion"}],"is_trial":false,"path_per_floor":["M","M","?","$","M","E","R","E","T","R","?","?","R","M","R","B"],"character_chosen":"THE_SILENT","items_purchased":["Deadly Poison"],"campfire_rested":2,"item_purchase_floors":[4],"current_hp_per_floor":[78,78,78,78,76,36,61,46,46,71,53,58,58,58,58,0,0],"gold":121,"neow_bonus":"TWENTY_PERCENT_HP_BONUS","is_daily":false,"chose_seed":false,"campfire_upgraded":2,"win_rate":0.0,"timestamp":1611321669,"path_taken":["M","M","?","$","?","E","R","E","T","R","?","?","R","M","R","BOSS"],"items_purchased_type":["Card"],"build_version":"2020-12-22","purchased_purges":0,"victory":false,"max_hp_per_floor":[84,84,84,84,84,84,84,84,84,84,84,89,89,89,89,89,89],"card_choices":[{"not_picked":["Deadly Poison","Flying Knee"],"picked":"Dagger Spray","floor":1},{"not_picked":["Bouncing Flask","Flechettes"],"picked":"Dash","floor":2},{"not_picked":["Dagger Spray","Bouncing Flask"],"picked":"Crippling Poison","floor":5},{"not_picked":["Bouncing Flask","All Out Attack"],"picked":"Poisoned Stab","floor":6},{"not_picked":["Cloak And Dagger","Dagger Throw"],"picked":"Caltrops","floor":8},{"not_picked":["Deadly Poison","Infinite Blades"],"picked":"Acrobatics","floor":14}],"player_experience":237261,"relics_obtained":[{"floor":6,"key":"Anchor"},{"floor":8,"key":"Potion Belt"},{"floor":9,"key":"Tiny Chest"}],"event_choices":[{"damage_healed":0,"gold_gain":0,"cards_transformed":["Strike_G"],"player_choice":"Transformed","damage_taken":0,"max_hp_gain":0,"max_hp_loss":0,"event_name":"Transmorgrifier","floor":3,"gold_loss":0,"cards_obtained":["Corpse Explosion"]},{"damage_healed":0,"gold_gain":0,"player_choice":"Success","damage_taken":18,"relics_obtained":["Lantern"],"max_hp_gain":0,"max_hp_loss":0,"event_name":"Scrap Ooze","floor":11,"gold_loss":0},{"damage_healed":0,"gold_gain":0,"player_choice":"Donut","damage_taken":0,"max_hp_gain":5,"max_hp_loss":0,"event_name":"Big Fish","floor":12,"gold_loss":0}],"is_beta":false,"boss_relics":[],"items_purged_floors":[],"is_endless":false,"potions_floor_spawned":[2,14],"killed_by":"Slime Boss","ascension_level":3}}