{"host":"irrizrmw64do51k7","time":1611342446,"event":{"mods":["AchievementEnabler","BaseMod","Better Altar","Better Match","Better Note","Better Sensory Stone","Better Skull","Better Third Choice","BetterRewards","Card Forge","Colored Map","Colored Powertips","Curses Come First","DeckTracker","Good Game Mod","Infinite Spire","Minty Spire (QoL Compilation)","Quick Restart","Relic Stats","Shop Mod","StSLib"],"gold_per_floor":[115,135,154,224,242,268,268,295,295,295,357,357,371,383,383,485,485,498,498,498,512,529,529,562,562,562,562,562],"floor_reached":27,"language":"ENG","playtime":1447,"items_purged":[],"score":328,"play_id":"0b9c4f53-a0f7-4659-9456-f5193a245efa","local_time":"20210122110726","is_ascension_mode":true,"campfire_choices":[{"floor":7.0,"key":"REST"},{"floor":10.0,"key":"REST"},{"floor":12.0,"key":"REST"},{"data":"Demon Form","floor":15.0,"key":"SMITH"},{"data":"Inflame","floor":23.0,"key":"SMITH"}],"circlet_count":0,"master_deck":["Strike_R","Strike_R","Strike_R","Strike_R","Strike_R","Defend_R","Defend_R","Defend_R","Defend_R","Bash+1","Demon Form+1","Inflame","Cleave","Thunderclap","Iron Wave","Cleave","Warcry","Hemokinesis","Flame Barrier","Pummel","Inflame+1","Dropkick","Reaper","Pommel Strike","J.A.X.","Heavy Blade","Shockwave+1","Dropkick+1","Disarm","Flame Barrier"],"relics":["Black Blood","Hammer of Thor","Seething Fire","Anvil of the Gods","REME:ComplimentaryCards","White Beast Statue","CaptainsWheel","Prayer Wheel","Champion Belt","Du-Vu Doll","betterThird:NestCultRelic","Blue Candle"],"acts_visited":["Exordium","TheCity"],"potions_floor_usage":[27],"damage_taken":[{"damage":19.0,"enemies":"2 Louse","floor":1.0,"turns":4.0},{"damage":10.0,"enemies":"Small Slimes","floor":2.0,"turns":3.0},{"damage":13.0,"enemies":"Jaw Worm","floor":3.0,"turns":4.0},{"damage":19.0,"enemies":"Blue Slaver","floor":5.0,"turns":4.0},{"damage":30.0,"enemies":"Lagavulin","floor":6.0,"turns":6.0},{"damage":16.0,"enemies":"Gremlin Nob","floor":8.0,"turns":3.0},{"damage":24.0,"enemies":"Lagavulin Event","floor":11.0,"turns":4.0},{"damage":17.0,"enemies":"Looter","floor":13.0,"turns":4.0},{"damage":10.0,"enemies":"3 Louse","floor":14.0,"turns":3.0},{"damage":25.0,"enemies":"Hexaghost","floor":16.0,"turns":5.0},{"damage":14.0,"enemies":"Chosen","floor":18.0,"turns":5.0},{"damage":35.0,"enemies":"3 Byrds","floor":21.0,"turns":5.0},{"damage":47.0,"enemies":"Cultist and Chosen","floor":22.0,"turns":6.0},{"damage":44.0,"enemies":"Gremlin Leader","floor":24.0,"turns":7.0},{"damage":29,"enemies":"3 Cultists","floor":27,"turns":4}],"seed_played":"2984359162945074844","potions_obtained":[{"floor":3.0,"key":"BlessingOfTheForge"},{"floor":8.0,"key":"PowerPotion"},{"floor":11.0,"key":"FearPotion"},{"floor":13.0,"key":"PowerPotion"},{"floor":14.0,"key":"Swift Potion"},{"floor":16.0,"key":"Weak Potion"},{"floor":21.0,"key":"Dexterity Potion"},{"floor":24.0,"key":"Block Potion"}],"is_trial":false,"path_per_floor":["M","M","M","?","M","E","R","E","T","R","?","R","M","M","R","B",null,"M","AVR","?","M","M","R","E","?","T","M"],"character_chosen":"IRONCLAD","items_purchased":[],"campfire_rested":3,"item_purchase_floors":[],"current_hp_per_floor":[59,55,48,48,35,11,35,25,25,49,31,55,44,40,40,21,65,67,67,67,60,41,41,14,14,14,0,0],"gold":562,"neow_bonus":"UPGRADE_CARD","is_daily":false,"chose_seed":false,"campfire_upgraded":2,"win_rate":0.0,"timestamp":1611342446,"path_taken":["M","M","M","?","M","E","R","E","T","R","?","R","M","M","R","BOSS","M","AVR","?","M","M","R","E","?","T","M"],"items_purchased_type":[],"build_version":"2020-12-22","purchased_purges":0,"victory":false,"max_hp_per_floor":[80,80,80,80,80,80,80,80,80,80,80,80,80,80,80,80,80,80,80,80,80,80,80,80,80,80,80,80],"relic_stats":{"counters":[168,673],"Blue Candle":[0],"Black Blood":108,"Prayer Wheel":5,"Champion Belt":[12],"obtain_stats":[{"Golden Egg":22,"Ginger":0,"Boot":6,"FrozenCore":17,"Old Coin":26,"Replay:Wanted Poster":17,"infinitespire:ShieldingShard":26,"Sundial":7,"Necronomicon":24,"Kunai":8,"Replay:Bottled Steam":28,"MerchantsRug":5,"Blue Candle":26,"Eternal Feather":43,"Pen Nib":27,"infinitespire:Magic Flask":0,"Cables":0,"infinitespire:Lychee Nut":0,"CultistMask":0,"Unceasing Top":9,"Solar Panel":0,"Torii":38,"Singing Bowl":0,"animator:TheMissingPiece":0,"Blue Doll":0,"Bag of Preparation":27,"Pet Ghost":49,"Matryoshka":9,"Shovel":43,"infinitespire:Bottled Soul":76,"Replay:Bottled Eggs":37,"Ring of Panic":22,"InkBottle":57,"NeowsBlessing":0,"Circlet":0,"Thread and Needle":0,"infinitespire:Joker Card":12,"PreservedInsect":9,"The Courier":22,"betterThird:NestCultRelic":25,"Geode":0,"Seething Fire":0,"infinitespire:CheckeredPen":0,"infinitespire:Lucky Rock":22,"Ring of Greed":22,"Frozen Egg 2":77,"Replay:Arrowhead":36,"Nuclear Battery":17,"Busted Crown":34,"betterThird:SlimedRelic":0,"Orrery":0,"animator:LivingPicture":0,"Turnip":0,"Art of War":74,"Bottled Lightning":56,"Champion Belt":11,"infinitespire:Freezer":38,"infinitespire:Midas Blood":9,"Ice Cream":0,"Calipers":0,"Tiny House":17,"CeramicFish":6,"Hammer of Thor":0,"Centennial Puzzle":8,"infinitespire:SolderingIron":40,"HornCleat":41,"Strawberry":10,"Prayer Wheel":37,"Philosopher\u0027s Stone":0,"Toxic Egg 2":30,"Happy Flower":0,"ReplayTheSpireMod:CursedCoin":0,"Oddly Smooth Stone":0,"infinitespire:Beetle Shell":10,"Letter Opener":26,"Question Card":20,"Du-Vu Doll":27,"OrangePellets":0,"Anvil of the Gods":0,"Bronze Scales":43,"Simple Rune":0,"infinitespire:EmpoweringShard":7,"Black Star":34,"Pocketwatch":27,"Black Blood":17,"Incense Burner":0,"Juzu Bracelet":8,"Empty Cage":68,"Dream Catcher":26,"Nunchaku":44,"Gambling Chip":0,"Red Mask":21,"Cracked Core":21,"BargainBundle":0,"ReplayTheSpireMod:Ninjato":24,"infinitespire:CursedDice":31,"Quantum Egg":52,"Odd Mushroom":65,"Orichalcum":27,"White Beast Statue":26,"Peace Pipe":29,"Strange Spoon":36,"REME:ComplimentaryCards":0,"CaptainsWheel":0,"DataDisk":48,"Anchor":62,"infinitespire:WardingShard":13,"FossilizedHelix":27},{"Golden Egg":105,"Ginger":70,"Boot":28,"FrozenCore":101,"Old Coin":142,"Replay:Wanted Poster":80,"infinitespire:ShieldingShard":40,"Sundial":131,"Necronomicon":105,"Kunai":95,"Replay:Bottled Steam":107,"MerchantsRug":93,"Blue Candle":167,"Eternal Feather":50,"Pen Nib":85,"infinitespire:Magic Flask":70,"Cables":3,"infinitespire:Lychee Nut":91,"CultistMask":124,"Unceasing Top":10,"Solar Panel":70,"Torii":47,"Singing Bowl":124,"animator:TheMissingPiece":0,"Blue Doll":70,"Bag of Preparation":19,"Pet Ghost":116,"Matryoshka":29,"Shovel":113,"infinitespire:Bottled Soul":69,"Replay:Bottled Eggs":90,"Ring of Panic":105,"InkBottle":58,"NeowsBlessing":0,"Circlet":118,"Thread and Needle":124,"infinitespire:Joker Card":12,"PreservedInsect":76,"The Courier":105,"betterThird:NestCultRelic":167,"Geode":70,"Seething Fire":0,"infinitespire:CheckeredPen":3,"infinitespire:Lucky Rock":18,"Ring of Greed":105,"Frozen Egg 2":69,"Replay:Arrowhead":89,"Nuclear Battery":34,"Busted Crown":45,"betterThird:SlimedRelic":124,"Orrery":70,"animator:LivingPicture":0,"Turnip":3,"Art of War":68,"Bottled Lightning":57,"Champion Belt":160,"infinitespire:Freezer":47,"infinitespire:Midas Blood":76,"Ice Cream":3,"Calipers":3,"Tiny House":15,"CeramicFish":94,"Hammer of Thor":0,"Centennial Puzzle":10,"infinitespire:SolderingIron":48,"HornCleat":113,"Strawberry":77,"Prayer Wheel":90,"Philosopher\u0027s Stone":124,"Toxic Egg 2":145,"Happy Flower":124,"ReplayTheSpireMod:CursedCoin":91,"Oddly Smooth Stone":118,"infinitespire:Beetle Shell":30,"Letter Opener":106,"Question Card":139,"Du-Vu Doll":41,"OrangePellets":124,"Anvil of the Gods":0,"Bronze Scales":50,"Simple Rune":91,"infinitespire:EmpoweringShard":10,"Black Star":146,"Pocketwatch":143,"Black Blood":163,"Incense Burner":70,"Juzu Bracelet":76,"Empty Cage":63,"Dream Catcher":84,"Nunchaku":114,"Gambling Chip":3,"Red Mask":18,"Cracked Core":18,"BargainBundle":70,"ReplayTheSpireMod:Ninjato":84,"infinitespire:CursedDice":88,"Quantum Egg":117,"Odd Mushroom":62,"Orichalcum":106,"White Beast Statue":84,"Peace Pipe":86,"Strange Spoon":89,"REME:ComplimentaryCards":0,"CaptainsWheel":3,"DataDisk":52,"Anchor":60,"infinitespire:WardingShard":136,"FossilizedHelix":106},{"Golden Egg":397,"Ginger":242,"Boot":104,"FrozenCore":383,"Old Coin":553,"Replay:Wanted Poster":293,"infinitespire:ShieldingShard":146,"Sundial":498,"Necronomicon":397,"Kunai":368,"Replay:Bottled Steam":404,"MerchantsRug":362,"Blue Candle":669,"Eternal Feather":188,"Pen Nib":313,"infinitespire:Magic Flask":242,"Cables":5,"infinitespire:Lychee Nut":357,"CultistMask":469,"Unceasing Top":25,"Solar Panel":242,"Torii":175,"Singing Bowl":469,"animator:TheMissingPiece":0,"Blue Doll":242,"Bag of Preparation":71,"Pet Ghost":440,"Matryoshka":108,"Shovel":426,"infinitespire:Bottled Soul":241,"Replay:Bottled Eggs":346,"Ring of Panic":397,"InkBottle":210,"NeowsBlessing":0,"Circlet":444,"Thread and Needle":469,"infinitespire:Joker Card":33,"PreservedInsect":266,"The Courier":397,"betterThird:NestCultRelic":669,"Geode":242,"Seething Fire":0,"infinitespire:CheckeredPen":5,"infinitespire:Lucky Rock":63,"Ring of Greed":397,"Frozen Egg 2":241,"Replay:Arrowhead":335,"Nuclear Battery":125,"Busted Crown":170,"betterThird:SlimedRelic":469,"Orrery":242,"animator:LivingPicture":0,"Turnip":5,"Art of War":236,"Bottled Lightning":208,"Champion Belt":634,"infinitespire:Freezer":175,"infinitespire:Midas Blood":266,"Ice Cream":5,"Calipers":5,"Tiny House":51,"CeramicFish":365,"Hammer of Thor":0,"Centennial Puzzle":25,"infinitespire:SolderingIron":180,"HornCleat":426,"Strawberry":273,"Prayer Wheel":339,"Philosopher\u0027s Stone":469,"Toxic Egg 2":569,"Happy Flower":469,"ReplayTheSpireMod:CursedCoin":357,"Oddly Smooth Stone":444,"infinitespire:Beetle Shell":111,"Letter Opener":401,"Question Card":534,"Du-Vu Doll":151,"OrangePellets":469,"Anvil of the Gods":0,"Bronze Scales":188,"Simple Rune":357,"infinitespire:EmpoweringShard":25,"Black Star":577,"Pocketwatch":556,"Black Blood":646,"Incense Burner":242,"Juzu Bracelet":266,"Empty Cage":222,"Dream Catcher":308,"Nunchaku":431,"Gambling Chip":5,"Red Mask":63,"Cracked Core":63,"BargainBundle":242,"ReplayTheSpireMod:Ninjato":308,"infinitespire:CursedDice":326,"Quantum Egg":441,"Odd Mushroom":218,"Orichalcum":401,"White Beast Statue":308,"Peace Pipe":318,"Strange Spoon":335,"REME:ComplimentaryCards":0,"CaptainsWheel":5,"DataDisk":193,"Anchor":214,"infinitespire:WardingShard":519,"FossilizedHelix":401}]},"card_choices":[{"not_picked":["Clash","Uppercut"],"picked":"Inflame","floor":1.0},{"not_picked":["True Grit","Armaments"],"picked":"Cleave","floor":2.0},{"not_picked":["Rupture","Wild Strike"],"picked":"Thunderclap","floor":3.0},{"not_picked":["Flex","Sword Boomerang"],"picked":"Iron Wave","floor":5.0},{"not_picked":["Searing Blow","Carnage"],"picked":"Cleave","floor":6.0},{"not_picked":["Fire Breathing","Infernal Blade"],"picked":"Warcry","floor":8.0},{"not_picked":["Power Through","True Grit"],"picked":"Hemokinesis","floor":11.0},{"not_picked":["Second Wind","Hemokinesis"],"picked":"Flame Barrier","floor":13.0},{"not_picked":["Searing Blow","Flex"],"picked":"Pummel","floor":13.0},{"not_picked":["Perfected Strike","Warcry"],"picked":"Inflame","floor":14.0},{"not_picked":["Infernal Blade","Armaments"],"picked":"Dropkick","floor":14.0},{"not_picked":["Offering","Impervious"],"picked":"Reaper","floor":16.0},{"not_picked":["Anger","Second Wind"],"picked":"Pommel Strike","floor":18.0},{"not_picked":["Sword Boomerang","Infernal Blade","True Grit"],"picked":"SKIP","floor":18.0},{"not_picked":["Armaments+1","Rage+1"],"picked":"Heavy Blade","floor":21.0},{"not_picked":["True Grit","Twin Strike"],"picked":"Shockwave+1","floor":21.0},{"not_picked":["Intimidate","Berserk"],"picked":"Dropkick+1","floor":22.0},{"not_picked":["Body Slam+1","Flex+1"],"picked":"Disarm","floor":22.0},{"not_picked":["Iron Wave","Power Through"],"picked":"Flame Barrier","floor":24.0}],"player_experience":507700,"relics_obtained":[{"floor":6.0,"key":"White Beast Statue"},{"floor":8.0,"key":"CaptainsWheel"},{"floor":9.0,"key":"Prayer Wheel"},{"floor":11.0,"key":"Champion Belt"},{"floor":24.0,"key":"Du-Vu Doll"},{"floor":26.0,"key":"Blue Candle"}],"event_choices":[{"damage_healed":0.0,"max_hp_gain":0.0,"max_hp_loss":0.0,"gold_gain":70.0,"event_name":"Golden Wing","player_choice":"Gained Gold","floor":4.0,"gold_loss":0.0,"damage_taken":0.0},{"damage_healed":0.0,"max_hp_gain":0.0,"max_hp_loss":0.0,"gold_gain":0.0,"event_name":"Dead Adventurer","player_choice":"Searched \u00271\u0027 times","floor":11.0,"gold_loss":0.0,"damage_taken":0.0},{"damage_healed":0.0,"max_hp_gain":0.0,"max_hp_loss":0.0,"gold_gain":0.0,"event_name":"Drug Dealer","player_choice":"Obtain J.A.X.","floor":20.0,"gold_loss":0.0,"damage_taken":0.0,"cards_obtained":["J.A.X."]},{"damage_healed":0.0,"max_hp_gain":0.0,"max_hp_loss":0.0,"gold_gain":0.0,"event_name":"betterThird:BetterNest","player_choice":"Madness","floor":25.0,"gold_loss":0.0,"damage_taken":0.0,"relics_obtained":["betterThird:NestCultRelic"]}],"is_beta":false,"boss_relics":[{"not_picked":["SlaversCollar","Busted Crown"],"picked":"Black Blood"}],"items_purged_floors":[],"is_endless":false,"potions_floor_spawned":[3,8,11,13,14,16,18,21,22,24],"killed_by":"3 Cultists","ascension_level":7}}