{"host":"by9nexv7bw8pfn7u","time":1611323051,"event":{"mods":["BaseMod","Colored Powertips","Downfall","GifTheSpireLib","Minty Spire (QoL Compilation)","Random Character Button","StSLib","Unceasing Turn Reminder"],"gold_per_floor":[99,118,131,196,371,401,401,412,412,426,726,753,553,575,587,587,587,587],"floor_reached":16,"language":"ENG","playtime":1214,"items_purged":[],"score":141,"play_id":"1d431869-ae11-4283-a1ac-365745e84986","local_time":"20210122144411","is_ascension_mode":true,"campfire_choices":[{"data":"hexamod:Float","floor":1,"key":"SMITH"},{"floor":13,"key":"REST"}],"circlet_count":0,"master_deck":["hexamod:Strike","hexamod:Strike","hexamod:Strike","hexamod:Strike","hexamod:Defend","hexamod:Defend","hexamod:Defend","hexamod:Defend","hexamod:Sear","hexamod:Float+1","hexamod:ThermalTransfer","hexamod:SuperheatedStrike","hexamod:FirstSeal","hexamod:SoulSteal","hexamod:WildfireWeapon","downfall:Icky","downfall:Icky","hexamod:ThermalTransfer","hexamod:ShieldOfDarkness","hexamod:CatchUp"],"relics":["hexamod:SpiritBrand","Boot","Shuriken","HornCleat","downfall:HeartBlessingGreen","downfall:HeartBlessingBlue","Odd Mushroom"],"acts_visited":["Exordium"],"potions_floor_usage":[12,16],"damage_taken":[{"damage":6,"enemies":"2 Louse","floor":2,"turns":3},{"damage":0,"enemies":"Small Slimes","floor":3,"turns":3},{"damage":26,"enemies":"Lagavulin Event","floor":4,"turns":6},{"damage":35,"enemies":"3 Sentries","floor":6,"turns":13},{"damage":0,"enemies":"Cultist","floor":8,"turns":3},{"damage":18,"enemies":"Exordium Thugs","floor":10,"turns":3},{"damage":10,"enemies":"Gremlin Nob","floor":12,"turns":5},{"damage":2,"enemies":"The Mushroom Lair","floor":14,"turns":5},{"damage":0,"enemies":"Exordium Wildlife","floor":15,"turns":4},{"damage":93,"enemies":"SI_SHIV_ARCHETYPE","floor":16,"turns":13}],"seed_played":"5800543745393383621","potions_obtained":[{"floor":2,"key":"FairyPotion"},{"floor":3,"key":"FearPotion"},{"floor":12,"key":"bronze:BurnAndBuffPotion"},{"floor":15,"key":"DistilledChaos"}],"is_trial":false,"path_per_floor":["R","M","M","?","?","E","T","M","?","M","?","E","R","?","M","B"],"character_chosen":"THE_SPIRIT","items_purchased":[],"campfire_rested":1,"item_purchase_floors":[],"current_hp_per_floor":[77,71,71,45,45,17,17,24,24,13,13,10,46,51,58,0,0,0],"gold":587,"neow_bonus":"TEN_PERCENT_HP_BONUS","is_daily":false,"chose_seed":false,"campfire_upgraded":1,"win_rate":0.0,"timestamp":1611323051,"path_taken":["R","M","M","?","?","E","T","M","?","M","?","E","R","?","M","BOSS"],"items_purchased_type":[],"build_version":"2020-12-22","purchased_purges":0,"victory":false,"max_hp_per_floor":[77,77,77,77,77,77,77,77,77,77,77,77,87,87,87,87,87,87],"card_choices":[{"not_picked":["hexamod:ChargedBarrage","hexamod:SpectersWail"],"picked":"hexamod:ThermalTransfer","floor":2},{"not_picked":["hexamod:NightmareGuise","hexamod:NightmareStrike"],"picked":"hexamod:SuperheatedStrike","floor":3},{"not_picked":["hexamod:Incineration","hexamod:SuperheatedStrike"],"picked":"hexamod:FirstSeal","floor":4},{"not_picked":["hexamod:HeatCrush","hexamod:Again"],"picked":"hexamod:SoulSteal","floor":6},{"not_picked":["hexamod:GhostLash","hexamod:SpectersWail"],"picked":"hexamod:WildfireWeapon","floor":8},{"not_picked":["hexamod:RainOfEmbers","hexamod:FlamesFromBeyond","hexamod:HauntingEcho"],"picked":"SKIP","floor":10},{"not_picked":["hexamod:HeatMetal","hexamod:GhostflameBarrier"],"picked":"hexamod:ThermalTransfer","floor":12},{"not_picked":["hexamod:HeatCrush","hexamod:SecondSeal"],"picked":"hexamod:ShieldOfDarkness","floor":14},{"not_picked":["hexamod:SuperheatedStrike","hexamod:ThirdSeal"],"picked":"hexamod:CatchUp","floor":15}],"player_experience":1035581,"relics_obtained":[{"floor":4,"key":"Boot"},{"floor":6,"key":"Shuriken"},{"floor":12,"key":"HornCleat"},{"floor":14,"key":"Odd Mushroom"}],"event_choices":[{"cards_removed":["Doubt"],"damage_healed":0,"gold_gain":0,"player_choice":"Card Removal","damage_taken":0,"max_hp_gain":0,"max_hp_loss":0,"event_name":"The Cleric","floor":9,"gold_loss":0},{"damage_healed":0,"gold_gain":0,"player_choice":"Fought Mushrooms","damage_taken":0,"max_hp_gain":0,"max_hp_loss":0,"event_name":"Mushrooms","floor":14,"gold_loss":0}],"is_beta":false,"boss_relics":[],"items_purged_floors":[],"is_endless":false,"potions_floor_spawned":[2,3,12,15],"killed_by":"SI_SHIV_ARCHETYPE","ascension_level":1}}