{"host":"ws1rigs6jhqnf67d","time":1611341365,"event":{"mods":["BaseMod","Friendly Minions","KinomotoSakuraMod(ƒæ÷Æ±æ”£)","Kiyohime£®«Âºß£©","Lobotomy","LobotomyExtend","Marisa£®ÏF”Í°°ƒß¿Ì…≥£©","Minty Spire (QoL Compilation)","Remilia£®¿Ÿ√◊¿Ú—«£©","StSLib","The Bug Knight","Youmu£®ªÍ∆«—˝√Œ£©","[IsaacMod]“‘»ˆº‚À˛"],"gold_per_floor":[118,128,144,159,171,201,201,215,215,215,215,248,248,96,96,191,191,203,215,233,252,252,252,285,285,309,324,340,354,354,354],"floor_reached":30,"language":"ZHS","playtime":1065,"items_purged":[],"score":427,"play_id":"4ca9b9b4-803f-468e-8455-c112ce8e3779","local_time":"20210123024925","is_ascension_mode":true,"campfire_choices":[{"data":"Venomology","floor":7.0,"key":"SMITH"},{"data":"Skewer","floor":10.0,"key":"SMITH"},{"floor":15.0,"key":"REST"},{"floor":23.0,"key":"REST"},{"floor":25.0,"key":"REST"}],"circlet_count":0,"master_deck":["Strike_G","Strike_G","Strike_G","Strike_G","Strike_G","Defend_G","Defend_G","Defend_G","Defend_G","Survivor","Neutralize","Skewer+1","Poisoned Stab","After Image","Venomology+1","Poisoned Stab","Die Die Die","CurseOfTheBell","Cloak And Dagger+1","Bouncing Flask+1","Infinite Blades+1"],"relics":["Ring of the Snake","HushsDoor","DeathBook","LetterFromLob","Juzu Bracelet","Dream Catcher","BelialBook","HollowMod:PaleOreRelic","Calling Bell","Strawberry","Eternal Feather","Calipers","Ornamental Fan","CeramicFish","RedMistMask"],"acts_visited":["Exordium","TheCity"],"potions_floor_usage":[30,30],"damage_taken":[{"damage":1.0,"enemies":"2 Louse","floor":1.0,"turns":2.0},{"damage":0.0,"enemies":"Cultist","floor":2.0,"turns":4.0},{"damage":0.0,"enemies":"Jaw Worm","floor":3.0,"turns":5.0},{"damage":5.0,"enemies":"Exordium Wildlife","floor":4.0,"turns":7.0},{"damage":4.0,"enemies":"Exordium Thugs","floor":5.0,"turns":5.0},{"damage":21.0,"enemies":"Gremlin Nob","floor":6.0,"turns":5.0},{"damage":0.0,"enemies":"Gremlin Gang","floor":8.0,"turns":1.0},{"damage":10.0,"enemies":"Lagavulin","floor":12.0,"turns":5.0},{"damage":0.0,"enemies":"Slime Boss","floor":16.0,"turns":6.0},{"damage":18.0,"enemies":"Spheric Guardian","floor":18.0,"turns":5.0},{"damage":44.0,"enemies":"Shell Parasite","floor":19.0,"turns":8.0},{"damage":27.0,"enemies":"Centurion and Healer","floor":20.0,"turns":5.0},{"damage":0.0,"enemies":"Cultist and Chosen","floor":21.0,"turns":4.0},{"damage":70.0,"enemies":"Gremlin Leader","floor":24.0,"turns":5.0},{"damage":28.0,"enemies":"Snecko","floor":27.0,"turns":7.0},{"damage":4.0,"enemies":"Centurion and Healer","floor":28.0,"turns":2.0},{"damage":5.0,"enemies":"Shelled Parasite and Fungi","floor":29.0,"turns":3.0},{"damage":5,"enemies":"Slavers","floor":30,"turns":1}],"seed_played":"8162510282240921673","potions_obtained":[{"floor":2.0,"key":"SteroidPotion"},{"floor":4.0,"key":"SkillPotion"},{"floor":5.0,"key":"Strength Potion"},{"floor":6.0,"key":"SteroidPotion"},{"floor":16.0,"key":"Regen Potion"},{"floor":21.0,"key":"Poison Potion"}],"is_trial":false,"path_per_floor":["M","M","M","M","M","E","R","M","T","R","M","E","?","$","R","B",null,"M","M","M","M","?","R","E","R","T","M","M","M","E"],"character_chosen":"THE_SILENT","items_purchased":["HollowMod:PaleOreRelic"],"campfire_rested":3,"item_purchase_floors":[14],"current_hp_per_floor":[69,69,69,64,60,39,39,39,39,39,39,29,29,29,52,52,78,60,31,4,4,8,45,5,42,42,14,10,5,0,0],"gold":354,"neow_bonus":"TEN_PERCENT_HP_BONUS","is_daily":false,"chose_seed":false,"campfire_upgraded":2,"win_rate":0.0,"timestamp":1611341365,"path_taken":["M","M","M","M","M","E","R","M","T","R","M","E","?","$","R","BOSS","M","M","M","M","?","R","E","R","T","M","M","M","E"],"items_purchased_type":["Relic"],"build_version":"2020-12-22","purchased_purges":0,"victory":false,"max_hp_per_floor":[77,77,77,77,77,77,77,77,77,77,77,77,77,77,77,77,84,84,84,84,84,84,84,84,84,84,84,84,84,84,84],"card_choices":[{"not_picked":["Dagger Spray","Sucker Punch","Deflect"],"picked":"SKIP","floor":1.0},{"not_picked":["Bane","Deadly Poison"],"picked":"Skewer","floor":2.0},{"not_picked":["Dagger Spray","Cloak And Dagger"],"picked":"Poisoned Stab","floor":3.0},{"not_picked":["PiercingWail","Dagger Spray"],"picked":"After Image","floor":4.0},{"not_picked":["Backflip","Dagger Spray","Bane"],"picked":"SKIP","floor":5.0},{"not_picked":["Bomb","Deflect"],"picked":"Venomology","floor":6.0},{"not_picked":["Distraction","Underhanded Strike"],"picked":"Bomb","floor":8.0},{"not_picked":["Well Laid Plans","Underhanded Strike","Slice"],"picked":"SKIP","floor":12.0},{"not_picked":["Prepared","Underhanded Strike"],"picked":"Poisoned Stab","floor":15.0},{"not_picked":["Glass Knife","Grand Finale"],"picked":"Die Die Die","floor":16.0},{"not_picked":["PiercingWail","Poisoned Stab","Reflex+1"],"picked":"SKIP","floor":18.0},{"not_picked":["All Out Attack","Quick Slash","Bane"],"picked":"SKIP","floor":19.0},{"not_picked":["PiercingWail","Acrobatics"],"picked":"Cloak And Dagger+1","floor":20.0},{"not_picked":["Backflip","Prepared"],"picked":"Bouncing Flask+1","floor":21.0},{"not_picked":["Deadly Poison","Grand Finale"],"picked":"Infinite Blades+1","floor":23.0},{"not_picked":["Poisoned Stab","Flying Knee","Eviscerate"],"picked":"SKIP","floor":24.0},{"not_picked":["Expertise+1","Deflect","Slice"],"picked":"SKIP","floor":27.0},{"not_picked":["Blade Dance","Quick Slash+1","Acrobatics"],"picked":"SKIP","floor":28.0},{"not_picked":["Cloak And Dagger","Finisher","Bane"],"picked":"SKIP","floor":29.0}],"player_experience":828952,"relics_obtained":[{"floor":1.0,"key":"LetterFromLob"},{"floor":6.0,"key":"Juzu Bracelet"},{"floor":9.0,"key":"Dream Catcher"},{"floor":12.0,"key":"BelialBook"},{"floor":17.0,"key":"Strawberry"},{"floor":17.0,"key":"Eternal Feather"},{"floor":17.0,"key":"Calipers"},{"floor":24.0,"key":"Ornamental Fan"},{"floor":26.0,"key":"CeramicFish"},{"floor":27.0,"key":"RedMistMask"}],"event_choices":[{"cards_removed":["Defend_G"],"damage_healed":0.0,"max_hp_gain":0.0,"max_hp_loss":0.0,"gold_gain":0.0,"event_name":"Bonfire Elementals","player_choice":"Offered Basic","floor":13.0,"gold_loss":0.0,"damage_taken":0.0}],"is_beta":false,"boss_relics":[{"not_picked":["Sozu","HoveringKite"],"picked":"Calling Bell"},{"not_picked":[]}],"items_purged_floors":[],"is_endless":false,"potions_floor_spawned":[2,4,5,6,16,18,21,28],"killed_by":"Slavers","ascension_level":7}}