{"host":"5ty8fyb0ngp9gspj","time":1611311508,"event":{"mods":["2.2 Compatiblity","AchievementEnabler","Act Like it!","BaseMod","Colored Map","Downfall","Minty Spire (QoL Compilation)","Rare Cards Sparkle","Relic Stats","StSLib","The Jungle","slay the spire mod where everything is the same but ironclad has a cowboy hat"],"gold_per_floor":[0,11,24,24,42,42,42,42,55,155,182,195,214,50,61,160,160,160,178,196,281,281,316,340,370,393,440,465,161,61,72,83,186,186,186,186,171,196,196,196,196,243,293,313,346,356,156,181,210,210,210,254,10,10,10,10,10,10],"floor_reached":56,"language":"ENG","playtime":3715,"items_purged":["champ:Strike","champ:Strike"],"score":1105,"play_id":"326cdccc-a022-4e69-b5e9-e41faa9b5a96","local_time":"20210122213148","is_ascension_mode":true,"campfire_choices":[{"data":"champ:Execute","floor":1,"key":"SMITH"},{"data":"champ:Taunt","floor":6,"key":"SMITH"},{"data":"champ:FlashCut","floor":8,"key":"SMITH"},{"data":"champ:FalseCounter","floor":18,"key":"SMITH"},{"data":"champ:StrikeOfGenius","floor":30,"key":"SMITH"},{"floor":35,"key":"RECALL"},{"data":"champ:DefensiveStyle","floor":47,"key":"SMITH"},{"data":"champ:DefensiveStyle","floor":54,"key":"SMITH"}],"circlet_count":0,"master_deck":["champ:Strike","champ:Strike","champ:Defend","champ:Defend","champ:Execute+1","champ:Taunt+1","champ:FlashCut+1","champ:TornadoPunch","champ:SkillfulDodge","champ:StrikeOfGenius+1","champ:FalseCounter+1","champ:Duel","champ:ShieldWall","champ:ShieldSlam","champ:CheapShot","champ:StanceDance","champ:FocusedDefense","champ:ShieldWall+1","champ:BringItOn","champ:IgnorePain","expansioncontent:YouAreMine","champ:Circumvent+1","champ:HoldFirm","champ:EnGarde+1","champ:FlashCut+1","champ:DefensiveStyle+1","champ:DefensiveStyle+1","champ:EnchantCrown"],"relics":["champ:ChampionCrown","Bag of Preparation","Meat on the Bone","Runic Pyramid","champ:FightingForDummies","Bag of Marbles","Happy Flower","MawBank","Akabeko","TungstenRod","downfall:HeartBlessingGreen","Sozu","Singing Bowl","Letter Opener","Medical Kit","Prayer Wheel","Potion Belt","downfall:HeartBlessingRed","downfall:HeartBlessingBlue","CeramicFish","Oddly Smooth Stone","Lee\u0027s Waffle"],"acts_visited":["Exordium","TheCity","TheBeyond","TheEnding"],"potions_floor_usage":[23,23,26,27,55],"damage_taken":[{"damage":11,"enemies":"Cultist","floor":2,"turns":3},{"damage":10,"enemies":"2 Louse","floor":3,"turns":2},{"damage":0,"enemies":"Small Slimes","floor":5,"turns":2},{"damage":5,"enemies":"2 Fungi Beasts","floor":9,"turns":2},{"damage":16,"enemies":"3 Sentries","floor":11,"turns":4},{"damage":0,"enemies":"Exordium Wildlife","floor":12,"turns":2},{"damage":1,"enemies":"3 Louse","floor":13,"turns":2},{"damage":10,"enemies":"downfall:FleeingMerchant","floor":14,"turns":4},{"damage":10,"enemies":"Large Slime","floor":15,"turns":4},{"damage":20,"enemies":"IC_STATUS_ARCHETYPE","floor":16,"turns":8},{"damage":3,"enemies":"Spheric Guardian","floor":19,"turns":3},{"damage":25,"enemies":"Shelled Parasite and Fungi","floor":20,"turns":6},{"damage":28,"enemies":"Book of Stabbing","floor":23,"turns":8},{"damage":44,"enemies":"Slavers","floor":25,"turns":6},{"damage":10,"enemies":"Centurion and Healer","floor":26,"turns":6},{"damage":17,"enemies":"Gremlin Leader","floor":27,"turns":6},{"damage":10,"enemies":"Cultist and Chosen","floor":28,"turns":6},{"damage":10,"enemies":"downfall:FleeingMerchant","floor":29,"turns":5},{"damage":17,"enemies":"3 Cultists","floor":31,"turns":5},{"damage":9,"enemies":"Centurion and Healer","floor":32,"turns":8},{"damage":16,"enemies":"DF_ARCHETYPE_CLAW","floor":33,"turns":8},{"damage":18,"enemies":"downfall:FleeingMerchant","floor":37,"turns":5},{"damage":0,"enemies":"downfall:FleeingMerchant","floor":42,"turns":3},{"damage":9,"enemies":"downfall:FleeingMerchant","floor":43,"turns":6},{"damage":0,"enemies":"Orb Walker","floor":44,"turns":3},{"damage":0,"enemies":"Nemesis","floor":45,"turns":7},{"damage":0,"enemies":"3 Darklings","floor":46,"turns":5},{"damage":0,"enemies":"Giant Head","floor":48,"turns":7},{"damage":9,"enemies":"Maw","floor":49,"turns":7},{"damage":6,"enemies":"SI_POISON_ARCHETYPE","floor":50,"turns":16},{"damage":34,"enemies":"downfall:CharBossMerchant","floor":52,"turns":10},{"damage":44,"enemies":"downfall:NeowBoss","floor":55,"turns":18},{"damage":108,"enemies":"downfall:NeowBossFinal","floor":56,"turns":11}],"seed_played":"2011534340812613170","potions_obtained":[{"floor":9,"key":"hexamod:SoulburnPotion"},{"floor":11,"key":"AttackPotion"},{"floor":12,"key":"Dexterity Potion"},{"floor":25,"key":"AttackPotion"},{"floor":26,"key":"Ancient Potion"},{"floor":27,"key":"Swift Potion"},{"floor":31,"key":"Fire Potion"}],"is_trial":false,"path_per_floor":["R","M","M","?","M","R","T","R","M","?","E","M","M","$","M","B",null,"R","M","M","?","?","E","T","E","M","E","M","$","R","M","M","B",null,"R","?","?","T","?","T","T","$","?","M","E","M","R","E","M","B",null,"E","$","R","B","B"],"character_chosen":"THE_CHAMP","items_purchased":["champ:ShieldWall","TungstenRod","champ:HoldFirm","Medical Kit","Lee\u0027s Waffle"],"campfire_rested":0,"item_purchase_floors":[14,29,42,42,53],"current_hp_per_floor":[90,89,89,89,89,89,89,89,84,84,68,68,67,67,67,67,90,90,87,72,54,54,58,58,36,48,53,65,65,65,68,69,63,90,90,90,90,90,90,90,90,92,92,94,96,98,108,110,112,106,112,88,119,119,104,0,0,0],"gold":10,"neow_bonus":"REMOVE_TWO","is_daily":false,"chose_seed":false,"campfire_upgraded":7,"win_rate":0.0,"timestamp":1611311508,"path_taken":["R","M","M","?","M","R","T","R","M","?","E","M","M","$","M","BOSS","R","M","M","?","?","E","T","E","M","E","M","$","R","M","M","BOSS","R","?","?","?","?","?","T","$","?","?","E","M","R","E","M","BOSS","E","$","R","BOSS","BOSS"],"items_purchased_type":["Card","Relic","Card","Relic","Relic"],"build_version":"2020-12-22","purchased_purges":2,"victory":false,"max_hp_per_floor":[90,90,90,90,90,90,90,90,90,90,90,90,90,90,90,90,90,90,90,90,90,90,90,90,90,90,90,90,90,90,90,90,90,90,90,90,90,90,90,90,90,92,92,94,96,98,108,110,112,112,112,112,119,119,119,119,119,119],"relic_stats":{"Lee\u0027s Waffle":31,"Happy Flower":[49],"Singing Bowl":12,"counters":[33,198],"CeramicFish":18,"Bag of Preparation":[60],"Letter Opener":[113],"MawBank":48,"Medical Kit":[11],"Sozu":4,"Prayer Wheel":3,"obtain_stats":[{"Potion Belt":45,"Lee\u0027s Waffle":53,"Happy Flower":24,"Singing Bowl":40,"downfall:HeartBlessingRed":47,"CeramicFish":48,"Oddly Smooth Stone":52,"champ:ChampionCrown":0,"downfall:HeartBlessingGreen":30,"Bag of Preparation":7,"Letter Opener":41,"MawBank":25,"Medical Kit":42,"Akabeko":27,"Sozu":34,"downfall:HeartBlessingBlue":47,"Prayer Wheel":43,"Bag of Marbles":23,"champ:FightingForDummies":22,"TungstenRod":29,"Meat on the Bone":11,"Runic Pyramid":17},{"Potion Belt":26,"Lee\u0027s Waffle":31,"Happy Flower":13,"Singing Bowl":22,"downfall:HeartBlessingRed":27,"CeramicFish":28,"Oddly Smooth Stone":31,"champ:ChampionCrown":0,"downfall:HeartBlessingGreen":18,"Bag of Preparation":3,"Letter Opener":22,"MawBank":14,"Medical Kit":23,"Akabeko":16,"Sozu":21,"downfall:HeartBlessingBlue":27,"Prayer Wheel":24,"Bag of Marbles":13,"champ:FightingForDummies":12,"TungstenRod":18,"Meat on the Bone":5,"Runic Pyramid":10},{"Potion Belt":124,"Lee\u0027s Waffle":169,"Happy Flower":50,"Singing Bowl":105,"downfall:HeartBlessingRed":129,"CeramicFish":136,"Oddly Smooth Stone":169,"champ:ChampionCrown":0,"downfall:HeartBlessingGreen":79,"Bag of Preparation":7,"Letter Opener":105,"MawBank":56,"Medical Kit":108,"Akabeko":68,"Sozu":100,"downfall:HeartBlessingBlue":129,"Prayer Wheel":114,"Bag of Marbles":50,"champ:FightingForDummies":42,"TungstenRod":79,"Meat on the Bone":13,"Runic Pyramid":33}],"TungstenRod":33,"Meat on the Bone":60},"card_choices":[{"not_picked":["champ:Shatter","champ:BladeFlurry"],"picked":"champ:FlashCut","floor":2},{"not_picked":["champ:RisingSlash","champ:StanceDance"],"picked":"champ:TornadoPunch","floor":3},{"not_picked":["champ:BerserkerStyle","champ:BladeFlurry"],"picked":"champ:SkillfulDodge","floor":5},{"not_picked":["champ:ShieldSigil","champ:FanOfKnives"],"picked":"champ:DefensiveShout","floor":9},{"not_picked":["champ:SwordSigil","champ:TornadoPunch"],"picked":"champ:StrikeOfGenius","floor":11},{"not_picked":["champ:BerserkersShout","champ:BerserkerStyle","champ:IronFortress"],"picked":"SKIP","floor":12},{"not_picked":["champ:EnGarde","champ:ShieldSigil"],"picked":"champ:FalseCounter","floor":13},{"not_picked":["champ:BerserkerStyle","champ:Shatter"],"picked":"champ:Duel","floor":14},{"not_picked":["champ:ArenaPreparation","champ:PerfectedStrike"],"picked":"champ:ShieldSlam","floor":15},{"not_picked":["champ:LastStand","champ:DancingMaster"],"picked":"champ:CheapShot","floor":16},{"not_picked":["champ:Haymaker","champ:RapidStrikes","champ:FanOfKnives+1"],"picked":"SKIP","floor":19},{"not_picked":["champ:EndlessRage","champ:ShieldSigil","champ:CrownThrow"],"picked":"SKIP","floor":20},{"not_picked":["champ:RecklessLeap+1","champ:GladiatorStyle","champ:HeartStrike"],"picked":"SKIP","floor":23},{"not_picked":["champ:PreciseThrust","champ:FlashCut"],"picked":"champ:StanceDance","floor":25},{"not_picked":["champ:BladeFlurry","champ:ShieldSlam","champ:EnragedBash"],"picked":"SKIP","floor":26},{"not_picked":["champ:StanceDance","champ:RisingSlash"],"picked":"champ:FocusedDefense","floor":27},{"not_picked":["champ:BerserkersShout","champ:GutPunch","champ:Shatter"],"picked":"SKIP","floor":28},{"not_picked":["champ:RisingSlash","champ:SkillfulDodge"],"picked":"champ:ShieldWall+1","floor":29},{"not_picked":["champ:EnchantSword","champ:SkillfulDodge"],"picked":"champ:BringItOn","floor":31},{"not_picked":["champ:ShieldSigil","champ:BerserkersShout+1","champ:DeathBlow+1"],"picked":"SKIP","floor":32},{"not_picked":["champ:Devastate","champ:TripleStrike"],"picked":"champ:IgnorePain","floor":33},{"not_picked":["expansioncontent:HyperBeam","expansioncontent:PolyBeam"],"picked":"expansioncontent:YouAreMine","floor":36},{"not_picked":["champ:BerserkersShout","champ:BringItOn+1"],"picked":"champ:Circumvent+1","floor":37},{"not_picked":["champ:CrownThrow","champ:FaceSlap","champ:ShieldSigil"],"picked":"Singing Bowl","floor":42},{"not_picked":["champ:FancyFootwork","champ:HeartStrike"],"picked":"champ:EnGarde+1","floor":43},{"not_picked":["champ:Circumvent","champ:RapidStrikes+1"],"picked":"champ:FlashCut+1","floor":44},{"not_picked":["champ:BerserkersShout","champ:EnGarde","champ:BladeFlurry"],"picked":"Singing Bowl","floor":44},{"not_picked":["champ:DeathBlow","champ:EnGarde","champ:BladeFlurry"],"picked":"Singing Bowl","floor":45},{"not_picked":["champ:GutPunch+1","champ:AdrenalArmor","champ:PerfectedStrike"],"picked":"Singing Bowl","floor":46},{"not_picked":["champ:BerserkerStyle+1","champ:RisingSlash"],"picked":"champ:DefensiveStyle","floor":46},{"not_picked":["champ:BringItOn+1","champ:AdrenalArmor","champ:SkillfulDodge"],"picked":"Singing Bowl","floor":48},{"not_picked":["champ:GutPunch","champ:SkillfulDodge","champ:PreciseThrust"],"picked":"Singing Bowl","floor":49},{"not_picked":["champ:ShieldSigil","champ:FanOfKnives"],"picked":"champ:DefensiveStyle","floor":49},{"not_picked":["champ:TornadoPunch+1","champ:PerfectedStrike"],"picked":"champ:EnchantCrown","floor":52}],"player_experience":419552,"relics_obtained":[{"floor":7,"key":"Bag of Preparation"},{"floor":11,"key":"Meat on the Bone"},{"floor":23,"key":"Bag of Marbles"},{"floor":24,"key":"Happy Flower"},{"floor":25,"key":"MawBank"},{"floor":27,"key":"Akabeko"},{"floor":40,"key":"Singing Bowl"},{"floor":41,"key":"Letter Opener"},{"floor":43,"key":"Prayer Wheel"},{"floor":45,"key":"Potion Belt"},{"floor":48,"key":"CeramicFish"},{"floor":52,"key":"Oddly Smooth Stone"}],"event_choices":[{"cards_removed":["champ:DefensiveShout"],"damage_healed":0,"gold_gain":0,"player_choice":"Removed Skill","damage_taken":0,"max_hp_gain":0,"max_hp_loss":0,"event_name":"Falling","floor":39,"gold_loss":0}],"is_beta":false,"boss_relics":[{"not_picked":["Runic Dome","Calling Bell"],"picked":"Runic Pyramid"},{"not_picked":["champ:PowerArmor","Astrolabe"],"picked":"Sozu"}],"items_purged_floors":[14,53],"is_endless":false,"potions_floor_spawned":[9,11,12,15,19,25,26,27,31,43,44,46,49,52],"killed_by":"downfall:NeowBossFinal","ascension_level":3}}