{"host":"d9tpyi6mde8z2n96","time":1611319543,"event":{"mods":["100% Spire Juice","2.2 Compatiblity","A Penny For Your Troubles","AchievementEnabler","Act Like it!","AlwaysNeverKeys","Aspiration","BaseMod","Beaked The Cultist","Better Altar","Better Note","CapriCore","Challenge The Spire","Colored Map","Colored Powertips","Conspire","Dark Map","Defuse TimeMaze Blight","Dota2Spire","Elementarium","Energized Spire","Fox Events","Friendly Minions","Gensokyo","GifTheSpireLib","Gold Saver","Halation","Hermit","HololiveMod","Hubris","Hyrulean Relics","Infinite Spire","Jess\u0027s Bottle","Jorbs\u0027s Wanderer Trilogy","Marisa????????","Melee Mod","Minty Spire (QoL Compilation)","MostiFishMod","Pale of the Ancients","Permanent Neow","Poem Panic","Potionbrewer","Quick Restart","Railgun Mod","Replay The Spire","Robot Space Explorer","RumiaBox-????????","Shop Mod","Spikes Relics","StS++","StSLib","TestMod","The Alterego","The Animator","The Blue Laboratory","The Death Knight","The Fake Hero","The Marked","The Servant 0.9.4","The Spell Scribe","Trackpad","Transform Curses","Virulent Crown","Waifu the Spire","Wandering Minibosses","WarShipGirlsR/????R mod","Yakumo Yukari mod"],"gold_per_floor":[110,128,128,128,128,154,54,54,54,71,96,96,108,134,134,234,234,292,312,312,401,417,445,457,457,457,501,801,801,837,752,752,873,873,915,915,1008,1008,1108,1108,1129,384,465,465,519,519,537,584,625,667],"floor_reached":51,"language":"ENG","playtime":2935,"items_purged":["Looming Evil"],"score":812,"play_id":"57ec2a1d-3583-4f45-9f12-7d7a4e0dc6ea","local_time":"20210122074543","is_ascension_mode":false,"campfire_choices":[{"data":"SoulSculpture","floor":8.0,"key":"SMITH"},{"data":"BestPractice","floor":29,"key":"SMITH"},{"data":"DualDimension","floor":40,"key":"SMITH"},{"data":"KillingDoll","floor":44,"key":"SMITH"},{"data":"GearUp","floor":46,"key":"SMITH"}],"circlet_count":0,"master_deck":["Strike_S+1","Strike_S+1","Strike_S+1","Defend_S+1","Defend_S+1","Defend_S+1","Defend_S+1","KidneyShot+1","Exchange+1","Rearm+1","Moonlight+1","SoulSculpture+1","BestPractice+1","GearUp+1","Ricochet+1","SurpressingFire+1","ReturningBlade+1","FlawlessForm+1","BestPractice+1","SilverBlades+1","alterego_mod:ChallengeComplete+1","RealityMarble+1","ForgedInTime+1","Sunlight+1","Spin+1","Manipulate+1","Luminosity+1","DualDimension+1","KillingDoll+1","RealityMarble+1","Barrier+1","Read+1","Luminosity+1","Dilation+1","Read+1","MoonPhase+1","Sabotage+1","SilverBlades"],"relics":["Uniform","testmod-TestBox","DaveBox","testmod-GiftOfSatan","SacredBark","SynthV:TestCard","trackpad:BottledTsunami","DeathKnight:PutricidesVial","War Paint","Blood Vial","testmod-ThousandKnives","RhineFirstAidKit","GodSword7","aspiration:Nostalgia","Dota2Spire:HandOfMidas","trackpad:RapidFire","testmod-DeterminationOfClimber","ChiXiaoBlade","hubris:GlazedTorus","BicycleWheel","infinitespire:BottledMercury","halation:SelfBoilingWater","potionbrewer:BottledElixir"],"acts_visited":["Exordium","TheCity","TheBeyond"],"potions_floor_usage":[23,24,24,27,27,27,45,48,49,50],"damage_taken":[{"damage":0.0,"enemies":"Cultist","floor":1.0,"turns":2.0},{"damage":0.0,"enemies":"2 Louse","floor":2.0,"turns":1.0},{"damage":13.0,"enemies":"Gremlin Nob","floor":6.0,"turns":4.0},{"damage":5.0,"enemies":"conspire:RoseBush","floor":10.0,"turns":3.0},{"damage":20.0,"enemies":"3 Sentries","floor":11.0,"turns":4.0},{"damage":11.0,"enemies":"Large Slime","floor":13.0,"turns":3.0},{"damage":10.0,"enemies":"Replay:BlueRogue","floor":14.0,"turns":6.0},{"damage":8.0,"enemies":"Slime Boss","floor":16.0,"turns":7.0},{"damage":20.0,"enemies":"conspire:FuzzyDice","floor":18.0,"turns":6.0},{"damage":34.0,"enemies":"3 Byrds","floor":19.0,"turns":6.0},{"damage":9,"enemies":"conspire:HollyBat","floor":21,"turns":8},{"damage":1,"enemies":"Snecko","floor":22,"turns":4},{"damage":12,"enemies":"conspire:Head Lice","floor":23,"turns":1},{"damage":5,"enemies":"Cultist and Chosen","floor":24,"turns":4},{"damage":33,"enemies":"Snake Plant","floor":27,"turns":4},{"damage":23,"enemies":"3 Cultists","floor":30,"turns":4},{"damage":44,"enemies":"Champ","floor":33,"turns":11},{"damage":25,"enemies":"Orb Walker","floor":35,"turns":5},{"damage":1,"enemies":"Mind Bloom Boss Battle","floor":37,"turns":5},{"damage":19,"enemies":"3 Darklings","floor":41,"turns":2},{"damage":0,"enemies":"Spire Growth","floor":45,"turns":4},{"damage":17,"enemies":"4 Shapes","floor":47,"turns":2},{"damage":0,"enemies":"Writhing Mass","floor":48,"turns":4},{"damage":0,"enemies":"Writhing Mass","floor":49,"turns":5},{"damage":18,"enemies":"Time Eater","floor":50,"turns":5}],"seed_played":"-6045247009395594878","potions_obtained":[{"floor":2.0,"key":"Elixir"},{"floor":11.0,"key":"BlessingOfTheForge"},{"floor":16.0,"key":"Death Potion"},{"floor":18.0,"key":"SteroidPotion"},{"floor":19,"key":"blueLaboratory:ExaltedPotion"},{"floor":33,"key":"Venom Potion"},{"floor":41,"key":"potionbrewer:BarricadePotion"},{"floor":45,"key":"BlessingOfTheForge"},{"floor":48,"key":"blueLaboratory:NullPotion"}],"is_trial":false,"path_per_floor":["M","M","$","?","?","E","$","R","T","M","E","?","M","E","R_BF","B",null,"M","M","?","M","M","E","M","T","T","M","?","R","M","?","R_BF","B",null,"M","AVR","?","?","?","R","M","$","T","R","M","R","M","M","R_BF","B",null],"character_chosen":"THE_SERVANT","items_purchased":["Fruit Juice","infinitespire:BottledMercury","halation:SelfBoilingWater","Luminosity","Dilation"],"campfire_rested":0,"item_purchase_floors":[7,42,42,42,42],"current_hp_per_floor":[70,80,80,80,80,67,67,67,67,74,73,73,73,77,70,86,118,105,93,93,86,93,83,93,93,93,137,137,137,114,114,114,84,144,128,128,143,143,143,143,130,130,130,130,139,139,139,163,163,155],"gold":667,"neow_bonus":"RANDOM_EVENT","is_daily":false,"chose_seed":false,"campfire_upgraded":5,"win_rate":0.0,"timestamp":1611319543,"path_taken":["M","M","$","?","?","E","$","R","T","M","E","?","M","E","R_BF","BOSS","M","?","?","M","M","E","?","?","T","M","?","R","M","?","R_BF","BOSS","M","AVR","?","?","?","R","?","$","T","R","M","R","?","M","R_BF","BOSS"],"items_purchased_type":["Potion","Relic","Relic","Card","Card"],"build_version":"2020-12-22","purchased_purges":1,"victory":true,"max_hp_per_floor":[70,80,80,80,80,80,80,80,80,87,97,97,104,104,104,118,118,118,132,132,132,132,132,137,137,137,137,137,137,137,137,137,144,144,151,151,151,151,151,151,151,151,151,151,151,151,156,163,163,163],"card_choices":[{"not_picked":["Starlight","Comet"],"picked":"Rearm","floor":1.0},{"not_picked":["Spin","ShatteredReality","Rewind","Potential"],"picked":"Moonlight","floor":2.0},{"not_picked":[],"picked":"SoulSculpture","floor":5.0},{"not_picked":["Dilation","Unruled","TimeWarp","Replace"],"picked":"BestPractice","floor":6.0},{"not_picked":["DoubleEdge","Luminosity","FanOfKnives","Potential"],"picked":"GearUp","floor":10.0},{"not_picked":["BottledTime","Rewind","Defy","Hightail"],"picked":"Ricochet","floor":11.0},{"not_picked":["BestPractice","FloweringNight","Collapse","DoubleEdge"],"picked":"SurpressingFire","floor":13.0},{"not_picked":["Defy","Rewind","Rearm","Collapse"],"picked":"ReturningBlade","floor":14.0},{"not_picked":["Embodiment","FloweringNight","Deny","TheWorld"],"picked":"FlawlessForm","floor":16.0},{"not_picked":["Starlight","Ricochet","Replace+1","BottledTime"],"picked":"BestPractice","floor":18.0},{"not_picked":["Revamp","Advance","Collapse","Ricochet"],"picked":"SilverBlades","floor":19},{"not_picked":["Desolation","Rearm+1","WasteNot","BottledTime"],"picked":"RealityMarble","floor":21},{"not_picked":["TimeWarp","Replace","ShatteredReality","Luminosity"],"picked":"ForgedInTime","floor":22},{"not_picked":["Defy","FastForward","Barrier","Alleviate"],"picked":"Sunlight","floor":23},{"not_picked":["Rearm","InstantArmor","Defy","Potential"],"picked":"Spin+1","floor":24},{"not_picked":["BottledTime+1","Shuttle","FastForward","Unruled"],"picked":"Manipulate+1","floor":27},{"not_picked":["Alleviate","Potential","ShatteredReality","Replace"],"picked":"Luminosity+1","floor":30},{"not_picked":["FlawlessForm","Solidify","Deny","FloweringNight"],"picked":"KillingDoll","floor":33},{"not_picked":["Unruled","Rewind","DoubleEdge","Rearm"],"picked":"RealityMarble","floor":35},{"not_picked":["Misdirection+1","ForgedInTime","Starlight","Rearm+1"],"picked":"Barrier+1","floor":37},{"not_picked":["BestPractice+1","Shuttle+1","Misdirection","ReturningBlade+1"],"picked":"Read","floor":41},{"not_picked":["TimeWarp+1","Unruled+1","RealityMarble","Revamp+1"],"picked":"Read+1","floor":45},{"not_picked":["DoubleEdge+1","Rearm","Snipe+1","BottledTime+1"],"picked":"MoonPhase+1","floor":47},{"not_picked":["Revamp+1","Deny","SurpressingFire","Barrier+1"],"picked":"Sabotage+1","floor":48},{"not_picked":["Alleviate","DoubleEdge+1","Defy","StarChef"],"picked":"SilverBlades","floor":49}],"player_experience":1104745,"relics_obtained":[{"floor":1.0,"key":"SynthV:TestCard"},{"floor":6.0,"key":"trackpad:BottledTsunami"},{"floor":9.0,"key":"DeathKnight:PutricidesVial"},{"floor":11.0,"key":"War Paint"},{"floor":14.0,"key":"Blood Vial"},{"floor":23,"key":"GodSword7"},{"floor":25,"key":"aspiration:Nostalgia"},{"floor":26,"key":"Dota2Spire:HandOfMidas"},{"floor":37,"key":"BicycleWheel"},{"floor":43,"key":"potionbrewer:BottledElixir"}],"event_choices":[{"damage_healed":0.0,"max_hp_gain":5.0,"max_hp_loss":0.0,"gold_gain":0.0,"event_name":"Big Fish","player_choice":"Donut","floor":0.0,"gold_loss":0.0,"damage_taken":0.0},{"damage_healed":0.0,"max_hp_gain":0.0,"max_hp_loss":0.0,"gold_gain":0.0,"event_name":"Scrap Ooze","player_choice":"Success","floor":15.0,"gold_loss":0.0,"damage_taken":7.0,"relics_obtained":["testmod-ThousandKnives"]},{"cards_removed":["BestPractice"],"damage_healed":0,"gold_gain":0,"player_choice":"Take \u0026 Give","damage_taken":0,"max_hp_gain":0,"max_hp_loss":0,"event_name":"betterNote:BetterNote","floor":20,"gold_loss":0,"cards_obtained":["alterego_mod:ChallengeComplete"]},{"damage_healed":0,"gold_gain":300,"player_choice":"Sell","damage_taken":0,"max_hp_gain":0,"max_hp_loss":0,"event_name":"Plate Of N\u0027loth","floor":28,"relics_lost":["animator:LivingPicture"],"gold_loss":0},{"damage_healed":0,"gold_gain":0,"player_choice":"Obtained Relic","damage_taken":0,"relics_obtained":["trackpad:RapidFire"],"max_hp_gain":0,"max_hp_loss":0,"event_name":"Addict","floor":31,"gold_loss":85},{"damage_healed":0,"gold_gain":0,"player_choice":"Fight","damage_taken":0,"max_hp_gain":0,"max_hp_loss":0,"event_name":"MindBloom","floor":37,"gold_loss":0},{"damage_healed":0,"gold_gain":0,"player_choice":"Ignored","damage_taken":0,"max_hp_gain":0,"max_hp_loss":0,"event_name":"Tomb of Lord Red Mask","floor":38,"gold_loss":0},{"damage_healed":0,"gold_gain":100,"player_choice":"Pray","damage_taken":0,"max_hp_gain":0,"max_hp_loss":0,"event_name":"Golden Shrine","floor":39,"gold_loss":0}],"is_beta":false,"boss_relics":[{"not_picked":["testmod-DreamHouse","Hololive_Finger"],"picked":"RhineFirstAidKit"},{"not_picked":["AddBug","hubris:BlackHole"],"picked":"testmod-DeterminationOfClimber"}],"items_purged_floors":[36],"is_endless":false,"potions_floor_spawned":[2,11,16,18,19,22,33,41,45,48],"ascension_level":0}}