{"host":"0fm1w3v00gid44jl","time":1611339718,"event":{"mods":["AchievementEnabler","BaseMod","Colored Map","Colored Powertips","Displayed Cursed Tome","Downfall","Googly Eyes","Highlight Path","Minty Spire (QoL Compilation)","Permanent Neow","Relic Stats","StSLib","SuperFastMode","slay the spire mod where everything is the same but ironclad has a cowboy hat"],"gold_per_floor":[99,16,16,26,126,126,152,170,170,182,211,221,232,232,242,341,341,341,351,351,365,63,163,231,266,266,366,366,378,28,45,63,164,164,164,184,203,203,128,128,152,168,182,82,82,92,19,31,45,45],"floor_reached":51,"language":"ENG","playtime":2281,"items_purged":["bronze:Library"],"score":846,"play_id":"3b2cadb8-5912-4516-adaf-eb421bbb4806","local_time":"20210122122158","is_ascension_mode":false,"campfire_choices":[{"data":"bronze:Goto","floor":1,"key":"SMITH"},{"data":"bronze:ChosenStrike","floor":6,"key":"SMITH"},{"data":"bronze:FineTuning","floor":9,"key":"SMITH"},{"data":"bronze:CloningBeam","floor":18,"key":"SMITH"},{"data":"bronze:HardenedForm","floor":26,"key":"SMITH"},{"data":"bronze:DonuBeam","floor":28,"key":"SMITH"},{"data":"bronze:Verify","floor":35,"key":"SMITH"},{"data":"bronze:Return","floor":40,"key":"SMITH"},{"data":"bronze:Return","floor":44,"key":"SMITH"},{"data":"bronze:Return","floor":45,"key":"SMITH"}],"circlet_count":0,"master_deck":["bronze:Replicate","bronze:Goto+1","bronze:Iterate","bronze:ChosenStrike+1","bronze:FineTuning+1","bronze:BronzeArmor","bronze:CloningBeam+1","bronze:Optimize","bronze:Iterate","bronze:Format+1","CurseOfTheBell","bronze:Return+1","bronze:Iterate","bronze:HardenedForm+1","bronze:DonuBeam+1","bronze:Invalidate+1","bronze:Invalidate","bronze:WhirlingStrike","bronze:Shell","bronze:Return+1","bronze:Safeguard+1","bronze:ForLoop+1","bronze:Format","bronze:TinkerersToolbox","bronze:Philosophize","bronze:Safeguard","bronze:Verify+1","bronze:Return+1","bronze:DelayedSlice","bronze:DarkDash","bronze:Overheat","bronze:Flail+1","bronze:Shell","bronze:Iterate","bronze:Boost"],"relics":["bronze:BronzeCore","FossilizedHelix","Boot","Art of War","downfall:BrokenWingStatue","Calling Bell","Toy Ornithopter","Matryoshka","Pocketwatch","Blood Vial","TungstenRod","War Paint","Bottled Tornado","Guardian:PocketSentry","Ginger","Singing Bowl","Chemical X","InkBottle","Gremlin Horn","Pandora\u0027s Box","hexamod:BolsterEngine","downfall:HeartBlessingBlue"],"acts_visited":["Exordium","TheCity","TheBeyond"],"potions_floor_usage":[16,50,50,50,50,50,50,50],"damage_taken":[{"damage":0,"enemies":"downfall:FleeingMerchant","floor":2,"turns":4},{"damage":0,"enemies":"Jaw Worm","floor":4,"turns":2},{"damage":0,"enemies":"Small Slimes","floor":8,"turns":2},{"damage":0,"enemies":"2 Louse","floor":10,"turns":1},{"damage":4,"enemies":"3 Sentries","floor":11,"turns":4},{"damage":0,"enemies":"Blue Slaver","floor":12,"turns":2},{"damage":0,"enemies":"Exordium Wildlife","floor":13,"turns":3},{"damage":0,"enemies":"3 Louse","floor":15,"turns":1},{"damage":27,"enemies":"SI_SHIV_ARCHETYPE","floor":16,"turns":5},{"damage":0,"enemies":"Spheric Guardian","floor":19,"turns":3},{"damage":14,"enemies":"3 Byrds","floor":21,"turns":3},{"damage":12,"enemies":"downfall:FleeingMerchant","floor":22,"turns":4},{"damage":0,"enemies":"downfall:FleeingMerchant","floor":23,"turns":2},{"damage":0,"enemies":"Gremlin Leader","floor":25,"turns":5},{"damage":9,"enemies":"Colosseum Nobs","floor":27,"turns":4},{"damage":0,"enemies":"Sentry and Sphere","floor":29,"turns":3},{"damage":6,"enemies":"downfall:FleeingMerchant","floor":30,"turns":4},{"damage":0,"enemies":"Snake Plant","floor":31,"turns":3},{"damage":3,"enemies":"Shelled Parasite and Fungi","floor":32,"turns":4},{"damage":6,"enemies":"WA_ARCHETYPE_CALM","floor":33,"turns":5},{"damage":8,"enemies":"3 Darklings","floor":36,"turns":3},{"damage":0,"enemies":"Orb Walker","floor":37,"turns":4},{"damage":0,"enemies":"Writhing Mass","floor":42,"turns":5},{"damage":0,"enemies":"Spire Growth","floor":43,"turns":3},{"damage":7,"enemies":"Maw","floor":46,"turns":6},{"damage":0,"enemies":"3 Darklings","floor":48,"turns":3},{"damage":0,"enemies":"Spire Growth","floor":49,"turns":3},{"damage":0,"enemies":"IC_BLOCK_ARCHETYPE","floor":50,"turns":6}],"seed_played":"4027782847651678777","potions_obtained":[{"floor":8,"key":"Fruit Juice"},{"floor":10,"key":"PowerPotion"},{"floor":11,"key":"sneckomod:MuddlingPotion"},{"floor":16,"key":"Fire Potion"},{"floor":23,"key":"EntropicBrew"},{"floor":32,"key":"EntropicBrew"}],"is_trial":false,"path_per_floor":["R","$","?","M","?","R","T","M","R","M","E","M","M","?","M","B",null,"R","M","?","M","$","?","T","E","R","?","R","M","$","M","M","B",null,"R","M","M","?","$","R","T","M","M","R","R","M","$","M","M","B",null],"character_chosen":"THE_AUTOMATON","items_purchased":["bronze:ChosenStrike","TungstenRod","Chemical X","bronze:Return","InkBottle","Gremlin Horn","bronze:Boost"],"campfire_rested":0,"item_purchase_floors":[2,22,30,30,30,30,47],"current_hp_per_floor":[63,63,68,68,68,68,68,68,68,68,64,64,64,64,64,42,73,73,73,73,59,49,51,51,53,53,46,46,50,46,48,47,43,75,75,67,69,69,69,69,69,71,73,83,83,80,80,84,88,91],"gold":45,"neow_bonus":"ONE_RARE_RELIC","is_daily":false,"chose_seed":false,"campfire_upgraded":10,"win_rate":0.0,"timestamp":1611339718,"path_taken":["R","$","?","M","?","R","T","M","R","M","E","M","?","?","M","BOSS","R","M","?","M","$","?","T","E","R","?","R","M","$","M","M","BOSS","R","M","M","?","$","R","T","M","M","R","R","M","?","M","M","BOSS"],"items_purchased_type":["Card","Relic","Relic","Card","Relic","Relic","Card"],"build_version":"2020-12-22","purchased_purges":1,"victory":true,"max_hp_per_floor":[63,63,68,68,68,68,68,68,68,68,68,68,68,68,68,73,73,73,73,73,73,73,73,73,73,73,73,73,75,75,75,75,75,75,75,75,75,75,75,75,75,75,75,85,85,87,87,89,91,91],"relic_stats":{"Singing Bowl":8,"Gremlin Horn":[6,6],"counters":[28,95],"Ginger":[18],"War Paint":["bronze:Defend","bronze:Format"],"Boot":[625],"Blood Vial":32,"Pandora\u0027s Box":["bronze:TinkerersToolbox","bronze:Philosophize","bronze:Safeguard","bronze:Library","bronze:Verify","bronze:Return","bronze:DelayedSlice","bronze:DarkDash"],"Art of War":[3],"Chemical X":[41],"obtain_stats":[{"bronze:BronzeCore":0,"Singing Bowl":27,"Gremlin Horn":30,"Guardian:PocketSentry":25,"Ginger":27,"War Paint":24,"Bottled Tornado":24,"Boot":7,"Calling Bell":17,"Blood Vial":20,"downfall:BrokenWingStatue":14,"Matryoshka":17,"downfall:HeartBlessingBlue":44,"Pandora\u0027s Box":34,"Art of War":11,"Chemical X":30,"hexamod:BolsterEngine":41,"FossilizedHelix":0,"Toy Ornithopter":17,"TungstenRod":22,"InkBottle":30,"Pocketwatch":17},{"bronze:BronzeCore":0,"Singing Bowl":15,"Gremlin Horn":17,"Guardian:PocketSentry":14,"Ginger":15,"War Paint":13,"Bottled Tornado":13,"Boot":2,"Calling Bell":9,"Blood Vial":10,"downfall:BrokenWingStatue":7,"Matryoshka":9,"downfall:HeartBlessingBlue":24,"Pandora\u0027s Box":20,"Art of War":5,"Chemical X":17,"hexamod:BolsterEngine":22,"FossilizedHelix":0,"Toy Ornithopter":9,"TungstenRod":12,"InkBottle":17,"Pocketwatch":9},{"bronze:BronzeCore":0,"Singing Bowl":45,"Gremlin Horn":52,"Guardian:PocketSentry":41,"Ginger":45,"War Paint":36,"Bottled Tornado":36,"Boot":6,"Calling Bell":24,"Blood Vial":27,"downfall:BrokenWingStatue":18,"Matryoshka":24,"downfall:HeartBlessingBlue":77,"Pandora\u0027s Box":63,"Art of War":13,"Chemical X":52,"hexamod:BolsterEngine":69,"FossilizedHelix":0,"Toy Ornithopter":24,"TungstenRod":34,"InkBottle":52,"Pocketwatch":24}],"Toy Ornithopter":1,"TungstenRod":7,"InkBottle":[22],"Pocketwatch":[36]},"card_choices":[{"not_picked":["bronze:Fortify","bronze:Deprecate"],"picked":"bronze:Iterate","floor":2},{"not_picked":["bronze:BitShift","bronze:BugBarrage","bronze:WildBeam"],"picked":"SKIP","floor":4},{"not_picked":["bronze:BronzeArmor","bronze:BuggyMess"],"picked":"bronze:FineTuning","floor":8},{"not_picked":["bronze:DigitalCarnage","bronze:Separator"],"picked":"bronze:BronzeArmor","floor":10},{"not_picked":["bronze:DarkDash","bronze:Separator"],"picked":"bronze:CloningBeam","floor":11},{"not_picked":["bronze:DigitalCarnage","bronze:BronzeOrb","bronze:BuggyMess"],"picked":"SKIP","floor":12},{"not_picked":["bronze:Frontload","bronze:BuggyMess"],"picked":"bronze:Optimize","floor":13},{"not_picked":["bronze:Separator","bronze:CloningBeam"],"picked":"bronze:Iterate","floor":15},{"not_picked":["bronze:HyperBeam","bronze:BurnOut"],"picked":"bronze:Format","floor":16},{"not_picked":["bronze:Terminator","bronze:Frontload"],"picked":"bronze:Return","floor":19},{"not_picked":["bronze:Deprecate","bronze:ChosenStrike"],"picked":"bronze:Iterate","floor":21},{"not_picked":["bronze:CloningBeam+1","bronze:FollowUp"],"picked":"bronze:HardenedForm","floor":22},{"not_picked":[],"picked":"bronze:DonuBeam","floor":23},{"not_picked":["bronze:BronzeArmor","bronze:Iterate"],"picked":"bronze:Invalidate+1","floor":23},{"not_picked":["bronze:Turbo","bronze:Virus"],"picked":"bronze:Invalidate","floor":25},{"not_picked":["bronze:Iterate","bronze:Shield+1"],"picked":"bronze:WhirlingStrike","floor":27},{"not_picked":["bronze:Turbo","bronze:Backtrace","bronze:Constructor"],"picked":"Singing Bowl","floor":29},{"not_picked":["bronze:FollowUp","bronze:Frontload"],"picked":"bronze:Shell","floor":30},{"not_picked":["bronze:WhirlingStrike+1","bronze:Frontload"],"picked":"bronze:Safeguard+1","floor":31},{"not_picked":["bronze:Overload","bronze:Library"],"picked":"bronze:ForLoop+1","floor":32},{"not_picked":["bronze:FindAndReplace","bronze:HardenedForm"],"picked":"bronze:Format","floor":33},{"not_picked":["bronze:Frontload+1","bronze:InfiniteBeams+1"],"picked":"bronze:Overheat","floor":36},{"not_picked":["bronze:MaxOutput+1","bronze:BuggyMess+1"],"picked":"bronze:Flail+1","floor":37},{"not_picked":["bronze:DigitalCarnage+1","bronze:CutThrough+1"],"picked":"bronze:Shell","floor":42},{"not_picked":["bronze:ChildClass","bronze:Return+1"],"picked":"bronze:Iterate","floor":43},{"not_picked":["bronze:Terminator","bronze:Overload+1","bronze:CloningBeam"],"picked":"Singing Bowl","floor":46},{"not_picked":["bronze:Separator+1","bronze:Shield+1","bronze:OilSpill+1"],"picked":"Singing Bowl","floor":48},{"not_picked":["bronze:BugBarrage+1","bronze:Verify","bronze:Overload+1"],"picked":"Singing Bowl","floor":49}],"player_experience":1490163,"relics_obtained":[{"floor":7,"key":"Boot"},{"floor":11,"key":"Art of War"},{"floor":17,"key":"Toy Ornithopter"},{"floor":17,"key":"Matryoshka"},{"floor":17,"key":"Pocketwatch"},{"floor":24,"key":"War Paint"},{"floor":24,"key":"Bottled Tornado"},{"floor":25,"key":"Guardian:PocketSentry"},{"floor":27,"key":"Ginger"},{"floor":27,"key":"Singing Bowl"},{"floor":41,"key":"hexamod:BolsterEngine"}],"event_choices":[{"damage_healed":0,"gold_gain":0,"player_choice":"Donut","damage_taken":0,"max_hp_gain":5,"max_hp_loss":0,"event_name":"Big Fish","floor":3,"gold_loss":0},{"damage_healed":0,"gold_gain":0,"player_choice":"Got Potions","damage_taken":0,"max_hp_gain":0,"max_hp_loss":0,"event_name":"Lab","floor":38,"gold_loss":0}],"is_beta":false,"boss_relics":[{"not_picked":["Velvet Choker","Cursed Key"],"picked":"Calling Bell"},{"not_picked":["Snecko Eye","bronze:MakeshiftBattery"],"picked":"Pandora\u0027s Box"}],"items_purged_floors":[39],"is_endless":false,"potions_floor_spawned":[8,10,11,15,16,23,25,29,32,33,36,42,46,49],"ascension_level":0}}