{"host":"pq8o62wp0h1hflf3","time":1611339725,"event":{"mods":["BaseMod","Minty Spire (QoL Compilation)","Relic Stats","ojb\u0027s Info Mod"],"gold_per_floor":[117,129,99,24,24,54,71,71,71,105,116,72,84,115,115,186,186,205,205,222,7,7,7],"floor_reached":22,"language":"ENG","playtime":1240,"items_purged":[],"score":458,"play_id":"3b30a0f5-cbfb-495c-8379-459cd9838e57","local_time":"20210122132205","is_ascension_mode":true,"campfire_choices":[{"floor":8,"key":"REST"},{"data":"Chaos","floor":15,"key":"SMITH"}],"circlet_count":0,"master_deck":["AscendersBane","Strike_B","Strike_B","Strike_B","Defend_B","Defend_B","Defend_B","Defend_B","Zap","Dualcast","Rip and Tear","Capacitor","Leap","Chaos+1","Gash","Doom and Gloom","Undo","Core Surge","Decay","Cold Snap"],"relics":["Cracked Core","FossilizedHelix","Pear","Cables","Akabeko","Fusion Hammer","Regal Pillow"],"acts_visited":["Exordium","TheCity"],"potions_floor_usage":[6,10,10,14,16,18,20,22],"damage_taken":[{"damage":0,"enemies":"2 Louse","floor":1,"turns":3},{"damage":0,"enemies":"Small Slimes","floor":2,"turns":3},{"damage":33,"enemies":"Gremlin Nob","floor":6,"turns":5},{"damage":0,"enemies":"Jaw Worm","floor":7,"turns":2},{"damage":0,"enemies":"3 Sentries","floor":10,"turns":4},{"damage":0,"enemies":"Red Slaver","floor":11,"turns":2},{"damage":0,"enemies":"3 Louse","floor":13,"turns":3},{"damage":24,"enemies":"Gremlin Nob","floor":14,"turns":4},{"damage":10,"enemies":"Hexaghost","floor":16,"turns":7},{"damage":45,"enemies":"3 Byrds","floor":18,"turns":5},{"damage":5,"enemies":"Shell Parasite","floor":20,"turns":4},{"damage":6,"enemies":"Shelled Parasite and Fungi","floor":22,"turns":3}],"seed_played":"1487633433520045204","potions_obtained":[{"floor":2,"key":"Fire Potion"},{"floor":6,"key":"EntropicBrew"},{"floor":14,"key":"Strength Potion"},{"floor":16,"key":"EssenceOfSteel"},{"floor":18,"key":"BlessingOfTheForge"},{"floor":20,"key":"PowerPotion"}],"is_trial":false,"path_per_floor":["M","M","$","?","?","E","M","R","T","E","M","?","M","E","R","B",null,"M","?","M","$","M"],"character_chosen":"DEFECT","items_purchased":["Leap","Regal Pillow","Fire Potion"],"campfire_rested":1,"item_purchase_floors":[3,21,21],"current_hp_per_floor":[46,46,46,46,35,12,12,36,36,36,36,36,36,12,12,2,61,16,16,11,11,5,5],"gold":7,"neow_bonus":"ONE_RARE_RELIC","is_daily":false,"chose_seed":false,"campfire_upgraded":1,"win_rate":0.0,"timestamp":1611339725,"path_taken":["M","M","$","?","?","E","M","R","T","E","M","?","M","E","R","BOSS","M","?","?","$","M"],"items_purchased_type":["Card","Relic","Potion"],"build_version":"2020-12-22","purchased_purges":0,"victory":false,"max_hp_per_floor":[71,71,71,71,71,81,81,81,81,81,81,81,81,81,81,81,81,81,81,81,81,81,81],"relic_stats":{"Regal Pillow":0,"counters":[12,45],"obtain_stats":[{"Regal Pillow":21,"Pear":6,"Fusion Hammer":17,"Cracked Core":0,"FossilizedHelix":0,"Akabeko":14,"Cables":10},{"Regal Pillow":11,"Pear":3,"Fusion Hammer":9,"Cracked Core":0,"FossilizedHelix":0,"Akabeko":8,"Cables":5},{"Regal Pillow":42,"Pear":11,"Fusion Hammer":33,"Cracked Core":0,"FossilizedHelix":0,"Akabeko":26,"Cables":17}],"Cables":[21,11,4,6,0]},"card_choices":[{"not_picked":["Go for the Eyes","Hologram"],"picked":"Rip and Tear","floor":1},{"not_picked":["Rebound","Rip and Tear"],"picked":"Capacitor","floor":2},{"not_picked":["Force Field","Steam"],"picked":"Chaos","floor":6},{"not_picked":["White Noise","Stack"],"picked":"Gash","floor":7},{"not_picked":["Leap","Reprogram","Rebound"],"picked":"SKIP","floor":10},{"not_picked":["Beam Cell","Capacitor"],"picked":"Doom and Gloom","floor":11},{"not_picked":["Melter","Streamline","Turbo"],"picked":"SKIP","floor":13},{"not_picked":["Hyperbeam","Go for the Eyes"],"picked":"Undo","floor":14},{"not_picked":["Machine Learning","Thunder Strike"],"picked":"Core Surge","floor":16},{"not_picked":["Heatsinks","Rebound","Fusion"],"picked":"SKIP","floor":18},{"not_picked":["Gash","Hologram"],"picked":"Cold Snap","floor":20}],"player_experience":1159384,"relics_obtained":[{"floor":6,"key":"Pear"},{"floor":10,"key":"Cables"},{"floor":14,"key":"Akabeko"}],"event_choices":[{"cards_removed":["Strike_B"],"damage_healed":0,"gold_gain":0,"player_choice":"Card Removal","damage_taken":0,"max_hp_gain":0,"max_hp_loss":0,"event_name":"The Cleric","floor":4,"gold_loss":75},{"damage_healed":0,"gold_gain":0,"player_choice":"Fled","damage_taken":11,"max_hp_gain":0,"max_hp_loss":0,"event_name":"Scrap Ooze","floor":5,"gold_loss":0},{"damage_healed":0,"gold_gain":0,"player_choice":"Left Gold","damage_taken":0,"max_hp_gain":0,"max_hp_loss":0,"event_name":"World of Goop","floor":12,"gold_loss":44},{"damage_healed":0,"gold_gain":0,"player_choice":"Cursed","damage_taken":0,"max_hp_gain":0,"max_hp_loss":0,"event_name":"Wheel of Change","floor":19,"gold_loss":0,"cards_obtained":["Decay"]}],"is_beta":false,"boss_relics":[{"not_picked":["Coffee Dripper","Nuclear Battery"],"picked":"Fusion Hammer"}],"items_purged_floors":[],"is_endless":false,"potions_floor_spawned":[2,6,14,16,18,20],"killed_by":"Shelled Parasite and Fungi","ascension_level":20}}