{"host":"bq8ii4ghyb2mkf8g","time":1611326230,"event":{"mods":["BaseMod","Colored Map","Minty Spire (QoL Compilation)","Quick Restart","Replay The Spire","StSLib"],"gold_per_floor":[110,129,129,54,54,85,85,100,100,0,16,29,59,71,71,170,170,170,170,85,7,7,7,7,7,7,7,7,7,7,7,7,7,7,7,7,7,7,7,7,7,7,7,7,7,7,7,7,7,7,7,7,7,7,7,7],"floor_reached":55,"language":"ZHS","playtime":3283,"items_purged":["Strike_G","Strike_G"],"score":1293,"play_id":"407d4107-f863-4d3c-a1f2-3189ac9f3f5b","local_time":"20210122223710","is_ascension_mode":true,"campfire_choices":[{"data":"Deadly Poison","floor":7,"key":"SMITH"},{"data":"Toxin Wave","floor":15,"key":"SMITH"},{"data":"Prepared","floor":15,"key":"SMITH"},{"data":"Reflex","floor":24,"key":"SMITH"},{"data":"Die Die Die","floor":24,"key":"SMITH"},{"data":"Replay:Bag of Tricks","floor":29,"key":"SMITH"},{"data":"ReplayTheSpireMod:Speed Training","floor":29,"key":"SMITH"},{"data":"Catalyst","floor":32,"key":"SMITH"},{"data":"Escape Plan","floor":32,"key":"SMITH"},{"floor":41,"key":"RECALL"},{"data":"Prepared","floor":49,"key":"SMITH"},{"data":"Caltrops","floor":49,"key":"SMITH"},{"data":"Escape Plan","floor":52,"key":"SMITH"},{"data":"Tools of the Trade","floor":52,"key":"SMITH"}],"circlet_count":0,"master_deck":["AscendersBane","Strike_G+1","Strike_G+1","Strike_G+1","Defend_G+1","Defend_G+1","Defend_G+1","Defend_G+1","Defend_G+1","Survivor","Neutralize","Deadly Poison+1","Caltrops+1","Toxin Wave+1","Prepared+1","Die Die Die+1","Deadly Poison+1","ReplayTheSpireMod:Speed Training+1","Reflex+1","Escape Plan+1","Catalyst+1","Tools of the Trade+1","Backflip+1","ReplayTheSpireMod:The Works+1","Escape Plan+1","Prepared+1"],"relics":["Ring of the Snake","NeowsBlessing","ReplayTheSpireMod:TigerMarble","Divine Protection","Replay:Arrowhead","Ectoplasm","MealTicket","Question Card","Replay:Grab Bag","Runic Dome","Coffee Dripper","Runic Pyramid","Ancient Tea Set","Nunchaku","FossilizedHelix","Lantern","Omamori","Boot"],"acts_visited":["Exordium","TheCity","TheBeyond","TheEnding"],"potions_floor_usage":[13,33,33,50,55,55],"damage_taken":[{"damage":0,"enemies":"Jaw Worm","floor":1,"turns":1},{"damage":0,"enemies":"Cultist","floor":2,"turns":1},{"damage":0,"enemies":"3 Sentries","floor":6,"turns":2},{"damage":5,"enemies":"Small Slimes","floor":8,"turns":3},{"damage":0,"enemies":"2 Fungi Beasts","floor":11,"turns":3},{"damage":0,"enemies":"Looter","floor":12,"turns":3},{"damage":15,"enemies":"Gremlin Nob","floor":13,"turns":4},{"damage":0,"enemies":"3 Louse","floor":14,"turns":2},{"damage":16,"enemies":"The Guardian","floor":16,"turns":8},{"damage":0,"enemies":"3 Byrds","floor":18,"turns":3},{"damage":28,"enemies":"Slavers","floor":23,"turns":7},{"damage":0,"enemies":"Chosen","floor":25,"turns":4},{"damage":0,"enemies":"Snecko","floor":28,"turns":5},{"damage":0,"enemies":"Cultist and Chosen","floor":30,"turns":6},{"damage":0,"enemies":"Snake Plant","floor":31,"turns":3},{"damage":30,"enemies":"Collector","floor":33,"turns":7},{"damage":3,"enemies":"Orb Walker","floor":35,"turns":3},{"damage":4,"enemies":"3 Shapes","floor":36,"turns":5},{"damage":4,"enemies":"Maw","floor":37,"turns":5},{"damage":28,"enemies":"Reptomancer","floor":40,"turns":6},{"damage":0,"enemies":"Nemesis","floor":42,"turns":5},{"damage":0,"enemies":"Giant Head","floor":44,"turns":7},{"damage":0,"enemies":"Sphere and 2 Shapes","floor":45,"turns":5},{"damage":0,"enemies":"Spire Growth","floor":47,"turns":3},{"damage":10,"enemies":"Awakened One","floor":50,"turns":12},{"damage":48,"enemies":"Shield and Spear","floor":54,"turns":7},{"damage":32,"enemies":"The Heart","floor":55,"turns":3}],"seed_played":"4627075164503645492","potions_obtained":[{"floor":6,"key":"SteroidPotion"},{"floor":8,"key":"Block Potion"},{"floor":14,"key":"Weak Potion"},{"floor":18,"key":"PowerPotion"},{"floor":33,"key":"Venom Potion"},{"floor":40,"key":"Strength Potion"},{"floor":42,"key":"EssenceOfSteel"},{"floor":45,"key":"ColorlessPotion"}],"is_trial":false,"path_per_floor":["M","M","?","$","?","E","R","M","T","$","M","M","E","M","R","B",null,"M","?","?","$","?","E","R","M","T","?","M","R","M","M","R","B",null,"M","M","M","?","$","E","R","E","T","E","M","T","M","?","R","B",null,"R","$","E","B"],"character_chosen":"THE_SILENT","items_purchased":["ReplayTheSpireMod:Speed Training"],"campfire_rested":0,"item_purchase_floors":[21],"current_hp_per_floor":[63,63,68,68,68,68,68,63,63,63,63,63,48,48,48,32,64,64,50,50,65,65,37,37,37,37,37,37,37,37,37,37,7,62,59,55,51,80,80,52,52,52,52,52,52,52,52,52,52,42,71,71,80,32,0,0],"gold":7,"neow_bonus":"THREE_ENEMY_KILL","is_daily":false,"chose_seed":false,"campfire_upgraded":13,"win_rate":0.0,"timestamp":1611326230,"path_taken":["M","M","?","$","?","E","R","M","T","$","?","M","E","M","R","BOSS","M","?","?","$","?","E","R","M","T","?","M","R","M","M","R","BOSS","M","M","?","?","$","E","R","E","T","E","?","?","M","?","R","BOSS","R","$","E","BOSS"],"items_purchased_type":["Card"],"build_version":"2020-12-22","purchased_purges":2,"victory":false,"max_hp_per_floor":[70,70,75,75,75,75,75,75,75,75,75,75,75,75,75,75,75,75,80,80,80,80,80,80,80,80,80,80,80,80,80,80,80,80,80,80,80,80,80,80,80,80,80,80,80,80,80,80,80,80,80,80,80,80,80,80],"card_choices":[{"not_picked":["Slice","Hidden Blade"],"picked":"Deadly Poison","floor":1},{"not_picked":["ReplayTheSpireMod:Scrap Shanks","Masterful Stab"],"picked":"Caltrops","floor":2},{"not_picked":["ReplayTheSpireMod:Exploit Weakness","Outmaneuver","Predator"],"picked":"SKIP","floor":6},{"not_picked":["Deadly Poison","Dagger Spray"],"picked":"Toxin Wave","floor":8},{"not_picked":["Outmaneuver","Deflect","Hidden Blade"],"picked":"SKIP","floor":11},{"not_picked":["Finisher","Setup"],"picked":"Prepared","floor":12},{"not_picked":["Crippling Poison","Distraction","Endless Agony"],"picked":"SKIP","floor":13},{"not_picked":["Slice","Underhanded Strike"],"picked":"Replay:Bag of Tricks","floor":14},{"not_picked":["Malaise","Storm of Steel"],"picked":"Die Die Die","floor":16},{"not_picked":["Poisoned Stab","Quick Slash"],"picked":"Deadly Poison+1","floor":18},{"not_picked":["Prepared","Poisoned Stab"],"picked":"Reflex","floor":23},{"not_picked":["Dagger Throw","PiercingWail","Leg Sweep","Hidden Blade"],"picked":"SKIP","floor":25},{"not_picked":["Prepared+1","Outmaneuver+1","ReplayTheSpireMod:From All Sides"],"picked":"Escape Plan","floor":28},{"not_picked":["Dagger Spray","Blade Dance+1","Quick Slash","Dash"],"picked":"SKIP","floor":30},{"not_picked":["Slice","Predator","Flechettes"],"picked":"Catalyst","floor":31},{"not_picked":["Unload","Adrenaline","A Thousand Cuts"],"picked":"Tools of the Trade","floor":33},{"not_picked":["Deadly Poison","Deflect","ReplayTheSpireMod:The Works"],"picked":"Backflip+1","floor":35},{"not_picked":["Slice+1","Backflip","Blade Dance","Fluid Movement"],"picked":"SKIP","floor":36},{"not_picked":["Leg Sweep","Choke","Dodge and Roll"],"picked":"ReplayTheSpireMod:The Works+1","floor":37},{"not_picked":["Poisoned Stab+1","Sucker Punch+1","Quick Slash+1"],"picked":"Escape Plan","floor":40},{"not_picked":["Dagger Spray+1","Blade Dance+1","Bane","Doppelganger"],"picked":"SKIP","floor":42},{"not_picked":["ReplayTheSpireMod:Tripwire","Bane+1","Outmaneuver","Slice"],"picked":"SKIP","floor":44},{"not_picked":["Poisoned Stab","Dagger Throw","Dagger Spray","Replay:Poison Smokescreen"],"picked":"SKIP","floor":45},{"not_picked":["Poisoned Stab","Dodge and Roll+1","Bane+1","Storm of Steel"],"picked":"SKIP","floor":47},{"not_picked":["Sucker Punch","Hidden Blade","Sneak Up","Riddle With Holes"],"picked":"SKIP","floor":54}],"player_experience":113304,"relics_obtained":[{"floor":6,"key":"ReplayTheSpireMod:TigerMarble"},{"floor":9,"key":"Divine Protection"},{"floor":13,"key":"Replay:Arrowhead"},{"floor":23,"key":"Question Card"},{"floor":40,"key":"Ancient Tea Set"},{"floor":42,"key":"Nunchaku"},{"floor":43,"key":"FossilizedHelix"},{"floor":44,"key":"Lantern"},{"floor":46,"key":"Omamori"},{"floor":54,"key":"Boot"}],"event_choices":[{"damage_healed":0,"gold_gain":0,"player_choice":"Donut","damage_taken":0,"max_hp_gain":5,"max_hp_loss":0,"event_name":"Big Fish","floor":3,"gold_loss":0},{"damage_healed":0,"gold_gain":0,"player_choice":"Bought 0 Potions","damage_taken":0,"max_hp_gain":0,"max_hp_loss":0,"event_name":"The Woman in Blue","floor":5,"gold_loss":0},{"damage_healed":0,"gold_gain":0,"player_choice":"Shed Blood","damage_taken":19,"max_hp_gain":5,"max_hp_loss":0,"event_name":"Forgotten Altar","floor":19,"gold_loss":0},{"damage_healed":0,"gold_gain":0,"player_choice":"Obtained Relic","damage_taken":0,"relics_obtained":["MealTicket"],"max_hp_gain":0,"max_hp_loss":0,"event_name":"Addict","floor":20,"gold_loss":85},{"damage_healed":0,"gold_gain":0,"player_choice":"Simplicity","damage_taken":0,"max_hp_gain":0,"max_hp_loss":0,"event_name":"Back to Basics","floor":22,"gold_loss":0,"cards_upgraded":["Strike_G","Strike_G","Strike_G","Defend_G","Defend_G","Defend_G","Defend_G","Defend_G"]},{"damage_healed":0,"gold_gain":100,"player_choice":"Pray","damage_taken":0,"max_hp_gain":0,"max_hp_loss":0,"event_name":"Golden Shrine","floor":27,"gold_loss":0},{"damage_healed":29,"gold_gain":0,"player_choice":"Full Heal","damage_taken":0,"max_hp_gain":0,"max_hp_loss":0,"event_name":"Wheel of Change","floor":38,"gold_loss":0},{"damage_healed":0,"gold_gain":0,"cards_transformed":["Replay:Bag of Tricks"],"player_choice":"Transformed","damage_taken":0,"max_hp_gain":0,"max_hp_loss":0,"event_name":"Transmorgrifier","floor":48,"gold_loss":0,"cards_obtained":["Prepared"]}],"is_beta":false,"boss_relics":[{"not_picked":["Ring of the Serpent","Honey Jar"],"picked":"Ectoplasm"},{"not_picked":["Black Star","SlaversCollar"],"picked":"Replay:Grab Bag"},{"not_picked":["Fusion Hammer","ChewingGum"],"picked":"Runic Dome"},{"not_picked":["Philosopher\u0027s Stone","Sozu"],"picked":"Coffee Dripper"},{"not_picked":["Empty Cage","SacredBark"],"picked":"Runic Pyramid"}],"items_purged_floors":[4,10],"is_endless":false,"potions_floor_spawned":[6,8,14,18,33,40,42,45,47],"killed_by":"The Heart","ascension_level":10}}