{"host":"22s5scuj7mu87reg","time":1611320961,"event":{"mods":["BaseMod","Better Third Choice","CapriCore","Colored Powertips","Dota2Spire","Downfall","Duelist Mod","GungeonMod","Halation","Hubris","Infinite Spire","Koishi","KomeijiMod","Minty Spire (QoL Compilation)","Quick Restart","Replay The Spire","Shop Mod","StSLib","SuperFastMode","The Jungle","The Mystic","The Necromancer","Wandering Minibosses"],"gold_per_floor":[159,171,191,191,203,232,232,232,232],"floor_reached":8,"language":"POL","playtime":320,"items_purged":[],"score":81,"play_id":"e04843ae-7e98-47d3-a7e4-65ff0c7e37b3","local_time":"20210122140921","is_ascension_mode":true,"campfire_choices":[{"floor":7,"key":"REST"}],"circlet_count":0,"master_deck":["Strike_B","Strike_B","Strike_B","Strike_B","Defend_B+1","Defend_B","Defend_B","Defend_B","Zap","Dualcast","Crystallizer","Barrage","Heatsinks","Defragment"],"relics":["Tiny House","Dota2Spire:AghanimScepter"],"acts_visited":["Exordium"],"potions_floor_usage":[6,8],"damage_taken":[{"damage":5,"enemies":"infinitespire:Voidling","floor":1,"turns":4},{"damage":4,"enemies":"2 Louse","floor":2,"turns":3},{"damage":3,"enemies":"Small Slimes","floor":3,"turns":4},{"damage":12,"enemies":"Exordium Wildlife","floor":5,"turns":6},{"damage":43,"enemies":"Gremlin Nob","floor":6,"turns":5},{"damage":32,"enemies":"3 Sentries","floor":8,"turns":4}],"seed_played":"3118817420163757652","potions_obtained":[{"floor":0,"key":"Toxic Potion"},{"floor":3,"key":"SkillPotion"},{"floor":6,"key":"FearPotion"}],"is_trial":false,"path_per_floor":["M","M","M","?","M","E","R","E"],"character_chosen":"DEFECT","items_purchased":[],"campfire_rested":1,"item_purchase_floors":[],"current_hp_per_floor":[68,64,61,61,49,6,30,0,0],"gold":232,"neow_bonus":"BOSS_RELIC","is_daily":false,"chose_seed":false,"campfire_upgraded":0,"win_rate":0.0,"timestamp":1611320961,"path_taken":["M","?","M","?","M","E","R","E"],"items_purchased_type":[],"build_version":"2020-12-13","purchased_purges":0,"victory":false,"max_hp_per_floor":[80,80,80,80,80,80,80,80,80],"card_choices":[{"not_picked":["Leap","Gash"],"picked":"Crystallizer","floor":0},{"not_picked":["Scrape","BasicCrystalCard"],"picked":"Barrage","floor":1},{"not_picked":["ReplayTheSpireMod:GoodbyeWorld","BasicCrystalCard"],"picked":"Heatsinks","floor":2},{"not_picked":["hubris:Prefetch","Rebound","Steam"],"picked":"SKIP","floor":3},{"not_picked":["Redo","Reprogram","Go for the Eyes"],"picked":"SKIP","floor":5},{"not_picked":["Go for the Eyes","Blizzard"],"picked":"Defragment","floor":6}],"player_experience":173299,"relics_obtained":[{"floor":6,"key":"Dota2Spire:AghanimScepter"}],"event_choices":[],"is_beta":false,"boss_relics":[],"items_purged_floors":[],"is_endless":false,"potions_floor_spawned":[3,6],"killed_by":"3 Sentries","ascension_level":8}}