{"host":"7qoz5gmva6til3yp","time":1611345963,"event":{"mods":["AchievementEnabler","BaseMod","Minty Spire (QoL Compilation)","StSLib","SuperFastMode"],"gold_per_floor":[113,131,146,146,164,164,183,183,183,11,31,47,62,90,90,188,188,199,199,216,216,235,235,252,262,262,262,187,112,135,148,148,245,245,259,259,279,22,22,50,66,117,117,146,146,2,2,21,21,21],"floor_reached":51,"language":"KOR","playtime":1813,"items_purged":["WindmillStrike","Vengeance"],"score":1080,"play_id":"62e961de-6b72-4f13-ae92-4f9499be6061","local_time":"20210123050603","is_ascension_mode":true,"campfire_choices":[{"data":"Eruption","floor":6.0,"key":"SMITH"},{"data":"MentalFortress","floor":8.0,"key":"SMITH"},{"floor":15.0,"key":"REST"},{"floor":23.0,"key":"REST"},{"data":"DevaForm","floor":27.0,"key":"SMITH"},{"floor":32.0,"key":"REST"},{"data":"Ragnarok","floor":49,"key":"SMITH"}],"circlet_count":0,"master_deck":["Eruption+1","Vigilance","LikeWater","CutThroughFate","MentalFortress+1","MentalFortress","Ragnarok+1","EmptyFist","Brilliance","InnerPeace+1","DevaForm+1","Consecrate","EmptyFist","ClearTheMind+1","Protect","Wallop+1","Prostrate","DeusExMachina","MentalFortress+1","Master of Strategy+1","LessonLearned","Adaptation+1"],"relics":["PureWater","Unceasing Top","Kunai","War Paint","Pandora\u0027s Box","Centennial Puzzle","Toy Ornithopter","Sozu","Damaru","CaptainsWheel","Du-Vu Doll","Mummified Hand","Regal Pillow","Orichalcum","Lantern"],"acts_visited":["Exordium","TheCity","TheBeyond"],"potions_floor_usage":[],"damage_taken":[{"damage":0.0,"enemies":"Cultist","floor":1.0,"turns":2.0},{"damage":3.0,"enemies":"Small Slimes","floor":2.0,"turns":4.0},{"damage":8.0,"enemies":"2 Louse","floor":3.0,"turns":2.0},{"damage":0.0,"enemies":"Blue Slaver","floor":5.0,"turns":3.0},{"damage":17.0,"enemies":"Exordium Thugs","floor":7.0,"turns":3.0},{"damage":0.0,"enemies":"2 Fungi Beasts","floor":11.0,"turns":1.0},{"damage":10.0,"enemies":"3 Louse","floor":12.0,"turns":4.0},{"damage":18.0,"enemies":"Looter","floor":13.0,"turns":3.0},{"damage":0.0,"enemies":"Lagavulin","floor":14.0,"turns":4.0},{"damage":0.0,"enemies":"Slime Boss","floor":16.0,"turns":6.0},{"damage":5.0,"enemies":"Spheric Guardian","floor":18.0,"turns":3.0},{"damage":19.0,"enemies":"Shell Parasite","floor":20.0,"turns":4.0},{"damage":13.0,"enemies":"Centurion and Healer","floor":22.0,"turns":7.0},{"damage":1.0,"enemies":"Sentry and Sphere","floor":24.0,"turns":5.0},{"damage":8.0,"enemies":"Cultist and Chosen","floor":25.0,"turns":5.0},{"damage":14.0,"enemies":"Shelled Parasite and Fungi","floor":31.0,"turns":5.0},{"damage":7.0,"enemies":"Collector","floor":33.0,"turns":7.0},{"damage":8.0,"enemies":"Orb Walker","floor":35.0,"turns":3.0},{"damage":26.0,"enemies":"3 Darklings","floor":37.0,"turns":5.0},{"damage":112.0,"enemies":"Nemesis","floor":40.0,"turns":20.0},{"damage":17.0,"enemies":"Spire Growth","floor":41.0,"turns":5.0},{"damage":8.0,"enemies":"2 Orb Walkers","floor":42.0,"turns":6.0},{"damage":6.0,"enemies":"Reptomancer","floor":44.0,"turns":6.0},{"damage":5,"enemies":"Writhing Mass","floor":48,"turns":5},{"damage":8,"enemies":"Donu and Deca","floor":50,"turns":7}],"seed_played":"5196972604884549146","potions_obtained":[{"floor":2.0,"key":"Strength Potion"},{"floor":5.0,"key":"StancePotion"},{"floor":7.0,"key":"BlessingOfTheForge"},{"floor":18.0,"key":"ColorlessPotion"},{"floor":22.0,"key":"BlessingOfTheForge"},{"floor":24.0,"key":"Energy Potion"},{"floor":25.0,"key":"SkillPotion"},{"floor":33.0,"key":"StancePotion"}],"is_trial":false,"path_per_floor":["M","M","M","?","M","R","M","R","T","$","M","M","M","E","R","B",null,"M","?","M","?","M","R","M","M","T","R","?","$","T","M","R","B",null,"M","?","M","$","?","E","M","?","T","E","T","$","?","M","R","B",null],"character_chosen":"WATCHER","items_purchased":["MentalFortress","Ragnarok","Damaru","Lantern"],"campfire_rested":3,"item_purchase_floors":[10,10,38,46],"current_hp_per_floor":[65,62,54,54,54,54,37,37,37,37,37,27,9,9,28,28,56,51,51,32,32,19,38,37,29,29,29,29,29,29,20,39,37,58,50,50,24,24,24,6,45,37,37,31,31,31,54,49,49,41],"gold":21,"neow_bonus":"ONE_RARE_RELIC","is_daily":false,"chose_seed":false,"campfire_upgraded":4,"win_rate":0.0,"timestamp":1611345963,"path_taken":["M","M","?","?","?","R","M","R","T","$","M","M","M","E","R","BOSS","M","?","M","?","M","R","M","?","T","R","?","$","?","M","R","BOSS","M","?","M","$","?","E","M","?","T","E","?","$","?","M","R","BOSS"],"items_purchased_type":["Card","Card","Relic","Relic"],"build_version":"2020-12-22","purchased_purges":2,"victory":true,"max_hp_per_floor":[65,65,65,65,65,65,65,65,65,65,65,65,65,65,65,65,65,65,65,65,65,65,65,65,65,65,65,65,65,65,65,65,65,65,65,62,62,62,62,62,62,62,62,62,62,62,54,54,54,54],"card_choices":[{"not_picked":["EmptyBody","Prostrate","Halt"],"picked":"SKIP","floor":1.0},{"not_picked":["FlyingSleeves","Consecrate","JustLucky"],"picked":"SKIP","floor":2.0},{"not_picked":["Swivel","ReachHeaven","BowlingBash"],"picked":"SKIP","floor":3.0},{"not_picked":["ClearTheMind","EmptyBody"],"picked":"CutThroughFate","floor":5.0},{"not_picked":["Wallop","ClearTheMind"],"picked":"MentalFortress","floor":7.0},{"not_picked":["MasterReality","FlyingSleeves","SashWhip"],"picked":"SKIP","floor":11.0},{"not_picked":["Consecrate","JustLucky","ClearTheMind"],"picked":"SKIP","floor":12.0},{"not_picked":["Crescendo","CrushJoints","CarveReality"],"picked":"SKIP","floor":13.0},{"not_picked":["DeceiveReality","Evaluate"],"picked":"EmptyFist","floor":14.0},{"not_picked":["Omniscience","Blasphemy"],"picked":"Brilliance","floor":16.0},{"not_picked":["PathToVictory","Indignation"],"picked":"ClearTheMind+1","floor":18.0},{"not_picked":["Indignation","ThirdEye"],"picked":"Wallop+1","floor":20.0},{"not_picked":["Halt+1","Vengeance","EmptyBody"],"picked":"SKIP","floor":22.0},{"not_picked":["SandsOfTime","Evaluate+1","FollowUp"],"picked":"SKIP","floor":24.0},{"not_picked":["FlurryOfBlows","WindmillStrike"],"picked":"Prostrate","floor":25.0},{"not_picked":["WheelKick+1","CrushJoints+1","EmptyBody+1"],"picked":"SKIP","floor":31.0},{"not_picked":["Judgement","Scrawl"],"picked":"DeusExMachina","floor":33.0},{"not_picked":["Sanctity+1","EmptyMind+1"],"picked":"MentalFortress+1","floor":35.0},{"not_picked":["Crescendo+1","Evaluate","WheelKick"],"picked":"SKIP","floor":37.0},{"not_picked":["Trip","Madness"],"picked":"Master of Strategy","floor":39.0},{"not_picked":["Wallop","EmptyFist+1"],"picked":"LessonLearned","floor":40.0},{"not_picked":["Weave","CutThroughFate"],"picked":"Adaptation+1","floor":41.0},{"not_picked":["PathToVictory","MentalFortress","BowlingBash+1"],"picked":"SKIP","floor":44.0},{"not_picked":["Wireheading+1","SashWhip+1","FlurryOfBlows+1"],"picked":"SKIP","floor":48}],"player_experience":415170,"relics_obtained":[{"floor":9.0,"key":"Kunai"},{"floor":14.0,"key":"War Paint"},{"floor":26.0,"key":"Centennial Puzzle"},{"floor":30.0,"key":"Toy Ornithopter"},{"floor":40.0,"key":"CaptainsWheel"},{"floor":42.0,"key":"Du-Vu Doll"},{"floor":43.0,"key":"Mummified Hand"},{"floor":44.0,"key":"Regal Pillow"},{"floor":45.0,"key":"Orichalcum"}],"event_choices":[{"damage_healed":0.0,"max_hp_gain":0.0,"max_hp_loss":0.0,"gold_gain":0.0,"cards_transformed":["Defend_P"],"event_name":"Transmorgrifier","player_choice":"Transformed","floor":4.0,"gold_loss":0.0,"damage_taken":0.0,"cards_obtained":["LikeWater"]},{"damage_healed":0.0,"max_hp_gain":0.0,"max_hp_loss":0.0,"gold_gain":0.0,"event_name":"The Library","player_choice":"Read","floor":19.0,"gold_loss":0.0,"damage_taken":0.0,"cards_obtained":["Protect"]},{"damage_healed":0.0,"max_hp_gain":0.0,"max_hp_loss":0.0,"gold_gain":0.0,"cards_transformed":["SandsOfTime"],"event_name":"Transmorgrifier","player_choice":"Transformed","floor":21.0,"gold_loss":0.0,"damage_taken":0.0,"cards_obtained":["Vengeance"]},{"cards_removed":["ReachHeaven"],"damage_healed":0.0,"max_hp_gain":0.0,"max_hp_loss":0.0,"gold_gain":0.0,"event_name":"Beggar","player_choice":"Gave Gold","floor":28.0,"gold_loss":75.0,"damage_taken":0.0},{"damage_healed":0.0,"max_hp_gain":0.0,"max_hp_loss":3.0,"gold_gain":0.0,"event_name":"Winding Halls","player_choice":"Max HP","floor":36.0,"gold_loss":0.0,"damage_taken":0.0},{"damage_healed":0.0,"max_hp_gain":0.0,"max_hp_loss":0.0,"gold_gain":0.0,"event_name":"SensoryStone","player_choice":"Memory 1","floor":39.0,"gold_loss":0.0,"damage_taken":0.0},{"damage_healed":0.0,"max_hp_gain":0.0,"max_hp_loss":0.0,"gold_gain":0.0,"event_name":"Mysterious Sphere","player_choice":"Fight","floor":42.0,"gold_loss":0.0,"damage_taken":0.0},{"damage_healed":54.0,"max_hp_gain":0.0,"max_hp_loss":8.0,"gold_gain":0.0,"event_name":"The Moai Head","player_choice":"Heal","floor":47.0,"gold_loss":0.0,"damage_taken":0.0}],"is_beta":false,"boss_relics":[{"not_picked":["Coffee Dripper","Empty Cage"],"picked":"Pandora\u0027s Box"},{"not_picked":["Tiny House","HolyWater"],"picked":"Sozu"}],"items_purged_floors":[29,38],"is_endless":false,"potions_floor_spawned":[2,5,7,13,18,22,24,25,33,35,44,48],"ascension_level":8}}