{"host":"d8hh7rr4yzitjeuj","time":1611303342,"event":{"mods":["2.2 Compatiblity","AchievementEnabler","Act Like it!","BaseMod","Colored Map","Colored Powertips","Highlight Path","Keyboard Shortcuts","Minty Spire (QoL Compilation)","Permanent Neow","Quick Restart","StSLib","SuperFastMode"],"gold_per_floor":[116,116,134,134,150,189,203,203,203,238,238,32,32,32],"floor_reached":13,"language":"KOR","playtime":358,"items_purged":[],"score":186,"play_id":"9bcbecc2-8281-407e-aee5-89efd5a1a3e2","local_time":"20210122171542","is_ascension_mode":true,"campfire_choices":[{"floor":11,"key":"REST"}],"circlet_count":0,"master_deck":["AscendersBane","Strike_R","Strike_R","Strike_R","Strike_R","Strike_R","Defend_R","Defend_R","Defend_R","Defend_R","Bash","Perfected Strike","Carnage+1","Power Through","Bloodletting","Demon Form","Hemokinesis","Ghostly Armor","Combust"],"relics":["Burning Blood","Golden Idol","Omamori","Bronze Scales","Meat on the Bone","ClockworkSouvenir"],"acts_visited":["Exordium"],"potions_floor_usage":[10],"damage_taken":[{"damage":7.0,"enemies":"Small Slimes","floor":1.0,"turns":3.0},{"damage":10.0,"enemies":"2 Louse","floor":3.0,"turns":3.0},{"damage":0.0,"enemies":"Jaw Worm","floor":5.0,"turns":3.0},{"damage":18.0,"enemies":"3 Sentries","floor":6.0,"turns":12.0},{"damage":22.0,"enemies":"3 Louse","floor":7.0,"turns":4.0},{"damage":22,"enemies":"Gremlin Nob","floor":10,"turns":4},{"damage":39,"enemies":"3 Sentries","floor":13,"turns":6}],"seed_played":"-5607597153263620132","potions_obtained":[{"floor":1.0,"key":"Block Potion"},{"floor":3.0,"key":"HeartOfIron"}],"is_trial":false,"path_per_floor":["M","?","M","?","M","E","M","?","T","E","R","$","E"],"character_chosen":"IRONCLAD","items_purchased":["Combust","ClockworkSouvenir"],"campfire_rested":1,"item_purchase_floors":[12,12],"current_hp_per_floor":[67,67,63,37,43,31,15,33,33,17,39,39,0,0],"gold":32,"neow_bonus":"THREE_CARDS","is_daily":false,"chose_seed":false,"campfire_upgraded":0,"win_rate":0.0,"timestamp":1611303342,"path_taken":["M","?","M","?","M","E","M","?","T","E","R","$","E"],"items_purchased_type":["Card","Relic"],"build_version":"2020-12-22","purchased_purges":0,"victory":false,"max_hp_per_floor":[75,75,75,75,75,75,75,75,75,75,75,75,75,75],"card_choices":[{"not_picked":["Pommel Strike","Sword Boomerang"],"picked":"Perfected Strike","floor":0.0},{"not_picked":["Rampage","Shrug It Off"],"picked":"Carnage","floor":1.0},{"not_picked":["Seeing Red","Perfected Strike"],"picked":"Power Through","floor":3.0},{"not_picked":["Sword Boomerang","Clash"],"picked":"Bloodletting","floor":5.0},{"not_picked":["Heavy Blade","Clothesline"],"picked":"Demon Form","floor":6.0},{"not_picked":["Warcry","Clothesline"],"picked":"Hemokinesis","floor":7.0},{"not_picked":["Demon Form","Fire Breathing"],"picked":"Ghostly Armor","floor":10}],"player_experience":1451902,"relics_obtained":[{"floor":6.0,"key":"Omamori"},{"floor":9,"key":"Bronze Scales"},{"floor":10,"key":"Meat on the Bone"}],"event_choices":[{"damage_healed":0.0,"max_hp_gain":0.0,"max_hp_loss":0.0,"gold_gain":0.0,"event_name":"Living Wall","player_choice":"Grow","floor":2.0,"gold_loss":0.0,"damage_taken":0.0,"cards_upgraded":["Carnage"]},{"damage_healed":0.0,"max_hp_gain":0.0,"max_hp_loss":0.0,"gold_gain":0.0,"event_name":"Golden Idol","player_choice":"Take Damage","floor":4.0,"gold_loss":0.0,"damage_taken":26.0,"relics_obtained":["Golden Idol"]},{"damage_healed":18.0,"max_hp_gain":0.0,"max_hp_loss":0.0,"gold_gain":0.0,"event_name":"Mushrooms","player_choice":"Healed and dodged fight","floor":8.0,"gold_loss":0.0,"damage_taken":0.0,"cards_obtained":["Parasite"]}],"is_beta":false,"boss_relics":[],"items_purged_floors":[],"is_endless":false,"potions_floor_spawned":[1,3],"killed_by":"3 Sentries","ascension_level":20}}