{"host":"og6lam4kt3nibbw0","time":1611333826,"event":{"mods":["AchievementEnabler","BaseMod","Colored Map","DeckTracker","Highlight Path","Keyboard Shortcuts","Minty Spire (QoL Compilation)","Permanent Neow","Quick Restart","StSLib","SuperFastMode"],"gold_per_floor":[117,130,146,146,170,170,196,96,145,169,188,188,212,45,45,127,154,169,189,169,81,81,81,103,103,103,103,103],"floor_reached":27,"language":"KOR","playtime":1478,"items_purged":["Strike_R"],"score":426,"play_id":"de5f88c5-1a4f-442e-86a3-75f9954769a6","local_time":"20210123014346","is_ascension_mode":true,"campfire_choices":[{"data":"Juggernaut","floor":6.0,"key":"SMITH"},{"floor":12.0,"key":"REST"},{"data":"Inflame","floor":15.0,"key":"SMITH"},{"floor":23,"key":"REST"},{"floor":25,"key":"REST"}],"circlet_count":0,"master_deck":["AscendersBane","Strike_R","Strike_R","Defend_R+1","Defend_R","Defend_R","Bash","Juggernaut+1","Iron Wave+1","Ghostly Armor","Inflame+1","True Grit","Pommel Strike","Power Through","Metallicize","Warcry","Barricade","Thunderclap+1","Reckless Charge+1","Headbutt+1","Body Slam","Enlightenment","Feel No Pain"],"relics":["Burning Blood","MealTicket","Singing Bowl","CeramicFish","TheAbacus","Astrolabe","Kunai"],"acts_visited":["Exordium","TheCity"],"potions_floor_usage":[24],"damage_taken":[{"damage":7.0,"enemies":"Small Slimes","floor":1.0,"turns":4.0},{"damage":4.0,"enemies":"Jaw Worm","floor":2.0,"turns":4.0},{"damage":1.0,"enemies":"Cultist","floor":3.0,"turns":4.0},{"damage":25.0,"enemies":"Gremlin Nob","floor":7.0,"turns":4.0},{"damage":28.0,"enemies":"Lots of Slimes","floor":10.0,"turns":4.0},{"damage":0.0,"enemies":"Exordium Wildlife","floor":11.0,"turns":6.0},{"damage":21.0,"enemies":"Exordium Thugs","floor":13.0,"turns":6.0},{"damage":26.0,"enemies":"Hexaghost","floor":16.0,"turns":10.0},{"damage":8.0,"enemies":"Spheric Guardian","floor":18.0,"turns":7.0},{"damage":50.0,"enemies":"3 Byrds","floor":19.0,"turns":5.0},{"damage":11,"enemies":"Snecko","floor":24,"turns":6},{"damage":58,"enemies":"Book of Stabbing","floor":27,"turns":5}],"seed_played":"5911028490165463369","potions_obtained":[{"floor":2.0,"key":"LiquidBronze"},{"floor":10.0,"key":"LiquidMemories"},{"floor":11.0,"key":"SkillPotion"},{"floor":16.0,"key":"Weak Potion"},{"floor":19.0,"key":"Explosive Potion"},{"floor":20.0,"key":"Weak Potion"}],"is_trial":false,"path_per_floor":["M","M","M","?","T","R","E","$","T","M","M","R","M","$","R","B",null,"M","M","?","$","?","R","M","R","T","E"],"character_chosen":"IRONCLAD","items_purchased":["Pommel Strike","TheAbacus","Enlightenment"],"campfire_rested":3,"item_purchase_floors":[8,14,21],"current_hp_per_floor":[49,51,56,33,33,33,14,29,29,7,13,35,20,35,35,15,60,60,16,16,31,9,33,28,52,52,0,0],"gold":103,"neow_bonus":"THREE_RARE_CARDS","is_daily":false,"chose_seed":false,"campfire_upgraded":2,"win_rate":0.0,"timestamp":1611333826,"path_taken":["M","M","M","?","?","R","E","$","T","?","M","R","M","?","R","BOSS","M","M","?","?","?","R","M","R","T","E"],"items_purchased_type":["Card","Relic","Card"],"build_version":"2020-12-22","purchased_purges":1,"victory":false,"max_hp_per_floor":[75,75,75,75,75,75,75,75,75,75,75,75,75,75,75,75,75,77,77,77,77,82,82,82,82,82,82,82],"card_choices":[{"not_picked":["Brutality","Impervious"],"picked":"Juggernaut","floor":0.0},{"not_picked":["True Grit","Feel No Pain"],"picked":"Iron Wave","floor":1.0},{"not_picked":["Perfected Strike","Anger"],"picked":"Ghostly Armor","floor":2.0},{"not_picked":["Heavy Blade","Wild Strike"],"picked":"Inflame","floor":3.0},{"not_picked":["Iron Wave","Immolate"],"picked":"True Grit","floor":7.0},{"not_picked":["Bloodletting","Reckless Charge"],"picked":"Power Through","floor":10.0},{"not_picked":["Warcry","Disarm"],"picked":"Metallicize","floor":11.0},{"not_picked":["Combust","Flex"],"picked":"Warcry","floor":13.0},{"not_picked":["Fiend Fire","Bludgeon"],"picked":"Barricade","floor":16.0},{"not_picked":["Disarm+1","Headbutt","Perfected Strike"],"picked":"Singing Bowl","floor":18.0},{"not_picked":["Dropkick","Blood for Blood"],"picked":"Body Slam","floor":19.0},{"not_picked":["Body Slam","Pummel"],"picked":"Feel No Pain","floor":24}],"player_experience":942429,"relics_obtained":[{"floor":5.0,"key":"MealTicket"},{"floor":7.0,"key":"Singing Bowl"},{"floor":9.0,"key":"CeramicFish"},{"floor":26,"key":"Kunai"}],"event_choices":[{"damage_healed":0.0,"max_hp_gain":0.0,"max_hp_loss":0.0,"gold_gain":0.0,"event_name":"Shining Light","player_choice":"Entered Light","floor":4.0,"gold_loss":0.0,"damage_taken":23.0,"cards_upgraded":["Defend_R","Iron Wave"]},{"damage_healed":0.0,"max_hp_gain":0.0,"max_hp_loss":0.0,"gold_gain":0.0,"event_name":"The Woman in Blue","player_choice":"Bought 1 Potion","floor":20.0,"gold_loss":0.0,"damage_taken":0.0},{"damage_healed":0,"gold_gain":0,"player_choice":"Shed Blood","damage_taken":27,"max_hp_gain":5,"max_hp_loss":0,"event_name":"Forgotten Altar","floor":22,"gold_loss":0}],"is_beta":false,"boss_relics":[{"not_picked":["Philosopher\u0027s Stone","Cursed Key"],"picked":"Astrolabe"}],"items_purged_floors":[8],"is_endless":false,"potions_floor_spawned":[2,10,11,16,19],"killed_by":"Book of Stabbing","ascension_level":20}}