{"host":"mi0eibewekhugwl1","time":1611297061,"event":{"mods":["AchievementEnabler","BaseMod","Colored Map","Colored Powertips","DeckTracker","Keyboard Shortcuts","Minty Spire (QoL Compilation)","Quick Restart","Rare Cards Sparkle","Relic Stats","StSLib","SuperFastMode","everything is the same but u backflip on backflip"],"gold_per_floor":[12,29,39,114,129,129,146,146,146,181,181,191,203,213,213,285,285,300,300,313,78,97,97,97,112,112,12,12,12,32,49,49,122,122,136,155,25,36,61,61,61,71,71,90,123,34,0,0,0,0,0,0],"floor_reached":51,"language":"KOR","playtime":1615,"items_purged":["Strike_G+1","Strike_G+1"],"score":1316,"play_id":"0755d48e-2808-4c47-b04c-f61cb4f2f5a3","local_time":"20210122153101","is_ascension_mode":true,"campfire_choices":[{"data":"Masterful Stab","floor":6.0,"key":"SMITH"},{"data":"Dagger Throw","floor":8.0,"key":"SMITH"},{"data":"Catalyst","floor":15.0,"key":"SMITH"},{"floor":23.0,"key":"REST"},{"floor":28.0,"key":"REST"},{"data":"Deadly Poison","floor":32.0,"key":"SMITH"},{"data":"Wraith Form v2","floor":41,"key":"SMITH"},{"floor":49,"key":"RECALL"}],"circlet_count":0,"master_deck":["AscendersBane","Defend_G+1","Defend_G+1","Defend_G+1","Defend_G+1","Defend_G+1","Survivor","Neutralize","Adrenaline+1","Cloak And Dagger+1","Deadly Poison+1","Dagger Throw+1","Catalyst+1","Burst","Deadly Poison","Malaise","Leg Sweep+1","PiercingWail+1","Tools of the Trade+1","Blur","Backflip","Wraith Form v2+1","Crippling Poison","Tactician","Footwork","Backflip","Decay","Corpse Explosion"],"relics":["Ring of the Snake","War Paint","Ancient Tea Set","Astrolabe","TwistedFunnel","Kunai","Cursed Key","Girya","Eternal Feather","Red Mask"],"acts_visited":["Exordium","TheCity","TheBeyond"],"potions_floor_usage":[45],"damage_taken":[{"damage":0.0,"enemies":"Small Slimes","floor":1.0,"turns":3.0},{"damage":3.0,"enemies":"Cultist","floor":2.0,"turns":5.0},{"damage":0.0,"enemies":"2 Louse","floor":3.0,"turns":2.0},{"damage":0.0,"enemies":"Lots of Slimes","floor":5.0,"turns":4.0},{"damage":0.0,"enemies":"Exordium Thugs","floor":7.0,"turns":6.0},{"damage":13.0,"enemies":"Lagavulin","floor":10.0,"turns":5.0},{"damage":0.0,"enemies":"Exordium Wildlife","floor":12.0,"turns":3.0},{"damage":0.0,"enemies":"Red Slaver","floor":13.0,"turns":2.0},{"damage":4.0,"enemies":"Exordium Thugs","floor":14.0,"turns":4.0},{"damage":8.0,"enemies":"Hexaghost","floor":16.0,"turns":7.0},{"damage":5.0,"enemies":"2 Thieves","floor":18.0,"turns":4.0},{"damage":4.0,"enemies":"Shell Parasite","floor":20.0,"turns":5.0},{"damage":28.0,"enemies":"Shelled Parasite and Fungi","floor":22.0,"turns":7.0},{"damage":1.0,"enemies":"Centurion and Healer","floor":25.0,"turns":6.0},{"damage":1.0,"enemies":"Chosen and Byrds","floor":30.0,"turns":6.0},{"damage":1.0,"enemies":"Shelled Parasite and Fungi","floor":31.0,"turns":6.0},{"damage":39.0,"enemies":"Automaton","floor":33.0,"turns":10.0},{"damage":1.0,"enemies":"3 Shapes","floor":35.0,"turns":5.0},{"damage":6.0,"enemies":"Orb Walker","floor":36.0,"turns":4.0},{"damage":0.0,"enemies":"Writhing Mass","floor":38.0,"turns":2.0},{"damage":0.0,"enemies":"Mind Bloom Boss Battle","floor":39.0,"turns":7.0},{"damage":1,"enemies":"Transient","floor":42,"turns":6},{"damage":13,"enemies":"Maw","floor":44,"turns":6},{"damage":28,"enemies":"Reptomancer","floor":45,"turns":6},{"damage":13,"enemies":"Awakened One","floor":50,"turns":33},{"damage":0,"enemies":"Time Eater","floor":51,"turns":1}],"seed_played":"1416093346298212883","potions_obtained":[{"floor":2.0,"key":"CunningPotion"},{"floor":7.0,"key":"SteroidPotion"},{"floor":10.0,"key":"Energy Potion"},{"floor":11.0,"key":"LiquidMemories"},{"floor":22.0,"key":"LiquidBronze"},{"floor":33.0,"key":"Fire Potion"},{"floor":42,"key":"SmokeBomb"}],"is_trial":false,"path_per_floor":["M","M","M","?","M","R","M","R","T","E","?","M","M","M","R","B",null,"M","?","M","$","M","R","?","M","T","$","R","$","M","M","R","B",null,"M","M","$","M","?","?","R","M","T","M","E","$","?","?","R","B","B"],"character_chosen":"THE_SILENT","items_purchased":["TwistedFunnel","Footwork","Backflip","Corpse Explosion"],"campfire_rested":2,"item_purchase_floors":[21,37,37,46],"current_hp_per_floor":[59,56,56,45,45,45,45,45,45,32,32,32,32,28,28,20,55,50,50,46,46,18,37,37,36,36,36,55,55,54,53,53,14,53,52,46,46,46,46,46,46,45,45,32,4,4,4,4,19,6,6,6],"gold":0,"neow_bonus":"THREE_RARE_CARDS","is_daily":false,"chose_seed":false,"campfire_upgraded":5,"win_rate":0.0,"timestamp":1611297061,"path_taken":["M","M","M","?","M","R","M","R","T","E","?","M","M","?","R","BOSS","M","?","M","$","M","R","?","M","T","$","R","$","?","M","R","BOSS","M","M","$","M","?","?","R","M","T","?","E","$","?","?","R","BOSS","BOSS"],"items_purchased_type":["Relic","Card","Card","Card"],"build_version":"2020-12-22","purchased_purges":2,"victory":false,"max_hp_per_floor":[66,66,66,66,66,66,66,66,66,66,66,66,66,66,66,66,66,66,66,66,66,66,66,66,66,66,66,66,66,66,66,66,66,66,66,66,66,66,66,66,66,66,66,66,66,66,66,66,66,66,66,66],"relic_stats":{"counters":[26,155],"Astrolabe":["Leg Sweep","PiercingWail","Tools of the Trade"],"Eternal Feather":15,"Kunai":[17],"War Paint":["Defend_G","Cloak And Dagger"],"Cursed Key":1,"obtain_stats":[{"TwistedFunnel":21,"Girya":39,"Astrolabe":17,"Eternal Feather":45,"Red Mask":47,"Kunai":26,"War Paint":9,"Ancient Tea Set":10,"Cursed Key":34,"Ring of the Snake":0},{"TwistedFunnel":12,"Girya":21,"Astrolabe":10,"Eternal Feather":24,"Red Mask":24,"Kunai":14,"War Paint":5,"Ancient Tea Set":6,"Cursed Key":17,"Ring of the Snake":0},{"TwistedFunnel":50,"Girya":103,"Astrolabe":41,"Eternal Feather":121,"Red Mask":121,"Kunai":63,"War Paint":20,"Ancient Tea Set":25,"Cursed Key":85,"Ring of the Snake":0}],"Ring of the Snake":[52]},"card_choices":[{"not_picked":["Wraith Form v2","Burst"],"picked":"Adrenaline","floor":0.0},{"not_picked":["Underhanded Strike","Leg Sweep"],"picked":"Cloak And Dagger","floor":1.0},{"not_picked":["Quick Slash","Flechettes"],"picked":"Deadly Poison","floor":2.0},{"not_picked":["Underhanded Strike","Flying Knee"],"picked":"Dagger Throw","floor":3.0},{"not_picked":["Well Laid Plans","Dagger Throw"],"picked":"Masterful Stab","floor":5.0},{"not_picked":["Dagger Throw","Flying Knee","Slice"],"picked":"SKIP","floor":7.0},{"not_picked":["Quick Slash","Heel Hook"],"picked":"Catalyst","floor":10.0},{"not_picked":["Skewer","Bane"],"picked":"Burst","floor":12.0},{"not_picked":["Cloak And Dagger","PiercingWail","Blade Dance"],"picked":"SKIP","floor":13.0},{"not_picked":["PiercingWail","Flying Knee"],"picked":"Deadly Poison","floor":14.0},{"not_picked":["Storm of Steel","Bullet Time"],"picked":"Malaise","floor":16.0},{"not_picked":["Finisher","Poisoned Stab+1","Infinite Blades"],"picked":"SKIP","floor":18.0},{"not_picked":["Predator","Cloak And Dagger","Finisher"],"picked":"SKIP","floor":20.0},{"not_picked":["Poisoned Stab","Dodge and Roll","Setup+1"],"picked":"SKIP","floor":22.0},{"not_picked":["Skewer","Heel Hook"],"picked":"Blur","floor":25.0},{"not_picked":["Slice","Infinite Blades+1"],"picked":"Backflip","floor":30.0},{"not_picked":["Dagger Spray","Deflect","Setup"],"picked":"SKIP","floor":31.0},{"not_picked":["Storm of Steel","Venomology"],"picked":"Wraith Form v2","floor":33.0},{"not_picked":["Outmaneuver+1","Cloak And Dagger"],"picked":"Crippling Poison","floor":35.0},{"not_picked":["Concentrate","Blade Dance"],"picked":"Tactician","floor":36.0},{"not_picked":["Dodge and Roll","Outmaneuver+1","Blade Dance"],"picked":"SKIP","floor":38.0},{"not_picked":["Dodge and Roll","Outmaneuver+1","Blade Dance"],"picked":"SKIP","floor":38.0},{"not_picked":["Setup","PiercingWail","Deflect+1"],"picked":"SKIP","floor":42},{"not_picked":["PiercingWail","Footwork","Distraction"],"picked":"SKIP","floor":44},{"not_picked":["Concentrate","Choke","Setup"],"picked":"SKIP","floor":45}],"player_experience":1751490,"relics_obtained":[{"floor":9.0,"key":"War Paint"},{"floor":10.0,"key":"Ancient Tea Set"},{"floor":26.0,"key":"Kunai"},{"floor":39.0,"key":"Girya"},{"floor":45,"key":"Eternal Feather"}],"event_choices":[{"damage_healed":0.0,"max_hp_gain":0.0,"max_hp_loss":0.0,"gold_gain":75.0,"event_name":"World of Goop","player_choice":"Gather Gold","floor":4.0,"gold_loss":0.0,"damage_taken":11.0},{"damage_healed":0.0,"max_hp_gain":0.0,"max_hp_loss":0.0,"gold_gain":0.0,"event_name":"Lab","player_choice":"Got Potions","floor":11.0,"gold_loss":0.0,"damage_taken":0.0},{"damage_healed":0.0,"max_hp_gain":0.0,"max_hp_loss":0.0,"gold_gain":0.0,"event_name":"Back to Basics","player_choice":"Simplicity","floor":19.0,"gold_loss":0.0,"damage_taken":0.0,"cards_upgraded":["Strike_G","Strike_G","Defend_G","Defend_G","Defend_G","Defend_G"]},{"damage_healed":0.0,"max_hp_gain":0.0,"max_hp_loss":0.0,"gold_gain":0.0,"event_name":"Upgrade Shrine","player_choice":"Upgraded","floor":24.0,"gold_loss":0.0,"damage_taken":0.0,"cards_upgraded":["Adrenaline"]},{"damage_healed":0.0,"max_hp_gain":0.0,"max_hp_loss":0.0,"gold_gain":0.0,"event_name":"MindBloom","player_choice":"Fight","floor":39.0,"gold_loss":0.0,"damage_taken":0.0},{"damage_healed":0,"gold_gain":0,"player_choice":"Ignored","damage_taken":0,"max_hp_gain":0,"max_hp_loss":0,"event_name":"Transmorgrifier","floor":40,"gold_loss":0},{"damage_healed":0,"gold_gain":0,"player_choice":"Paid","damage_taken":0,"relics_obtained":["Red Mask"],"max_hp_gain":0,"max_hp_loss":0,"event_name":"Tomb of Lord Red Mask","floor":47,"gold_loss":34},{"cards_removed":["Masterful Stab"],"damage_healed":0,"gold_gain":0,"player_choice":"Removed Attack","damage_taken":0,"max_hp_gain":0,"max_hp_loss":0,"event_name":"Falling","floor":48,"gold_loss":0}],"is_beta":false,"boss_relics":[{"not_picked":["WristBlade","Calling Bell"],"picked":"Astrolabe"},{"not_picked":["SacredBark","Runic Dome"],"picked":"Cursed Key"}],"items_purged_floors":[21,27],"is_endless":false,"potions_floor_spawned":[2,7,10,13,22,33,42,44],"killed_by":"Time Eater","ascension_level":20}}