{"host":"hqxy2g3i5ker09hc","time":1611278360,"event":{"mods":["2.2 Compatiblity","AlwaysNeverKeys","Aspiration","BaseMod","Beaked The Cultist","Better Match","Better Note","Better Sensory Stone","Better Silent Start","Better Third Choice","Better-Laid Plans","CCEM","CatGirl Mod","Chen","Conspire","Fireblade Mod","GifTheSpireLib","Gold Saver","Hubris","Ironclad Rager","Minty Spire (QoL Compilation)","MostiFishMod","Permanent Neow","Quarter Circle Forward PUNCH!","Quick Restart","Replay The Spire","Shop Mod","Small Relic Pack","Spikes Relics","StSLib","Stuff the Spire","The Animator","The Bug Knight","The Forsaken","The Wild Card","vexMod"],"gold_per_floor":[817,817,858,248,248,283,305,305,305,337,355,390,404,89,89,191,216,239,55,72,139,200,258,340,358,383,408,479,479,495,555,555,655,680,747,441,458,733,744,797,593,670,743,768,819,819,836,849,874,924,924,924,624,675,675],"floor_reached":56,"language":"ENG","playtime":6320,"items_purged":["Injury","animator:Strike","animator:Defend","Regret"],"score":1530,"play_id":"407e611b-4a49-43b3-97f8-c5ceabf9756e","local_time":"20210122021920","is_ascension_mode":true,"campfire_choices":[{"data":"animator:Bozes","floor":15,"key":"SMITH"},{"data":"animator:Vesta","floor":29,"key":"SMITH"},{"data":"animator:EmiyaShirou","floor":32,"key":"SMITH"},{"data":"animator:MadokaKaname","floor":46,"key":"SMITH"},{"floor":49,"key":"DIG"},{"data":"animator:Urushihara","floor":52,"key":"SMITH"}],"circlet_count":0,"master_deck":["animator:Defend_Konosuba","animator:Strike","animator:Strike+1","animator:Defend","animator:Defend","animator:Kazuma+1","animator:Aqua+1","animator:EmiyaShirou+1","animator:MisaKurobane+1","animator:Strike_Konosuba","animator:Bozes+1","animator:EmiyaShirou","hubris:DuctTapeCard","animator:LeleiLaLalena","animator:Gilgamesh+12","animator:ElricEdward","animator:Urushihara+1","animator:SayakaMiki","animator:Greed+1","animator:FielNirvalen+1","animator:LimeBell","animator:Arpeggio+1","animator:Aqua","animator:Vesta+1","animator:Witch","animator:Megumin+13","animator:Kaijin+1","animator:Shuna","animator:MadokaKaname+1","animator:Darkness+1","animator:Darkness+1","animator:GazelDwargon+1","animator:Darkness+1","animator:Add+1","animator:Priestess","animator:YunYun","animator:Ainz+1","animator:WinryRockbell+1","animator:Demiurge+1","animator:Saber","animator:Kyubey"],"relics":["animator:LivingPicture","animator:TheMissingPiece","DaveBox","animator:PurgingStone","aspiration:Nostalgia","Ring of the Snake","SynthV:TestCard","Frozen Egg 2","RoseTintedShades","SentryEyes","Technique","StuffTheSpire:Mouthbags","Odd Mushroom","hubris:DuctTape","Bag of Preparation","beaked:ShinyBauble","StuffTheSpire:GrapeVine","relicPack:KazumaCape","MealTicket","ShockBauble","qcfpunch:Extra_Skeleton","CCEMRelics:Pendulum","NightmareShop","SpikesRelics:DaevaFist","Ginger","Pet Ghost","hubris:Icosahedron","Orichalcum","CCEMRelics:Barrel","animator:Buoy","StuffTheSpire:PointBlank"],"acts_visited":["Exordium","TheCity","TheBeyond","TheEnding"],"potions_floor_usage":[3,27],"damage_taken":[{"damage":0,"enemies":"2 Louse","floor":1,"turns":3},{"damage":26,"enemies":"conspire:MimicChest","floor":3,"turns":11},{"damage":5,"enemies":"Lagavulin","floor":6,"turns":4},{"damage":0,"enemies":"The Mushroom Lair","floor":7,"turns":2},{"damage":6,"enemies":"Gremlin Nob","floor":10,"turns":3},{"damage":0,"enemies":"Small Slimes","floor":11,"turns":1},{"damage":0,"enemies":"3 Sentries","floor":12,"turns":3},{"damage":0,"enemies":"Jaw Worm","floor":13,"turns":2},{"damage":1,"enemies":"Hexaghost","floor":16,"turns":7},{"damage":0,"enemies":"Spheric Guardian","floor":18,"turns":4},{"damage":0,"enemies":"2 Thieves","floor":20,"turns":3},{"damage":0,"enemies":"Snecko","floor":21,"turns":5},{"damage":7,"enemies":"Snake Plant","floor":22,"turns":4},{"damage":0,"enemies":"Replay:Snechameleon","floor":23,"turns":6},{"damage":0,"enemies":"Centurion and Healer","floor":24,"turns":6},{"damage":0,"enemies":"Snecko","floor":25,"turns":5},{"damage":8,"enemies":"Snecko","floor":27,"turns":5},{"damage":11,"enemies":"Snake Plant","floor":30,"turns":3},{"damage":0,"enemies":"Cultist and Chosen","floor":31,"turns":4},{"damage":0,"enemies":"conspire:MysteriousRune","floor":33,"turns":9},{"damage":0,"enemies":"3 Darklings","floor":35,"turns":4},{"damage":0,"enemies":"Orb Walker","floor":37,"turns":4},{"damage":0,"enemies":"Sphere and 2 Shapes","floor":39,"turns":1},{"damage":0,"enemies":"Reptomancer","floor":40,"turns":7},{"damage":6,"enemies":"Spire Growth","floor":42,"turns":5},{"damage":0,"enemies":"Nemesis","floor":45,"turns":9},{"damage":0,"enemies":"Transient","floor":47,"turns":5},{"damage":0,"enemies":"3 Darklings","floor":48,"turns":4},{"damage":0,"enemies":"Time Eater","floor":50,"turns":10},{"damage":19,"enemies":"Shield and Spear","floor":54,"turns":8},{"damage":17,"enemies":"The Heart","floor":55,"turns":13}],"seed_played":"-6532484533104965245","potions_obtained":[{"floor":1,"key":"Weak Potion"},{"floor":3,"key":"Doom Potion"},{"floor":10,"key":"Energy Potion"},{"floor":16,"key":"Regen Potion"},{"floor":21,"key":"LiquidMemories"},{"floor":23,"key":"Elixir"},{"floor":40,"key":"conspire:TimeTravelPotion"},{"floor":54,"key":"DuplicationPotion"}],"is_trial":false,"path_per_floor":["M","?","?","$","?","E","?","?","T","E","M","E","M","$","R","B",null,"M","$","M","M","M","E","M","M","T","?","T","R","M","M","R","B",null,"M","$","M","?","M","E","$","M","T","?","E","R","M","M","R","B",null,"R","$","E","B",null],"character_chosen":"THE_ANIMATOR","items_purchased":["SentryEyes","animator:MisaKurobane","Technique","StuffTheSpire:GrapeVine","animator:Urushihara","animator:SayakaMiki","animator:LimeBell","SpikesRelics:DaevaFist","animator:Darkness+1","animator:Priestess","animator:Saber","animator:Buoy"],"campfire_rested":0,"item_purchase_floors":[4,4,4,14,14,14,19,36,36,41,53,53],"current_hp_per_floor":[66,66,43,43,43,41,41,41,41,38,38,41,44,44,44,46,66,66,66,66,66,64,66,66,66,66,58,58,58,49,54,54,59,66,67,67,67,67,67,67,67,67,67,67,67,67,67,67,67,67,67,67,67,60,53],"gold":675,"neow_bonus":"NOSTALGIA","is_daily":false,"chose_seed":false,"campfire_upgraded":5,"win_rate":0.0,"timestamp":1611278360,"path_taken":["M","?","?","$","?","E","?","?","T","E","M","E","?","?","R","BOSS","M","$","M","M","M","E","M","M","T","?","?","R","M","M","R","BOSS","M","$","M","?","M","E","$","?","T","?","E","R","M","M","R","BOSS","R","$","E","BOSS"],"items_purchased_type":["Relic","Card","Relic","Relic","Card","Card","Card","Relic","Card","Card","Card","Relic"],"build_version":"2020-12-22","purchased_purges":4,"victory":true,"max_hp_per_floor":[66,66,66,66,66,66,66,66,66,66,66,66,66,66,66,66,66,66,66,66,66,66,66,66,66,66,66,66,66,66,66,66,66,66,67,67,67,67,67,67,67,67,67,67,67,67,67,67,67,67,67,67,67,67,67],"card_choices":[{"not_picked":["animator:DolaCouronne","animator:UneriGinkaku"],"picked":"animator:EmiyaShirou","floor":1},{"not_picked":["animator:DolaSchwi","animator:Cocytus","animator:Melzalgald","animator:Shion"],"picked":"animator:UneriGinkaku","floor":3},{"not_picked":["animator:Geryuganshoop","animator:Caster","animator:Lu","animator:Mitsuba"],"picked":"animator:Bozes","floor":6},{"not_picked":["animator:DolaRiku","animator:Emonzaemon","animator:ShinjiMatou","animator:MetalKnight"],"picked":"animator:EmiyaShirou","floor":7},{"not_picked":["animator:ElricAlphonse","animator:Shigure","animator:Tatsumaki","animator:ItamiYouji"],"picked":"animator:LeleiLaLalena","floor":10},{"not_picked":["animator:Tyuule","animator:Guy","animator:Viivi","animator:Verdia"],"picked":"animator:Gilgamesh","floor":12},{"not_picked":["animator:Kazuma","animator:Vanir","animator:Konayuki","animator:Shalltear"],"picked":"animator:ElricEdward","floor":13},{"not_picked":["animator:Shizu","animator:Boros+1","animator:FeridBathory+1","animator:Wiz"],"picked":"animator:Greed+1","floor":16},{"not_picked":["animator:Sonic+1","animator:Shichika","animator:Shigure","animator:Caster"],"picked":"animator:FielNirvalen+1","floor":18},{"not_picked":["animator:YaoHaDucy","animator:Tyuule","animator:Kuribayashi","animator:RoryMercury"],"picked":"animator:Arpeggio+1","floor":20},{"not_picked":["animator:SilverFang","animator:Caster","animator:FielNirvalen+1","animator:Mitsurugi+1"],"picked":"animator:Aqua","floor":21},{"not_picked":["animator:ElricAlphonse","animator:Geryuganshoop","animator:Mitsuba","animator:Illya"],"picked":"animator:Vesta","floor":22},{"not_picked":["animator:SayakaMiki+1","animator:Guy+1","animator:MamiTomoe","animator:IzunaHatsuse+1"],"picked":"animator:Witch","floor":23},{"not_picked":["animator:Kazuma","animator:Chris","animator:Darkness+1","animator:Aqua"],"picked":"animator:Megumin","floor":24},{"not_picked":["animator:Sebas","animator:SilverFang","animator:CowGirl+1","animator:Tatsumaki"],"picked":"animator:Kaijin+1","floor":25},{"not_picked":["animator:YaoHaDucy","animator:RinTohsaka+1","animator:MetalKnight","animator:TukaLunaMarceau+1"],"picked":"animator:Shuna","floor":30},{"not_picked":["animator:IzunaHatsuse","animator:Emonzaemon","animator:RinTohsaka+1","animator:OrikoMikuni+1","animator:Entoma"],"picked":"SKIP","floor":31},{"not_picked":["animator:Ainz+1","animator:Gilgamesh","animator:ItamiYouji","animator:Shizu"],"picked":"animator:MadokaKaname","floor":33},{"not_picked":["animator:Megumin","animator:Chris","animator:Kazuma","animator:Vanir"],"picked":"animator:Darkness+1","floor":35},{"not_picked":["animator:Aqua","animator:SilverFang+1","animator:Millim","animator:Shinoa+1"],"picked":"animator:GazelDwargon+1","floor":37},{"not_picked":["animator:Souei+1","animator:ZankiKiguchi+1","animator:Melzalgald+1","animator:GuildGirl+1"],"picked":"animator:Darkness+1","floor":39},{"not_picked":["animator:DwarfShaman+1","animator:Kaijin+1","animator:ItamiYouji","animator:FeridBathory+1"],"picked":"animator:Add+1","floor":40},{"not_picked":["animator:Vanir","animator:Aqua","animator:Megumin","animator:Darkness+1"],"picked":"animator:YunYun","floor":42},{"not_picked":["animator:Rider+1","animator:Mitsuba+1","animator:SuzuneAmano+1","animator:HiiragiShinya+1"],"picked":"animator:Ainz+1","floor":45},{"not_picked":["animator:Elsword+1","animator:Rena","animator:SayakaMiki","animator:ChaikaTrabant"],"picked":"animator:WinryRockbell+1","floor":47},{"not_picked":["animator:Sonic+1","animator:Azekura","animator:Assassin+1","animator:Entoma+1"],"picked":"animator:Demiurge+1","floor":48},{"not_picked":["animator:SayakaMiki","animator:OrikoMikuni","animator:YachiyoNanami+1","animator:SuzuneAmano"],"picked":"animator:Kyubey","floor":54}],"player_experience":666306,"relics_obtained":[{"floor":1,"key":"SynthV:TestCard"},{"floor":3,"key":"RoseTintedShades"},{"floor":6,"key":"StuffTheSpire:Mouthbags"},{"floor":7,"key":"Odd Mushroom"},{"floor":9,"key":"hubris:DuctTape"},{"floor":10,"key":"Bag of Preparation"},{"floor":12,"key":"beaked:ShinyBauble"},{"floor":23,"key":"MealTicket"},{"floor":26,"key":"ShockBauble"},{"floor":28,"key":"CCEMRelics:Pendulum"},{"floor":40,"key":"Ginger"},{"floor":43,"key":"Pet Ghost"},{"floor":45,"key":"Orichalcum"},{"floor":49,"key":"CCEMRelics:Barrel"},{"floor":54,"key":"StuffTheSpire:PointBlank"}],"event_choices":[{"damage_healed":0,"gold_gain":0,"player_choice":"Fought Mushrooms","damage_taken":0,"max_hp_gain":0,"max_hp_loss":0,"event_name":"Mushrooms","floor":7,"gold_loss":0},{"damage_healed":0,"gold_gain":275,"player_choice":"Desecrate","damage_taken":0,"max_hp_gain":0,"max_hp_loss":0,"event_name":"Golden Shrine","floor":38,"gold_loss":0,"cards_obtained":["Regret"]}],"is_beta":false,"boss_relics":[{"not_picked":["vexMod:MysteryBossChallenge","hubris:HollowSoul"],"picked":"relicPack:KazumaCape"},{"not_picked":["CCEMRelics:GreenEgg","vexMod:CursedCompass"],"picked":"NightmareShop"}],"items_purged_floors":[4,19,36,41],"is_endless":false,"potions_floor_spawned":[1,3,10,16,20,21,23,24,27,30,40,42,48,54],"ascension_level":1}}