{"host":"vb9tx51ayxprrw9u","time":1611275686,"event":{"mods":["AchievementEnabler","BaseMod","Colored Map","Colored Powertips","Highlight Path","Minty Spire (QoL Compilation)","StSLib"],"gold_per_floor":[113,63,14,27,27,54,54,68,94,19,19,19,30,43,43,143,143,143,143,143,143,43,43,0,0,0,0,0,0],"floor_reached":28,"language":"ENG","playtime":1347,"items_purged":["Strike_P","Writhe"],"score":303,"play_id":"5d7b2cc5-607f-4281-82b0-4bac6e3af02a","local_time":"20210121183446","is_ascension_mode":true,"campfire_choices":[{"data":"PathToVictory","floor":7,"key":"SMITH"},{"data":"PathToVictory","floor":15,"key":"SMITH"}],"circlet_count":0,"master_deck":["Strike_P","Strike_P","Strike_P","Defend_P","Defend_P","Defend_P","Eruption","Vigilance","EmptyFist","ClearTheMind","CutThroughFate+1","PathToVictory+1","PathToVictory+1","DevaForm","MentalFortress+1","Prostrate","EmptyMind","EmptyBody"],"relics":["PureWater","NeowsBlessing","Strawberry","Orichalcum","Blood Vial","Torii","Ectoplasm","Pear","Calipers"],"acts_visited":["Exordium","TheCity"],"potions_floor_usage":[21,23,28,28],"damage_taken":[{"damage":0,"enemies":"2 Louse","floor":1,"turns":1},{"damage":0,"enemies":"Small Slimes","floor":4,"turns":2},{"damage":0,"enemies":"3 Sentries","floor":6,"turns":1},{"damage":6,"enemies":"Jaw Worm","floor":8,"turns":2},{"damage":0,"enemies":"Looter","floor":13,"turns":2},{"damage":9,"enemies":"Exordium Wildlife","floor":14,"turns":4},{"damage":11,"enemies":"Slime Boss","floor":16,"turns":6},{"damage":1,"enemies":"Chosen","floor":18,"turns":3},{"damage":15,"enemies":"3 Byrds","floor":20,"turns":5},{"damage":8,"enemies":"Shelled Parasite and Fungi","floor":21,"turns":4},{"damage":42,"enemies":"Gremlin Leader","floor":23,"turns":5},{"damage":27,"enemies":"Cultist and Chosen","floor":25,"turns":8},{"damage":0,"enemies":"Centurion and Healer","floor":27,"turns":5},{"damage":14,"enemies":"Slavers","floor":28,"turns":1}],"seed_played":"-4049321689367233341","potions_obtained":[{"floor":13,"key":"ColorlessPotion"},{"floor":14,"key":"Dexterity Potion"},{"floor":18,"key":"SteroidPotion"},{"floor":23,"key":"FearPotion"},{"floor":25,"key":"PowerPotion"}],"is_trial":false,"path_per_floor":["M","?","$","M","?","E","R","M","T","$","?","T","M","M","R","B",null,"M","?","M","M","$","E","?","M","T","M","E"],"character_chosen":"WATCHER","items_purchased":["ClearTheMind"],"campfire_rested":0,"item_purchase_floors":[3],"current_hp_per_floor":[72,72,72,72,72,79,79,73,73,73,61,61,63,56,56,47,79,78,88,74,68,68,28,28,3,3,5,0,0],"gold":0,"neow_bonus":"THREE_ENEMY_KILL","is_daily":false,"chose_seed":false,"campfire_upgraded":2,"win_rate":0.0,"timestamp":1611275686,"path_taken":["M","?","$","M","?","E","R","M","T","$","?","?","M","?","R","BOSS","M","?","M","M","$","E","?","M","T","?","E"],"items_purchased_type":["Card"],"build_version":"2020-12-22","purchased_purges":2,"victory":false,"max_hp_per_floor":[72,72,72,72,72,79,79,79,79,79,79,79,79,79,79,79,79,79,89,89,89,89,89,89,89,89,89,89,89],"card_choices":[{"not_picked":["InnerPeace","JustLucky"],"picked":"EmptyFist","floor":1},{"not_picked":["ClearTheMind","SignatureMove"],"picked":"CutThroughFate","floor":4},{"not_picked":["MasterReality","FlurryOfBlows"],"picked":"PathToVictory","floor":6},{"not_picked":["WindmillStrike","WaveOfTheHand"],"picked":"PathToVictory","floor":8},{"not_picked":["Collect","ClearTheMind","Protect"],"picked":"SKIP","floor":13},{"not_picked":["Protect","Adaptation","WindmillStrike"],"picked":"SKIP","floor":14},{"not_picked":["Scrawl","Devotion"],"picked":"DevaForm","floor":16},{"not_picked":["Perseverance","BattleHymn+1"],"picked":"MentalFortress+1","floor":18},{"not_picked":["Conclude","ReachHeaven","SashWhip"],"picked":"SKIP","floor":20},{"not_picked":["Indignation","TalkToTheHand","CrushJoints"],"picked":"SKIP","floor":21},{"not_picked":["Halt","CarveReality"],"picked":"Prostrate","floor":23},{"not_picked":["Consecrate","Protect"],"picked":"EmptyMind","floor":25},{"not_picked":["CrushJoints","Prostrate"],"picked":"EmptyBody","floor":27}],"player_experience":155933,"relics_obtained":[{"floor":6,"key":"Strawberry"},{"floor":9,"key":"Orichalcum"},{"floor":12,"key":"Torii"},{"floor":23,"key":"Calipers"}],"event_choices":[{"cards_removed":["Defend_P"],"damage_healed":0,"gold_gain":0,"player_choice":"Card Removal","damage_taken":0,"max_hp_gain":0,"max_hp_loss":0,"event_name":"The Cleric","floor":2,"gold_loss":50},{"damage_healed":0,"gold_gain":0,"player_choice":"Grow","damage_taken":0,"max_hp_gain":0,"max_hp_loss":0,"event_name":"Living Wall","floor":5,"gold_loss":0,"cards_upgraded":["CutThroughFate"]},{"damage_healed":0,"gold_gain":0,"player_choice":"Success","damage_taken":12,"relics_obtained":["Blood Vial"],"max_hp_gain":0,"max_hp_loss":0,"event_name":"Scrap Ooze","floor":11,"gold_loss":0},{"damage_healed":0,"gold_gain":0,"player_choice":"Opened","damage_taken":0,"relics_obtained":["Pear"],"max_hp_gain":0,"max_hp_loss":0,"event_name":"The Mausoleum","floor":19,"gold_loss":0,"cards_obtained":["Writhe"]},{"damage_healed":0,"gold_gain":0,"player_choice":"Paid Fearfully","damage_taken":0,"max_hp_gain":0,"max_hp_loss":0,"event_name":"Masked Bandits","floor":24,"gold_loss":43}],"is_beta":false,"boss_relics":[{"not_picked":["SacredBark","Snecko Eye"],"picked":"Ectoplasm"}],"items_purged_floors":[10,22],"is_endless":false,"potions_floor_spawned":[13,14,18,23,25],"killed_by":"Slavers","ascension_level":1}}