{"host":"uox1h4bzknqjes88","time":1611296119,"event":{"mods":["BaseMod","Colored Powertips","Downfall","Minty Spire (QoL Compilation)","Quick Restart","StSLib"],"gold_per_floor":[99,110,120,295,126,165,165,165,193,219,238,131,131,167,194,194,194,194],"floor_reached":16,"language":"ZHS","playtime":1931,"items_purged":["Doubt","hexamod:Strike"],"score":112,"play_id":"145750f1-6614-48bb-b63c-a5cec9f74c77","local_time":"20210122141519","is_ascension_mode":false,"campfire_choices":[{"data":"hexamod:Sear","floor":1.0,"key":"SMITH"},{"data":"hexamod:Float","floor":8.0,"key":"SMITH"}],"circlet_count":0,"master_deck":["hexamod:Strike","hexamod:Strike","hexamod:Defend","hexamod:Defend","hexamod:Defend","hexamod:Defend","hexamod:Sear+1","hexamod:Float+1","hexamod:InspiringFlames","hexamod:StepThrough","hexamod:GhostOfSpirePast","hexamod:SecondSeal","hexamod:HexaLevel","hexamod:ThirdSeal","hexamod:Again"],"relics":["hexamod:SpiritBrand","Potion Belt","Unceasing Top","Gambling Chip"],"acts_visited":["Exordium"],"potions_floor_usage":[],"damage_taken":[{"damage":2.0,"enemies":"Jaw Worm","floor":2.0,"turns":4.0},{"damage":0.0,"enemies":"Small Slimes","floor":3.0,"turns":3.0},{"damage":0.0,"enemies":"downfall:FleeingMerchant","floor":5.0,"turns":4.0},{"damage":26.0,"enemies":"Gremlin Nob","floor":6.0,"turns":5.0},{"damage":4.0,"enemies":"2 Louse","floor":9.0,"turns":3.0},{"damage":6.0,"enemies":"Large Slime","floor":10.0,"turns":6.0},{"damage":0.0,"enemies":"Exordium Thugs","floor":11.0,"turns":4.0},{"damage":0.0,"enemies":"downfall:FleeingMerchant","floor":12.0,"turns":4.0},{"damage":14.0,"enemies":"Lagavulin","floor":14.0,"turns":9.0},{"damage":3.0,"enemies":"Exordium Wildlife","floor":15.0,"turns":3.0},{"damage":31,"enemies":"DF_ARCHETYPE_STREAMLINE","floor":16,"turns":4}],"seed_played":"7375087698857794304","potions_obtained":[{"floor":2.0,"key":"DistilledChaos"},{"floor":6.0,"key":"champ:CounterPotion"},{"floor":11.0,"key":"LiquidBronze"},{"floor":14.0,"key":"SteroidPotion"},{"floor":15,"key":"Ancient Potion"}],"is_trial":false,"path_per_floor":["R","M","M","?","$","E","T","R","M","M","M","$","?","E","M","B"],"character_chosen":"THE_SPIRIT","items_purchased":["hexamod:SecondSeal"],"campfire_rested":0,"item_purchase_floors":[5],"current_hp_per_floor":[77,75,75,75,75,49,49,49,45,39,39,39,39,25,22,0,0,0],"gold":194,"neow_bonus":"TEN_PERCENT_HP_BONUS","is_daily":false,"chose_seed":false,"campfire_upgraded":2,"win_rate":0.0,"timestamp":1611296119,"path_taken":["R","M","M","?","$","E","T","R","M","M","M","$","?","E","M","BOSS"],"items_purchased_type":["Card"],"build_version":"2020-12-22","purchased_purges":2,"victory":false,"max_hp_per_floor":[77,77,77,77,77,77,77,77,77,77,77,77,77,77,77,77,77,77],"card_choices":[{"not_picked":["hexamod:DynamicBlow","hexamod:SpectersWail"],"picked":"hexamod:InspiringFlames","floor":2.0},{"not_picked":["hexamod:NightmareStrike","hexamod:ThermalTransfer"],"picked":"hexamod:StepThrough","floor":3.0},{"not_picked":["hexamod:ThermalTransfer","hexamod:HauntingEcho"],"picked":"hexamod:GhostOfSpirePast","floor":5.0},{"not_picked":["hexamod:GhostOfSpirePast","hexamod:PhantomCloak","hexamod:NightmareGuise"],"picked":"SKIP","floor":6.0},{"not_picked":["hexamod:Incineration","hexamod:GhostLash","hexamod:NightmareStrike"],"picked":"SKIP","floor":9.0},{"not_picked":["hexamod:FastForward","hexamod:Rewind"],"picked":"hexamod:HexaLevel","floor":10.0},{"not_picked":["hexamod:RetreatToShadows","hexamod:BacktrackSmack"],"picked":"hexamod:ThirdSeal","floor":11.0},{"not_picked":["hexamod:Hexaguard","hexamod:GhostShield"],"picked":"hexamod:Again","floor":12.0},{"not_picked":["hexamod:SpectralAdrenaline","hexamod:InspiringFlames","hexamod:SoulSteal"],"picked":"SKIP","floor":12.0},{"not_picked":["hexamod:ShieldOfDarkness","hexamod:RetreatToShadows","hexamod:HeatMetal"],"picked":"SKIP","floor":14.0},{"not_picked":["hexamod:AdvancingGuard","hexamod:ThermalTransfer","hexamod:SpectersWail"],"picked":"SKIP","floor":14.0},{"not_picked":["hexamod:AdvancingGuard","hexamod:SwordOfDarkness","hexamod:BacktrackSmack"],"picked":"SKIP","floor":15}],"player_experience":320662,"relics_obtained":[{"floor":6.0,"key":"Potion Belt"},{"floor":7.0,"key":"Unceasing Top"},{"floor":14.0,"key":"Gambling Chip"}],"event_choices":[{"cards_removed":["hexamod:Strike"],"damage_healed":0.0,"max_hp_gain":0.0,"max_hp_loss":0.0,"gold_gain":0.0,"event_name":"Living Wall","player_choice":"Forget","floor":13.0,"gold_loss":0.0,"damage_taken":0.0}],"is_beta":false,"boss_relics":[],"items_purged_floors":[5,12],"is_endless":false,"potions_floor_spawned":[2,6,11,14,15],"killed_by":"DF_ARCHETYPE_STREAMLINE","ascension_level":0}}