{"host":"2fgwwnzqc97k7iys","time":1611354768,"event":{"mods":["BaseMod","Colored Map","Minty Spire (QoL Compilation)","Quick Restart","Relic Stats"],"gold_per_floor":[110,127,144,160,39,39,39,55,55,87,102,130,149,149,149],"floor_reached":14,"language":"ENG","playtime":821,"items_purged":["Strike_R"],"score":151,"play_id":"2db7fcf4-7b1a-45da-8e92-d2c36762cd5f","local_time":"20210122163248","is_ascension_mode":true,"campfire_choices":[{"data":"Rampage","floor":6,"key":"SMITH"}],"circlet_count":0,"master_deck":["Strike_R","Strike_R","Strike_R","Defend_R","Defend_R+1","Defend_R","Bash","Havoc","Rampage+1","Disarm+1","Thunderclap","Shrug It Off","Flame Barrier","True Grit","Bloodletting"],"relics":["Burning Blood","War Paint","Strawberry","Paper Frog"],"acts_visited":["Exordium"],"potions_floor_usage":[10,12,14,14],"damage_taken":[{"damage":17,"enemies":"2 Louse","floor":1,"turns":3},{"damage":1,"enemies":"Cultist","floor":2,"turns":3},{"damage":10,"enemies":"Jaw Worm","floor":3,"turns":3},{"damage":9,"enemies":"Blue Slaver","floor":4,"turns":4},{"damage":16,"enemies":"Lots of Slimes","floor":8,"turns":4},{"damage":21,"enemies":"Lagavulin","floor":10,"turns":6},{"damage":4,"enemies":"Red Slaver","floor":11,"turns":4},{"damage":13,"enemies":"Gremlin Nob","floor":12,"turns":4},{"damage":4,"enemies":"2 Fungi Beasts","floor":13,"turns":5},{"damage":49,"enemies":"3 Sentries","floor":14,"turns":8}],"seed_played":"8797421730882719564","potions_obtained":[{"floor":2,"key":"Fruit Juice"},{"floor":3,"key":"Explosive Potion"},{"floor":4,"key":"PowerPotion"},{"floor":13,"key":"PowerPotion"}],"is_trial":false,"path_per_floor":["M","M","M","M","$","R","?","M","T","E","M","E","M","E"],"character_chosen":"IRONCLAD","items_purchased":["Shrug It Off"],"campfire_rested":0,"item_purchase_floors":[5],"current_hp_per_floor":[61,66,62,59,59,59,59,49,49,41,43,36,38,0,0],"gold":149,"neow_bonus":"TRANSFORM_CARD","is_daily":false,"chose_seed":false,"campfire_upgraded":1,"win_rate":0.0,"timestamp":1611354768,"path_taken":["M","M","M","M","$","R","?","M","T","E","M","E","M","E"],"items_purchased_type":["Card"],"build_version":"2020-12-22","purchased_purges":1,"victory":false,"max_hp_per_floor":[80,80,80,80,80,80,80,80,80,87,87,87,87,92,92],"relic_stats":{"counters":[10,44],"War Paint":["Disarm","Defend_R"],"obtain_stats":[{"Strawberry":10,"War Paint":9,"Burning Blood":0,"Paper Frog":12},{"Strawberry":6,"War Paint":5,"Burning Blood":0,"Paper Frog":8},{"Strawberry":23,"War Paint":17,"Burning Blood":0,"Paper Frog":31}],"Burning Blood":54},"card_choices":[{"not_picked":["Heavy Blade","Warcry"],"picked":"Rampage","floor":1},{"not_picked":["Dark Embrace","Twin Strike"],"picked":"Disarm","floor":2},{"not_picked":["Rage","Armaments"],"picked":"Thunderclap","floor":3},{"not_picked":["Body Slam","Iron Wave","Searing Blow"],"picked":"SKIP","floor":4},{"not_picked":["Whirlwind","Metallicize","Combust"],"picked":"SKIP","floor":8},{"not_picked":["Cleave","Spot Weakness"],"picked":"Flame Barrier","floor":10},{"not_picked":["Exhume","Clash","Perfected Strike"],"picked":"SKIP","floor":11},{"not_picked":["Demon Form","Thunderclap"],"picked":"True Grit","floor":12},{"not_picked":["Combust","Twin Strike"],"picked":"Bloodletting","floor":13}],"player_experience":485427,"relics_obtained":[{"floor":9,"key":"War Paint"},{"floor":10,"key":"Strawberry"},{"floor":12,"key":"Paper Frog"}],"event_choices":[{"cards_removed":["Strike_R"],"damage_healed":0,"gold_gain":0,"player_choice":"Forget","damage_taken":0,"max_hp_gain":0,"max_hp_loss":0,"event_name":"Living Wall","floor":7,"gold_loss":0}],"is_beta":false,"boss_relics":[],"items_purged_floors":[5],"is_endless":false,"potions_floor_spawned":[2,3,4,13],"killed_by":"3 Sentries","ascension_level":9}}