{"host":"f0gpob8hq9vgebej","time":1611333376,"event":{"mods":["AchievementEnabler","BaseMod","Minty Spire (QoL Compilation)","Quick Restart","SuperFastMode"],"gold_per_floor":[15,32,43,61,11,11,27,27,27,39,39,52,85,95,95,95,95],"floor_reached":16,"language":"KOR","playtime":276,"items_purged":[],"score":154,"play_id":"6ae49bdb-ccf1-4ea1-87ff-7d3fbd4753f2","local_time":"20210123013616","is_ascension_mode":true,"campfire_choices":[{"data":"Cloak And Dagger","floor":6.0,"key":"SMITH"},{"data":"Dagger Spray","floor":8.0,"key":"SMITH"},{"data":"Poisoned Stab","floor":11.0,"key":"SMITH"},{"data":"Prepared","floor":15,"key":"SMITH"}],"circlet_count":0,"master_deck":["Strike_G","Strike_G","Strike_G","Strike_G","Defend_G","Defend_G","Defend_G","Defend_G","Defend_G","Survivor","Neutralize","Poisoned Stab+1","Dagger Spray+1","Cloak And Dagger+1","Acrobatics","Well Laid Plans","Prepared+1"],"relics":["Ring of the Snake","Du-Vu Doll","Gremlin Horn","Ninja Scroll"],"acts_visited":["Exordium"],"potions_floor_usage":[13],"damage_taken":[{"damage":0.0,"enemies":"Small Slimes","floor":1.0,"turns":3.0},{"damage":0.0,"enemies":"Jaw Worm","floor":2.0,"turns":3.0},{"damage":0.0,"enemies":"2 Louse","floor":3.0,"turns":2.0},{"damage":1.0,"enemies":"Blue Slaver","floor":4.0,"turns":4.0},{"damage":1.0,"enemies":"Red Slaver","floor":7.0,"turns":3.0},{"damage":5.0,"enemies":"Exordium Thugs","floor":10.0,"turns":4.0},{"damage":0.0,"enemies":"Lots of Slimes","floor":12.0,"turns":1.0},{"damage":20,"enemies":"Lagavulin","floor":13,"turns":6},{"damage":0,"enemies":"Blue Slaver","floor":14,"turns":3},{"damage":38,"enemies":"Slime Boss","floor":16,"turns":3}],"seed_played":"-8782886430979865356","potions_obtained":[{"floor":2.0,"key":"Strength Potion"},{"floor":10.0,"key":"Explosive Potion"}],"is_trial":false,"path_per_floor":["M","M","M","M","?","R","M","R","T","M","R","M","E","M","R","B"],"character_chosen":"THE_SILENT","items_purchased":[],"campfire_rested":0,"item_purchase_floors":[],"current_hp_per_floor":[63,63,63,62,62,62,61,61,61,56,56,56,36,36,36,0,0],"gold":95,"neow_bonus":"ONE_RARE_RELIC","is_daily":false,"chose_seed":false,"campfire_upgraded":4,"win_rate":0.0,"timestamp":1611333376,"path_taken":["M","M","M","M","?","R","M","R","T","M","R","M","E","M","R","BOSS"],"items_purchased_type":[],"build_version":"2020-12-22","purchased_purges":0,"victory":false,"max_hp_per_floor":[70,70,70,70,70,70,70,70,70,70,70,70,70,70,70,70,70],"card_choices":[{"not_picked":["Bane","Outmaneuver"],"picked":"Poisoned Stab","floor":1.0},{"not_picked":["Caltrops","Dodge and Roll"],"picked":"Dagger Spray","floor":2.0},{"not_picked":["Deadly Poison","Endless Agony"],"picked":"Cloak And Dagger","floor":3.0},{"not_picked":["PiercingWail","Expertise","Underhanded Strike"],"picked":"SKIP","floor":4.0},{"not_picked":["Deadly Poison","Leg Sweep"],"picked":"Acrobatics","floor":7.0},{"not_picked":["Accuracy","Deadly Poison"],"picked":"Well Laid Plans","floor":10.0},{"not_picked":["Underhanded Strike","Catalyst"],"picked":"Prepared","floor":12.0},{"not_picked":["Grand Finale","Crippling Poison","Deflect"],"picked":"SKIP","floor":13},{"not_picked":["Bane","Caltrops","Prepared"],"picked":"SKIP","floor":14}],"player_experience":221054,"relics_obtained":[{"floor":9.0,"key":"Gremlin Horn"},{"floor":13,"key":"Ninja Scroll"}],"event_choices":[{"cards_removed":["Strike_G"],"damage_healed":0.0,"max_hp_gain":0.0,"max_hp_loss":0.0,"gold_gain":0.0,"event_name":"The Cleric","player_choice":"Card Removal","floor":5.0,"gold_loss":50.0,"damage_taken":0.0}],"is_beta":false,"boss_relics":[],"items_purged_floors":[],"is_endless":false,"potions_floor_spawned":[2,10],"killed_by":"Slime Boss","ascension_level":9}}