{"host":"yqm","time":1611325530,"event":{"mods":["BaseMod","Challenge The Spire","Colored Map","Colored Powertips","DeckTracker","Good Game Mod","Minty Spire (QoL Compilation)","Quick Restart","Relic Filter","Relic Stats","Remove Card Discount Mod","StSLib","noobMod","óô»ðÖ¸ÄÏ"],"gold_per_floor":[305,43,155,267,378,378,192,62,182,296,421,433,335,198,315,435,546,658],"floor_reached":19,"language":"ZHS","playtime":1460,"items_purged":["Strike_B","Strike_B","Strike_B","Defend_B","Defend_B","Defend_B","Defend_B","Strike_B","Storm+1","Static Discharge+1","Hello World+1","Zap","Dualcast","Chill+1"],"score":5005,"play_id":"d846d3a1-75c1-43ba-a4e8-8efb6bf0d81d","local_time":"20210122222530","daily_mods":["challengethespire:Platinum Difficulty","challengethespire:Boss Rush","Uncertain Future"],"is_ascension_mode":true,"campfire_choices":[],"circlet_count":0,"master_deck":["AscendersBane","Amplify+1","Core Surge+1","Storm+1","Gash+1","Recycle+1","Capacitor+1","Capacitor+1","Conserve Battery+1","Glacier+1","Electrodynamics+1","Creative AI+1","Thunder Strike+1","Gash+1"],"relics":["Cracked Core","The Courier","Molten Egg 2","Toxic Egg 2","Frozen Egg 2","REME:ComplimentaryCards","ice","Bird Faced Urn","Whetstone","Smiling Mask","Pen Nib","Nuclear Battery","MealTicket","Anchor","MawBank","Ancient Tea Set","SlaversCollar","Potion Belt","PreservedInsect","Ornamental Fan","Nunchaku","Dead Branch"],"acts_visited":["Exordium"],"potions_floor_usage":[18],"damage_taken":[{"damage":27,"enemies":"Slime Boss","floor":3,"turns":7},{"damage":43,"enemies":"Hexaghost","floor":4,"turns":9},{"damage":17,"enemies":"The Guardian","floor":5,"turns":9},{"damage":86,"enemies":"Collector","floor":9,"turns":10},{"damage":0,"enemies":"Champ","floor":10,"turns":12},{"damage":2,"enemies":"Automaton","floor":11,"turns":10},{"damage":88,"enemies":"Awakened One","floor":15,"turns":4},{"damage":42,"enemies":"Time Eater","floor":16,"turns":5},{"damage":14,"enemies":"Donu and Deca","floor":17,"turns":3},{"damage":94,"enemies":"The Heart","floor":18,"turns":6}],"seed_played":"5809716218198205139","potions_obtained":[{"floor":3,"key":"CultistPotion"},{"floor":9,"key":"PowerPotion"},{"floor":15,"key":"Dexterity Potion"},{"floor":18,"key":"SteroidPotion"}],"is_trial":true,"path_per_floor":["$","$","M","M","M","T","$","$","M","M","M","T","$","$","M","M","M","M",null],"character_chosen":"DEFECT","items_purchased":["Core Surge+1","Hello World+1","Storm+1","Static Discharge+1","Storm+1","Gash+1","Bird Faced Urn","Capacitor+1","PotionOfCapacity","Conserve Battery+1","MealTicket","Thunder Strike+1","Gash+1","Potion Belt"],"campfire_rested":0,"item_purchase_floors":[1,1,1,1,1,1,2,7,7,7,8,13,13,14],"current_hp_per_floor":[64,64,44,71,54,54,54,54,61,69,75,75,90,105,37,123,141,439],"gold":658,"neow_bonus":"","is_daily":false,"chose_seed":false,"campfire_upgraded":0,"win_rate":0.0,"timestamp":1611325530,"path_taken":["$","$","M","M","M","T","$","$","M","M","M","T","$","$","M","M","M","M"],"items_purchased_type":["Card","Card","Card","Card","Card","Card","Relic","Card","Potion","Card","Relic","Card","Card","Relic"],"build_version":"2020-12-18","purchased_purges":14,"victory":true,"max_hp_per_floor":[71,71,71,71,87,87,87,87,96,104,115,115,115,115,120,133,141,494],"relic_stats":{"Nunchaku":[0],"counters":[10,75],"Ornamental Fan":[4],"Bird Faced Urn":[103],"Dead Branch":[0],"MealTicket":30,"Pen Nib":[5],"PreservedInsect":0,"Whetstone":[],"Smiling Mask":-192,"MawBank":36,"obtain_stats":[{"Potion Belt":14,"Dead Branch":18,"The Courier":0,"Pen Nib":5,"PreservedInsect":15,"ice":0,"Whetstone":3,"Frozen Egg 2":0,"Smiling Mask":4,"MawBank":10,"Ancient Tea Set":11,"Nuclear Battery":6,"SlaversCollar":12,"REME:ComplimentaryCards":0,"Anchor":9,"Nunchaku":17,"Ornamental Fan":16,"Bird Faced Urn":2,"Molten Egg 2":0,"MealTicket":8,"Toxic Egg 2":0,"Cracked Core":0},{"Potion Belt":6,"Dead Branch":10,"The Courier":0,"Pen Nib":3,"PreservedInsect":7,"ice":0,"Whetstone":1,"Frozen Egg 2":0,"Smiling Mask":2,"MawBank":5,"Ancient Tea Set":6,"Nuclear Battery":3,"SlaversCollar":6,"REME:ComplimentaryCards":0,"Anchor":4,"Nunchaku":9,"Ornamental Fan":8,"Bird Faced Urn":0,"Molten Egg 2":0,"MealTicket":3,"Toxic Egg 2":0,"Cracked Core":0},{"Potion Belt":57,"Dead Branch":75,"The Courier":0,"Pen Nib":25,"PreservedInsect":61,"ice":0,"Whetstone":7,"Frozen Egg 2":0,"Smiling Mask":16,"MawBank":47,"Ancient Tea Set":57,"Nuclear Battery":25,"SlaversCollar":57,"REME:ComplimentaryCards":0,"Anchor":35,"Nunchaku":69,"Ornamental Fan":66,"Bird Faced Urn":0,"Molten Egg 2":0,"MealTicket":25,"Toxic Egg 2":0,"Cracked Core":0}]},"card_choices":[],"player_experience":823048,"relics_obtained":[{"floor":3,"key":"Whetstone"},{"floor":4,"key":"Smiling Mask"},{"floor":5,"key":"Pen Nib"},{"floor":9,"key":"Anchor"},{"floor":10,"key":"MawBank"},{"floor":11,"key":"Ancient Tea Set"},{"floor":15,"key":"PreservedInsect"},{"floor":16,"key":"Ornamental Fan"},{"floor":17,"key":"Nunchaku"},{"floor":18,"key":"Dead Branch"}],"event_choices":[],"is_beta":true,"boss_relics":[{"not_picked":["Cursed Key","Tiny House"],"picked":"Nuclear Battery"},{"not_picked":["Fusion Hammer","Empty Cage"],"picked":"SlaversCollar"}],"items_purged_floors":[1,1,1,1,1,1,1,1,1,1,7,13,13,13],"is_endless":false,"potions_floor_spawned":[3,9,10,15,18],"ascension_level":20}}