{"host":"8efry9zhj4tjp5kw","time":1611332188,"event":{"mods":["Act Like it!","Aspiration","Bard","BaseMod","Beaked The Cultist","Colored Map","Colored Powertips","Conspire","Downfall","Glutton Mod","Halation","Hallownest","Hermit","Highlight Path","Hubris","Infinite Spire","Jedi Mod","Jorbs\u0027s Wanderer Trilogy","Koishi","Mad Scientist","Marisa????????","Mimic Mod","Minty Spire (QoL Compilation)","Reworked Bosses","Shop Mod","StSLib","The Administrix","The Construct","The Disciple","The Elementalist","The Jungle","The Mystic","The Necromancer","The Runesmith","The Servant 0.9.4","Unceasing Turn Reminder"],"gold_per_floor":[99,149,165,340,356,356,388,258,293,307,355,383,383,408,440,452,452,452],"floor_reached":16,"language":"ENG","playtime":1065,"items_purged":["Doubt"],"score":118,"play_id":"ff468f5b-c386-461a-9db0-0eef0f1ef221","local_time":"20210122171628","is_ascension_mode":true,"campfire_choices":[{"data":"champ:Taunt","floor":1,"key":"SMITH"}],"circlet_count":0,"master_deck":["champ:Strike","champ:Strike","champ:Strike","champ:Strike","champ:Defend","champ:Defend","champ:Defend","champ:Defend","champ:Execute","champ:Taunt+1","champ:BerserkersShout","champ:Duel","champ:FaceSlap","champ:EnGarde","champ:FaceSlap","champ:Backstep","champ:AdrenalArmor+1","champ:EnragedBash","champ:BringItOn"],"relics":["champ:ChampionCrown","downfall:BrokenWingStatue","halation:IllGainedPizza","Question Card","Bottled Flame"],"acts_visited":["Exordium"],"potions_floor_usage":[8,15,16,16],"damage_taken":[{"damage":25,"enemies":"conspire:RoseBush","floor":3,"turns":6},{"damage":30,"enemies":"Small Slimes","floor":5,"turns":4},{"damage":43,"enemies":"Jaw Worm","floor":7,"turns":5},{"damage":20,"enemies":"downfall:FleeingMerchant","floor":8,"turns":4},{"damage":53,"enemies":"Lagavulin","floor":9,"turns":6},{"damage":8,"enemies":"Jaw Worm","floor":10,"turns":2},{"damage":65,"enemies":"3 Sentries","floor":11,"turns":9},{"damage":25,"enemies":"Gremlin Gang","floor":12,"turns":7},{"damage":10,"enemies":"Blue Slaver","floor":14,"turns":4},{"damage":13,"enemies":"Lots of Slimes","floor":15,"turns":8},{"damage":35,"enemies":"IC_STATUS_ARCHETYPE","floor":16,"turns":8}],"seed_played":"-6604218440936353296","potions_obtained":[{"floor":3,"key":"sneckomod:MuddlingPotion"},{"floor":5,"key":"Swift Potion"},{"floor":10,"key":"jedi:wingpotion"},{"floor":11,"key":"Dexterity Potion"},{"floor":14,"key":"Block Potion"},{"floor":15,"key":"construct:ShiftPotion"}],"is_trial":false,"path_per_floor":["R","?","M","?","M","?","MIM","$","E","M","E","M","?","M","M","B"],"character_chosen":"THE_CHAMP","items_purchased":["champ:EnGarde"],"campfire_rested":0,"item_purchase_floors":[8],"current_hp_per_floor":[90,90,90,90,90,90,77,72,54,51,26,14,14,14,8,0,0,0],"gold":452,"neow_bonus":"THREE_CARDS","is_daily":false,"chose_seed":false,"campfire_upgraded":1,"win_rate":0.0,"timestamp":1611332188,"path_taken":["R","?","M","?","M","?","MIM","$","E","M","E","?","?","M","M","BOSS"],"items_purchased_type":["Card"],"build_version":"2020-12-22","purchased_purges":1,"victory":false,"max_hp_per_floor":[90,90,90,90,90,90,90,90,90,90,90,90,90,90,90,90,90,90],"card_choices":[{"not_picked":["champ:BladeFlurry","champ:ViciousMockery"],"picked":"champ:BerserkersShout","floor":0},{"not_picked":["champ:FlashCut","champ:BringItOn"],"picked":"champ:Duel","floor":3},{"not_picked":["champ:PerfectedStrike","champ:AdrenalArmor"],"picked":"champ:FaceSlap","floor":5},{"not_picked":["champ:FlashCut","champ:RecklessLeap","champ:Shatter"],"picked":"SKIP","floor":8},{"not_picked":["champ:BerserkersShout","champ:EnGarde"],"picked":"champ:FaceSlap","floor":9},{"not_picked":["champ:DancingMaster","champ:TornadoPunch","champ:PreciseThrust","champ:Circumvent"],"picked":"SKIP","floor":10},{"not_picked":["champ:SetATrap","champ:TornadoPunch","champ:GladiatorStyle"],"picked":"champ:Backstep","floor":11},{"not_picked":["champ:Haymaker","champ:GladiatorStyle","champ:TornadoPunch"],"picked":"champ:AdrenalArmor","floor":12},{"not_picked":["champ:PerfectedStrike","champ:Haymaker","champ:ShieldWall"],"picked":"champ:EnragedBash","floor":14},{"not_picked":["champ:StanceDance","champ:FlashCut","champ:SwordSigil"],"picked":"champ:BringItOn","floor":15}],"player_experience":1106500,"relics_obtained":[{"floor":7,"key":"halation:IllGainedPizza"},{"floor":9,"key":"Question Card"},{"floor":11,"key":"Bottled Flame"}],"event_choices":[{"damage_healed":0,"gold_gain":0,"player_choice":"Forge","damage_taken":0,"max_hp_gain":0,"max_hp_loss":0,"event_name":"Accursed Blacksmith","floor":13,"gold_loss":0,"cards_upgraded":["champ:AdrenalArmor"]}],"is_beta":false,"boss_relics":[],"items_purged_floors":[8],"is_endless":false,"potions_floor_spawned":[3,5,10,11,14,15],"killed_by":"IC_STATUS_ARCHETYPE","ascension_level":1}}