{"host":"knspyp6dy614fx6e","time":1611332427,"event":{"mods":["ATMod(°¢èªMod)","BaseMod","Better Altar","Better Match","Better Note","Better Sensory Stone","Better Skull","Better Third Choice","DeckTracker","Minty Spire (QoL Compilation)","Quick Restart","Relic Stats","Shop Mod","Spicy Shops","StSLib","Waifu the Spire"],"gold_per_floor":[111,130,141,141,141,141,141,141],"floor_reached":7,"language":"ZHS","playtime":201,"items_purged":[],"score":78,"play_id":"acf46ace-618c-4ac4-b23b-ff5618ee447b","local_time":"20210123002027","is_ascension_mode":true,"campfire_choices":[{"data":"AT_BodySlamDance","floor":6,"key":"SMITH"}],"circlet_count":0,"master_deck":["AscendersBane","Strike_R","Strike_R","Strike_R","Strike_R","Strike_R","Defend_R","Defend_R","Defend_R","Defend_R","Bash","AT_BodySlamDance+1","Headbutt"],"relics":["Burning Blood","AT_ATBox","Champion Belt","CultistMask"],"acts_visited":["Exordium"],"potions_floor_usage":[],"damage_taken":[{"damage":12.0,"enemies":"2 Louse","floor":1.0,"turns":3.0},{"damage":8.0,"enemies":"Jaw Worm","floor":2.0,"turns":4.0},{"damage":15,"enemies":"Cultist","floor":3,"turns":5},{"damage":25,"enemies":"3 Sentries","floor":7,"turns":4}],"seed_played":"6751375821974675454","potions_obtained":[],"is_trial":false,"path_per_floor":["M","M","M","?","?","R","E"],"character_chosen":"IRONCLAD","items_purchased":[],"campfire_rested":0,"item_purchase_floors":[],"current_hp_per_floor":[44,42,33,33,33,33,8,8],"gold":141,"neow_bonus":"ONE_RARE_RELIC","is_daily":false,"chose_seed":false,"campfire_upgraded":1,"win_rate":0.0,"timestamp":1611332427,"path_taken":["M","M","M","?","?","R","E"],"items_purchased_type":[],"build_version":"2020-12-22","purchased_purges":0,"victory":false,"max_hp_per_floor":[75,75,75,75,75,75,75,75],"relic_stats":{"counters":[4,16],"Champion Belt":[3],"obtain_stats":[{"AT_ATBox":0,"CultistMask":5,"Champion Belt":0,"Burning Blood":0},{"AT_ATBox":0,"CultistMask":3,"Champion Belt":0,"Burning Blood":0},{"AT_ATBox":0,"CultistMask":12,"Champion Belt":0,"Burning Blood":0}],"Burning Blood":18},"card_choices":[{"not_picked":["Heavy Blade","Headbutt"],"picked":"AT_BodySlamDance","floor":1.0},{"not_picked":["Clothesline","Pommel Strike","Thunderclap"],"picked":"SKIP","floor":2.0},{"not_picked":["AT_IchimonjiDouble","Dropkick"],"picked":"Headbutt","floor":3}],"player_experience":254454,"relics_obtained":[],"event_choices":[{"damage_healed":0,"gold_gain":0,"player_choice":"Ignored","damage_taken":141,"max_hp_gain":0,"max_hp_loss":0,"event_name":"betterThird:BetterSerpent","floor":4,"gold_loss":0},{"damage_healed":0,"gold_gain":0,"player_choice":"Trade","damage_taken":0,"relics_obtained":["CultistMask"],"max_hp_gain":0,"max_hp_loss":0,"event_name":"FaceTrader","floor":5,"gold_loss":0}],"is_beta":false,"boss_relics":[],"items_purged_floors":[],"is_endless":false,"potions_floor_spawned":[],"killed_by":"3 Sentries","ascension_level":18}}