{"host":"eaiphzh066bwqdh7","time":1611345096,"event":{"mods":["BaseMod","Hubris","Minty Spire (QoL Compilation)","Replay The Spire","StSLib"],"gold_per_floor":[111,111,36,36,36,36,54,67,145,145,163,163,188,202,202,330,330,348,348,418,418,441,441,455,480,506,525,568,693,693,693,693,693,693],"floor_reached":33,"language":"ENG","playtime":1149,"items_purged":["Injury"],"score":285,"play_id":"115a0d31-ef6d-4838-bbdd-837598f15e31","local_time":"20210122145136","is_ascension_mode":true,"campfire_choices":[{"floor":6,"key":"REST"},{"floor":10,"key":"REST"},{"floor":12,"key":"REST"},{"data":"Defend_R","floor":15,"key":"PURGE"},{"floor":23,"key":"REST"},{"floor":30,"key":"REST"},{"floor":32,"key":"REST"}],"circlet_count":0,"master_deck":["Strike_R","Strike_R","Strike_R","Strike_R","Strike_R","Defend_R","Defend_R","Defend_R","Bash","Sentinel","hubris:CleavingFinish","Searing Blow","Pommel Strike","Run Through","Flex+1","Rupture","Wild Strike+1","Headbutt","hubris:SharpeningStone+1","Shrug It Off"],"relics":["Burning Blood","hubris:Spice","Golden Idol","Iron Hammer","Electric Blood","White Beast Statue","NlothsMask","hubris:TinFlute","Paper Frog"],"acts_visited":["Exordium","TheCity"],"potions_floor_usage":[16,27,29,31,33,33],"damage_taken":[{"damage":6,"enemies":"2 Louse","floor":1,"turns":4},{"damage":12,"enemies":"Small Slimes","floor":7,"turns":4},{"damage":6,"enemies":"Jaw Worm","floor":8,"turns":3},{"damage":24,"enemies":"Large Slime","floor":11,"turns":5},{"damage":12,"enemies":"Gremlin Gang","floor":13,"turns":4},{"damage":0,"enemies":"2 Fungi Beasts","floor":14,"turns":2},{"damage":86,"enemies":"Hexaghost","floor":16,"turns":10},{"damage":25,"enemies":"Shell Parasite","floor":18,"turns":3},{"damage":10,"enemies":"3 Byrds","floor":22,"turns":3},{"damage":19,"enemies":"Centurion and Healer","floor":24,"turns":2},{"damage":5,"enemies":"Sentry and Sphere","floor":25,"turns":2},{"damage":8,"enemies":"Cultist and Chosen","floor":27,"turns":3},{"damage":29,"enemies":"Slavers","floor":28,"turns":4},{"damage":20,"enemies":"Colosseum Slavers","floor":29,"turns":4},{"damage":6,"enemies":"Colosseum Nobs","floor":29,"turns":4},{"damage":3,"enemies":"Snake Plant","floor":31,"turns":1},{"damage":63,"enemies":"Automaton","floor":33,"turns":6}],"seed_played":"-1885007306973746620","potions_obtained":[{"floor":7,"key":"Elixir"},{"floor":8,"key":"SteroidPotion"},{"floor":11,"key":"GamblersBrew"},{"floor":22,"key":"Elixir"},{"floor":25,"key":"AttackPotion"},{"floor":27,"key":"SpeedPotion"},{"floor":29,"key":"SmokeBomb"}],"is_trial":false,"path_per_floor":["M","?","$","?","?","R","M","M","T","R","M","R","M","M","R","B",null,"M","?","T","?","M","R","M","M","T","M","E","?","R","M","R","B"],"character_chosen":"IRONCLAD","items_purchased":[],"campfire_rested":6,"item_purchase_floors":[],"current_hp_per_floor":[64,64,64,64,54,82,76,76,76,96,78,96,90,88,88,8,80,61,61,61,61,57,72,59,60,60,58,35,21,40,43,62,0,0],"gold":693,"neow_bonus":"ONE_RARE_RELIC","is_daily":false,"chose_seed":false,"campfire_upgraded":0,"win_rate":0.0,"timestamp":1611345096,"path_taken":["M","?","$","?","?","R","M","M","T","R","M","R","M","M","R","BOSS","M","?","?","?","M","R","M","M","T","?","E","?","R","M","R","BOSS"],"items_purchased_type":[],"build_version":"2020-12-22","purchased_purges":1,"victory":false,"max_hp_per_floor":[88,88,88,88,96,96,96,96,96,96,96,96,96,88,88,80,80,72,72,72,72,72,72,72,72,72,72,72,64,64,64,64,64,64],"card_choices":[{"not_picked":["Run Through","Pommel Strike"],"picked":"Sentinel","floor":1},{"not_picked":["Thunderclap","Twin Strike"],"picked":"hubris:CleavingFinish","floor":7},{"not_picked":["True Grit","hubris:ReadiedAction"],"picked":"Searing Blow","floor":8},{"not_picked":["Clothesline","Anger"],"picked":"Pommel Strike","floor":11},{"not_picked":["Anger","Warcry"],"picked":"Run Through","floor":13},{"not_picked":["Twin Strike","ReplayTheSpireMod:Strike From Hell"],"picked":"hubris:SpiceAddiction","floor":14},{"not_picked":["Corruption","Hemogenesis"],"picked":"hubris:SpiceAddiction","floor":16},{"not_picked":["Thunderclap","Perfected Strike"],"picked":"hubris:SpiceAddiction","floor":18},{"not_picked":["Heavy Blade","Sentinel"],"picked":"Flex+1","floor":22},{"not_picked":["ReplayReversal+1","hubris:SpiceAddiction"],"picked":"Rupture","floor":24},{"not_picked":["Disarm","hubris:SpiceAddiction"],"picked":"Wild Strike+1","floor":25},{"not_picked":["Whirlwind","Sword Boomerang"],"picked":"Headbutt","floor":27},{"not_picked":["hubris:SpiceAddiction","Anger"],"picked":"hubris:SharpeningStone+1","floor":28},{"not_picked":["Warcry","Body Slam"],"picked":"Shrug It Off","floor":29}],"player_experience":169487,"relics_obtained":[{"floor":9,"key":"Iron Hammer"},{"floor":20,"key":"White Beast Statue"},{"floor":28,"key":"hubris:TinFlute"},{"floor":29,"key":"hubris:Spice"},{"floor":29,"key":"Paper Frog"}],"event_choices":[{"damage_healed":0,"gold_gain":0,"player_choice":"Take Wound","damage_taken":0,"relics_obtained":["Golden Idol"],"max_hp_gain":0,"max_hp_loss":0,"event_name":"Golden Idol","floor":2,"gold_loss":0,"cards_obtained":["Injury"]},{"damage_healed":0,"gold_gain":0,"player_choice":"Ignored","damage_taken":0,"max_hp_gain":0,"max_hp_loss":0,"event_name":"Liars Game","floor":4,"gold_loss":0},{"damage_healed":0,"gold_gain":0,"player_choice":"Success","damage_taken":18,"relics_obtained":["hubris:Spice"],"max_hp_gain":0,"max_hp_loss":0,"event_name":"Scrap Ooze","floor":5,"gold_loss":0},{"damage_healed":0,"gold_gain":0,"player_choice":"Ignored","damage_taken":0,"max_hp_gain":0,"max_hp_loss":0,"event_name":"Ghosts","floor":19,"gold_loss":0},{"damage_healed":0,"gold_gain":0,"player_choice":"Trade","damage_taken":0,"relics_obtained":["NlothsMask"],"max_hp_gain":0,"max_hp_loss":0,"event_name":"FaceTrader","floor":21,"gold_loss":0},{"damage_healed":0,"gold_gain":0,"player_choice":"Fight","damage_taken":0,"max_hp_gain":0,"max_hp_loss":0,"event_name":"Colosseum","floor":29,"gold_loss":0},{"damage_healed":0,"gold_gain":0,"player_choice":"Fought Nobs","damage_taken":0,"max_hp_gain":0,"max_hp_loss":0,"event_name":"Colosseum","floor":29,"gold_loss":0}],"is_beta":false,"boss_relics":[{"not_picked":["hubris:VirtuousBlindfold","hubris:Spice"],"picked":"Electric Blood"}],"items_purged_floors":[3],"is_endless":false,"potions_floor_spawned":[7,8,11,22,24,25,27,28,29,29,31],"killed_by":"Automaton","ascension_level":2}}