{"host":"pjgcdp3h1plnbocs","time":1611314201,"event":{"mods":["AchievementEnabler","BaseMod","Colored Map","Downfall","Highlight Path","Minty Spire (QoL Compilation)","StSLib"],"gold_per_floor":[99,111,111,128,143,143,143,173,173,48,79,79,79,99,111,216,216,116,127,147,158,73,101,101,86,86,86,86],"floor_reached":26,"language":"ENG","playtime":1152,"items_purged":["Slimebound:Defend_Slimebound"],"score":271,"play_id":"000fa008-4095-471c-b2f1-2c8e1afc40f6","local_time":"20210122121641","is_ascension_mode":true,"campfire_choices":[{"data":"Slimebound:Split","floor":1.0,"key":"SMITH"},{"data":"Slimebound:SamplingLick","floor":6.0,"key":"SMITH"},{"data":"Slimebound:MassRepurpose","floor":9.0,"key":"SMITH"},{"data":"Slimebound:GrowthPunch","floor":12.0,"key":"SMITH"},{"data":"Slimebound:GrowthPunch","floor":18,"key":"SMITH"}],"circlet_count":0,"master_deck":["Slimebound:Strike_Slimebound","Slimebound:Tackle","Slimebound:Defend_Slimebound","Slimebound:Split+1","Slimebound:CorrosiveSpit","Slimebound:SplitBruiser","Slimebound:SamplingLick+1","Slimebound:RejuvenatingLick","Slimebound:MassRepurpose+1","Slimebound:GrowthPunch+1","Slimebound:Gluttony","Slimebound:GrowthPunch+1","Slimebound:GoopSpray+1","Slimebound:Schlurp+1","Slimebound:SpikyOuterGoop"],"relics":["Slimebound:AbsorbEndCombat","Darkstone Periapt","Kunai","Mercury Hourglass","Toxic Egg 2","Empty Cage","downfall:HeartBlessingGreen","Oddly Smooth Stone","Sundial"],"acts_visited":["Exordium","TheCity"],"potions_floor_usage":[],"damage_taken":[{"damage":0.0,"enemies":"2 Louse","floor":2.0,"turns":3.0},{"damage":6.0,"enemies":"Small Slimes","floor":4.0,"turns":3.0},{"damage":0.0,"enemies":"Cultist","floor":5.0,"turns":3.0},{"damage":17.0,"enemies":"Lagavulin","floor":8.0,"turns":7.0},{"damage":0.0,"enemies":"downfall:FleeingMerchant","floor":10.0,"turns":4.0},{"damage":18.0,"enemies":"3 Sentries","floor":11.0,"turns":5.0},{"damage":11.0,"enemies":"3 Louse","floor":14.0,"turns":2.0},{"damage":0.0,"enemies":"Large Slime","floor":15.0,"turns":3.0},{"damage":13.0,"enemies":"WA_ARCHETYPE_RETAIN","floor":16.0,"turns":7.0},{"damage":10,"enemies":"Chosen","floor":19,"turns":4},{"damage":31,"enemies":"Snake Plant","floor":20,"turns":3},{"damage":15,"enemies":"Sentry and Sphere","floor":21,"turns":5},{"damage":0,"enemies":"downfall:FleeingMerchant","floor":22,"turns":4},{"damage":40,"enemies":"Slavers","floor":23,"turns":6},{"damage":0,"enemies":"downfall:FleeingMerchant","floor":25,"turns":4},{"damage":11,"enemies":"Book of Stabbing","floor":26,"turns":3}],"seed_played":"-5072050187687864043","potions_obtained":[{"floor":8.0,"key":"DuplicationPotion"},{"floor":11.0,"key":"FearPotion"},{"floor":14.0,"key":"SpeedPotion"},{"floor":19,"key":"bronze:BurnAndBuffPotion"}],"is_trial":false,"path_per_floor":["R","M","?","M","M","R","T","E","R","$","E","R","?","M","M","B",null,"R","M","M","M","$","E","T","$","E"],"character_chosen":"SLIMEBOUND","items_purchased":["Slimebound:Gluttony","Slimebound:SpikyOuterGoop"],"campfire_rested":0,"item_purchase_floors":[10,22],"current_hp_per_floor":[47,51,44,40,46,46,46,35,35,41,25,25,25,14,20,15,65,65,59,34,27,33,1,1,7,0,0,0],"gold":86,"neow_bonus":"REMOVE_TWO","is_daily":false,"chose_seed":false,"campfire_upgraded":5,"win_rate":0.0,"timestamp":1611314201,"path_taken":["R","M","?","M","M","R","T","E","R","$","E","R","?","?","M","BOSS","R","M","M","M","$","E","T","$","E"],"items_purchased_type":["Card","Card"],"build_version":"2020-12-22","purchased_purges":1,"victory":false,"max_hp_per_floor":[65,65,65,65,65,65,65,65,65,65,65,65,65,65,65,65,65,65,65,65,65,65,65,65,65,65,65,65],"card_choices":[{"not_picked":["Slimebound:RollThrough","Slimebound:FinishingTackle"],"picked":"Slimebound:SplitBruiser","floor":2.0},{"not_picked":["Slimebound:SpikyOuterGoop","Slimebound:Recollect"],"picked":"Slimebound:SamplingLick","floor":4.0},{"not_picked":["Slimebound:SlimeSpikes","Slimebound:ViciousTackle"],"picked":"Slimebound:RejuvenatingLick","floor":5.0},{"not_picked":["Slimebound:AcidTongue","Slimebound:SplitBruiser"],"picked":"Slimebound:MassRepurpose","floor":8.0},{"not_picked":["Slimebound:Grow","Slimebound:SplitMire"],"picked":"Slimebound:GrowthPunch","floor":10.0},{"not_picked":["Slimebound:Dissolve+1","Slimebound:SlimeSpikes+1","Slimebound:LivingWall+1"],"picked":"SKIP","floor":11.0},{"not_picked":["Slimebound:ComboTackle","Slimebound:LeadByExample"],"picked":"Slimebound:GrowthPunch","floor":14.0},{"not_picked":["Slimebound:LeechEnergy","Slimebound:FlameTackle"],"picked":"Slimebound:GoopSpray+1","floor":15.0},{"not_picked":["Slimebound:ComboTackle","Slimebound:SplitBruiser+1","Slimebound:Gluttony"],"picked":"SKIP","floor":19},{"not_picked":["Slimebound:SlimeSpikes+1","Slimebound:ComboTackle","Slimebound:LeechingTouch"],"picked":"SKIP","floor":20},{"not_picked":["Slimebound:LeechingTouch+1","Slimebound:ForwardTackle"],"picked":"Slimebound:Schlurp+1","floor":21},{"not_picked":["Slimebound:GoopSpray+1","Slimebound:Darklings+1","Slimebound:ServeAndProtect+1"],"picked":"SKIP","floor":22},{"not_picked":["Slimebound:AcidTongue+1","Slimebound:LeechingTouch+1","Slimebound:SlimeSpikes+1"],"picked":"SKIP","floor":23},{"not_picked":["Slimebound:SplitMire+1","Slimebound:FinishingTackle","Slimebound:Grow"],"picked":"SKIP","floor":25}],"player_experience":206623,"relics_obtained":[{"floor":7.0,"key":"Kunai"},{"floor":8.0,"key":"Mercury Hourglass"},{"floor":11.0,"key":"Toxic Egg 2"},{"floor":23,"key":"Oddly Smooth Stone"},{"floor":24,"key":"Sundial"}],"event_choices":[{"damage_healed":0.0,"max_hp_gain":0.0,"max_hp_loss":0.0,"gold_gain":0.0,"event_name":"Scrap Ooze","player_choice":"Success","floor":3.0,"gold_loss":0.0,"damage_taken":7.0,"relics_obtained":["Darkstone Periapt"]}],"is_beta":false,"boss_relics":[{"not_picked":["Snecko Eye","Cursed Key"],"picked":"Empty Cage"}],"items_purged_floors":[10],"is_endless":false,"potions_floor_spawned":[8,11,14,19,23],"killed_by":"Book of Stabbing","ascension_level":3}}