{"host":"w8xisjf5mgmfjvmt","time":1611303444,"event":{"mods":["BaseMod","BetterRewards","Challenge The Spire","Conspire","Dota2Spire","Energized Spire","Filter the Spire","Minty Spire (QoL Compilation)","Quarter Circle Forward PUNCH!","Quick Restart","Relic Stats","Replay The Spire","Shop Mod","Spicy Shops","StSLib","Starting Relic: Pandora\u0027s Box","¡¾ÒÅÎï¿¨ÅÆ¡¿REMEMod","óô»ðÖ¸ÄÏ"],"gold_per_floor":[118,136,146,163,177,234,234,267,267,267,285,296,28,28,28,105,105,120,140,154,164,182,208,38,38,38,65,75,91,119,169,1,74,74,92,108,122,122,136,195,30,48,48,48,92,121,133,171,183,195,207,219,231,5,32,32],"floor_reached":57,"language":"ZHS","playtime":3563,"items_purged":["Underhanded Strike"],"score":3440,"play_id":"eb5fc6a3-3d8d-4742-aa25-577a0a12f028","local_time":"20210122161724","is_ascension_mode":true,"campfire_choices":[{"data":"Venomology","floor":7.0,"key":"SMITH"},{"floor":10.0,"key":"REST"},{"data":"Cloak And Dagger","floor":15.0,"key":"SMITH"},{"data":"After Image","floor":44.0,"key":"SMITH"},{"data":"Night Terror","floor":47,"key":"SMITH"},{"floor":49,"key":"RECALL"},{"data":"REME_CopyPotion","floor":53,"key":"SMITH"}],"circlet_count":0,"master_deck":["AscendersBane","Survivor","Neutralize","Blade Dance","Masterful Stab","PiercingWail","Hidden Blade","Phantasmal Killer+1","Tools of the Trade+1","ReplayTheSpireMod:Tripwire+1","Venomology+1","Acrobatics","Cloak And Dagger+1","Deflect","Choke","Dagger Spray","After Image+1","REME_LeechingPoison","Night Terror+1","Backflip","ReplayTheSpireMod:Speed Training+1","Backflip","conspire:DoublingDagger","REME_CopyPotion+1","Infinite Blades","After Image","Cloak And Dagger","Adrenaline","Night Terror+1"],"relics":["REME_ComplimentaryCards","Astrolabe","qcfpunch:Chain_With_Nametags","Dota2Spire:LinkenSphere","Thread and Needle","Shuriken","energizedSpire:PogoStick","Iron Hammer","Dota2Spire:AssaultCuirass","ReplayTheSpireMod:Shallot","Tingsha","Dota2Spire:ShivaGuard","Potion Belt","Empty Cage","Happy Flower","OrangePellets","MawBank","Dota2Spire:MonkeyKingBar","DollysMirror","Paper Crane"],"acts_visited":["Exordium","TheCity","TheBeyond","TheEnding"],"potions_floor_usage":[50,56,56,56,56],"damage_taken":[{"damage":7.0,"enemies":"Small Slimes","floor":1.0,"turns":2.0},{"damage":0.0,"enemies":"Cultist","floor":2.0,"turns":2.0},{"damage":0.0,"enemies":"2 Louse","floor":3.0,"turns":2.0},{"damage":6.0,"enemies":"Gremlin Gang","floor":4.0,"turns":3.0},{"damage":0.0,"enemies":"2 Fungi Beasts","floor":5.0,"turns":2.0},{"damage":22.0,"enemies":"Lagavulin","floor":6.0,"turns":4.0},{"damage":6.0,"enemies":"3 Sentries","floor":8.0,"turns":7.0},{"damage":9.0,"enemies":"Exordium Thugs","floor":11.0,"turns":4.0},{"damage":0.0,"enemies":"Gremlin Gang","floor":12.0,"turns":3.0},{"damage":0.0,"enemies":"Slime Boss","floor":16.0,"turns":5.0},{"damage":7.0,"enemies":"Shell Parasite","floor":18.0,"turns":4.0},{"damage":0.0,"enemies":"Spheric Guardian","floor":19.0,"turns":3.0},{"damage":12.0,"enemies":"Shelled Parasite and Fungi","floor":20.0,"turns":5.0},{"damage":0.0,"enemies":"Chosen and Byrds","floor":21.0,"turns":6.0},{"damage":13.0,"enemies":"Cultist and Chosen","floor":22.0,"turns":7.0},{"damage":2.0,"enemies":"Book of Stabbing","floor":23.0,"turns":3.0},{"damage":0.0,"enemies":"Slavers","floor":27.0,"turns":6.0},{"damage":0.0,"enemies":"Centurion and Healer","floor":28.0,"turns":3.0},{"damage":0.0,"enemies":"Snecko","floor":29.0,"turns":1.0},{"damage":0.0,"enemies":"Gremlin Leader","floor":30.0,"turns":5.0},{"damage":0.0,"enemies":"Automaton","floor":33.0,"turns":9.0},{"damage":0.0,"enemies":"3 Shapes","floor":35.0,"turns":5.0},{"damage":0.0,"enemies":"Orb Walker","floor":36.0,"turns":5.0},{"damage":0.0,"enemies":"3 Darklings","floor":37.0,"turns":3.0},{"damage":0.0,"enemies":"Transient","floor":39.0,"turns":6.0},{"damage":0.0,"enemies":"R_Hoarder","floor":40.0,"turns":7.0},{"damage":0.0,"enemies":"Jaw Worm Horde","floor":42.0,"turns":4.0},{"damage":0.0,"enemies":"Maw","floor":45.0,"turns":7.0},{"damage":0,"enemies":"Giant Head","floor":46,"turns":7},{"damage":0,"enemies":"Reptomancer","floor":48,"turns":5},{"damage":0,"enemies":"conspire:OrnateMirror","floor":50,"turns":6},{"damage":0,"enemies":"Awakened One","floor":51,"turns":7},{"damage":12,"enemies":"Shield and Spear","floor":55,"turns":7},{"damage":2,"enemies":"The Heart","floor":56,"turns":6}],"seed_played":"7253412191450997409","potions_obtained":[{"floor":3.0,"key":"BlessingOfTheForge"},{"floor":4.0,"key":"Strength Potion"},{"floor":6.0,"key":"Block Potion"},{"floor":16.0,"key":"EssenceOfSteel"},{"floor":18.0,"key":"DuplicationPotion"},{"floor":27.0,"key":"ColorlessPotion"},{"floor":28.0,"key":"SteroidPotion"},{"floor":29.0,"key":"FairyPotion"},{"floor":33.0,"key":"Dota2Spire:HealingSalve"},{"floor":40.0,"key":"Dota2Spire:Clarity"},{"floor":45,"key":"CultistPotion"},{"floor":55,"key":"Elixir"}],"is_trial":false,"path_per_floor":["M","M","M","M","M","E","R","E","T","R","M","M","$","?","R","B",null,"M","M","M","M","M","E","$","?","T","E","M","M","E","?","R","B",null,"M","M","M","?","M","E","$","M","T","R","M","E","R","E","R","B","B",null,"R","$","E","B",null],"character_chosen":"THE_SILENT","items_purchased":["Shuriken","After Image","Dota2Spire:AssaultCuirass","Potion Belt","OrangePellets","DollysMirror"],"campfire_rested":1,"item_purchase_floors":[13,13,24,32,41,54],"current_hp_per_floor":[52,52,52,46,46,24,24,18,18,37,28,28,28,28,28,36,59,66,66,57,57,54,52,52,52,52,66,66,66,66,66,66,66,66,66,66,66,63,63,63,63,63,63,63,63,63,63,63,63,63,63,63,63,63,63,61],"gold":32,"neow_bonus":"BOSS_RELIC","is_daily":false,"chose_seed":false,"campfire_upgraded":5,"win_rate":0.0,"timestamp":1611303444,"path_taken":["M","M","M","M","M","E","R","E","T","R","M","M","$","?","R","BOSS","M","M","?","M","?","E","$","?","T","E","M","M","E","?","R","BOSS","M","?","M","?","M","E","?","?","T","R","M","E","R","E","R","BOSS","BOSS","R","$","E","BOSS"],"items_purchased_type":["Relic","Card","Relic","Relic","Relic","Relic"],"build_version":"2020-12-22","purchased_purges":1,"victory":true,"max_hp_per_floor":[66,66,66,66,66,66,66,66,66,66,66,66,66,66,66,66,66,66,66,66,66,66,66,66,66,66,66,66,66,66,66,66,66,66,66,66,66,63,63,63,63,63,63,63,63,63,63,63,63,63,63,63,63,63,63,63],"relic_stats":{"OrangePellets":[10],"Happy Flower":[16],"counters":[34,161],"Shuriken":[105],"Astrolabe":["Phantasmal Killer","Tools of the Trade","ReplayTheSpireMod:Tripwire"],"Tingsha":[225],"MawBank":96,"obtain_stats":[{"energizedSpire:PogoStick":17,"Potion Belt":32,"Happy Flower":40,"Astrolabe":0,"Thread and Needle":9,"Tingsha":27,"Dota2Spire:ShivaGuard":30,"Paper Crane":55,"Empty Cage":34,"MawBank":46,"OrangePellets":41,"ReplayTheSpireMod:Shallot":26,"Shuriken":13,"DollysMirror":54,"Pandora\u0027s Box":0,"Dota2Spire:LinkenSphere":8,"Iron Hammer":23,"Dota2Spire:AssaultCuirass":24,"qcfpunch:Chain_With_Nametags":6,"Dota2Spire:MonkeyKingBar":48,"REME_ComplimentaryCards":0},{"energizedSpire:PogoStick":10,"Potion Belt":20,"Happy Flower":26,"Astrolabe":0,"Thread and Needle":7,"Tingsha":17,"Dota2Spire:ShivaGuard":20,"Paper Crane":33,"Empty Cage":21,"MawBank":29,"OrangePellets":26,"ReplayTheSpireMod:Shallot":16,"Shuriken":9,"DollysMirror":32,"Pandora\u0027s Box":0,"Dota2Spire:LinkenSphere":7,"Iron Hammer":16,"Dota2Spire:AssaultCuirass":16,"qcfpunch:Chain_With_Nametags":6,"Dota2Spire:MonkeyKingBar":30,"REME_ComplimentaryCards":0},{"energizedSpire:PogoStick":34,"Potion Belt":77,"Happy Flower":112,"Astrolabe":0,"Thread and Needle":22,"Tingsha":68,"Dota2Spire:ShivaGuard":77,"Paper Crane":155,"Empty Cage":86,"MawBank":130,"OrangePellets":112,"ReplayTheSpireMod:Shallot":62,"Shuriken":29,"DollysMirror":148,"Pandora\u0027s Box":0,"Dota2Spire:LinkenSphere":22,"Iron Hammer":62,"Dota2Spire:AssaultCuirass":62,"qcfpunch:Chain_With_Nametags":15,"Dota2Spire:MonkeyKingBar":135,"REME_ComplimentaryCards":0}]},"card_choices":[{"not_picked":["Outmaneuver","Quick Slash","Deadly Poison"],"picked":"SKIP","floor":1.0},{"not_picked":["Underhanded Strike","Sucker Punch"],"picked":"Acrobatics","floor":2.0},{"not_picked":["Flying Knee","Atom Bomb","Caltrops"],"picked":"SKIP","floor":3.0},{"not_picked":["conspire:PoisonWeapons","Bouncing Flask"],"picked":"Cloak And Dagger","floor":4.0},{"not_picked":["Sucker Punch","Hidden Blade"],"picked":"Deflect","floor":5.0},{"not_picked":["Envenom","Replay:Poison Smokescreen","Bane"],"picked":"SKIP","floor":6.0},{"not_picked":["Dagger Throw","Outmaneuver"],"picked":"Choke","floor":8.0},{"not_picked":["Bane","Underhanded Strike","Slice"],"picked":"SKIP","floor":11.0},{"not_picked":["Poisoned Stab","Predator"],"picked":"Dagger Spray","floor":12.0},{"not_picked":["Storm of Steel","Glass Knife"],"picked":"Night Terror","floor":16.0},{"not_picked":["Outmaneuver","Blade Dance"],"picked":"Backflip","floor":18.0},{"not_picked":["Prepared","Hidden Blade"],"picked":"ReplayTheSpireMod:Speed Training+1","floor":19.0},{"not_picked":["Sneak Up","conspire:PoisonWeapons","Deadly Poison"],"picked":"SKIP","floor":20.0},{"not_picked":["Predator","Deflect"],"picked":"Backflip","floor":21.0},{"not_picked":["PiercingWail","Dodge and Roll","Quick Slash"],"picked":"SKIP","floor":22.0},{"not_picked":["Draining Mist","conspire:PoisonWeapons"],"picked":"conspire:DoublingDagger","floor":23.0},{"not_picked":["Dagger Throw","PiercingWail"],"picked":"REME_CopyPotion","floor":27.0},{"not_picked":["REME_ShadowStrike","Deadly Poison","Backflip"],"picked":"SKIP","floor":28.0},{"not_picked":["PiercingWail","Bane","Concentrate"],"picked":"SKIP","floor":29.0},{"not_picked":["Sucker Punch","PiercingWail"],"picked":"Infinite Blades","floor":30.0},{"not_picked":["Tools of the Trade","Corpse Explosion"],"picked":"After Image","floor":33.0},{"not_picked":["Reflex","Noxious Fumes+1","Concentrate"],"picked":"SKIP","floor":35.0},{"not_picked":["Escape Plan","Riddle With Holes"],"picked":"Cloak And Dagger","floor":36.0},{"not_picked":["Dagger Spray","Quick Slash","Cloak And Dagger"],"picked":"SKIP","floor":37.0},{"not_picked":["Dagger Throw","Poisoned Stab","Deadly Poison"],"picked":"SKIP","floor":39.0},{"not_picked":["Deadly Poison","Crippling Poison+1"],"picked":"Adrenaline","floor":40.0},{"not_picked":["Flying Knee+1","PiercingWail","Deflect"],"picked":"SKIP","floor":42.0},{"not_picked":["Dodge and Roll","Underhanded Strike","ReplayTheSpireMod:Shiv Toss"],"picked":"SKIP","floor":45},{"not_picked":["Flying Knee","Dagger Throw+1","Prepared"],"picked":"SKIP","floor":46},{"not_picked":["ReplayTheSpireMod:Speed Training+1","All Out Attack","Corpse Explosion"],"picked":"SKIP","floor":48},{"not_picked":["Flechettes","Blur+1","Prepared"],"picked":"SKIP","floor":55}],"player_experience":1205153,"relics_obtained":[{"floor":6.0,"key":"qcfpunch:Chain_With_Nametags"},{"floor":8.0,"key":"Dota2Spire:LinkenSphere"},{"floor":9.0,"key":"Thread and Needle"},{"floor":23.0,"key":"Iron Hammer"},{"floor":26.0,"key":"ReplayTheSpireMod:Shallot"},{"floor":27.0,"key":"Tingsha"},{"floor":30.0,"key":"Dota2Spire:ShivaGuard"},{"floor":40.0,"key":"Happy Flower"},{"floor":46,"key":"MawBank"},{"floor":48,"key":"Dota2Spire:MonkeyKingBar"},{"floor":55,"key":"Paper Crane"}],"event_choices":[{"damage_healed":0.0,"max_hp_gain":0.0,"max_hp_loss":0.0,"gold_gain":0.0,"event_name":"Match and Keep!","player_choice":"1 cards matched","floor":14.0,"gold_loss":0.0,"damage_taken":0.0,"cards_obtained":["REME_LeechingPoison"]},{"damage_healed":0.0,"max_hp_gain":0.0,"max_hp_loss":0.0,"gold_gain":100.0,"event_name":"The Joust","player_choice":"Bet on Murderer","floor":31.0,"gold_loss":50.0,"damage_taken":0.0},{"damage_healed":0.0,"max_hp_gain":0.0,"max_hp_loss":3.0,"gold_gain":0.0,"event_name":"Winding Halls","player_choice":"Max HP","floor":38.0,"gold_loss":0.0,"damage_taken":0.0}],"is_beta":false,"boss_relics":[{"not_picked":["ChewingGum","qcfpunch:Crimson_Sash"],"picked":"energizedSpire:PogoStick"},{"not_picked":["REME_DemonsWealth","conspire:SpecialSausage"],"picked":"Empty Cage"}],"items_purged_floors":[54],"is_endless":false,"potions_floor_spawned":[3,4,6,16,18,27,28,29,30,33,39,40,42,45,55],"ascension_level":20}}