{"host":"sxnl403xm2xmiyj1","time":1611298398,"event":{"mods":["AchievementEnabler","BaseMod","Colored Map","Keyboard Shortcuts","Minty Spire (QoL Compilation)","Quick Restart","StSLib","SuperFastMode"],"gold_per_floor":[119,119,219,238,248,282,282,297,324,334,334,396,72,89,89,161,161,181,193,206,225,225,225,242,242,242,253,2,27,39,58,58,133,133,147,147,160,171,182,216,216,241,295,310,310,337,352,382,382,382,382],"floor_reached":50,"language":"KOR","playtime":1763,"items_purged":["Zap","Strike_B"],"score":1295,"play_id":"1707ef04-af8b-4926-94d2-29a46b1131ff","local_time":"20210122155318","is_ascension_mode":true,"campfire_choices":[{"data":"Buffer","floor":7.0,"key":"SMITH"},{"data":"Self Repair","floor":11.0,"key":"SMITH"},{"data":"Reprogram","floor":15.0,"key":"SMITH"},{"floor":23.0,"key":"REST"},{"data":"Seek","floor":25.0,"key":"SMITH"},{"data":"Hologram","floor":32.0,"key":"SMITH"},{"data":"Madness","floor":41.0,"key":"SMITH"},{"floor":45.0,"key":"RECALL"},{"data":"Hologram","floor":49.0,"key":"SMITH"}],"circlet_count":0,"master_deck":["AscendersBane","Strike_B","Defend_B","Defend_B","Defend_B","Defend_B","Hyperbeam+1","Conserve Battery","Gash+1","Buffer+1","Self Repair+1","Melter","Compile Driver","Reprogram+1","Beam Cell","Seek+1","Leap","Skim+1","Hologram+1","Go for the Eyes","Coolheaded+1","Coolheaded","Stack","Hologram+1","Reinforced Body+1","All For One","Hologram+1","Madness","Madness+1","Beam Cell+1","Gash+1","Compile Driver","Fusion","Aggregate+1","Aggregate","Echo Form","Coolheaded","Go for the Eyes"],"relics":["Cracked Core","Potion Belt","Art of War","Bag of Preparation","Pen Nib","Philosopher\u0027s Stone","Mango","Membership Card","Calipers","Empty Cage","Whetstone","Ginger","Happy Flower","Ornamental Fan"],"acts_visited":["Exordium","TheCity","TheBeyond"],"potions_floor_usage":[50],"damage_taken":[{"damage":7.0,"enemies":"Small Slimes","floor":1.0,"turns":3.0},{"damage":1.0,"enemies":"2 Louse","floor":4.0,"turns":2.0},{"damage":0.0,"enemies":"Cultist","floor":5.0,"turns":3.0},{"damage":15.0,"enemies":"3 Sentries","floor":6.0,"turns":6.0},{"damage":0.0,"enemies":"Large Slime","floor":8.0,"turns":4.0},{"damage":0.0,"enemies":"2 Fungi Beasts","floor":10.0,"turns":1.0},{"damage":11.0,"enemies":"Gremlin Nob","floor":12.0,"turns":5.0},{"damage":0.0,"enemies":"Red Slaver","floor":14.0,"turns":3.0},{"damage":0.0,"enemies":"The Guardian","floor":16.0,"turns":8.0},{"damage":49.0,"enemies":"3 Byrds","floor":18.0,"turns":4.0},{"damage":21.0,"enemies":"Shell Parasite","floor":19.0,"turns":4.0},{"damage":0.0,"enemies":"Snecko","floor":20.0,"turns":5.0},{"damage":0.0,"enemies":"Cultist and Chosen","floor":21.0,"turns":6.0},{"damage":14.0,"enemies":"Shelled Parasite and Fungi","floor":24.0,"turns":4.0},{"damage":9.0,"enemies":"Snecko","floor":27.0,"turns":5.0},{"damage":28.0,"enemies":"Book of Stabbing","floor":29.0,"turns":6.0},{"damage":18.0,"enemies":"Snake Plant","floor":30.0,"turns":5.0},{"damage":0.0,"enemies":"Cultist and Chosen","floor":31.0,"turns":6.0},{"damage":12.0,"enemies":"Automaton","floor":33.0,"turns":12.0},{"damage":0.0,"enemies":"Orb Walker","floor":35.0,"turns":3.0},{"damage":20.0,"enemies":"3 Shapes","floor":37.0,"turns":4.0},{"damage":0.0,"enemies":"Maw","floor":38.0,"turns":8.0},{"damage":0.0,"enemies":"Writhing Mass","floor":39.0,"turns":4.0},{"damage":26.0,"enemies":"Giant Head","floor":40.0,"turns":6.0},{"damage":0.0,"enemies":"Mind Bloom Boss Battle","floor":42.0,"turns":3.0},{"damage":0.0,"enemies":"Jaw Worm Horde","floor":44.0,"turns":2.0},{"damage":19.0,"enemies":"Nemesis","floor":46.0,"turns":9.0},{"damage":0.0,"enemies":"Sphere and 2 Shapes","floor":47.0,"turns":4.0},{"damage":15.0,"enemies":"Reptomancer","floor":48.0,"turns":5.0},{"damage":36,"enemies":"Time Eater","floor":50,"turns":9}],"seed_played":"-8432706648498549339","potions_obtained":[{"floor":1.0,"key":"SneckoOil"},{"floor":6.0,"key":"PotionOfCapacity"},{"floor":10.0,"key":"AttackPotion"},{"floor":12.0,"key":"GamblersBrew"},{"floor":19.0,"key":"LiquidBronze"},{"floor":21.0,"key":"Fire Potion"},{"floor":30.0,"key":"Weak Potion"},{"floor":31.0,"key":"LiquidBronze"},{"floor":33.0,"key":"BlessingOfTheForge"},{"floor":37.0,"key":"EntropicBrew"},{"floor":40.0,"key":"Weak Potion"},{"floor":42.0,"key":"Dexterity Potion"}],"is_trial":false,"path_per_floor":["M","?","?","M","M","E","R","M","T","M","R","?","$","M","R","B",null,"M","M","M","M","?","R","M","R","T","M","$","E","M","M","R","B",null,"M","?","M","M","M","E","R","?","T","M","R","E","M","E","R","B"],"character_chosen":"DEFECT","items_purchased":["Reprogram","Pen Nib","Membership Card","Coolheaded"],"campfire_rested":1,"item_purchase_floors":[13,13,28,28],"current_hp_per_floor":[57,57,57,56,56,41,41,41,41,41,41,40,40,50,50,60,68,29,18,28,38,38,59,55,55,69,70,70,52,44,54,54,52,77,77,62,52,62,62,46,46,46,46,46,46,37,47,42,42,6,6],"gold":382,"neow_bonus":"ONE_RANDOM_RARE_CARD","is_daily":false,"chose_seed":false,"campfire_upgraded":7,"win_rate":0.0,"timestamp":1611298398,"path_taken":["M","?","?","M","?","E","R","M","T","M","R","?","$","M","R","BOSS","M","M","M","M","?","R","M","R","T","M","$","E","M","?","R","BOSS","M","?","M","M","M","E","R","?","T","M","R","E","M","E","R","BOSS"],"items_purchased_type":["Card","Relic","Relic","Card"],"build_version":"2020-12-22","purchased_purges":2,"victory":false,"max_hp_per_floor":[71,71,71,71,71,71,71,71,71,71,71,71,71,71,71,71,71,71,71,71,71,71,71,71,71,85,85,85,85,85,85,85,85,85,85,85,85,85,85,85,85,85,85,85,85,85,85,85,85,85,85],"card_choices":[{"not_picked":["Auto Shields","Scrape"],"picked":"Conserve Battery","floor":1.0},{"not_picked":["Stack","Sweeping Beam"],"picked":"Gash","floor":4.0},{"not_picked":["Coolheaded","Melter"],"picked":"Buffer","floor":5.0},{"not_picked":["Sweeping Beam","Ball Lightning","Cold Snap"],"picked":"SKIP","floor":6.0},{"not_picked":["Barrage","Leap"],"picked":"Self Repair","floor":8.0},{"not_picked":["Ball Lightning","Steam"],"picked":"Melter","floor":10.0},{"not_picked":["Cold Snap","Defragment"],"picked":"Compile Driver","floor":12.0},{"not_picked":["Genetic Algorithm","Capacitor"],"picked":"Beam Cell","floor":14.0},{"not_picked":["Reboot","Multi-Cast"],"picked":"Seek","floor":16.0},{"not_picked":["Steam","Redo"],"picked":"Leap","floor":18.0},{"not_picked":["Ball Lightning","Cold Snap","Sweeping Beam"],"picked":"SKIP","floor":19.0},{"not_picked":["Scrape","Compile Driver"],"picked":"Skim+1","floor":20.0},{"not_picked":["Chaos","Compile Driver"],"picked":"Hologram","floor":21.0},{"not_picked":["Rebound","Streamline"],"picked":"Go for the Eyes","floor":24.0},{"not_picked":["Rainbow","Auto Shields"],"picked":"Coolheaded+1","floor":27.0},{"not_picked":["Amplify","Melter"],"picked":"Stack","floor":29.0},{"not_picked":["Chaos","Hello World"],"picked":"Hologram","floor":30.0},{"not_picked":["Rebound","Stack"],"picked":"Reinforced Body+1","floor":31.0},{"not_picked":["Machine Learning","Meteor Strike"],"picked":"All For One","floor":33.0},{"not_picked":["Chaos","Melter"],"picked":"Hologram+1","floor":35.0},{"not_picked":["Ball Lightning+1","Blizzard+1"],"picked":"Beam Cell","floor":37.0},{"not_picked":["Go for the Eyes","Barrage+1"],"picked":"Gash+1","floor":38.0},{"not_picked":["Cold Snap","Glacier"],"picked":"Compile Driver","floor":39.0},{"not_picked":["Rebound","Turbo+1"],"picked":"Fusion","floor":40.0},{"not_picked":["Heatsinks","Storm"],"picked":"Aggregate+1","floor":42.0},{"not_picked":["Leap","Auto Shields+1"],"picked":"Aggregate","floor":44.0},{"not_picked":["Capacitor","Melter"],"picked":"Echo Form","floor":46.0},{"not_picked":["Ball Lightning","Doom and Gloom+1"],"picked":"Coolheaded","floor":47.0},{"not_picked":["Sweeping Beam","Stack"],"picked":"Go for the Eyes","floor":48.0}],"player_experience":173024,"relics_obtained":[{"floor":6.0,"key":"Potion Belt"},{"floor":9.0,"key":"Art of War"},{"floor":26.0,"key":"Mango"},{"floor":29.0,"key":"Calipers"},{"floor":40.0,"key":"Whetstone"},{"floor":42.0,"key":"Ginger"},{"floor":46.0,"key":"Happy Flower"},{"floor":48.0,"key":"Ornamental Fan"}],"event_choices":[{"damage_healed":0.0,"max_hp_gain":0.0,"max_hp_loss":0.0,"gold_gain":0.0,"event_name":"Living Wall","player_choice":"Grow","floor":2.0,"gold_loss":0.0,"damage_taken":0.0,"cards_upgraded":["Hyperbeam"]},{"damage_healed":0.0,"max_hp_gain":0.0,"max_hp_loss":0.0,"gold_gain":100.0,"event_name":"Wheel of Change","player_choice":"Gold","floor":3.0,"gold_loss":0.0,"damage_taken":0.0},{"damage_healed":0.0,"max_hp_gain":0.0,"max_hp_loss":0.0,"gold_gain":30.0,"event_name":"Dead Adventurer","player_choice":"Searched \u00273\u0027 times","floor":12.0,"gold_loss":0.0,"damage_taken":0.0,"relics_obtained":["Bag of Preparation"]},{"cards_removed":["Dualcast"],"damage_healed":0.0,"max_hp_gain":0.0,"max_hp_loss":0.0,"gold_gain":0.0,"event_name":"Bonfire Elementals","player_choice":"Offered Basic","floor":22.0,"gold_loss":0.0,"damage_taken":0.0},{"damage_healed":0.0,"max_hp_gain":0.0,"max_hp_loss":0.0,"gold_gain":0.0,"event_name":"Winding Halls","player_choice":"Embrace Madness","floor":36.0,"gold_loss":0.0,"damage_taken":15.0,"cards_obtained":["Madness","Madness"]},{"damage_healed":0.0,"max_hp_gain":0.0,"max_hp_loss":0.0,"gold_gain":0.0,"event_name":"MindBloom","player_choice":"Fight","floor":42.0,"gold_loss":0.0,"damage_taken":0.0}],"is_beta":false,"boss_relics":[{"not_picked":["Snecko Eye","Runic Dome"],"picked":"Philosopher\u0027s Stone"},{"not_picked":["Velvet Choker","FrozenCore"],"picked":"Empty Cage"}],"items_purged_floors":[13,28],"is_endless":false,"potions_floor_spawned":[1,6,10,12,19,21,30,31,33,37,40,42,46],"killed_by":"Time Eater","ascension_level":20}}