{"host":"5eh8stjbz3x0wd4z","time":1611306354,"event":{"mods":["BaseMod","Downfall","Hermit","Minty Spire (QoL Compilation)","StSLib","The Cursed"],"gold_per_floor":[113,126,146,113,123,123,158,158,234,254,254,273,273,330,330,434,434,450,466,466,466,77,109,124,124,124,144,144,160,171,185,185,185,185],"floor_reached":33,"language":"ENG","playtime":1657,"items_purged":[],"score":273,"play_id":"8f55d73e-170c-4b17-ae31-7e7568f954d1","local_time":"20210122010554","is_ascension_mode":false,"campfire_choices":[{"floor":6,"key":"REST"},{"floor":11,"key":"REST"},{"floor":13,"key":"REST"},{"floor":15,"key":"REST"},{"floor":25,"key":"REST"},{"floor":28,"key":"REST"},{"floor":32,"key":"REST"}],"circlet_count":0,"master_deck":["Strike_B","Strike_B","Strike_B","Strike_B","Defend_B","Defend_B","Defend_B+1","Defend_B","Zap","Dualcast","Tempest+1","Conserve Battery","Leap","Barrage","Ball Lightning","Electrodynamics","Streamline","Hologram","Coolheaded","Rainbow","Leap+1","Streamline","Redo+1","Fission+1","Doom and Gloom","Amplify+1","Sweeping Beam","Tempest+1","Coolheaded+1","Tempest+1","Rip and Tear+1"],"relics":["Cracked Core","NeowsBlessing","Ancient Tea Set","Shuriken","Incense Burner","Black Star","Toxic Egg 2","PreservedInsect","Centennial Puzzle","Orichalcum","Bottled Flame"],"acts_visited":["Exordium","TheCity"],"potions_floor_usage":[16,16,16,16,16,16,33,33],"damage_taken":[{"damage":0,"enemies":"Jaw Worm","floor":1,"turns":1},{"damage":5,"enemies":"2 Louse","floor":2,"turns":2},{"damage":0,"enemies":"Cultist","floor":3,"turns":1},{"damage":13,"enemies":"Exordium Thugs","floor":4,"turns":5},{"damage":25,"enemies":"Exordium Wildlife","floor":5,"turns":5},{"damage":35,"enemies":"3 Sentries","floor":7,"turns":6},{"damage":3,"enemies":"Looter","floor":10,"turns":3},{"damage":8,"enemies":"Exordium Thugs","floor":12,"turns":2},{"damage":27,"enemies":"3 Sentries","floor":14,"turns":4},{"damage":9,"enemies":"Slime Boss","floor":16,"turns":5},{"damage":18,"enemies":"3 Byrds","floor":18,"turns":4},{"damage":7,"enemies":"Shell Parasite","floor":19,"turns":5},{"damage":16,"enemies":"Book of Stabbing","floor":23,"turns":5},{"damage":21,"enemies":"Snecko","floor":24,"turns":5},{"damage":11,"enemies":"Snake Plant","floor":27,"turns":3},{"damage":4,"enemies":"Sentry and Sphere","floor":29,"turns":3},{"damage":31,"enemies":"Chosen and Byrds","floor":30,"turns":5},{"damage":7,"enemies":"Snecko","floor":31,"turns":4},{"damage":45,"enemies":"Champ","floor":33,"turns":10}],"seed_played":"-5479972242871453713","potions_obtained":[{"floor":2,"key":"Weak Potion"},{"floor":4,"key":"EntropicBrew"},{"floor":12,"key":"Guardian:BlockOnCardUsePotion"},{"floor":14,"key":"CultistPotion"},{"floor":23,"key":"Regen Potion"},{"floor":29,"key":"LiquidMemories"},{"floor":31,"key":"SmokeBomb"}],"is_trial":false,"path_per_floor":["M","M","M","M","M","R","E","?","T","M","R","M","R","?","R","B",null,"M","M","?","T","$","E","M","R","T","M","R","M","M","M","R","B"],"character_chosen":"DEFECT","items_purchased":["Redo+1","Fission+1","Doom and Gloom","PreservedInsect"],"campfire_rested":7,"item_purchase_floors":[22,22,22,22],"current_hp_per_floor":[75,70,70,57,32,54,19,4,4,1,23,15,37,10,32,23,75,57,50,50,50,50,34,13,35,35,24,46,42,11,4,26,0,0],"gold":185,"neow_bonus":"THREE_ENEMY_KILL","is_daily":false,"chose_seed":false,"campfire_upgraded":0,"win_rate":0.0,"timestamp":1611306354,"path_taken":["M","M","M","M","M","R","E","?","T","M","R","M","R","?","R","BOSS","M","M","?","?","$","E","M","R","T","M","R","M","M","M","R","BOSS"],"items_purchased_type":["Card","Card","Card","Relic"],"build_version":"2020-12-22","purchased_purges":0,"victory":false,"max_hp_per_floor":[75,75,75,75,75,75,75,75,75,75,75,75,75,75,75,75,75,75,75,75,75,75,75,75,75,75,75,75,75,75,75,75,75,75],"card_choices":[{"not_picked":["Stack","Ball Lightning"],"picked":"Tempest","floor":1},{"not_picked":["Rip and Tear","Heatsinks"],"picked":"Conserve Battery","floor":2},{"not_picked":["Go for the Eyes","Gash"],"picked":"Leap","floor":3},{"not_picked":["Stack","Consume"],"picked":"Barrage","floor":4},{"not_picked":["BootSequence","Melter"],"picked":"Ball Lightning","floor":5},{"not_picked":["Gash","Rip and Tear"],"picked":"Electrodynamics","floor":7},{"not_picked":["Go for the Eyes","Stack"],"picked":"Streamline","floor":10},{"not_picked":["Go for the Eyes","Coolheaded"],"picked":"Hologram","floor":12},{"not_picked":["Chill","Genetic Algorithm"],"picked":"Coolheaded","floor":14},{"not_picked":["Biased Cognition","Seek"],"picked":"Rainbow","floor":16},{"not_picked":["Steam","Scrape+1"],"picked":"Leap+1","floor":18},{"not_picked":["Compile Driver","Chill+1"],"picked":"Streamline","floor":19},{"not_picked":["Streamline","Heatsinks"],"picked":"Amplify+1","floor":23},{"not_picked":["Blizzard","Steam Power+1"],"picked":"Sweeping Beam","floor":24},{"not_picked":["Lockon+1","Cold Snap"],"picked":"Tempest+1","floor":27},{"not_picked":["Auto Shields+1","Streamline"],"picked":"Coolheaded+1","floor":29},{"not_picked":["Steam+1","Melter"],"picked":"Tempest+1","floor":30},{"not_picked":["Force Field+1","Hello World+1"],"picked":"Rip and Tear+1","floor":31}],"player_experience":4401,"relics_obtained":[{"floor":7,"key":"Ancient Tea Set"},{"floor":9,"key":"Shuriken"},{"floor":14,"key":"Incense Burner"},{"floor":21,"key":"Toxic Egg 2"},{"floor":23,"key":"Centennial Puzzle"},{"floor":23,"key":"Orichalcum"},{"floor":26,"key":"Bottled Flame"}],"event_choices":[{"damage_healed":0,"gold_gain":0,"player_choice":"Entered Light","damage_taken":15,"max_hp_gain":0,"max_hp_loss":0,"event_name":"Shining Light","floor":8,"gold_loss":0,"cards_upgraded":["Tempest","Defend_B"]},{"damage_healed":0,"gold_gain":30,"player_choice":"Searched \u00273\u0027 times","damage_taken":0,"max_hp_gain":0,"max_hp_loss":0,"event_name":"Dead Adventurer","floor":14,"gold_loss":0},{"damage_healed":0,"gold_gain":0,"player_choice":"Ignored","damage_taken":0,"max_hp_gain":0,"max_hp_loss":0,"event_name":"Vampires","floor":20,"gold_loss":0}],"is_beta":false,"boss_relics":[{"not_picked":["Busted Crown","SacredBark"],"picked":"Black Star"}],"items_purged_floors":[],"is_endless":false,"potions_floor_spawned":[2,4,12,14,23,29,31],"killed_by":"Champ","ascension_level":0}}