{"host":"mi0eibewekhugwl1","time":1611318828,"event":{"mods":["AchievementEnabler","BaseMod","Colored Map","Colored Powertips","DeckTracker","Keyboard Shortcuts","Minty Spire (QoL Compilation)","Quick Restart","Rare Cards Sparkle","Relic Stats","StSLib","SuperFastMode","everything is the same but u backflip on backflip"],"gold_per_floor":[119,3,3,3,14,14,39,59,59,59,59,75,75,75,75,75,75],"floor_reached":16,"language":"KOR","playtime":234,"items_purged":["Clumsy"],"score":196,"play_id":"0b1ab9d2-32b0-4e41-94b8-250f85c39a40","local_time":"20210122213348","is_ascension_mode":true,"campfire_choices":[{"data":"Feed","floor":6,"key":"SMITH"},{"data":"Second Wind","floor":11,"key":"SMITH"},{"floor":13,"key":"DIG"},{"data":"Pommel Strike","floor":15,"key":"SMITH"}],"circlet_count":0,"master_deck":["AscendersBane","Strike_R","Strike_R","Strike_R","Strike_R","Defend_R","Defend_R","Defend_R","Defend_R","Bash","Feed+1","Carnage","Pommel Strike+1","Twin Strike","Second Wind+1","Anger","Wild Strike"],"relics":["Burning Blood","Paper Frog","Shovel","Art of War","Letter Opener","Eternal Feather"],"acts_visited":["Exordium"],"potions_floor_usage":[7,12],"damage_taken":[{"damage":7,"enemies":"Cultist","floor":1,"turns":5},{"damage":7,"enemies":"Jaw Worm","floor":5,"turns":2},{"damage":65,"enemies":"3 Sentries","floor":7,"turns":18},{"damage":0,"enemies":"Small Slimes","floor":8,"turns":2},{"damage":4,"enemies":"Red Slaver","floor":12,"turns":2},{"damage":52,"enemies":"Hexaghost","floor":16,"turns":7}],"seed_played":"-8775095092836520859","potions_obtained":[{"floor":1,"key":"BloodPotion"},{"floor":8,"key":"LiquidMemories"}],"is_trial":false,"path_per_floor":["M","$","?","?","M","R","E","M","T","?","R","M","R","?","R","B"],"character_chosen":"IRONCLAD","items_purchased":["Carnage"],"campfire_rested":0,"item_purchase_floors":[2],"current_hp_per_floor":[67,67,62,62,61,61,21,31,31,31,31,37,37,37,46,0,0],"gold":75,"neow_bonus":"THREE_RARE_CARDS","is_daily":false,"chose_seed":false,"campfire_upgraded":3,"win_rate":0.0,"timestamp":1611318828,"path_taken":["M","$","?","?","?","R","E","M","T","?","R","?","R","?","R","BOSS"],"items_purchased_type":["Card"],"build_version":"2020-12-22","purchased_purges":1,"victory":false,"max_hp_per_floor":[75,75,75,75,75,75,79,83,83,83,83,87,87,87,87,87,87],"relic_stats":{"Shovel":1,"counters":[6,36],"Eternal Feather":9,"Art of War":[0],"Letter Opener":[0],"obtain_stats":[{"Shovel":4,"Eternal Feather":13,"Art of War":7,"Letter Opener":9,"Burning Blood":0,"Paper Frog":3},{"Shovel":1,"Eternal Feather":5,"Art of War":3,"Letter Opener":4,"Burning Blood":0,"Paper Frog":1},{"Shovel":5,"Eternal Feather":29,"Art of War":25,"Letter Opener":27,"Burning Blood":0,"Paper Frog":5}],"Burning Blood":30},"card_choices":[{"not_picked":["Limit Break","Berserk"],"picked":"Feed","floor":0},{"not_picked":["Spot Weakness","True Grit"],"picked":"Dark Embrace","floor":1},{"not_picked":["Heavy Blade","Thunderclap"],"picked":"Pommel Strike","floor":5},{"not_picked":["Heavy Blade","Metallicize"],"picked":"Twin Strike","floor":7},{"not_picked":["Clothesline","Bloodletting"],"picked":"Second Wind","floor":8},{"not_picked":["Clothesline","Inflame"],"picked":"Wild Strike","floor":12}],"player_experience":1755974,"relics_obtained":[{"floor":7,"key":"Art of War"},{"floor":9,"key":"Letter Opener"},{"floor":13,"key":"Eternal Feather"}],"event_choices":[{"damage_healed":0,"gold_gain":0,"player_choice":"Success","damage_taken":5,"relics_obtained":["Paper Frog"],"max_hp_gain":0,"max_hp_loss":0,"event_name":"Scrap Ooze","floor":3,"gold_loss":0},{"cards_removed":["Dark Embrace"],"damage_healed":0,"gold_gain":0,"player_choice":"Gave Card","damage_taken":0,"relics_obtained":["Shovel"],"max_hp_gain":0,"max_hp_loss":0,"event_name":"WeMeetAgain","floor":4,"gold_loss":0},{"damage_healed":0,"gold_gain":0,"cards_transformed":["Strike_R"],"player_choice":"Transformed","damage_taken":0,"max_hp_gain":0,"max_hp_loss":0,"event_name":"Transmorgrifier","floor":10,"gold_loss":0,"cards_obtained":["Anger"]},{"damage_healed":0,"gold_gain":0,"player_choice":"Ignored","damage_taken":0,"max_hp_gain":0,"max_hp_loss":0,"event_name":"Liars Game","floor":14,"gold_loss":0}],"is_beta":false,"boss_relics":[],"items_purged_floors":[2],"is_endless":false,"potions_floor_spawned":[1,8],"killed_by":"Hexaghost","ascension_level":20}}