{"host":"vb9tx51ayxprrw9u","time":1611292522,"event":{"mods":["AchievementEnabler","BaseMod","Colored Map","Colored Powertips","Highlight Path","Minty Spire (QoL Compilation)","StSLib"],"gold_per_floor":[219,219,70,89,19,53,53,80,106,131,131,143,161,178,178,282,282,292,309,309,327,242,242,242,242,242,13,27,56,6,36,36,134,184,194,206,225,225,240,240,240],"floor_reached":40,"language":"ENG","playtime":2238,"items_purged":["Defend_G","Defend_G"],"score":468,"play_id":"1b7f78dd-2c46-49c1-8056-eb5772383c43","local_time":"20210121231522","is_ascension_mode":true,"campfire_choices":[{"floor":7,"key":"REST"},{"data":"Noxious Fumes","floor":15,"key":"SMITH"},{"floor":23,"key":"REST"},{"data":"Crippling Poison","floor":25,"key":"SMITH"},{"floor":32,"key":"REST"}],"circlet_count":0,"master_deck":["Strike_G","Strike_G","Strike_G","Strike_G","Defend_G","Defend_G","Defend_G+1","Survivor+1","Neutralize","Caltrops+1","Deadly Poison","Noxious Fumes+1","Crippling Poison+1","Bane","Prepared+1","Bouncing Flask","Die Die Die","Backflip","Deadly Poison","Cloak And Dagger+1","Calculated Gamble","PiercingWail","Blur","Envenom+1","Flying Knee","Poisoned Stab+1"],"relics":["Ring of the Snake","TwistedFunnel","Pen Nib","Eternal Feather","Omamori","Tiny Chest","Runic Pyramid","Bag of Marbles","Meat on the Bone","Bottled Lightning","War Paint","Smiling Mask","Gambling Chip","Tiny House"],"acts_visited":["Exordium","TheCity","TheBeyond"],"potions_floor_usage":[19,19,31,33,37,39,40],"damage_taken":[{"damage":5,"enemies":"Small Slimes","floor":1,"turns":5},{"damage":0,"enemies":"Cultist","floor":4,"turns":4},{"damage":18,"enemies":"Lagavulin","floor":6,"turns":6},{"damage":13,"enemies":"3 Sentries","floor":8,"turns":5},{"damage":16,"enemies":"Lagavulin","floor":10,"turns":5},{"damage":0,"enemies":"2 Louse","floor":12,"turns":2},{"damage":10,"enemies":"2 Fungi Beasts","floor":13,"turns":3},{"damage":1,"enemies":"Large Slime","floor":14,"turns":6},{"damage":17,"enemies":"The Guardian","floor":16,"turns":7},{"damage":21,"enemies":"2 Thieves","floor":18,"turns":3},{"damage":15,"enemies":"Spheric Guardian","floor":19,"turns":5},{"damage":19,"enemies":"Centurion and Healer","floor":21,"turns":6},{"damage":9,"enemies":"Snecko","floor":28,"turns":4},{"damage":41,"enemies":"Slavers","floor":29,"turns":4},{"damage":18,"enemies":"Book of Stabbing","floor":31,"turns":6},{"damage":28,"enemies":"Collector","floor":33,"turns":8},{"damage":16,"enemies":"Orb Walker","floor":35,"turns":5},{"damage":2,"enemies":"3 Shapes","floor":36,"turns":5},{"damage":11,"enemies":"Jaw Worm Horde","floor":37,"turns":3},{"damage":27,"enemies":"Maw","floor":39,"turns":8},{"damage":46,"enemies":"Reptomancer","floor":40,"turns":3}],"seed_played":"8337880449141824233","potions_obtained":[{"floor":4,"key":"SteroidPotion"},{"floor":8,"key":"ColorlessPotion"},{"floor":12,"key":"SmokeBomb"},{"floor":13,"key":"PowerPotion"},{"floor":21,"key":"DuplicationPotion"},{"floor":28,"key":"Dexterity Potion"},{"floor":33,"key":"DuplicationPotion"},{"floor":34,"key":"CultistPotion"},{"floor":35,"key":"EssenceOfSteel"},{"floor":39,"key":"BlessingOfTheForge"}],"is_trial":false,"path_per_floor":["M","?","$","M","$","E","R","E","T","E","?","M","M","M","R","B",null,"M","M","?","M","?","R","T","R","T","$","M","E","$","E","R","B",null,"M","M","M","?","M","E"],"character_chosen":"THE_SILENT","items_purchased":["TwistedFunnel","Noxious Fumes","War Paint"],"campfire_rested":3,"item_purchase_floors":[3,5,27],"current_hp_per_floor":[65,65,65,65,65,47,68,55,55,39,39,39,29,28,37,20,70,49,34,34,15,15,48,48,60,60,60,51,22,22,16,49,33,75,59,57,46,46,31,0,0],"gold":240,"neow_bonus":"HUNDRED_GOLD","is_daily":false,"chose_seed":false,"campfire_upgraded":2,"win_rate":0.0,"timestamp":1611292522,"path_taken":["M","?","?","?","$","E","R","E","T","E","?","M","M","M","R","BOSS","M","M","?","M","?","R","?","R","T","$","M","E","$","E","R","BOSS","M","M","M","?","?","E"],"items_purchased_type":["Relic","Card","Relic"],"build_version":"2020-12-22","purchased_purges":2,"victory":false,"max_hp_per_floor":[70,70,70,70,70,70,70,70,70,70,70,70,70,70,70,70,70,70,70,70,70,70,70,70,70,70,70,70,70,70,70,70,70,75,75,75,75,75,75,75,75],"card_choices":[{"not_picked":["Flying Knee","Bane"],"picked":"Caltrops","floor":1},{"not_picked":["Terror","Outmaneuver"],"picked":"Deadly Poison","floor":4},{"not_picked":["Caltrops","Outmaneuver"],"picked":"Crippling Poison","floor":6},{"not_picked":["Escape Plan","Terror"],"picked":"Bane","floor":8},{"not_picked":["Caltrops","Slice","Tactician"],"picked":"SKIP","floor":10},{"not_picked":["Dash","Endless Agony","Cloak And Dagger"],"picked":"SKIP","floor":12},{"not_picked":["Endless Agony","Wraith Form v2"],"picked":"Prepared","floor":13},{"not_picked":["Riddle With Holes","Dagger Throw"],"picked":"Bouncing Flask","floor":14},{"not_picked":["Storm of Steel","Malaise"],"picked":"Die Die Die","floor":16},{"not_picked":["Flying Knee","Dagger Throw"],"picked":"Backflip","floor":18},{"not_picked":["Calculated Gamble","PiercingWail"],"picked":"Deadly Poison","floor":19},{"not_picked":["Dagger Throw","Tactician"],"picked":"Cloak And Dagger+1","floor":21},{"not_picked":["Endless Agony+1","Blade Dance"],"picked":"Calculated Gamble","floor":28},{"not_picked":["Deflect","Acrobatics"],"picked":"PiercingWail","floor":29},{"not_picked":["Well Laid Plans","Outmaneuver"],"picked":"Blur","floor":31},{"not_picked":["Malaise","Grand Finale"],"picked":"Envenom","floor":33},{"not_picked":["Acrobatics+1","Escape Plan"],"picked":"Flying Knee","floor":34},{"not_picked":["Flying Knee","Skewer","Acrobatics+1"],"picked":"SKIP","floor":35},{"not_picked":["Deflect","Blade Dance","Slice+1"],"picked":"SKIP","floor":36},{"not_picked":["Calculated Gamble+1","Underhanded Strike+1","Prepared+1"],"picked":"SKIP","floor":37},{"not_picked":["Expertise","Quick Slash+1"],"picked":"Poisoned Stab+1","floor":39}],"player_experience":167799,"relics_obtained":[{"floor":6,"key":"Pen Nib"},{"floor":8,"key":"Eternal Feather"},{"floor":9,"key":"Omamori"},{"floor":10,"key":"Tiny Chest"},{"floor":24,"key":"Meat on the Bone"},{"floor":26,"key":"Bottled Lightning"},{"floor":29,"key":"Smiling Mask"},{"floor":31,"key":"Gambling Chip"}],"event_choices":[{"damage_healed":0,"gold_gain":0,"player_choice":"Upgraded","damage_taken":0,"max_hp_gain":0,"max_hp_loss":0,"event_name":"Upgrade Shrine","floor":2,"gold_loss":0,"cards_upgraded":["Caltrops"]},{"damage_healed":0,"gold_gain":0,"player_choice":"Ignored","damage_taken":0,"max_hp_gain":0,"max_hp_loss":0,"event_name":"Liars Game","floor":11,"gold_loss":0},{"cards_removed":["Strike_G"],"damage_healed":0,"gold_gain":0,"player_choice":"Elegance","damage_taken":0,"max_hp_gain":0,"max_hp_loss":0,"event_name":"Back to Basics","floor":20,"gold_loss":0},{"damage_healed":0,"gold_gain":0,"player_choice":"Obtained Relic","damage_taken":0,"relics_obtained":["Bag of Marbles"],"max_hp_gain":0,"max_hp_loss":0,"event_name":"Addict","floor":22,"gold_loss":85},{"damage_healed":0,"gold_gain":0,"player_choice":"Upgraded","damage_taken":0,"max_hp_gain":0,"max_hp_loss":0,"event_name":"Upgrade Shrine","floor":38,"gold_loss":0,"cards_upgraded":["Envenom"]}],"is_beta":false,"boss_relics":[{"not_picked":["WristBlade","SacredBark"],"picked":"Runic Pyramid"},{"not_picked":["Coffee Dripper","Velvet Choker"],"picked":"Tiny House"}],"items_purged_floors":[27,30],"is_endless":false,"potions_floor_spawned":[4,8,12,13,21,28,33,35,39],"killed_by":"Reptomancer","ascension_level":1}}