{"host":"sboty77psj7t2cnn","time":1611354696,"event":{"mods":["Aspiration","BaseMod","Better Match","Better Vampires","Colored Map","Conspire","Downfall","Hubris","Infinite Spire","Minty Spire (QoL Compilation)","StSLib","The Problem Sleuth"],"gold_per_floor":[99,99,39,39,53,53,106,117,117,144,164,194,213,243,253,253,253,253],"floor_reached":16,"language":"SPA","playtime":974,"items_purged":[],"score":145,"play_id":"d892d574-46c6-449d-97d8-45856b79b8e1","local_time":"20210122163136","is_ascension_mode":false,"campfire_choices":[{"data":"hexamod:Sear","floor":1,"key":"SMITH"},{"data":"hexamod:BurningTouch","floor":6,"key":"SMITH"},{"data":"hexamod:Float","floor":9,"key":"SMITH"}],"circlet_count":0,"master_deck":["hexamod:Strike+1","hexamod:Strike","hexamod:Strike","hexamod:Strike+1","hexamod:Defend+1","hexamod:Defend","hexamod:Defend","hexamod:Defend","hexamod:Sear+1","hexamod:Float+1","downfall:Malfunctioning","hexamod:BurningTouch+1","hexamod:AdvancingGuard","hexamod:HauntingEcho","hexamod:GhostflameBarrier","hexamod:GhostOfSpirePast","hexamod:FirstSeal","hexamod:GhostOfSpirePast"],"relics":["hexamod:SpiritBrand","Bag of Marbles","TungstenRod","White Beast Statue","Dream Catcher"],"acts_visited":["Exordium"],"potions_floor_usage":[16],"damage_taken":[{"damage":0,"enemies":"downfall:FleeingMerchant","floor":3,"turns":4},{"damage":0,"enemies":"Jaw Worm","floor":5,"turns":3},{"damage":0,"enemies":"Cultist","floor":8,"turns":3},{"damage":26,"enemies":"Lagavulin","floor":10,"turns":4},{"damage":0,"enemies":"Small Slimes","floor":11,"turns":3},{"damage":9,"enemies":"Gremlin Nob","floor":12,"turns":4},{"damage":2,"enemies":"2 Fungi Beasts","floor":13,"turns":4},{"damage":0,"enemies":"Lagavulin","floor":14,"turns":6},{"damage":2,"enemies":"3 Louse","floor":15,"turns":3},{"damage":97,"enemies":"DF_ARCHETYPE_STREAMLINE","floor":16,"turns":14}],"seed_played":"8511133752144283178","potions_obtained":[{"floor":11,"key":"bronze:BurnAndBuffPotion"},{"floor":13,"key":"Dexterity Potion"},{"floor":14,"key":"CultistPotion"}],"is_trial":false,"path_per_floor":["R","?","$","?","M","R","T","M","R","E","M","E","M","E","M","B"],"character_chosen":"THE_SPIRIT","items_purchased":["hexamod:AdvancingGuard"],"campfire_rested":0,"item_purchase_floors":[3],"current_hp_per_floor":[77,77,77,82,82,82,82,82,82,56,56,47,52,59,64,0,0,0],"gold":253,"neow_bonus":"TEN_PERCENT_HP_BONUS","is_daily":false,"chose_seed":false,"campfire_upgraded":3,"win_rate":0.0,"timestamp":1611354696,"path_taken":["R","?","?","?","M","R","T","M","R","E","M","E","M","E","M","BOSS"],"items_purchased_type":["Card"],"build_version":"2020-12-22","purchased_purges":0,"victory":false,"max_hp_per_floor":[77,77,77,82,82,82,82,82,82,82,82,82,82,82,82,82,82,82],"card_choices":[{"not_picked":["hexamod:EtherealExpedition","hexamod:Haunt"],"picked":"hexamod:BurningTouch","floor":3},{"not_picked":["hexamod:ShieldOfDarkness","hexamod:SpectralAdrenaline","hexamod:SkipABeat"],"picked":"SKIP","floor":5},{"not_picked":["hexamod:ShieldOfDarkness","hexamod:NightmareGuise"],"picked":"hexamod:HauntingEcho","floor":8},{"not_picked":["hexamod:ShieldOfDarkness","hexamod:GhostLash"],"picked":"hexamod:GhostflameBarrier","floor":10},{"not_picked":["hexamod:Incineration","hexamod:NecessarySacrifice"],"picked":"hexamod:GhostOfSpirePast","floor":11},{"not_picked":["hexamod:WildfireWeapon","hexamod:HexaLevel"],"picked":"hexamod:FirstSeal","floor":12},{"not_picked":["hexamod:AdvancingGuard","hexamod:SpectralAdrenaline","hexamod:EtherealExpedition"],"picked":"SKIP","floor":13},{"not_picked":["hexamod:BacktrackSmack","hexamod:GhostflameBarrier"],"picked":"hexamod:GhostOfSpirePast","floor":14},{"not_picked":["hexamod:SwordOfDarkness","hexamod:StepThrough","hexamod:GhostShield"],"picked":"SKIP","floor":15}],"player_experience":350868,"relics_obtained":[{"floor":7,"key":"Bag of Marbles"},{"floor":10,"key":"TungstenRod"},{"floor":12,"key":"White Beast Statue"},{"floor":14,"key":"Dream Catcher"}],"event_choices":[{"damage_healed":0,"gold_gain":0,"player_choice":"Donut","damage_taken":0,"max_hp_gain":5,"max_hp_loss":0,"event_name":"Big Fish","floor":4,"gold_loss":0}],"is_beta":false,"boss_relics":[],"items_purged_floors":[],"is_endless":false,"potions_floor_spawned":[11,13,14,15],"killed_by":"DF_ARCHETYPE_STREAMLINE","ascension_level":0}}