{"host":"5dk97cf2ubw2v967","time":1611289622,"event":{"mods":["AlwaysNeverKeys","BaseMod","Better Altar","Better Vampires","Block Reminder","Colored Powertips","Downfall","Googly Eyes","Highlight Path","Minty Spire (QoL Compilation)","Permanent Neow","Potion Indicator Mod","Quick Restart","Relic Filter","Relic Stats","Say the Spire","Spicy Shops","StSLib","Waifu the Spire","everything is the same but u backflip on backflip"],"gold_per_floor":[0,20,20,79,64,75,75,75,525,525,33,46,46,46,62,162,162,162,176,189,201,201,214,291,191,191,25,42,42,42,76,96,199,199,99,114,134,8,27,217,517,535,535,554,103,3,55,80,96,96,96,122,22,22,22,22],"floor_reached":57,"language":"ENG","playtime":3846,"items_purged":["downfall:Icky","downfall:Icky","Writhe","downfall:Icky","Parasite","Guardian:Strike_Guardian"],"score":1776,"play_id":"fe34c553-c404-48e8-b68e-12453923567a","local_time":"20210122042702","is_ascension_mode":true,"campfire_choices":[{"floor":1,"key":"DIG"},{"floor":8,"key":"DIG"},{"floor":10,"key":"REST"},{"floor":13,"key":"DIG"},{"floor":18,"key":"DIG"},{"floor":25,"key":"DIG"},{"floor":30,"key":"RECALL"},{"floor":35,"key":"DIG"},{"data":"Guardian:ExploitGems","floor":46,"key":"SMITH"},{"floor":54,"key":"DIG"}],"circlet_count":0,"master_deck":["AscendersBane","Guardian:Strike_Guardian","Guardian:Strike_Guardian","Guardian:Defend_Guardian","Guardian:Defend_Guardian","Guardian:Defend_Guardian+1","Guardian:Defend_Guardian","Guardian:CurlUp+1","Guardian:TwinSlam","Guardian:ChargeCore","Guardian:ChargeUp","Guardian:Repulse","Guardian:AncientConstruct","Guardian:EvasiveProtocol","Guardian:CompilePackage","Guardian:ShieldCharger","Guardian:FloatingOrbs+1","Guardian:BronzeOrb","Guardian:Orbwalk","Guardian:FloatingOrbs+1","Guardian:AncientConstruct","Guardian:Recover","Guardian:BodySlam+1","Guardian:ShieldCharger+1","Guardian:DecasProtection+1","Guardian:Gem_Fragmented","Guardian:ExploitGems+1","Guardian:Repulse","Guardian:ShieldSpikes","Apotheosis"],"relics":["Guardian:ModeShifter","Shovel","FossilizedHelix","downfall:ShatteredFragment","War Paint","Incense Burner","Strawberry","Kunai","Meat on the Bone","Orichalcum","Runic Pyramid","Nloth\u0027s Gift","downfall:HeartBlessingBlue","Boot","Happy Flower","Membership Card","Ornamental Fan","Guardian:StasisSlotReductionRelic","downfall:HeartBlessingRed","Molten Egg 2","Thread and Needle","Old Coin","Turnip","downfall:HeartBlessingGreen","Bag of Marbles","Calipers","Torii","TungstenRod"],"acts_visited":["Exordium","TheCity","TheBeyond","TheEnding"],"potions_floor_usage":[16,19,27,31,33,38,39,39,48,50],"damage_taken":[{"damage":0,"enemies":"Small Slimes","floor":2,"turns":3},{"damage":22,"enemies":"Gremlin Nob","floor":4,"turns":6},{"damage":0,"enemies":"downfall:FleeingMerchant","floor":5,"turns":4},{"damage":0,"enemies":"2 Louse","floor":6,"turns":3},{"damage":0,"enemies":"downfall:FleeingMerchant","floor":11,"turns":4},{"damage":0,"enemies":"Cultist","floor":12,"turns":3},{"damage":0,"enemies":"Exordium Wildlife","floor":15,"turns":3},{"damage":1,"enemies":"IC_STATUS_ARCHETYPE","floor":16,"turns":10},{"damage":5,"enemies":"3 Byrds","floor":19,"turns":4},{"damage":9,"enemies":"Centurion and Healer","floor":20,"turns":6},{"damage":19,"enemies":"Snake Plant","floor":21,"turns":8},{"damage":0,"enemies":"Cultist and Chosen","floor":23,"turns":8},{"damage":0,"enemies":"downfall:FleeingMerchant","floor":27,"turns":4},{"damage":0,"enemies":"Centurion and Healer","floor":28,"turns":7},{"damage":10,"enemies":"Gremlin Leader","floor":31,"turns":12},{"damage":0,"enemies":"Snecko","floor":32,"turns":8},{"damage":20,"enemies":"DF_ARCHETYPE_CLAW","floor":33,"turns":10},{"damage":0,"enemies":"3 Darklings","floor":36,"turns":6},{"damage":0,"enemies":"3 Shapes","floor":37,"turns":5},{"damage":20,"enemies":"downfall:FleeingMerchant","floor":38,"turns":4},{"damage":4,"enemies":"Transient","floor":39,"turns":5},{"damage":0,"enemies":"downfall:FleeingMerchant","floor":40,"turns":1},{"damage":15,"enemies":"4 Shapes","floor":42,"turns":6},{"damage":3,"enemies":"Jaw Worm Horde","floor":44,"turns":5},{"damage":16,"enemies":"Reptomancer","floor":48,"turns":5},{"damage":2,"enemies":"3 Darklings","floor":49,"turns":5},{"damage":0,"enemies":"WA_ARCHETYPE_DIVINITY","floor":50,"turns":10},{"damage":0,"enemies":"downfall:CharBossMerchant","floor":52,"turns":10},{"damage":0,"enemies":"downfall:NeowBoss","floor":55,"turns":13},{"damage":23,"enemies":"downfall:NeowBossFinal","floor":56,"turns":11}],"seed_played":"-8642644570841873438","potions_obtained":[{"floor":6,"key":"Explosive Potion"},{"floor":12,"key":"Strength Potion"},{"floor":16,"key":"Strength Potion"},{"floor":20,"key":"FairyPotion"},{"floor":21,"key":"LiquidMemories"},{"floor":23,"key":"EntropicBrew"},{"floor":28,"key":"PowerPotion"},{"floor":31,"key":"PowerPotion"},{"floor":37,"key":"FearPotion"},{"floor":42,"key":"CultistPotion"},{"floor":48,"key":"hexamod:SoulburnPotion"}],"is_trial":false,"path_per_floor":["R","M","?","?","$","M","T","R","?","R","$","M","R","?","M","B",null,"R","M","M","M","?","M","T","R","?","$","M","?","R","E","M","B",null,"R","M","M","$","M","$","T","M","?","M","$","R","T","E","M","B",null,"E","$","R","B","B",null],"character_chosen":"GUARDIAN","items_purchased":["Kunai","Guardian:Repulse","Membership Card","Guardian:Gem_Synthetic","Guardian:Gem_Orange","Thread and Needle","Guardian:ExploitGems","Guardian:Repulse","Apotheosis","Turnip","Torii"],"campfire_rested":1,"item_purchase_floors":[11,11,27,38,38,40,40,40,45,45,53],"current_hp_per_floor":[72,72,48,26,26,26,26,33,33,59,59,59,59,56,56,55,79,79,74,65,46,46,46,46,56,56,56,56,56,56,58,58,50,85,85,85,85,65,61,61,61,58,58,55,55,55,55,51,49,49,83,83,83,83,83,60],"gold":22,"neow_bonus":"ONE_RARE_RELIC","is_daily":false,"chose_seed":false,"campfire_upgraded":1,"win_rate":0.0,"timestamp":1611289622,"path_taken":["R","M","?","?","$","M","T","R","?","R","$","M","R","?","M","BOSS","R","M","M","M","?","?","T","R","?","?","M","?","R","E","M","BOSS","R","M","M","$","?","$","T","M","?","M","$","R","?","E","M","BOSS","E","$","R","BOSS","BOSS"],"items_purchased_type":["Relic","Card","Relic","Card","Card","Relic","Card","Card","Card","Relic","Relic"],"build_version":"2020-12-22","purchased_purges":6,"victory":true,"max_hp_per_floor":[80,80,80,80,80,80,80,87,87,87,87,87,87,87,87,87,87,87,87,87,87,87,87,87,97,97,97,97,97,97,97,97,97,97,97,97,97,97,97,97,97,97,97,97,94,94,94,94,94,94,94,94,94,94,94,94],"relic_stats":{"Happy Flower":[42],"Torii":0,"counters":[30,189],"War Paint":["Guardian:Defend_Guardian","Guardian:CurlUp"],"Orichalcum":[114],"Boot":[163],"Shovel":7,"Ornamental Fan":[396],"Turnip":[7],"Nloth\u0027s Gift":3,"Kunai":[145],"obtain_stats":[{"Guardian:StasisSlotReductionRelic":34,"Calipers":52,"Torii":53,"Guardian:StasisCodex":18,"downfall:HeartBlessingGreen":46,"Incense Burner":7,"Boot":25,"Old Coin":41,"Shovel":0,"downfall:HeartBlessingBlue":25,"Strawberry":8,"Kunai":11,"Runic Pyramid":17,"downfall:ShatteredFragment":3,"Happy Flower":26,"downfall:HeartBlessingRed":35,"Guardian:ModeShifter":0,"Thread and Needle":40,"War Paint":4,"Orichalcum":14,"Ornamental Fan":31,"Molten Egg 2":35,"Turnip":45,"Nloth\u0027s Gift":22,"Bag of Marbles":47,"Membership Card":27,"FossilizedHelix":1,"TungstenRod":54,"Meat on the Bone":13},{"Guardian:StasisSlotReductionRelic":17,"Calipers":28,"Torii":28,"Guardian:StasisCodex":8,"downfall:HeartBlessingGreen":24,"Incense Burner":4,"Boot":12,"Old Coin":22,"Shovel":0,"downfall:HeartBlessingBlue":12,"Strawberry":4,"Kunai":5,"Runic Pyramid":8,"downfall:ShatteredFragment":1,"Happy Flower":12,"downfall:HeartBlessingRed":17,"Guardian:ModeShifter":0,"Thread and Needle":22,"War Paint":2,"Orichalcum":6,"Ornamental Fan":15,"Molten Egg 2":17,"Turnip":24,"Nloth\u0027s Gift":11,"Bag of Marbles":24,"Membership Card":13,"FossilizedHelix":0,"TungstenRod":28,"Meat on the Bone":6},{"Guardian:StasisSlotReductionRelic":103,"Calipers":165,"Torii":165,"Guardian:StasisCodex":36,"downfall:HeartBlessingGreen":135,"Incense Burner":16,"Boot":62,"Old Coin":124,"Shovel":0,"downfall:HeartBlessingBlue":62,"Strawberry":16,"Kunai":20,"Runic Pyramid":36,"downfall:ShatteredFragment":3,"Happy Flower":62,"downfall:HeartBlessingRed":103,"Guardian:ModeShifter":0,"Thread and Needle":124,"War Paint":9,"Orichalcum":23,"Ornamental Fan":85,"Molten Egg 2":103,"Turnip":135,"Nloth\u0027s Gift":54,"Bag of Marbles":135,"Membership Card":66,"FossilizedHelix":0,"TungstenRod":165,"Meat on the Bone":23}],"TungstenRod":3,"Meat on the Bone":48},"card_choices":[{"not_picked":["Guardian:PiercingHide","Guardian:TemporalStrike"],"picked":"Guardian:Gem_Cyan","floor":2},{"not_picked":["Guardian:Emergency","Guardian:Reroute"],"picked":"Guardian:Gem_Cyan","floor":4},{"not_picked":["Guardian:PiercingHide","Guardian:Gem_Lightblue"],"picked":"Guardian:ChargeCore","floor":5},{"not_picked":["Guardian:RollAttack","Guardian:PrismaticBarrier"],"picked":"Guardian:ChargeUp","floor":6},{"not_picked":["Guardian:WalkerClaw","Guardian:ChargeCore","Guardian:Planning"],"picked":"SKIP","floor":11},{"not_picked":["Guardian:FuturePlans","Guardian:CrystalBeam"],"picked":"Guardian:AncientConstruct","floor":12},{"not_picked":["Guardian:Suspension","Guardian:PiercingHide"],"picked":"Guardian:EvasiveProtocol","floor":15},{"not_picked":["Guardian:GemFinder","Guardian:Gem_Synthetic"],"picked":"Guardian:CompilePackage","floor":16},{"not_picked":["Guardian:CrystalBeam","Guardian:Suspension+1"],"picked":"Guardian:ShieldCharger","floor":19},{"not_picked":["Guardian:WalkerClaw","Guardian:Gem_Green","Guardian:PrimingBeam+1"],"picked":"SKIP","floor":20},{"not_picked":["Guardian:WalkerClaw","Guardian:PrimingBeam+1"],"picked":"Guardian:Gem_Green","floor":20},{"not_picked":["Guardian:SentryBeam","Guardian:PrimingBeam+1"],"picked":"Guardian:FloatingOrbs+1","floor":21},{"not_picked":["Guardian:PrismaticBeam+1","Guardian:SphericShield"],"picked":"Guardian:BronzeOrb","floor":23},{"not_picked":["Guardian:TemporalStrike","Guardian:TemporalShield"],"picked":"Guardian:Orbwalk","floor":27},{"not_picked":["Guardian:Reroute+1","Guardian:PrismaticBarrier","Guardian:MultiBeam"],"picked":"SKIP","floor":28},{"not_picked":["Guardian:SpikerProtocol","Guardian:PrimingBeam+1"],"picked":"Guardian:Recover","floor":31},{"not_picked":["Guardian:ConstructionForm","Guardian:DonusPower","Guardian:RollAttack"],"picked":"SKIP","floor":32},{"not_picked":["Guardian:ExploitGems","Guardian:StasisField"],"picked":"Guardian:Gem_Orange","floor":33},{"not_picked":["Guardian:Suspension+1","Guardian:Planning"],"picked":"Guardian:BodySlam+1","floor":36},{"not_picked":["Guardian:Orbwalk+1","Guardian:Gem_Cyan"],"picked":"Guardian:ShieldCharger+1","floor":37},{"not_picked":["Guardian:RollAttack+1","Guardian:RefractedBeam+1"],"picked":"Guardian:DecasProtection+1","floor":38},{"not_picked":["Guardian:CrystalBeam+1","Guardian:ChargeCore+1","Guardian:Recover+1"],"picked":"SKIP","floor":39},{"not_picked":["Guardian:VentSteam+1","Guardian:FloatingOrbs"],"picked":"Guardian:Gem_Fragmented","floor":40},{"not_picked":["Guardian:Gem_Crimson","Guardian:PiercingHide"],"picked":"Guardian:ShieldSpikes","floor":42},{"not_picked":["Guardian:SentryBeam+1","Guardian:PolyBeam+1","Guardian:BronzeOrb+1"],"picked":"SKIP","floor":44},{"not_picked":["Guardian:Suspension+1","Guardian:Gem_Green","Guardian:GatlingBeam+1"],"picked":"SKIP","floor":48},{"not_picked":["Guardian:ShieldCharger","Guardian:PolyBeam+1","Guardian:Gem_Blue"],"picked":"SKIP","floor":49},{"not_picked":["Guardian:Preprogram+1","Guardian:Gem_Red","Guardian:PolyBeam+1"],"picked":"SKIP","floor":52}],"player_experience":1246860,"relics_obtained":[{"floor":1,"key":"FossilizedHelix"},{"floor":4,"key":"War Paint"},{"floor":7,"key":"Incense Burner"},{"floor":8,"key":"Strawberry"},{"floor":13,"key":"Meat on the Bone"},{"floor":18,"key":"Guardian:StasisCodex"},{"floor":25,"key":"Boot"},{"floor":31,"key":"Ornamental Fan"},{"floor":35,"key":"Molten Egg 2"},{"floor":41,"key":"Old Coin"},{"floor":47,"key":"Bag of Marbles"},{"floor":52,"key":"Calipers"},{"floor":54,"key":"TungstenRod"}],"event_choices":[{"damage_healed":0,"gold_gain":0,"player_choice":"Success","damage_taken":3,"relics_obtained":["Orichalcum"],"max_hp_gain":0,"max_hp_loss":0,"event_name":"Scrap Ooze","floor":14,"gold_loss":0},{"cards_removed":["Guardian:Strike_Guardian"],"damage_healed":0,"gold_gain":0,"player_choice":"Removed Attack","damage_taken":0,"max_hp_gain":0,"max_hp_loss":0,"event_name":"Falling","floor":43,"gold_loss":0}],"is_beta":false,"boss_relics":[{"not_picked":["Guardian:ModeShifterPlus","Sozu"],"picked":"Runic Pyramid"},{"not_picked":["Empty Cage","Philosopher\u0027s Stone"],"picked":"Guardian:StasisSlotReductionRelic"}],"items_purged_floors":[11,11,40,45,45,53],"is_endless":false,"potions_floor_spawned":[6,12,16,20,21,23,28,31,37,42,44,48,49],"ascension_level":10}}