{"host":"2fgwwnzqc97k7iys","time":1611356903,"event":{"mods":["BaseMod","Colored Map","Minty Spire (QoL Compilation)","Quick Restart","Relic Stats"],"gold_per_floor":[119,294,171,181,208,208,242,274,286,313,355,367,413,438,450,559,571,583,583],"floor_reached":18,"language":"ENG","playtime":958,"items_purged":["Doubt"],"score":370,"play_id":"23cf5500-17d0-46d2-8456-6b59db8c9c79","local_time":"20210122170823","is_ascension_mode":true,"campfire_choices":[{"data":"Bash","floor":6,"key":"SMITH"},{"data":"Hemokinesis","floor":12,"key":"SMITH"},{"data":"Carnage","floor":15,"key":"SMITH"}],"circlet_count":0,"master_deck":["Strike_R","Strike_R","Strike_R","Defend_R","Defend_R","Defend_R+1","Defend_R","Bash+1","Hemokinesis+1","Evolve","Shrug It Off+1","Battle Trance","Offering","Carnage+1","Immolate"],"relics":["Burning Blood","NeowsBlessing","Anchor","MawBank","War Paint","Orichalcum","Empty Cage"],"acts_visited":["Exordium","TheCity"],"potions_floor_usage":[11,16,16],"damage_taken":[{"damage":0,"enemies":"Cultist","floor":1,"turns":1},{"damage":0,"enemies":"Jaw Worm","floor":4,"turns":1},{"damage":2,"enemies":"3 Sentries","floor":7,"turns":1},{"damage":12,"enemies":"Small Slimes","floor":8,"turns":3},{"damage":4,"enemies":"Looter","floor":10,"turns":4},{"damage":12,"enemies":"Gremlin Nob","floor":11,"turns":3},{"damage":12,"enemies":"3 Sentries","floor":13,"turns":10},{"damage":10,"enemies":"Gremlin Gang","floor":14,"turns":4},{"damage":8,"enemies":"Slime Boss","floor":16,"turns":3},{"damage":13,"enemies":"3 Byrds","floor":18,"turns":4}],"seed_played":"-6645751918317633705","potions_obtained":[{"floor":4,"key":"PowerPotion"},{"floor":7,"key":"Block Potion"},{"floor":11,"key":"Energy Potion"}],"is_trial":false,"path_per_floor":["M","?","$","M","T","R","E","M","T","M","E","R","E","M","R","B",null,"M"],"character_chosen":"IRONCLAD","items_purchased":["Swift Potion"],"campfire_rested":0,"item_purchase_floors":[3],"current_hp_per_floor":[78,78,78,80,80,80,80,74,74,76,70,70,64,60,60,58,75,62,62],"gold":583,"neow_bonus":"THREE_ENEMY_KILL","is_daily":false,"chose_seed":false,"campfire_upgraded":3,"win_rate":0.0,"timestamp":1611356903,"path_taken":["M","?","$","M","?","R","E","M","T","?","E","R","E","M","R","BOSS","M"],"items_purchased_type":["Potion"],"build_version":"2020-12-22","purchased_purges":1,"victory":false,"max_hp_per_floor":[80,80,80,80,80,80,80,80,80,80,80,80,80,80,80,80,80,80,80],"relic_stats":{"counters":[10,34],"War Paint":["Defend_R","Shrug It Off"],"Orichalcum":[24],"MawBank":132,"obtain_stats":[{"Anchor":5,"NeowsBlessing":0,"War Paint":11,"Orichalcum":13,"MawBank":7,"Empty Cage":17,"Burning Blood":0},{"Anchor":2,"NeowsBlessing":0,"War Paint":6,"Orichalcum":7,"MawBank":3,"Empty Cage":9,"Burning Blood":0},{"Anchor":2,"NeowsBlessing":0,"War Paint":13,"Orichalcum":23,"MawBank":3,"Empty Cage":30,"Burning Blood":0}],"Burning Blood":46},"card_choices":[{"not_picked":["Pommel Strike","Combust"],"picked":"Hemokinesis","floor":1},{"not_picked":["Ghostly Armor","Sword Boomerang"],"picked":"Evolve","floor":4},{"not_picked":["Body Slam","Dual Wield"],"picked":"Shrug It Off","floor":7},{"not_picked":["Metallicize","Sword Boomerang","Perfected Strike"],"picked":"SKIP","floor":8},{"not_picked":["Cleave","Disarm"],"picked":"Battle Trance","floor":10},{"not_picked":["Havoc","Exhume"],"picked":"Offering","floor":11},{"not_picked":["Twin Strike","Thunderclap"],"picked":"Carnage","floor":13},{"not_picked":["Warcry","Second Wind","Clothesline"],"picked":"SKIP","floor":14},{"not_picked":["Double Tap","Impervious"],"picked":"Immolate","floor":16}],"player_experience":485427,"relics_obtained":[{"floor":5,"key":"Anchor"},{"floor":7,"key":"MawBank"},{"floor":11,"key":"War Paint"},{"floor":13,"key":"Orichalcum"}],"event_choices":[{"damage_healed":0,"gold_gain":175,"player_choice":"AGREE","damage_taken":0,"max_hp_gain":0,"max_hp_loss":0,"event_name":"Liars Game","floor":2,"gold_loss":0,"cards_obtained":["Doubt"]}],"is_beta":false,"boss_relics":[{"not_picked":["Runic Pyramid","Runic Dome"],"picked":"Empty Cage"}],"items_purged_floors":[3],"is_endless":false,"potions_floor_spawned":[4,7,8,11,14],"killed_by":"3 Byrds","ascension_level":9}}