{"host":"dpbezu80jg8zk7un","time":1611284860,"event":{"mods":["BaseMod","Colored Map","Colored Powertips","Custom Start","DeckTracker","Minty Spire (QoL Compilation)","Quick Restart","StSLib","SuperFastMode"],"gold_per_floor":[118,128,128,128,40,40,59,76,157,192,211,14,28,58,58,58,58],"floor_reached":16,"language":"KOR","playtime":648,"items_purged":["Strike_P"],"score":224,"play_id":"85ebbf82-0d46-42b7-b8a1-277ff5b745e9","local_time":"20210122120740","is_ascension_mode":true,"campfire_choices":[{"floor":6.0,"key":"REST"},{"data":"EmptyMind","floor":15,"key":"SMITH"}],"circlet_count":0,"master_deck":["AscendersBane","Strike_P+1","Strike_P","Strike_P","Defend_P","Defend_P","Defend_P+1","Eruption","Vigilance","SpiritShield","Adaptation","EmptyFist","EmptyMind+1","MentalFortress"],"relics":["Snecko Eye","Letter Opener","Blood Vial","CeramicFish"],"acts_visited":["Exordium"],"potions_floor_usage":[14,14],"damage_taken":[{"damage":7.0,"enemies":"Jaw Worm","floor":1.0,"turns":3.0},{"damage":0.0,"enemies":"Small Slimes","floor":2.0,"turns":2.0},{"damage":0.0,"enemies":"2 Louse","floor":7.0,"turns":2.0},{"damage":0.0,"enemies":"Looter","floor":8.0,"turns":4.0},{"damage":9.0,"enemies":"Lagavulin","floor":10.0,"turns":6.0},{"damage":0.0,"enemies":"2 Fungi Beasts","floor":11.0,"turns":4.0},{"damage":0.0,"enemies":"3 Louse","floor":13.0,"turns":3.0},{"damage":21,"enemies":"Gremlin Nob","floor":14,"turns":4},{"damage":28,"enemies":"Hexaghost","floor":16,"turns":9}],"seed_played":"-209714853978665799","potions_obtained":[{"floor":1.0,"key":"BlessingOfTheForge"},{"floor":7.0,"key":"SkillPotion"},{"floor":13.0,"key":"FearPotion"}],"is_trial":false,"path_per_floor":["M","M","?","?","$","R","M","M","T","E","M","$","M","E","R","B"],"character_chosen":"WATCHER","items_purchased":["Adaptation","EmptyMind","MentalFortress"],"campfire_rested":1,"item_purchase_floors":[5,12,12],"current_hp_per_floor":[54,54,34,27,27,47,47,47,47,38,40,40,42,23,23,0,0],"gold":58,"neow_bonus":"BOSS_RELIC","is_daily":false,"chose_seed":false,"campfire_upgraded":1,"win_rate":0.0,"timestamp":1611284860,"path_taken":["M","M","?","?","$","R","M","M","T","E","M","$","M","E","R","BOSS"],"items_purchased_type":["Card","Card","Card"],"build_version":"2020-12-22","purchased_purges":1,"victory":false,"max_hp_per_floor":[68,68,68,68,68,68,68,68,68,68,68,68,68,68,68,68,68],"card_choices":[{"not_picked":["WindmillStrike","CutThroughFate","Crescendo"],"picked":"SKIP","floor":1.0},{"not_picked":["ClearTheMind","Consecrate"],"picked":"SpiritShield","floor":2.0},{"not_picked":["Vengeance","FollowUp","Crescendo"],"picked":"SKIP","floor":7.0},{"not_picked":["Halt","ThirdEye"],"picked":"EmptyFist","floor":8.0},{"not_picked":["Halt","Consecrate","WreathOfFlame"],"picked":"SKIP","floor":10.0},{"not_picked":["Collect","Pray","EmptyFist"],"picked":"SKIP","floor":11.0},{"not_picked":["Alpha","FlurryOfBlows","MentalFortress"],"picked":"SKIP","floor":13.0},{"not_picked":["Alpha","FlurryOfBlows","MentalFortress"],"picked":"SKIP","floor":13.0},{"not_picked":["SashWhip","CutThroughFate","JustLucky"],"picked":"SKIP","floor":14}],"player_experience":2914054,"relics_obtained":[{"floor":9.0,"key":"Letter Opener"},{"floor":10.0,"key":"Blood Vial"},{"floor":14,"key":"CeramicFish"}],"event_choices":[{"damage_healed":0.0,"max_hp_gain":0.0,"max_hp_loss":0.0,"gold_gain":0.0,"event_name":"Shining Light","player_choice":"Entered Light","floor":3.0,"gold_loss":0.0,"damage_taken":20.0,"cards_upgraded":["Defend_P","Strike_P"]},{"cards_removed":["Defend_P"],"damage_healed":0.0,"max_hp_gain":0.0,"max_hp_loss":0.0,"gold_gain":0.0,"event_name":"Golden Wing","player_choice":"Card Removal","floor":4.0,"gold_loss":0.0,"damage_taken":7.0}],"is_beta":false,"boss_relics":[],"items_purged_floors":[12],"is_endless":false,"potions_floor_spawned":[1,7,13],"killed_by":"Hexaghost","ascension_level":20}}