{"host":"0fm1w3v00gid44jl","time":1611337407,"event":{"mods":["AchievementEnabler","BaseMod","Colored Map","Colored Powertips","Displayed Cursed Tome","Downfall","Googly Eyes","Highlight Path","Minty Spire (QoL Compilation)","Permanent Neow","Relic Stats","StSLib","SuperFastMode","slay the spire mod where everything is the same but ironclad has a cowboy hat"],"gold_per_floor":[99,113,130,147,165,165,213,241,241,252,85,85,85,117,133,133,133,133],"floor_reached":16,"language":"ENG","playtime":815,"items_purged":[],"score":162,"play_id":"a635c0d8-b73a-4d90-9226-440a37f9736f","local_time":"20210122114327","is_ascension_mode":false,"campfire_choices":[{"data":"bronze:RecursiveStrike","floor":1,"key":"SMITH"}],"circlet_count":0,"master_deck":["bronze:Strike","bronze:Strike","bronze:Strike","bronze:Strike","bronze:Defend+1","bronze:Defend","bronze:Defend+1","bronze:Defend","bronze:Replicate","bronze:Goto","bronze:RecursiveStrike+1","bronze:Constructor","bronze:ClassDefault","bronze:Frontload","bronze:Flail","CurseOfTheBell","CurseOfTheBell","bronze:Boost","Decay","bronze:Terminator","bronze:Iterate","bronze:DazingPulse","bronze:FineTuning","bronze:SpaghettiCode","bronze:Backtrace"],"relics":["bronze:BronzeCore","downfall:ExtraCursedBell","War Paint","Darkstone Periapt","Mango","PreservedInsect","bronze:ProtectiveGoggles","Chemical X","downfall:ShatteredFragment","Akabeko"],"acts_visited":["Exordium"],"potions_floor_usage":[],"damage_taken":[{"damage":1,"enemies":"Jaw Worm","floor":2,"turns":4},{"damage":0,"enemies":"Cultist","floor":3,"turns":2},{"damage":0,"enemies":"2 Louse","floor":4,"turns":3},{"damage":0,"enemies":"Large Slime","floor":5,"turns":3},{"damage":0,"enemies":"Gremlin Nob","floor":8,"turns":3},{"damage":3,"enemies":"Exordium Wildlife","floor":10,"turns":5},{"damage":2,"enemies":"downfall:FleeingMerchant","floor":11,"turns":4},{"damage":0,"enemies":"downfall:FleeingMerchant","floor":13,"turns":2},{"damage":4,"enemies":"3 Sentries","floor":14,"turns":4},{"damage":2,"enemies":"Exordium Thugs","floor":15,"turns":2},{"damage":65,"enemies":"SI_SHIV_ARCHETYPE","floor":16,"turns":10}],"seed_played":"-4254049001279386740","potions_obtained":[{"floor":4,"key":"sneckomod:MuddlingPotion"},{"floor":5,"key":"SpeedPotion"},{"floor":13,"key":"BlessingOfTheForge"}],"is_trial":false,"path_per_floor":["R","M","M","M","M","?","T","E","?","M","$","?","?","E","M","B"],"character_chosen":"THE_AUTOMATON","items_purchased":["Chemical X"],"campfire_rested":0,"item_purchase_floors":[11],"current_hp_per_floor":[70,69,69,69,69,83,83,83,89,86,84,63,63,59,57,0,0,0],"gold":133,"neow_bonus":"ONE_RANDOM_RARE_CARD","is_daily":false,"chose_seed":false,"campfire_upgraded":1,"win_rate":0.0,"timestamp":1611337407,"path_taken":["R","M","M","M","M","?","T","E","?","?","$","?","?","E","M","BOSS"],"items_purchased_type":["Relic"],"build_version":"2020-12-22","purchased_purges":0,"victory":false,"max_hp_per_floor":[70,70,70,70,70,84,84,84,90,90,90,90,90,90,90,90,90,90],"relic_stats":{"Darkstone Periapt":6,"counters":[11,42],"PreservedInsect":153,"Chemical X":[1],"War Paint":["bronze:Defend","bronze:Defend"],"obtain_stats":[{"Darkstone Periapt":6,"bronze:BronzeCore":0,"downfall:ShatteredFragment":12,"bronze:ProtectiveGoggles":8,"Mango":6,"PreservedInsect":7,"Chemical X":11,"downfall:ExtraCursedBell":6,"War Paint":6,"Akabeko":14},{"Darkstone Periapt":4,"bronze:BronzeCore":0,"downfall:ShatteredFragment":7,"bronze:ProtectiveGoggles":5,"Mango":4,"PreservedInsect":4,"Chemical X":7,"downfall:ExtraCursedBell":4,"War Paint":4,"Akabeko":9},{"Darkstone Periapt":12,"bronze:BronzeCore":0,"downfall:ShatteredFragment":24,"bronze:ProtectiveGoggles":15,"Mango":12,"PreservedInsect":12,"Chemical X":24,"downfall:ExtraCursedBell":12,"War Paint":12,"Akabeko":30}]},"card_choices":[{"not_picked":["bronze:BitShift","bronze:Turbo"],"picked":"bronze:Constructor","floor":2},{"not_picked":["bronze:Turbo","bronze:Overheat"],"picked":"bronze:ClassDefault","floor":3},{"not_picked":["bronze:Deprecate","bronze:CutThrough"],"picked":"bronze:Frontload","floor":4},{"not_picked":["bronze:Constructor","bronze:DigitalCarnage"],"picked":"bronze:Flail","floor":5},{"not_picked":["bronze:Separator","bronze:Overload"],"picked":"bronze:Boost","floor":8},{"not_picked":["bronze:Optimize","bronze:Invalidate"],"picked":"bronze:Terminator","floor":10},{"not_picked":["bronze:Allocate","bronze:Invalidate"],"picked":"bronze:Iterate","floor":11},{"not_picked":[],"picked":"bronze:DazingPulse","floor":13},{"not_picked":["bronze:Repulsor","bronze:Deprecate"],"picked":"bronze:FineTuning","floor":13},{"not_picked":["bronze:Branch","bronze:Repair"],"picked":"bronze:SpaghettiCode","floor":14},{"not_picked":["bronze:Constructor","bronze:ForceShield"],"picked":"bronze:Backtrace","floor":15}],"player_experience":1489348,"relics_obtained":[{"floor":6,"key":"War Paint"},{"floor":6,"key":"Darkstone Periapt"},{"floor":6,"key":"Mango"},{"floor":7,"key":"PreservedInsect"},{"floor":8,"key":"bronze:ProtectiveGoggles"},{"floor":14,"key":"Akabeko"}],"event_choices":[{"damage_healed":0,"gold_gain":0,"player_choice":"Cursed","damage_taken":0,"max_hp_gain":0,"max_hp_loss":0,"event_name":"Wheel of Change","floor":9,"gold_loss":0,"cards_obtained":["Decay"]}],"is_beta":false,"boss_relics":[],"items_purged_floors":[],"is_endless":false,"potions_floor_spawned":[4,5,13,14],"killed_by":"SI_SHIV_ARCHETYPE","ascension_level":0}}