{"host":"axuns55dzq466eei","time":1611323924,"event":{"mods":["BaseMod","Colored Map","Keyboard Shortcuts","Minty Spire (QoL Compilation)","StSLib","SuperFastMode"],"gold_per_floor":[114,29,48,65,79,79,79,99,125,125,141,156,191,205,205,282,282,302,302,302],"floor_reached":19,"language":"KOR","playtime":579,"items_purged":[],"score":346,"play_id":"c5957dfc-729c-4d52-802b-b05881c5a619","local_time":"20210122225844","is_ascension_mode":true,"campfire_choices":[{"data":"Zap","floor":6,"key":"SMITH"},{"data":"Loop","floor":10,"key":"SMITH"},{"floor":15,"key":"REST"}],"circlet_count":0,"master_deck":["AscendersBane","Strike_B","Strike_B","Strike_B","Defend_B","Defend_B","Defend_B","Zap+1","Dualcast","Coolheaded","Capacitor","Storm","Compile Driver","Loop+1","Barrage","BootSequence","Consume","Ball Lightning","Seek"],"relics":["Cracked Core","Potion Belt","Akabeko","Inserter"],"acts_visited":["Exordium","TheCity"],"potions_floor_usage":[13,13,16,16],"damage_taken":[{"damage":2,"enemies":"Jaw Worm","floor":1,"turns":3},{"damage":4,"enemies":"Cultist","floor":3,"turns":4},{"damage":16,"enemies":"2 Louse","floor":4,"turns":4},{"damage":1,"enemies":"Blue Slaver","floor":5,"turns":5},{"damage":10,"enemies":"2 Fungi Beasts","floor":8,"turns":3},{"damage":16,"enemies":"Large Slime","floor":11,"turns":5},{"damage":12,"enemies":"Blue Slaver","floor":12,"turns":4},{"damage":24,"enemies":"3 Sentries","floor":13,"turns":5},{"damage":2,"enemies":"2 Fungi Beasts","floor":14,"turns":4},{"damage":24,"enemies":"Slime Boss","floor":16,"turns":8},{"damage":36,"enemies":"Shell Parasite","floor":18,"turns":5},{"damage":23,"enemies":"Spheric Guardian","floor":19,"turns":3}],"seed_played":"2879044350341362711","potions_obtained":[{"floor":3,"key":"Weak Potion"},{"floor":8,"key":"Explosive Potion"},{"floor":12,"key":"DistilledChaos"},{"floor":13,"key":"Fruit Juice"},{"floor":16,"key":"BlessingOfTheForge"}],"is_trial":false,"path_per_floor":["M","$","M","M","M","R","?","M","T","R","M","M","E","M","R","B",null,"M","M"],"character_chosen":"DEFECT","items_purchased":["Capacitor"],"campfire_rested":1,"item_purchase_floors":[2],"current_hp_per_floor":[44,44,40,24,23,23,71,61,61,61,45,33,9,7,28,9,59,23,0,0],"gold":302,"neow_bonus":"REMOVE_TWO","is_daily":false,"chose_seed":false,"campfire_upgraded":2,"win_rate":0.0,"timestamp":1611323924,"path_taken":["M","$","M","M","M","R","?","M","T","R","M","?","E","M","R","BOSS","M","M"],"items_purchased_type":["Card"],"build_version":"2020-12-22","purchased_purges":0,"victory":false,"max_hp_per_floor":[71,71,71,71,71,71,71,71,71,71,71,71,71,71,71,76,76,76,76,76],"card_choices":[{"not_picked":["Turbo","Go for the Eyes"],"picked":"Coolheaded","floor":1},{"not_picked":["Steam","Coolheaded"],"picked":"Storm","floor":3},{"not_picked":["Skim","Darkness"],"picked":"Undo","floor":4},{"not_picked":["Melter","Leap"],"picked":"Compile Driver","floor":5},{"not_picked":["Gash","Hello World"],"picked":"Loop","floor":8},{"not_picked":["Sunder","Beam Cell"],"picked":"Barrage","floor":11},{"not_picked":["Sunder","Leap"],"picked":"BootSequence","floor":12},{"not_picked":["Gash","Machine Learning"],"picked":"Consume","floor":13},{"not_picked":["Stack","BootSequence"],"picked":"Ball Lightning","floor":14},{"not_picked":["Meteor Strike","Hyperbeam"],"picked":"Seek","floor":16},{"not_picked":["White Noise","Genetic Algorithm","Rebound"],"picked":"SKIP","floor":18}],"player_experience":1098541,"relics_obtained":[{"floor":9,"key":"Potion Belt"},{"floor":13,"key":"Akabeko"}],"event_choices":[{"cards_removed":["Undo"],"damage_healed":48,"gold_gain":0,"player_choice":"Offered Uncommon","damage_taken":0,"max_hp_gain":0,"max_hp_loss":0,"event_name":"Bonfire Elementals","floor":7,"gold_loss":0}],"is_beta":false,"boss_relics":[{"not_picked":["Runic Pyramid","Astrolabe"],"picked":"Inserter"}],"items_purged_floors":[],"is_endless":false,"potions_floor_spawned":[3,8,12,13,16],"killed_by":"Spheric Guardian","ascension_level":20}}