{"host":"opyh6vr790e42ffe","time":1611338409,"event":{"mods":["BaseMod","Bestiary","Colored Map","Highlight Path","Minty Spire (QoL Compilation)","Relic Stats","StSLib"],"gold_per_floor":[116,136,136,147,297,108,108,8,32,66,86,113,113,138,150,240,252,282,184,215,243,255,300,312,351,418,10,30,30,50,6,6,6,6],"floor_reached":33,"language":"ENG","playtime":2081,"items_purged":["Strike_P","Defend_P","Defend_P"],"score":756,"play_id":"d773b5bb-6df8-45b3-a368-65c798205ed8","local_time":"20210122100009","is_ascension_mode":true,"campfire_choices":[{"data":"TalkToTheHand","floor":7.0,"key":"SMITH"},{"data":"CrushJoints","floor":13.0,"key":"SMITH"},{"data":"SashWhip","floor":15.0,"key":"SMITH"},{"floor":24,"key":"REST"},{"floor":32,"key":"REST"}],"circlet_count":0,"master_deck":["AscendersBane","Strike_P","Eruption","Vigilance+1","CrushJoints+1","TalkToTheHand+1","SashWhip+1","EmptyFist","SashWhip","SpiritShield+1","Protect","SashWhip+1","WreathOfFlame","Ragnarok","MasterReality+1","EmptyBody+1","Meditate+1","BowlingBash","FlyingSleeves","CutThroughFate+1","Wallop","MentalFortress","Collect","FlyingSleeves+1","ThirdEye","Adaptation"],"relics":["Velvet Choker","Omamori","Bronze Scales","Turnip","Lantern","MawBank","Astrolabe","Thread and Needle","Akabeko","Toy Ornithopter","War Paint","Sundial"],"acts_visited":["Exordium","TheCity"],"potions_floor_usage":[33],"damage_taken":[{"damage":4.0,"enemies":"Small Slimes","floor":1.0,"turns":3.0},{"damage":6.0,"enemies":"2 Louse","floor":2.0,"turns":3.0},{"damage":0.0,"enemies":"Jaw Worm","floor":4.0,"turns":2.0},{"damage":9.0,"enemies":"Gremlin Nob","floor":10.0,"turns":4.0},{"damage":3.0,"enemies":"Blue Slaver","floor":11.0,"turns":2.0},{"damage":0.0,"enemies":"3 Sentries","floor":12.0,"turns":5.0},{"damage":13.0,"enemies":"Lagavulin","floor":14.0,"turns":6.0},{"damage":0.0,"enemies":"Hexaghost","floor":16.0,"turns":9.0},{"damage":6.0,"enemies":"3 Byrds","floor":18.0,"turns":4.0},{"damage":11.0,"enemies":"Chosen","floor":20.0,"turns":4.0},{"damage":8.0,"enemies":"Sentry and Sphere","floor":21.0,"turns":3.0},{"damage":45,"enemies":"Slavers","floor":23,"turns":4},{"damage":20,"enemies":"Book of Stabbing","floor":25,"turns":5},{"damage":0,"enemies":"Centurion and Healer","floor":28,"turns":5},{"damage":0,"enemies":"Cultist and Chosen","floor":30,"turns":4},{"damage":72,"enemies":"Collector","floor":33,"turns":9}],"seed_played":"-715079859234821540","potions_obtained":[{"floor":1.0,"key":"AttackPotion"},{"floor":4.0,"key":"FairyPotion"},{"floor":14.0,"key":"Fire Potion"},{"floor":23,"key":"SmokeBomb"}],"is_trial":false,"path_per_floor":["M","M","?","M","?","$","R","$","T","E","M","E","R","E","R","B",null,"M","?","M","M","$","E","R","E","T","$","M","?","M","$","R","B"],"character_chosen":"WATCHER","items_purchased":["EmptyFist","SashWhip","War Paint","MentalFortress","Collect","Adaptation"],"campfire_rested":2,"item_purchase_floors":[6,6,27,27,27,31],"current_hp_per_floor":[57,51,33,33,33,33,33,33,33,24,21,21,21,8,8,8,53,47,47,36,28,28,14,34,14,14,14,14,14,14,14,34,0,0],"gold":6,"neow_bonus":"BOSS_RELIC","is_daily":false,"chose_seed":false,"campfire_upgraded":3,"win_rate":0.0,"timestamp":1611338409,"path_taken":["M","M","?","M","?","?","R","$","T","E","M","E","R","E","R","BOSS","M","?","?","M","$","E","R","E","T","$","M","?","M","$","R","BOSS"],"items_purchased_type":["Card","Card","Relic","Card","Card","Card"],"build_version":"2020-12-22","purchased_purges":3,"victory":false,"max_hp_per_floor":[68,68,68,68,68,68,68,68,68,68,68,68,68,68,68,68,68,68,68,68,68,68,68,68,68,68,68,68,68,68,68,68,68,68],"relic_stats":{"counters":[16,72],"Sundial":[0],"Bronze Scales":[233],"Astrolabe":["MasterReality","EmptyBody","Meditate"],"Turnip":[14],"War Paint":["SpiritShield","Vigilance"],"MawBank":156,"obtain_stats":[{"Lantern":12,"Astrolabe":17,"Velvet Choker":0,"Thread and Needle":23,"Omamori":3,"War Paint":27,"MawBank":14,"Akabeko":25,"Sundial":29,"Bronze Scales":9,"Turnip":10,"PureWater":0,"Toy Ornithopter":26},{"Lantern":6,"Astrolabe":8,"Velvet Choker":0,"Thread and Needle":12,"Omamori":2,"War Paint":13,"MawBank":7,"Akabeko":13,"Sundial":14,"Bronze Scales":3,"Turnip":4,"PureWater":0,"Toy Ornithopter":13},{"Lantern":19,"Astrolabe":34,"Velvet Choker":0,"Thread and Needle":49,"Omamori":6,"War Paint":54,"MawBank":25,"Akabeko":54,"Sundial":59,"Bronze Scales":8,"Turnip":12,"PureWater":0,"Toy Ornithopter":54}],"Toy Ornithopter":5},"card_choices":[{"not_picked":["WaveOfTheHand","JustLucky"],"picked":"CrushJoints","floor":1.0},{"not_picked":["ThirdEye","JustLucky"],"picked":"TalkToTheHand","floor":2.0},{"not_picked":["ClearTheMind","Indignation"],"picked":"SashWhip","floor":4.0},{"not_picked":["Crescendo","Consecrate"],"picked":"SpiritShield","floor":10.0},{"not_picked":["FlyingSleeves","Consecrate"],"picked":"Protect","floor":11.0},{"not_picked":["BowlingBash","Evaluate"],"picked":"SashWhip","floor":12.0},{"not_picked":["Evaluate","EmptyFist"],"picked":"WreathOfFlame","floor":14.0},{"not_picked":["MasterReality","Blasphemy"],"picked":"Ragnarok","floor":16.0},{"not_picked":["WreathOfFlame","Consecrate"],"picked":"BowlingBash","floor":18.0},{"not_picked":["ThirdEye","CrushJoints","Crescendo"],"picked":"SKIP","floor":20.0},{"not_picked":["Weave","Omniscience"],"picked":"FlyingSleeves","floor":21.0},{"not_picked":["Weave","WaveOfTheHand"],"picked":"CutThroughFate+1","floor":23},{"not_picked":["SashWhip","PathToVictory"],"picked":"Wallop","floor":25},{"not_picked":["Nirvana","PathToVictory"],"picked":"FlyingSleeves+1","floor":28},{"not_picked":["BowlingBash","Indignation"],"picked":"ThirdEye","floor":30}],"player_experience":2420765,"relics_obtained":[{"floor":9.0,"key":"Bronze Scales"},{"floor":10.0,"key":"Turnip"},{"floor":12.0,"key":"Lantern"},{"floor":14.0,"key":"MawBank"},{"floor":23,"key":"Thread and Needle"},{"floor":25,"key":"Akabeko"},{"floor":26,"key":"Toy Ornithopter"}],"event_choices":[{"damage_healed":0.0,"max_hp_gain":0.0,"max_hp_loss":0.0,"gold_gain":0.0,"event_name":"Scrap Ooze","player_choice":"Success","floor":3.0,"gold_loss":0.0,"damage_taken":18.0,"relics_obtained":["Omamori"]},{"damage_healed":0.0,"max_hp_gain":0.0,"max_hp_loss":0.0,"gold_gain":150.0,"event_name":"Liars Game","player_choice":"AGREE","floor":5.0,"gold_loss":0.0,"damage_taken":0.0,"cards_obtained":["Doubt"]},{"cards_removed":["Defend_P"],"damage_healed":0.0,"max_hp_gain":0.0,"max_hp_loss":0.0,"gold_gain":0.0,"event_name":"Designer","player_choice":"Upgrade and Remove","floor":19.0,"gold_loss":110.0,"damage_taken":0.0,"cards_upgraded":["SashWhip"]},{"damage_healed":0,"gold_gain":0,"player_choice":"Stole Relic","damage_taken":0,"relics_obtained":["Sundial"],"max_hp_gain":0,"max_hp_loss":0,"event_name":"Addict","floor":29,"gold_loss":0,"cards_obtained":["Shame"]}],"is_beta":false,"boss_relics":[{"not_picked":["Sozu","Ectoplasm"],"picked":"Astrolabe"}],"items_purged_floors":[6,8,27],"is_endless":false,"potions_floor_spawned":[1,4,14,16,18,21,23],"killed_by":"Collector","ascension_level":20}}