{"host":"p090fjik2phvjstn","time":1611332914,"event":{"mods":["AchievementEnabler","BaseMod","Block Reminder","Colored Powertips","Minty Spire (QoL Compilation)","Quick Restart","Synergy Search"],"gold_per_floor":[115,135,155,155,176,176,207,228,228,248,248,264,264,288,288,409,409,432,432,432,407,432,432,432],"floor_reached":23,"language":"ENG","playtime":1219,"items_purged":[],"score":266,"play_id":"530b8f77-a369-4ad8-96ed-8f4bcd0a2ec0","local_time":"20210122162834","is_ascension_mode":true,"campfire_choices":[{"data":"Dagger Spray","floor":6,"key":"SMITH"},{"floor":11,"key":"REST"},{"floor":15,"key":"REST"}],"circlet_count":0,"master_deck":["Strike_G","Strike_G","Strike_G","Strike_G","Defend_G","Defend_G","Defend_G","Defend_G","Defend_G","Survivor","Neutralize","Dagger Spray+1","Deadly Poison","Cloak And Dagger","Bane","Cloak And Dagger","Noxious Fumes","Sucker Punch","After Image","Dodge and Roll","Storm of Steel","CurseOfTheBell","Flying Knee+1","RitualDagger","PiercingWail","Adrenaline"],"relics":["HoveringKite","Golden Idol","Paper Crane","Mummified Hand","Calling Bell","Juzu Bracelet","Meat on the Bone","Unceasing Top"],"acts_visited":["Exordium","TheCity"],"potions_floor_usage":[3,7,8,16,18],"damage_taken":[{"damage":0,"enemies":"2 Louse","floor":1,"turns":3},{"damage":0,"enemies":"Cultist","floor":2,"turns":4},{"damage":2,"enemies":"Small Slimes","floor":3,"turns":4},{"damage":2,"enemies":"Blue Slaver","floor":5,"turns":5},{"damage":24,"enemies":"Gremlin Nob","floor":7,"turns":4},{"damage":0,"enemies":"3 Louse","floor":8,"turns":1},{"damage":12,"enemies":"Exordium Thugs","floor":10,"turns":4},{"damage":10,"enemies":"Gremlin Gang","floor":12,"turns":4},{"damage":8,"enemies":"Blue Slaver","floor":14,"turns":5},{"damage":13,"enemies":"The Guardian","floor":16,"turns":13},{"damage":6,"enemies":"Shell Parasite","floor":18,"turns":8},{"damage":20,"enemies":"2 Thieves","floor":21,"turns":5},{"damage":30,"enemies":"Snake Plant","floor":22,"turns":8},{"damage":37,"enemies":"Gremlin Leader","floor":23,"turns":6}],"seed_played":"-8209138301452221988","potions_obtained":[{"floor":2,"key":"Fire Potion"},{"floor":3,"key":"Fruit Juice"},{"floor":7,"key":"Fire Potion"},{"floor":14,"key":"EssenceOfSteel"},{"floor":16,"key":"EssenceOfSteel"}],"is_trial":false,"path_per_floor":["M","M","M","?","M","R","E","M","T","M","R","M","?","M","R","B",null,"M","?","?","M","M","E"],"character_chosen":"THE_SILENT","items_purchased":[],"campfire_rested":2,"item_purchase_floors":[],"current_hp_per_floor":[63,63,66,48,46,46,22,22,22,10,32,22,15,7,29,16,60,54,54,48,40,22,0,0],"gold":432,"neow_bonus":"BOSS_RELIC","is_daily":false,"chose_seed":false,"campfire_upgraded":1,"win_rate":0.0,"timestamp":1611332914,"path_taken":["M","M","M","?","M","R","E","M","T","M","R","M","?","?","R","BOSS","M","?","?","M","M","E"],"items_purchased_type":[],"build_version":"2020-12-22","purchased_purges":0,"victory":false,"max_hp_per_floor":[70,70,75,75,75,75,75,75,75,75,75,75,75,75,75,75,75,75,75,75,75,75,75,75],"card_choices":[{"not_picked":["Backflip","Acrobatics"],"picked":"Dagger Spray","floor":1},{"not_picked":["Prepared","Slice"],"picked":"Deadly Poison","floor":2},{"not_picked":["Flying Knee","All Out Attack"],"picked":"Cloak And Dagger","floor":3},{"not_picked":["Acrobatics","Poisoned Stab"],"picked":"Bane","floor":5},{"not_picked":["Bane","Phantasmal Killer"],"picked":"Cloak And Dagger","floor":7},{"not_picked":["Dagger Throw","Outmaneuver"],"picked":"Noxious Fumes","floor":8},{"not_picked":["Quick Slash","Flying Knee"],"picked":"Sucker Punch","floor":10},{"not_picked":["Flying Knee","Accuracy"],"picked":"After Image","floor":12},{"not_picked":["Concentrate","Choke"],"picked":"Dodge and Roll","floor":14},{"not_picked":["Grand Finale","Unload"],"picked":"Storm of Steel","floor":16},{"not_picked":["Dagger Throw+1","Expertise"],"picked":"Flying Knee+1","floor":18},{"not_picked":["Finisher","Underhanded Strike"],"picked":"PiercingWail","floor":21},{"not_picked":["Bane","Eviscerate+1"],"picked":"Adrenaline","floor":22}],"player_experience":519710,"relics_obtained":[{"floor":7,"key":"Paper Crane"},{"floor":9,"key":"Mummified Hand"},{"floor":17,"key":"Juzu Bracelet"},{"floor":17,"key":"Meat on the Bone"},{"floor":17,"key":"Unceasing Top"}],"event_choices":[{"damage_healed":0,"gold_gain":0,"player_choice":"Take Damage","damage_taken":18,"relics_obtained":["Golden Idol"],"max_hp_gain":0,"max_hp_loss":0,"event_name":"Golden Idol","floor":4,"gold_loss":0},{"damage_healed":0,"gold_gain":0,"player_choice":"Damaged","damage_taken":7,"max_hp_gain":0,"max_hp_loss":0,"event_name":"Wheel of Change","floor":13,"gold_loss":0},{"cards_removed":["Strike_G"],"damage_healed":0,"gold_gain":0,"player_choice":"Elegance","damage_taken":0,"max_hp_gain":0,"max_hp_loss":0,"event_name":"Back to Basics","floor":19,"gold_loss":0},{"damage_healed":0,"gold_gain":0,"player_choice":"Joined the Cult","damage_taken":6,"max_hp_gain":0,"max_hp_loss":0,"event_name":"Nest","floor":20,"gold_loss":0,"cards_obtained":["RitualDagger"]}],"is_beta":false,"boss_relics":[{"not_picked":["Empty Cage","Runic Dome"],"picked":"Calling Bell"}],"items_purged_floors":[],"is_endless":false,"potions_floor_spawned":[2,3,7,14,16],"killed_by":"Gremlin Leader","ascension_level":7}}