{"host":"bf9sa99gaumonoeu","time":1611336869,"event":{"mods":["AchievementEnabler","Act Like it!","Aspiration","BaseMod","Bestiary","Block Reminder","Colored Map","Colored Powertips","Friendly Minions","Gensokyo","GifTheSpireLib","Googly Eyes","Hallownest","Hermit","Highlight Path","Jorbs\u0027s Wanderer Trilogy","KinomotoSakuraMod(????)","Koishi","Marisa????????","Minty Spire (QoL Compilation)","Rare Cards Sparkle","Relic Stats","Spire Arcade","StSLib","The Administrix","The Animator","The Bug Knight","The Construct","The Cursed","The Hierophant","The Mystic","The Necromancer","The Poker Player","The Runesmith","The Senshi","The Servant 0.9.4","ojb\u0027s Info Mod"],"gold_per_floor":[209,223,8,20,20,50,50,8,31,48,66,66,99,115,115,115,115],"floor_reached":16,"language":"ENG","playtime":1065,"items_purged":[],"score":224,"play_id":"32db9c21-af6e-4e48-82e0-08d16ee49cf9","local_time":"20210122153429","is_ascension_mode":true,"campfire_choices":[{"data":"Calculated Gamble","floor":7,"key":"SMITH"},{"data":"Calculated Gamble","floor":12,"key":"SMITH"},{"floor":15,"key":"REST"}],"circlet_count":0,"master_deck":["AscendersBane","Strike_G","Strike_G","Strike_G","Strike_G","Strike_G","Defend_G","Defend_G","Defend_G","Defend_G","Defend_G","Survivor","Neutralize","Dagger Throw","Calculated Gamble+1","Terror","Deflect","Calculated Gamble+1","Dagger Throw","Flying Knee","Backstab","Flying Knee","Corpse Explosion"],"relics":["Ring of the Snake","Membership Card","Unceasing Top","Akabeko","Dream Catcher"],"acts_visited":["Exordium"],"potions_floor_usage":[6,6,13,13,16],"damage_taken":[{"damage":8,"enemies":"Cultist","floor":1,"turns":6},{"damage":0,"enemies":"2 Louse","floor":2,"turns":4},{"damage":1,"enemies":"Jaw Worm","floor":4,"turns":4},{"damage":8,"enemies":"Gremlin Nob","floor":6,"turns":3},{"damage":0,"enemies":"3 Louse","floor":10,"turns":4},{"damage":9,"enemies":"Red Slaver","floor":11,"turns":4},{"damage":20,"enemies":"Lagavulin","floor":13,"turns":6},{"damage":0,"enemies":"Looter","floor":14,"turns":2},{"damage":39,"enemies":"Slime Boss","floor":16,"turns":8}],"seed_played":"7026157282385965887","potions_obtained":[{"floor":6,"key":"Energy Potion"},{"floor":10,"key":"PowerPotion"},{"floor":13,"key":"FearPotion"}],"is_trial":false,"path_per_floor":["M","M","$","M","?","E","R","$","T","M","M","R","E","M","R","B"],"character_chosen":"THE_SILENT","items_purchased":["Membership Card","SteroidPotion","Fire Potion","Calculated Gamble"],"campfire_rested":1,"item_purchase_floors":[3,3,3,8],"current_hp_per_floor":[51,51,51,50,50,42,42,42,42,42,33,33,13,13,32,0,0],"gold":115,"neow_bonus":"HUNDRED_GOLD","is_daily":false,"chose_seed":false,"campfire_upgraded":2,"win_rate":0.0,"timestamp":1611336869,"path_taken":["M","M","$","?","?","E","R","?","T","M","M","R","E","M","R","BOSS"],"items_purchased_type":["Relic","Potion","Potion","Card"],"build_version":"2020-12-22","purchased_purges":0,"victory":false,"max_hp_per_floor":[66,66,66,66,66,66,66,66,66,66,66,66,66,66,66,66,66],"relic_stats":{"Dream Catcher":1,"counters":[9,41],"obtain_stats":[{"Dream Catcher":13,"Membership Card":3,"Unceasing Top":6,"Akabeko":9,"Ring of the Snake":0},{"Dream Catcher":7,"Membership Card":2,"Unceasing Top":4,"Akabeko":4,"Ring of the Snake":0},{"Dream Catcher":31,"Membership Card":10,"Unceasing Top":17,"Akabeko":17,"Ring of the Snake":0}],"Unceasing Top":[6],"Ring of the Snake":[18]},"card_choices":[{"not_picked":["Choke","Outmaneuver"],"picked":"Dagger Throw","floor":1},{"not_picked":["Dodge and Roll","Distraction"],"picked":"Calculated Gamble","floor":2},{"not_picked":["PiercingWail","Blade Dance"],"picked":"Terror","floor":4},{"not_picked":["Accuracy","Acrobatics"],"picked":"Deflect","floor":6},{"not_picked":["Prepared","Poisoned Stab"],"picked":"Dagger Throw","floor":10},{"not_picked":["Cloak And Dagger","PiercingWail"],"picked":"Flying Knee","floor":11},{"not_picked":["Poisoned Stab","Caltrops"],"picked":"Backstab","floor":13},{"not_picked":["Riddle With Holes","Setup"],"picked":"Flying Knee","floor":14},{"not_picked":["Deadly Poison","Blade Dance"],"picked":"Corpse Explosion","floor":15}],"player_experience":1119927,"relics_obtained":[{"floor":6,"key":"Unceasing Top"},{"floor":9,"key":"Akabeko"},{"floor":13,"key":"Dream Catcher"}],"event_choices":[{"damage_healed":0,"gold_gain":0,"player_choice":"Ignored","damage_taken":0,"max_hp_gain":0,"max_hp_loss":0,"event_name":"Liars Game","floor":5,"gold_loss":0}],"is_beta":false,"boss_relics":[],"items_purged_floors":[],"is_endless":false,"potions_floor_spawned":[6,10,13],"killed_by":"Slime Boss","ascension_level":20}}