{"host":"cw25u8qal1h0d7ia","time":1611333766,"event":{"mods":["BaseMod","Downfall","Minty Spire (QoL Compilation)","StSLib"],"gold_per_floor":[99,99,274,274,274,274,274,274,307,322,59,59,71,101,112,112,112,112],"floor_reached":16,"language":"ENG","playtime":716,"items_purged":[],"score":138,"play_id":"cb711523-aea0-4429-9d42-74049acb1449","local_time":"20210122174246","is_ascension_mode":true,"campfire_choices":[{"data":"champ:Taunt","floor":1,"key":"SMITH"},{"data":"champ:Execute","floor":8,"key":"SMITH"},{"floor":12,"key":"RECALL"}],"circlet_count":0,"master_deck":["champ:Strike","champ:Strike","champ:Strike","champ:Strike","champ:Defend","champ:Defend","champ:Defend","champ:Defend","champ:Execute+1","champ:Taunt+1","Doubt","champ:BladeFlurry+1","champ:FlashCut+1"],"relics":["champ:ChampionCrown","downfall:HeartsMalice","Molten Egg 2","Pen Nib","Frozen Egg 2","Mummified Hand","Tiny Chest"],"acts_visited":["Exordium"],"potions_floor_usage":[14,16,16],"damage_taken":[{"damage":0,"enemies":"2 Louse","floor":2,"turns":1},{"damage":0,"enemies":"Jaw Worm","floor":6,"turns":1},{"damage":0,"enemies":"Lagavulin","floor":9,"turns":1},{"damage":10,"enemies":"Cultist","floor":10,"turns":3},{"damage":10,"enemies":"downfall:FleeingMerchant","floor":11,"turns":4},{"damage":20,"enemies":"Large Slime","floor":13,"turns":5},{"damage":2,"enemies":"Gremlin Nob","floor":14,"turns":3},{"damage":22,"enemies":"Blue Slaver","floor":15,"turns":3},{"damage":101,"enemies":"DF_ARCHETYPE_STREAMLINE","floor":16,"turns":9}],"seed_played":"8136158708355082874","potions_obtained":[{"floor":9,"key":"DuplicationPotion"},{"floor":13,"key":"FearPotion"},{"floor":14,"key":"FearPotion"}],"is_trial":false,"path_per_floor":["R","M","?","T","?","M","T","R","E","M","$","R","M","E","M","B"],"character_chosen":"THE_CHAMP","items_purchased":["Mummified Hand"],"campfire_rested":0,"item_purchase_floors":[11],"current_hp_per_floor":[90,90,90,90,85,85,85,85,85,85,85,85,85,83,81,0,0,0],"gold":112,"neow_bonus":"THREE_ENEMY_KILL","is_daily":false,"chose_seed":false,"campfire_upgraded":2,"win_rate":0.0,"timestamp":1611333766,"path_taken":["R","M","?","?","?","?","T","R","E","M","$","R","M","E","M","BOSS"],"items_purchased_type":["Relic"],"build_version":"2020-12-22","purchased_purges":0,"victory":false,"max_hp_per_floor":[90,90,90,90,90,90,90,90,90,90,90,90,90,90,90,90,90,90],"card_choices":[{"not_picked":["champ:PreciseThrust","champ:TornadoPunch","champ:StanceDance"],"picked":"SKIP","floor":2},{"not_picked":["champ:Shatter+1","champ:Parry"],"picked":"champ:BladeFlurry+1","floor":6},{"not_picked":["champ:TornadoPunch+1","champ:ShieldSlam","champ:RecklessLeap+1"],"picked":"SKIP","floor":9},{"not_picked":["champ:AdrenalArmor","champ:StanceDance","champ:PerfectedStrike+1"],"picked":"SKIP","floor":10},{"not_picked":["champ:DefensiveShout","champ:FancyFootwork","champ:DeathBlow+1"],"picked":"SKIP","floor":11},{"not_picked":["champ:CrownThrow+1","champ:FanOfKnives+1","champ:Lariat"],"picked":"SKIP","floor":13},{"not_picked":["champ:Devastate+1","champ:AdrenalArmor","champ:BerserkersShout"],"picked":"SKIP","floor":14},{"not_picked":["champ:PreciseThrust+1","champ:TornadoPunch+1"],"picked":"champ:FlashCut+1","floor":15}],"player_experience":668109,"relics_obtained":[{"floor":4,"key":"Molten Egg 2"},{"floor":7,"key":"Pen Nib"},{"floor":9,"key":"Frozen Egg 2"},{"floor":14,"key":"Tiny Chest"}],"event_choices":[],"is_beta":false,"boss_relics":[],"items_purged_floors":[],"is_endless":false,"potions_floor_spawned":[9,13,14],"killed_by":"DF_ARCHETYPE_STREAMLINE","ascension_level":1}}