{"host":"x7xd4wkamhrqrrvw","time":1611289237,"event":{"mods":["AchievementEnabler","BaseMod","Minty Spire (QoL Compilation)","StSLib"],"gold_per_floor":[112,122,139,158,173,173,198,213,236,255,289,298,330,210,210,291,345,367,386,129,154,9,9,9],"floor_reached":23,"language":"ENG","playtime":1813,"items_purged":["Defend_R"],"score":442,"play_id":"313185b9-ae5b-40e4-b644-f717c27196a6","local_time":"20210122022037","is_ascension_mode":true,"campfire_choices":[{"data":"Uppercut","floor":6.0,"key":"SMITH"},{"data":"Armaments","floor":15,"key":"SMITH"}],"circlet_count":0,"master_deck":["AscendersBane","Bash","Evolve","Intimidate","Flex","Uppercut+1","Disarm","Shrug It Off","Limit Break","Shrug It Off","Shrug It Off","Cleave","Metallicize","Armaments+1","Immolate","Offering","Juggernaut","Power Through","Shrug It Off","Burning Pact","Spot Weakness","Heavy Blade","Warcry+1"],"relics":["Burning Blood","Juzu Bracelet","Pen Nib","CeramicFish","MealTicket","Pandora\u0027s Box","Paper Frog","Red Mask","Lantern"],"acts_visited":["Exordium","TheCity"],"potions_floor_usage":[13,21,21],"damage_taken":[{"damage":1.0,"enemies":"Cultist","floor":1.0,"turns":4.0},{"damage":2.0,"enemies":"Jaw Worm","floor":2.0,"turns":6.0},{"damage":4.0,"enemies":"Small Slimes","floor":3.0,"turns":4.0},{"damage":12.0,"enemies":"Gremlin Gang","floor":4.0,"turns":6.0},{"damage":16.0,"enemies":"3 Louse","floor":5.0,"turns":6.0},{"damage":34.0,"enemies":"3 Sentries","floor":7.0,"turns":7.0},{"damage":0.0,"enemies":"Large Slime","floor":8.0,"turns":7.0},{"damage":3.0,"enemies":"Looter","floor":10.0,"turns":4.0},{"damage":24,"enemies":"Gremlin Nob","floor":11,"turns":4},{"damage":0,"enemies":"3 Sentries","floor":13,"turns":6},{"damage":20,"enemies":"Slime Boss","floor":16,"turns":13},{"damage":8,"enemies":"3 Byrds","floor":18,"turns":6},{"damage":6,"enemies":"Chosen","floor":19,"turns":5},{"damage":55,"enemies":"Masked Bandits","floor":21,"turns":6},{"damage":47,"enemies":"Gremlin Leader","floor":23,"turns":6}],"seed_played":"5833381601181962678","potions_obtained":[{"floor":2.0,"key":"Energy Potion"},{"floor":3.0,"key":"PowerPotion"},{"floor":5.0,"key":"CultistPotion"},{"floor":8.0,"key":"SmokeBomb"},{"floor":16,"key":"LiquidBronze"},{"floor":18,"key":"LiquidMemories"},{"floor":19,"key":"PowerPotion"}],"is_trial":false,"path_per_floor":["M","M","M","M","M","R","E","M","T","M","E","?","E","$","R","B",null,"M","M","$","?","$","E"],"character_chosen":"IRONCLAD","items_purchased":["Armaments","Paper Frog","Lantern"],"campfire_rested":0,"item_purchase_floors":[14,20,22],"current_hp_per_floor":[73,75,75,69,59,59,31,37,37,40,22,22,28,43,43,29,64,62,62,75,26,41,0,0],"gold":9,"neow_bonus":"TRANSFORM_CARD","is_daily":false,"chose_seed":false,"campfire_upgraded":2,"win_rate":0.0,"timestamp":1611289237,"path_taken":["M","M","M","M","M","R","E","M","T","M","E","?","E","$","R","BOSS","M","M","$","?","$","E"],"items_purchased_type":["Card","Relic","Relic"],"build_version":"2020-12-22","purchased_purges":1,"victory":false,"max_hp_per_floor":[75,75,75,75,75,75,75,75,75,75,75,75,75,75,75,75,75,75,75,75,75,75,75,75],"card_choices":[{"not_picked":["Iron Wave","Clash"],"picked":"Intimidate","floor":1.0},{"not_picked":["Intimidate","Body Slam"],"picked":"Flex","floor":2.0},{"not_picked":["Reckless Charge","Anger"],"picked":"Uppercut","floor":3.0},{"not_picked":["Clash","Evolve"],"picked":"Disarm","floor":4.0},{"not_picked":["True Grit","Perfected Strike"],"picked":"Shrug It Off","floor":5.0},{"not_picked":["Burning Pact","Anger"],"picked":"Limit Break","floor":7.0},{"not_picked":["Pommel Strike","Perfected Strike"],"picked":"Shrug It Off","floor":8.0},{"not_picked":["Clash","Carnage"],"picked":"Shrug It Off","floor":10.0},{"not_picked":["Combust","Warcry"],"picked":"Cleave","floor":11},{"not_picked":["Second Wind","Exhume","Feel No Pain"],"picked":"SKIP","floor":13},{"not_picked":["Berserk","Demon Form"],"picked":"Immolate","floor":16},{"not_picked":["Cleave","Twin Strike"],"picked":"Heavy Blade","floor":18},{"not_picked":["Pommel Strike","Shrug It Off"],"picked":"Warcry+1","floor":19}],"player_experience":380117,"relics_obtained":[{"floor":7.0,"key":"Juzu Bracelet"},{"floor":9.0,"key":"Pen Nib"},{"floor":11,"key":"CeramicFish"},{"floor":13,"key":"MealTicket"},{"floor":21,"key":"Red Mask"}],"event_choices":[{"damage_healed":0,"gold_gain":0,"cards_transformed":["Strike_R"],"player_choice":"Change","damage_taken":0,"max_hp_gain":0,"max_hp_loss":0,"event_name":"Living Wall","floor":12,"gold_loss":0,"cards_obtained":["Metallicize"]},{"damage_healed":0,"gold_gain":0,"player_choice":"Fought Bandits","damage_taken":0,"max_hp_gain":0,"max_hp_loss":0,"event_name":"Masked Bandits","floor":21,"gold_loss":0}],"is_beta":false,"boss_relics":[{"not_picked":["Runic Cube","SacredBark"],"picked":"Pandora\u0027s Box"}],"items_purged_floors":[14],"is_endless":false,"potions_floor_spawned":[2,3,5,8,16,18,19],"killed_by":"Gremlin Leader","ascension_level":15}}