{"host":"lhth1efayex2023z","time":1611351918,"event":{"mods":["BaseMod","Colored Map","Googly Eyes","Minty Spire (QoL Compilation)","StSLib"],"gold_per_floor":[112,28,28,42,54,54,81,31,79,79,154,154,169,188,188,188,188],"floor_reached":16,"language":"ENG","playtime":570,"items_purged":["Strike_G"],"score":209,"play_id":"de02e24d-e77c-49a8-8105-2b01aa69d221","local_time":"20210122144518","is_ascension_mode":true,"campfire_choices":[{"data":"Envenom","floor":6.0,"key":"SMITH"},{"data":"Burst","floor":10.0,"key":"SMITH"},{"data":"Neutralize","floor":15,"key":"SMITH"}],"circlet_count":0,"master_deck":["AscendersBane","Strike_G","Strike_G","Strike_G","Defend_G","Defend_G","Defend_G","Defend_G","Defend_G","Survivor","Neutralize+1","Deflect","Infinite Blades","Envenom+1","Backflip","Burst+1","Dodge and Roll","Poisoned Stab"],"relics":["Ring of the Snake","Bird Faced Urn","Smiling Mask","Nunchaku"],"acts_visited":["Exordium"],"potions_floor_usage":[12,14],"damage_taken":[{"damage":0.0,"enemies":"2 Louse","floor":1.0,"turns":3.0},{"damage":6.0,"enemies":"Cultist","floor":4.0,"turns":5.0},{"damage":4.0,"enemies":"Small Slimes","floor":5.0,"turns":6.0},{"damage":10.0,"enemies":"3 Sentries","floor":7.0,"turns":11.0},{"damage":0,"enemies":"Gremlin Nob","floor":12,"turns":1},{"damage":1,"enemies":"Exordium Wildlife","floor":13,"turns":7},{"damage":0,"enemies":"Looter","floor":14,"turns":4},{"damage":39,"enemies":"Hexaghost","floor":16,"turns":13}],"seed_played":"-7332063442648600443","potions_obtained":[{"floor":4.0,"key":"SmokeBomb"},{"floor":5.0,"key":"ColorlessPotion"},{"floor":7.0,"key":"DuplicationPotion"}],"is_trial":false,"path_per_floor":["M","$","?","M","M","R","E","$","T","R","?","E","M","M","R","B"],"character_chosen":"THE_SILENT","items_purchased":["Infinite Blades"],"campfire_rested":0,"item_purchase_floors":[2],"current_hp_per_floor":[44,44,44,42,42,42,36,36,36,36,25,25,28,32,32,0,0],"gold":188,"neow_bonus":"ONE_RARE_RELIC","is_daily":false,"chose_seed":false,"campfire_upgraded":3,"win_rate":0.0,"timestamp":1611351918,"path_taken":["M","$","?","?","M","R","E","$","T","R","?","E","M","M","R","BOSS"],"items_purchased_type":["Card"],"build_version":"2020-12-22","purchased_purges":1,"victory":false,"max_hp_per_floor":[66,66,66,66,66,66,66,66,66,66,66,66,66,66,66,66,66],"card_choices":[{"not_picked":["Slice","Catalyst"],"picked":"Deflect","floor":1.0},{"not_picked":["Expertise","Leg Sweep"],"picked":"Backflip","floor":4.0},{"not_picked":["Acrobatics","Heel Hook","Leg Sweep"],"picked":"SKIP","floor":5.0},{"not_picked":["Skewer","Backflip"],"picked":"Burst","floor":7.0},{"not_picked":["All Out Attack","Prepared"],"picked":"Dodge and Roll","floor":13},{"not_picked":["Predator","Backstab"],"picked":"Poisoned Stab","floor":14}],"player_experience":465517,"relics_obtained":[{"floor":7.0,"key":"Smiling Mask"},{"floor":9.0,"key":"Nunchaku"}],"event_choices":[{"damage_healed":0.0,"max_hp_gain":0.0,"max_hp_loss":0.0,"gold_gain":0.0,"cards_transformed":["Strike_G"],"event_name":"Transmorgrifier","player_choice":"Transformed","floor":3.0,"gold_loss":0.0,"damage_taken":0.0,"cards_obtained":["Envenom"]},{"damage_healed":0.0,"max_hp_gain":0.0,"max_hp_loss":0.0,"gold_gain":75.0,"event_name":"World of Goop","player_choice":"Gather Gold","floor":11.0,"gold_loss":0.0,"damage_taken":11.0}],"is_beta":false,"boss_relics":[],"items_purged_floors":[8],"is_endless":false,"potions_floor_spawned":[4,5,7],"killed_by":"Hexaghost","ascension_level":18}}