{"host":"lnt5dzsuhru0aonl","time":1611308655,"event":{"mods":["2.2 Compatiblity","BaseMod","Colored Map","Colored Powertips","DeckTracker","Keyboard Shortcuts","Minty Spire (QoL Compilation)","Permanent Neow","Rare Cards Sparkle","StSLib","SuperFastMode","everything is the same but u backflip on backflip"],"gold_per_floor":[363,363,62,73,23,23,49,49,49,49,49,63,74,74,74],"floor_reached":14,"language":"KOR","playtime":202,"items_purged":["Defend_R","Defend_R"],"score":176,"play_id":"f1e8d04b-2219-4e08-83a6-680777abf98c","local_time":"20210122184415","is_ascension_mode":true,"campfire_choices":[{"data":"Dark Embrace","floor":6.0,"key":"SMITH"}],"circlet_count":0,"master_deck":["AscendersBane","Strike_R","Strike_R","Strike_R","Strike_R","Strike_R+1","Defend_R","Bash+1","Perfected Strike+1","Dark Embrace+1","Entrench"],"relics":["Burning Blood","Membership Card","Lantern","Smiling Mask"],"acts_visited":["Exordium"],"potions_floor_usage":[14,14,14],"damage_taken":[{"damage":7.0,"enemies":"Jaw Worm","floor":1.0,"turns":3.0},{"damage":1.0,"enemies":"Cultist","floor":4.0,"turns":3.0},{"damage":30.0,"enemies":"Lagavulin","floor":7.0,"turns":7.0},{"damage":0.0,"enemies":"Small Slimes","floor":12.0,"turns":2.0},{"damage":13.0,"enemies":"Blue Slaver","floor":13.0,"turns":2.0},{"damage":20,"enemies":"3 Sentries","floor":14,"turns":4}],"seed_played":"-2333093722983076831","potions_obtained":[{"floor":7.0,"key":"ElixirPotion"},{"floor":11.0,"key":"CultistPotion"}],"is_trial":false,"path_per_floor":["M","?","$","M","$","R","E","?","T","?","?","M","M","E"],"character_chosen":"IRONCLAD","items_purchased":["Membership Card","Dark Embrace","EntropicBrew"],"campfire_rested":0,"item_purchase_floors":[3,3,3],"current_hp_per_floor":[67,67,67,68,68,68,44,24,24,17,17,23,16,0,0],"gold":74,"neow_bonus":"TWO_FIFTY_GOLD","is_daily":false,"chose_seed":false,"campfire_upgraded":1,"win_rate":0.0,"timestamp":1611308655,"path_taken":["M","?","$","?","$","R","E","?","T","?","?","M","?","E"],"items_purchased_type":["Relic","Card","Potion"],"build_version":"2020-12-22","purchased_purges":2,"victory":false,"max_hp_per_floor":[68,68,68,68,68,68,68,68,68,68,68,68,68,68,68],"card_choices":[{"not_picked":["Warcry","Iron Wave"],"picked":"Perfected Strike","floor":1.0},{"not_picked":["Thunderclap","Anger","Bloodletting"],"picked":"SKIP","floor":4.0},{"not_picked":["Heavy Blade","Sword Boomerang"],"picked":"Entrench","floor":7.0},{"not_picked":["Combust","Armaments","Metallicize"],"picked":"SKIP","floor":12.0},{"not_picked":["Clash","Rampage","Cleave"],"picked":"SKIP","floor":13.0}],"player_experience":723279,"relics_obtained":[{"floor":7.0,"key":"Lantern"},{"floor":9.0,"key":"Smiling Mask"}],"event_choices":[{"damage_healed":0.0,"max_hp_gain":0.0,"max_hp_loss":0.0,"gold_gain":0.0,"event_name":"Upgrade Shrine","player_choice":"Upgraded","floor":2.0,"gold_loss":0.0,"damage_taken":0.0,"cards_upgraded":["Perfected Strike"]},{"damage_healed":0.0,"max_hp_gain":0.0,"max_hp_loss":0.0,"gold_gain":0.0,"event_name":"Shining Light","player_choice":"Entered Light","floor":8.0,"gold_loss":0.0,"damage_taken":20.0,"cards_upgraded":["Bash","Strike_R"]},{"cards_removed":["Defend_R"],"damage_healed":0.0,"max_hp_gain":0.0,"max_hp_loss":0.0,"gold_gain":0.0,"event_name":"Golden Wing","player_choice":"Card Removal","floor":10.0,"gold_loss":0.0,"damage_taken":7.0},{"damage_healed":0.0,"max_hp_gain":0.0,"max_hp_loss":0.0,"gold_gain":0.0,"event_name":"Lab","player_choice":"Got Potions","floor":11.0,"gold_loss":0.0,"damage_taken":0.0}],"is_beta":false,"boss_relics":[],"items_purged_floors":[3,5],"is_endless":false,"potions_floor_spawned":[7,12],"killed_by":"3 Sentries","ascension_level":20}}