{"host":"gfmw02tnhhvp9jba","time":1611344353,"event":{"mods":["AchievementEnabler","BaseMod","Colored Map","Downfall","Highlight Path","Minty Spire (QoL Compilation)","StSLib"],"gold_per_floor":[99,99,125,125,145,176,176,191,191,202,228,228,128,144,157,157,157,157],"floor_reached":16,"language":"ENG","playtime":431,"items_purged":[],"score":100,"play_id":"de1bf241-12fb-4b3f-8f25-f8d6c8c90664","local_time":"20210122203913","is_ascension_mode":false,"campfire_choices":[{"floor":1,"key":"DIG"},{"floor":13,"key":"REST"}],"circlet_count":0,"master_deck":["Slimebound:Strike_Slimebound+1","Slimebound:Strike_Slimebound","Slimebound:Tackle","Slimebound:Defend_Slimebound","Slimebound:Defend_Slimebound","Slimebound:Defend_Slimebound","Slimebound:Defend_Slimebound+1","Slimebound:Split","Slimebound:CorrosiveSpit+1","Injury","downfall:Malfunctioning","Slimebound:Split","Slimebound:LeadByExample","Slimebound:LeechEnergy","Slimebound:OneTwoCombo","Slimebound:Equalize","Slimebound:RejuvenatingLick"],"relics":["Slimebound:AbsorbEndCombat","Shovel","Bronze Scales","Tiny Chest","Du-Vu Doll","HornCleat","Happy Flower","downfall:HeartBlessingGreen"],"acts_visited":["Exordium"],"potions_floor_usage":[16,16],"damage_taken":[{"damage":4,"enemies":"2 Louse","floor":5,"turns":3},{"damage":57,"enemies":"Gremlin Nob","floor":6,"turns":5},{"damage":6,"enemies":"Jaw Worm","floor":8,"turns":3},{"damage":0,"enemies":"Small Slimes","floor":10,"turns":3},{"damage":21,"enemies":"Exordium Thugs","floor":14,"turns":3},{"damage":6,"enemies":"2 Fungi Beasts","floor":15,"turns":2},{"damage":21,"enemies":"WA_ARCHETYPE_RETAIN","floor":16,"turns":6}],"seed_played":"6353014083439760659","potions_obtained":[{"floor":5,"key":"Energy Potion"},{"floor":6,"key":"Block Potion"},{"floor":10,"key":"Block Potion"}],"is_trial":false,"path_per_floor":["R","?","T","?","M","E","T","M","?","M","T","?","R","M","M","B"],"character_chosen":"SLIMEBOUND","items_purchased":[],"campfire_rested":1,"item_purchase_floors":[],"current_hp_per_floor":[65,65,65,65,61,12,12,10,10,12,12,12,31,14,8,0,0,0],"gold":157,"neow_bonus":"ONE_RARE_RELIC","is_daily":false,"chose_seed":false,"campfire_upgraded":0,"win_rate":0.0,"timestamp":1611344353,"path_taken":["R","?","?","?","M","E","T","?","?","M","?","?","R","M","M","BOSS"],"items_purchased_type":[],"build_version":"2020-12-22","purchased_purges":0,"victory":false,"max_hp_per_floor":[65,65,65,65,65,65,65,65,65,65,65,65,65,65,65,65,65,65],"card_choices":[{"not_picked":["Slimebound:LeechingTouch","Slimebound:FormOfPuddle"],"picked":"Slimebound:LeadByExample","floor":5},{"not_picked":["Slimebound:Chomp","Slimebound:FlameTackle"],"picked":"Slimebound:LeechEnergy","floor":6},{"not_picked":["Slimebound:DisruptingSlam","Slimebound:RollThrough","Slimebound:AcidTongue"],"picked":"SKIP","floor":8},{"not_picked":["Slimebound:ItLooksTasty","Slimebound:RainOfGoop"],"picked":"Slimebound:OneTwoCombo","floor":10},{"not_picked":["Slimebound:SplitMire","Slimebound:GoopSpray"],"picked":"Slimebound:Equalize","floor":14},{"not_picked":["Slimebound:SamplingLick","Slimebound:GoopSpray"],"picked":"Slimebound:RejuvenatingLick","floor":15}],"player_experience":52804,"relics_obtained":[{"floor":1,"key":"Bronze Scales"},{"floor":3,"key":"Tiny Chest"},{"floor":6,"key":"Du-Vu Doll"},{"floor":7,"key":"HornCleat"},{"floor":11,"key":"Happy Flower"}],"event_choices":[{"cards_removed":["Slimebound:Strike_Slimebound"],"damage_healed":0,"gold_gain":0,"player_choice":"Card Removal","damage_taken":0,"max_hp_gain":0,"max_hp_loss":0,"event_name":"The Cleric","floor":12,"gold_loss":0}],"is_beta":false,"boss_relics":[],"items_purged_floors":[],"is_endless":false,"potions_floor_spawned":[5,6,10],"killed_by":"WA_ARCHETYPE_RETAIN","ascension_level":0}}