{"host":"rjfefv2ruvigm2gb","time":1611308422,"event":{"mods":["A Penny For Your Troubles","Act Like it!","AlwaysNeverKeys","BaseMod","Better Third Choice","Block Reminder","Conspire","Curses Come First","Displayed Cursed Tome","Elementarium","Evolution","Fox Events","Gensokyo","Gold Saver","Googly Eyes","Hermit","HexUI Lib","Hubris","Infinite Spire","Ironclad Rager","JesterMod","Luminous","Mimic Mod","Minty Spire (QoL Compilation)","Permanent Neow","Poor People Problems","QueenMod","Quick Restart","Relic Filter","Relic Stats","Replay The Spire","Retaliation","Shade Mod","Shop Mod","StS++","StSLib","SuperFastMode","The Blue Laboratory","The Clintock","The Sage","TheHero","Thieving Mod","Uncapped","Virulent Crown","Watcher Patcher"],"gold_per_floor":[244,262,262,273,273,273,291,76,101,112,112,147,158,176,176,275,275,290,290,205,220,238,238,255,255,336,365,365,381,381,399,399,503,503,517,517,517,36,54,54,329,329,355,366,366,666,490,313,313,314,314,314,163,163,163],"floor_reached":54,"language":"ENG","playtime":3281,"items_purged":["Regret"],"score":657,"play_id":"74e8ba98-c92c-4bcc-8b17-376e98fd3cfe","local_time":"20210122034022","is_ascension_mode":false,"campfire_choices":[{"data":"Shade:FleshLikeOak","floor":6.0,"key":"SMITH"},{"data":"Shade:OfferingToTheBeyond","floor":11.0,"key":"SMITH"},{"data":"Shade:SoulPierce","floor":15.0,"key":"SMITH"},{"data":"Shade:AnimateDead","floor":23.0,"key":"SMITH"},{"floor":25.0,"key":"REST"},{"data":"Shade:Brains","floor":28.0,"key":"SMITH"},{"data":"Shade:SkeletonArmy","floor":32.0,"key":"SMITH"},{"data":"Shade:Trample","floor":40.0,"key":"SMITH"},{"data":"Shade:SensePrey","floor":42.0,"key":"SMITH"},{"floor":49.0,"key":"REST"},{"data":"Apotheosis","floor":52,"key":"SMITH"}],"circlet_count":0,"master_deck":["Shade:Strike_Shade","Shade:Strike_Shade","Shade:Strike_Shade","Shade:Strike_Shade","Shade:Defend_Shade","Shade:Defend_Shade","Shade:Defend_Shade","Shade:Defend_Shade","Shade:AnimateDead+1","Shade:CarefulCut","Shade:FreshBones","Shade:CoffinDance+1","Shade:FleshLikeOak+1","Shade:SkeletonHug","Shade:OfferingToTheBeyond+1","Shade:SensePrey+1","Shade:CommandSoldier","Shade:WallOfFlesh","Shade:FleshOffering","Shade:SoulPierce+1","Shade:Consume","Shade:Carnophage+1","Shade:Trample+1","Shade:GreyBargain+1","Shade:Brains+1","Shade:SkeletonArmy+1","Shade:DangerousRitual+1","Shade:Putrefaction","Shade:OpenGraves","Shade:FreshBones+1","Shade:OpenGraves","Apotheosis+1","Shade:SoulPierce+1"],"relics":["Shade:YorickSkull","EVO:Axolotl","hubris:Towel","Vajra","WingedGreaves","jesterMod:MachoBrace","infinitespire:Bottled Soul","Eternal Feather","Gremlin Food","Busted Crown","Bloody Idol","HornCleat","conspire:TreasureMap","Unceasing Top","Old Coin","BargainBundle","Durian","DollysMirror"],"acts_visited":["Exordium","TheCity","TheBeyond","TheEnding"],"potions_floor_usage":[50,54],"damage_taken":[{"damage":3.0,"enemies":"Jaw Worm","floor":1.0,"turns":3.0},{"damage":0.0,"enemies":"Small Slimes","floor":2.0,"turns":3.0},{"damage":0.0,"enemies":"Cultist","floor":4.0,"turns":3.0},{"damage":0.0,"enemies":"Exordium Thugs","floor":7.0,"turns":4.0},{"damage":0.0,"enemies":"Exordium Wildlife","floor":10.0,"turns":3.0},{"damage":10.0,"enemies":"Lagavulin","floor":12.0,"turns":5.0},{"damage":0.0,"enemies":"Blue Slaver","floor":13.0,"turns":3.0},{"damage":6.0,"enemies":"Red Slaver","floor":14.0,"turns":3.0},{"damage":8.0,"enemies":"Hexaghost","floor":16.0,"turns":9.0},{"damage":12.0,"enemies":"Shell Parasite","floor":18.0,"turns":5.0},{"damage":0.0,"enemies":"conspire:FuzzyDice","floor":21.0,"turns":2.0},{"damage":2.0,"enemies":"Snake Plant","floor":22.0,"turns":5.0},{"damage":6.0,"enemies":"Snecko","floor":24.0,"turns":4.0},{"damage":8.0,"enemies":"conspire:Head Lice","floor":27.0,"turns":6.0},{"damage":3.0,"enemies":"3 Cultists","floor":29.0,"turns":6.0},{"damage":2.0,"enemies":"Shelled Parasite and Fungi","floor":31.0,"turns":4.0},{"damage":14.0,"enemies":"hubris:MusketHawk","floor":33.0,"turns":8.0},{"damage":10.0,"enemies":"Orb Walker","floor":35.0,"turns":4.0},{"damage":25.0,"enemies":"3 Darklings","floor":39.0,"turns":6.0},{"damage":49.0,"enemies":"Spire Growth","floor":44.0,"turns":7.0},{"damage":38,"enemies":"Time Eater","floor":50,"turns":11},{"damage":74,"enemies":"Shield and Spear","floor":54,"turns":5}],"seed_played":"4388418407432661303","potions_obtained":[{"floor":7.0,"key":"Explosive Potion"},{"floor":12.0,"key":"Strength Potion"},{"floor":13.0,"key":"blueLaboratory:BottleOfVodka"},{"floor":24.0,"key":"blueLaboratory:HummingbirdPotion"},{"floor":27.0,"key":"Regen Potion"},{"floor":33.0,"key":"blueLaboratory:NullPotion"},{"floor":35.0,"key":"Explosive Potion"},{"floor":39.0,"key":"Adrenaline Potion"}],"is_trial":false,"path_per_floor":["M","M","?","M","?","R","M","$","T","M","R","E","M","M","R","B",null,"M","?","?","M","M","R","M","R","T","E","R","M","?","M","R","B",null,"M","?","?","$","M","R","?","R","T","M","?","AVR","$","$","R","B",null,"R","$","E"],"character_chosen":"SHADE","items_purchased":["Shade:OfferingToTheBeyond","Shade:SensePrey","Bloody Idol","HornCleat","Shade:OpenGraves","blueLaboratory:FruitPreserves","Shade:OpenGraves","BargainBundle","Apotheosis","Durian","DollysMirror"],"campfire_rested":2,"item_purchase_floors":[8,8,38,38,38,47,47,48,48,48,53],"current_hp_per_floor":[68,68,68,68,68,68,68,68,68,68,68,58,58,52,52,44,71,59,59,59,59,57,57,51,71,71,63,71,68,68,71,71,57,71,61,61,61,61,41,59,64,67,67,23,23,28,28,33,72,39,72,72,72,0,0],"gold":163,"neow_bonus":"TEN_PERCENT_HP_BONUS","is_daily":false,"chose_seed":false,"campfire_upgraded":9,"win_rate":0.0,"timestamp":1611308422,"path_taken":["M","M","?","M","?","R","M","?","T","?","R","E","M","M","R","BOSS","M","?","?","M","M","R","?","R","T","E","R","M","?","M","R","BOSS","M","?","?","$","M","R","?","R","T","?","?","AVR","?","$","R","BOSS","R","$","E"],"items_purchased_type":["Card","Card","Relic","Relic","Card","Potion","Card","Relic","Card","Relic","Relic"],"build_version":"2020-12-22","purchased_purges":1,"victory":false,"max_hp_per_floor":[71,71,71,71,71,71,71,71,71,71,71,71,71,71,71,71,71,71,71,71,71,71,71,71,71,71,71,71,71,71,71,71,71,71,71,71,67,67,67,67,67,67,67,67,67,67,67,72,72,72,72,72,72,72,72],"relic_stats":{"Busted Crown":24,"counters":[22,103],"Bloody Idol":25,"Eternal Feather":47,"obtain_stats":[{"Gremlin Food":27,"conspire:TreasureMap":43,"BargainBundle":48,"Shade:YorickSkull":0,"jesterMod:MachoBrace":17,"Vajra":9,"Eternal Feather":26,"EVO:Axolotl":0,"hubris:Towel":3,"Old Coin":46,"Busted Crown":34,"HornCleat":38,"infinitespire:Bottled Soul":20,"DollysMirror":53,"Bloody Idol":38,"WingedGreaves":12,"Durian":48,"Unceasing Top":45},{"Gremlin Food":14,"conspire:TreasureMap":19,"BargainBundle":20,"Shade:YorickSkull":0,"jesterMod:MachoBrace":9,"Vajra":4,"Eternal Feather":13,"EVO:Axolotl":0,"hubris:Towel":2,"Old Coin":20,"Busted Crown":17,"HornCleat":18,"infinitespire:Bottled Soul":10,"DollysMirror":21,"Bloody Idol":18,"WingedGreaves":6,"Durian":20,"Unceasing Top":20},{"Gremlin Food":54,"conspire:TreasureMap":80,"BargainBundle":87,"Shade:YorickSkull":0,"jesterMod:MachoBrace":36,"Vajra":13,"Eternal Feather":49,"EVO:Axolotl":0,"hubris:Towel":6,"Old Coin":87,"Busted Crown":71,"HornCleat":75,"infinitespire:Bottled Soul":40,"DollysMirror":98,"Bloody Idol":75,"WingedGreaves":21,"Durian":87,"Unceasing Top":87}],"Unceasing Top":[5]},"card_choices":[{"not_picked":["Shade:SkeletonHug","Shade:FuneraryJewels"],"picked":"Shade:FreshBones","floor":1.0},{"not_picked":["Shade:ScuttlingHand","Shade:FingerOfDeath"],"picked":"Shade:CoffinDance","floor":2.0},{"not_picked":["Shade:FleshToFlesh","Shade:BoneShards"],"picked":"Shade:FleshLikeOak","floor":4.0},{"not_picked":["Shade:Patience","Shade:SpontaneousRitual"],"picked":"Shade:SkeletonHug","floor":7.0},{"not_picked":["Shade:OneIsEnough","Shade:Bonestorm"],"picked":"Shade:CommandSoldier","floor":10.0},{"not_picked":["Shade:LoseControl","Shade:FreshBones"],"picked":"Shade:WallOfFlesh","floor":12.0},{"not_picked":["Shade:FuneraryArmor","Shade:CoffinDance"],"picked":"Shade:FleshOffering","floor":13.0},{"not_picked":["Shade:DangerousRitual","Shade:Bonestorm"],"picked":"Shade:SoulPierce","floor":14.0},{"not_picked":["Shade:OneIsEnough","Shade:OfferingToTheBeyond"],"picked":"Shade:Consume","floor":16.0},{"not_picked":["Shade:ClawBack","Shade:DangerousRitual","Shade:CallOfTheGrave+1"],"picked":"SKIP","floor":18.0},{"not_picked":["Shade:WallOfFlesh+1","Shade:CoffinDance+1"],"picked":"Shade:Carnophage","floor":21.0},{"not_picked":["Shade:FeralStrike","Shade:BoneShards"],"picked":"Shade:Trample","floor":22.0},{"not_picked":["Shade:FreshBones","Shade:GoDigging+1"],"picked":"Shade:GreyBargain+1","floor":24.0},{"not_picked":["Shade:GoDigging","Shade:FreshBones"],"picked":"Shade:Brains","floor":27.0},{"not_picked":["Shade:CallOfTheGrave","Shade:FleshToFlesh"],"picked":"Shade:SkeletonArmy","floor":29.0},{"not_picked":["Shade:WallOfFlesh","Shade:FleshToFlesh"],"picked":"Shade:DangerousRitual+1","floor":31.0},{"not_picked":["Shade:SelfBurial","Shade:GreaterAnimation"],"picked":"Shade:Putrefaction","floor":33.0},{"not_picked":["Shade:ClawBack"],"picked":"SKIP","floor":35.0},{"not_picked":[],"picked":"Shade:FreshBones+1","floor":39.0},{"not_picked":["Shade:Asphyxiate"],"picked":"SKIP","floor":44.0}],"player_experience":1013671,"relics_obtained":[{"floor":9.0,"key":"Vajra"},{"floor":12.0,"key":"WingedGreaves"},{"floor":26.0,"key":"Eternal Feather"},{"floor":27.0,"key":"Gremlin Food"},{"floor":43.0,"key":"conspire:TreasureMap"}],"event_choices":[{"damage_healed":0.0,"max_hp_gain":0.0,"max_hp_loss":0.0,"gold_gain":0.0,"event_name":"Vampires","player_choice":"Ignored","floor":19.0,"gold_loss":0.0,"damage_taken":0.0},{"damage_healed":0.0,"max_hp_gain":0.0,"max_hp_loss":0.0,"gold_gain":0.0,"event_name":"Addict","player_choice":"Obtained Relic","floor":20.0,"gold_loss":85.0,"damage_taken":0.0,"relics_obtained":["infinitespire:Bottled Soul"]},{"damage_healed":0.0,"max_hp_gain":0.0,"max_hp_loss":0.0,"gold_gain":0.0,"event_name":"Purifier","player_choice":"Ignored","floor":30.0,"gold_loss":0.0,"damage_taken":0.0},{"damage_healed":0.0,"max_hp_gain":0.0,"max_hp_loss":0.0,"gold_gain":0.0,"event_name":"conspire:Investor","player_choice":"Leave","floor":36.0,"gold_loss":0.0,"damage_taken":0.0},{"damage_healed":0.0,"max_hp_gain":0.0,"max_hp_loss":4.0,"gold_gain":0.0,"event_name":"Winding Halls","player_choice":"Max HP","floor":37.0,"gold_loss":0.0,"damage_taken":0.0},{"damage_healed":0.0,"max_hp_gain":0.0,"max_hp_loss":0.0,"gold_gain":275.0,"event_name":"Golden Shrine","player_choice":"Desecrate","floor":41.0,"gold_loss":0.0,"damage_taken":0.0,"cards_obtained":["Regret"]}],"is_beta":false,"boss_relics":[{"not_picked":["StSpp:FireArrow","Replay:Wanted Poster"],"picked":"jesterMod:MachoBrace"},{"not_picked":["hubris:VirtuousBlindfold","StSpp:PileOfSugar"],"picked":"Busted Crown"}],"items_purged_floors":[48],"is_endless":false,"potions_floor_spawned":[7,12,13,14,24,27,33,35,39],"killed_by":"Shield and Spear","ascension_level":0}}