{"host":"hcgx0xuxlgmwc1io","time":1611346622,"event":{"mods":["BaseMod","Downfall","Minty Spire (QoL Compilation)","StSLib","The Cursed"],"gold_per_floor":[99,117,136,136,149,149,203,229,250,270,290,390,390,413,425,536,536,536,536,558,558,585,603,603,703,724,767,767,26,26,69,92,196,196,96,96,121,121,141,154,181,195,105,122,22,73,73,93,108,108,108,108],"floor_reached":50,"language":"ENG","playtime":3309,"items_purged":["Pride"],"score":540,"play_id":"d9bc0e62-85e2-45d0-a697-c8392d5eecee","local_time":"20210122171702","is_ascension_mode":false,"campfire_choices":[{"data":"hexamod:Sear","floor":1,"key":"SMITH"},{"data":"hexamod:SpectersWail","floor":6,"key":"SMITH"},{"data":"hexamod:NightmareStrike","floor":13,"key":"SMITH"},{"data":"hexamod:SoulSteal","floor":18,"key":"SMITH"},{"floor":28,"key":"REST"},{"data":"Apotheosis","floor":30,"key":"SMITH"},{"floor":35,"key":"RECALL"},{"floor":45,"key":"REST"},{"floor":47,"key":"REST"}],"circlet_count":0,"master_deck":["hexamod:Strike","hexamod:Strike+1","hexamod:Strike+1","hexamod:Defend","hexamod:Defend+1","hexamod:Defend+1","hexamod:Defend+1","hexamod:Sear+1","hexamod:Float+1","hexamod:RainOfEmbers+1","hexamod:RetreatToShadows+1","hexamod:SpectersWail+1","hexamod:SoulSteal+1","hexamod:NightmareStrike+1","hexamod:FastForward+1","hexamod:ShieldOfDarkness+1","hexamod:EmpoweredFlame+1","hexamod:BurningTouch+1","hexamod:NightmareGuise+1","hexamod:BacktrackSmack+1","hexamod:AdvancingGuard","Apotheosis+1","hexamod:SwordOfDarkness+1","hexamod:ParanormalForm","hexamod:AdvancingGuard+1","hexamod:SwordOfDarkness+1","hexamod:ShieldOfDarkness+1","hexamod:HeatMetal+1","hexamod:ShieldOfDarkness","hexamod:GhostShield+1","hexamod:SwordOfDarkness+1","hexamod:UnlimitedPower","hexamod:NightmareStrike+1","hexamod:GhostOfSpireFuture+1"],"relics":["hexamod:SpiritBrand","MealTicket","hexamod:SoulConsumer","Velvet Choker","TungstenRod","Bird Faced Urn","Orichalcum","Matryoshka","Pen Nib","Frozen Eye","War Paint","Fusion Hammer","downfall:HeartBlessingGreen","hexamod:TheBrokenSeal","Centennial Puzzle","Whetstone","downfall:HeartBlessingRed","Pocketwatch"],"acts_visited":["Exordium","TheCity","TheBeyond"],"potions_floor_usage":[16,16,16,22,31,31,33,39,50,50,50],"damage_taken":[{"damage":0,"enemies":"2 Louse","floor":2,"turns":3},{"damage":0,"enemies":"Cultist","floor":3,"turns":3},{"damage":0,"enemies":"Small Slimes","floor":5,"turns":2},{"damage":13,"enemies":"Lagavulin","floor":8,"turns":5},{"damage":9,"enemies":"Exordium Thugs","floor":9,"turns":4},{"damage":6,"enemies":"Blue Slaver","floor":10,"turns":3},{"damage":4,"enemies":"2 Fungi Beasts","floor":11,"turns":3},{"damage":17,"enemies":"Exordium Thugs","floor":14,"turns":4},{"damage":9,"enemies":"Blue Slaver","floor":15,"turns":2},{"damage":13,"enemies":"IC_STATUS_ARCHETYPE","floor":16,"turns":7},{"damage":13,"enemies":"3 Byrds","floor":20,"turns":3},{"damage":6,"enemies":"Chosen","floor":22,"turns":5},{"damage":2,"enemies":"Snake Plant","floor":23,"turns":4},{"damage":32,"enemies":"Chosen and Byrds","floor":26,"turns":7},{"damage":39,"enemies":"Gremlin Leader","floor":27,"turns":8},{"damage":1,"enemies":"downfall:FleeingMerchant","floor":29,"turns":4},{"damage":18,"enemies":"Slavers","floor":31,"turns":4},{"damage":0,"enemies":"Centurion and Healer","floor":32,"turns":5},{"damage":62,"enemies":"DF_ARCHETYPE_CLAW","floor":33,"turns":10},{"damage":17,"enemies":"3 Shapes","floor":37,"turns":7},{"damage":41,"enemies":"3 Darklings","floor":39,"turns":8},{"damage":0,"enemies":"Maw","floor":40,"turns":7},{"damage":14,"enemies":"Transient","floor":42,"turns":5},{"damage":0,"enemies":"downfall:FleeingMerchant","floor":43,"turns":4},{"damage":2,"enemies":"Jaw Worm Horde","floor":44,"turns":4},{"damage":0,"enemies":"2 Orb Walkers","floor":46,"turns":4},{"damage":6,"enemies":"4 Shapes","floor":48,"turns":4},{"damage":3,"enemies":"Transient","floor":49,"turns":5},{"damage":92,"enemies":"WA_ARCHETYPE_DIVINITY","floor":50,"turns":9}],"seed_played":"802102823064433362","potions_obtained":[{"floor":3,"key":"Energy Potion"},{"floor":5,"key":"SneckoOil"},{"floor":8,"key":"hexamod:EctoCoolerPotion"},{"floor":20,"key":"hexamod:SoulburnPotion"},{"floor":27,"key":"Guardian:BlockOnCardUsePotion"},{"floor":29,"key":"ColorlessPotion"},{"floor":32,"key":"Strength Potion"},{"floor":33,"key":"Fire Potion"},{"floor":33,"key":"Ancient Potion"},{"floor":37,"key":"Explosive Potion"},{"floor":39,"key":"SteroidPotion"},{"floor":40,"key":"Fire Potion"},{"floor":44,"key":"hexamod:InfernoChargePotion"}],"is_trial":false,"path_per_floor":["R","M","M","?","M","R","T","E","M","M","M","?","R","M","M","B",null,"R","?","M","?","M","M","T","?","M","E","R","$","R","E","M","B",null,"R","?","M","?","M","M","T","M","$","M","R","?","R","M","M","B"],"character_chosen":"THE_SPIRIT","items_purchased":["Matryoshka","Pen Nib","Frozen Eye","Apotheosis"],"campfire_rested":3,"item_purchase_floors":[29,29,29,29],"current_hp_per_floor":[77,77,77,77,77,77,77,64,59,57,60,60,60,50,48,46,77,77,77,75,75,77,77,77,77,62,42,65,77,77,59,76,31,77,77,77,75,75,87,87,87,77,87,85,87,87,87,85,87,0,0,0],"gold":108,"neow_bonus":"TEN_PERCENT_HP_BONUS","is_daily":false,"chose_seed":false,"campfire_upgraded":5,"win_rate":0.0,"timestamp":1611346622,"path_taken":["R","M","M","?","?","R","T","E","M","M","M","?","R","M","M","BOSS","R","?","M","?","M","M","T","?","M","E","R","$","R","E","M","BOSS","R","?","M","?","M","M","T","M","$","?","R","?","R","M","M","BOSS"],"items_purchased_type":["Relic","Relic","Relic","Card"],"build_version":"2020-12-22","purchased_purges":1,"victory":false,"max_hp_per_floor":[77,77,77,77,77,77,77,77,77,77,77,77,77,77,77,77,77,77,77,77,77,77,77,77,77,77,77,77,77,77,77,77,77,77,77,77,77,77,87,87,87,87,87,87,87,87,87,87,87,87,87,87],"card_choices":[{"not_picked":["hexamod:ShieldOfDarkness","hexamod:PhantomFireball"],"picked":"hexamod:RainOfEmbers","floor":2},{"not_picked":["hexamod:GhostShield","hexamod:BurningTouch"],"picked":"hexamod:RetreatToShadows","floor":3},{"not_picked":["hexamod:FastForward","hexamod:EtherealExpedition"],"picked":"hexamod:SpectersWail","floor":5},{"not_picked":["hexamod:NightmareGuise","hexamod:SpectersWail"],"picked":"hexamod:SecondSeal","floor":8},{"not_picked":["hexamod:NightmareGuise","hexamod:GhostLash"],"picked":"hexamod:SoulSteal","floor":9},{"not_picked":["hexamod:FastForward","hexamod:HeatCrush"],"picked":"hexamod:FirstSeal","floor":10},{"not_picked":["hexamod:ExtraCrispy","hexamod:RecurringNightmare"],"picked":"hexamod:NightmareStrike","floor":11},{"not_picked":["hexamod:Firestarter","hexamod:GhostLash"],"picked":"hexamod:FastForward","floor":14},{"not_picked":["hexamod:SpectersWail","hexamod:GhostLash"],"picked":"hexamod:ShieldOfDarkness","floor":15},{"not_picked":["hexamod:SearingWound","hexamod:VolcanoVisage"],"picked":"hexamod:SixthSeal","floor":16},{"not_picked":["hexamod:GhostLash","hexamod:HeatShield"],"picked":"hexamod:EmpoweredFlame+1","floor":20},{"not_picked":["hexamod:FastForward+1","hexamod:Firestarter"],"picked":"hexamod:BurningTouch+1","floor":22},{"not_picked":["hexamod:NightmareStrike","hexamod:SpectersWail"],"picked":"hexamod:NightmareGuise","floor":23},{"not_picked":["hexamod:SecondSeal","hexamod:ThermalTransfer"],"picked":"hexamod:BacktrackSmack","floor":26},{"not_picked":["hexamod:HexaLevel","hexamod:BurningTouch"],"picked":"hexamod:FourthSeal","floor":27},{"not_picked":["hexamod:FourthSeal","hexamod:ThermalTransfer"],"picked":"hexamod:AdvancingGuard","floor":29},{"not_picked":["hexamod:FirstSeal","hexamod:NightmareGuise+1"],"picked":"hexamod:SwordOfDarkness","floor":31},{"not_picked":["hexamod:PhantomCloak+1","hexamod:BurningTouch"],"picked":"hexamod:ParanormalForm","floor":32},{"not_picked":["hexamod:UnlimitedPower","hexamod:TimeWarp"],"picked":"hexamod:FifthSeal","floor":33},{"not_picked":["hexamod:SecondSeal","hexamod:FirstSeal"],"picked":"hexamod:ThirdSeal","floor":37},{"not_picked":["hexamod:GhostShield+1","hexamod:SpectersWail+1"],"picked":"hexamod:AdvancingGuard+1","floor":37},{"not_picked":["hexamod:HauntingEcho","hexamod:HeatMetal+1"],"picked":"hexamod:ShieldOfDarkness+1","floor":39},{"not_picked":["hexamod:ParanormalForm","hexamod:SpectersWail"],"picked":"hexamod:HeatMetal+1","floor":40},{"not_picked":["hexamod:Hexaguard+1","hexamod:BacktrackSmack+1"],"picked":"hexamod:ShieldOfDarkness","floor":42},{"not_picked":["hexamod:BacktrackSmack","hexamod:Hexaguard"],"picked":"hexamod:GhostShield+1","floor":43},{"not_picked":["hexamod:CatchUp","hexamod:GhostLash+1"],"picked":"hexamod:SwordOfDarkness+1","floor":44},{"not_picked":["hexamod:ThermalTransfer","hexamod:Haunt"],"picked":"hexamod:UnlimitedPower","floor":46},{"not_picked":["hexamod:FirstSeal","hexamod:Firestarter"],"picked":"hexamod:NightmareStrike+1","floor":48},{"not_picked":["hexamod:SpectersWail+1","hexamod:Again"],"picked":"hexamod:GhostOfSpireFuture+1","floor":49}],"player_experience":5162,"relics_obtained":[{"floor":7,"key":"MealTicket"},{"floor":8,"key":"hexamod:SoulConsumer"},{"floor":24,"key":"Bird Faced Urn"},{"floor":27,"key":"Orichalcum"},{"floor":31,"key":"War Paint"},{"floor":41,"key":"Centennial Puzzle"},{"floor":41,"key":"Whetstone"},{"floor":46,"key":"Pocketwatch"}],"event_choices":[{"damage_healed":0,"gold_gain":0,"player_choice":"Stole Relic","damage_taken":0,"relics_obtained":["TungstenRod"],"max_hp_gain":0,"max_hp_loss":0,"event_name":"Addict","floor":21,"gold_loss":0,"cards_obtained":["Pride"]},{"damage_healed":0,"gold_gain":0,"player_choice":"Fight","damage_taken":0,"max_hp_gain":0,"max_hp_loss":0,"event_name":"Mysterious Sphere","floor":46,"gold_loss":0}],"is_beta":false,"boss_relics":[{"not_picked":["Black Star","Philosopher\u0027s Stone"],"picked":"Velvet Choker"},{"not_picked":["SacredBark","Runic Pyramid"],"picked":"Fusion Hammer"}],"items_purged_floors":[43],"is_endless":false,"potions_floor_spawned":[3,5,8,11,15,20,27,33,40,42,44,49],"killed_by":"WA_ARCHETYPE_DIVINITY","ascension_level":0}}