{"host":"rl55h36hts1vjtzv","time":1611278576,"event":{"mods":["BaseMod","Colored Powertips","Minty Spire (QoL Compilation)","Relic Stats"],"gold_per_floor":[19,36,55,55,55,55,73,89,171,194,213,213,249,270,270,398,398,411,411,432,357,357,386,386,411,411,440,458,458,493,504,504,603,603,616,636,636,686,686,713,729,729,729],"floor_reached":42,"language":"ZHS","playtime":4290,"items_purged":[],"score":667,"play_id":"fe99dda9-30a6-4107-b36a-b8b8293149bd","local_time":"20210122092256","is_ascension_mode":true,"campfire_choices":[{"floor":12.0,"key":"REST"},{"data":"Flex","floor":15.0,"key":"SMITH"},{"data":"Inflame","floor":24.0,"key":"SMITH"},{"data":"Warcry","floor":29.0,"key":"SMITH"},{"data":"Shrug It Off","floor":32.0,"key":"SMITH"}],"circlet_count":0,"master_deck":["Strike_R","Strike_R","Defend_R","Defend_R","Defend_R","Bash+1","Twin Strike+1","Flex+1","Intimidate","Shrug It Off+1","Headbutt","Iron Wave","Warcry+1","Inflame+1","Heavy Blade+1","Headbutt+1","Flex+1","Thunderclap+1","Iron Wave+1"],"relics":["Burning Blood","Bloody Idol","Gremlin Horn","Pocketwatch","Empty Cage","Blood Vial","Du-Vu Doll","Darkstone Periapt","Paper Frog","Frozen Egg 2","Champion Belt","Omamori"],"acts_visited":["Exordium","TheCity","TheBeyond"],"potions_floor_usage":[40,40],"damage_taken":[{"damage":6.0,"enemies":"Cultist","floor":1.0,"turns":4.0},{"damage":3.0,"enemies":"2 Louse","floor":2.0,"turns":2.0},{"damage":7.0,"enemies":"Jaw Worm","floor":3.0,"turns":3.0},{"damage":17.0,"enemies":"Large Slime","floor":7.0,"turns":6.0},{"damage":25.0,"enemies":"Lots of Slimes","floor":8.0,"turns":4.0},{"damage":10.0,"enemies":"Red Slaver","floor":10.0,"turns":3.0},{"damage":4.0,"enemies":"2 Fungi Beasts","floor":11.0,"turns":3.0},{"damage":15.0,"enemies":"3 Sentries","floor":13.0,"turns":6.0},{"damage":1.0,"enemies":"Blue Slaver","floor":14.0,"turns":3.0},{"damage":38.0,"enemies":"The Guardian","floor":16.0,"turns":10.0},{"damage":7.0,"enemies":"Chosen","floor":18.0,"turns":4.0},{"damage":3.0,"enemies":"Spheric Guardian","floor":20.0,"turns":3.0},{"damage":24.0,"enemies":"Book of Stabbing","floor":23.0,"turns":5.0},{"damage":0.0,"enemies":"Gremlin Leader","floor":25.0,"turns":5.0},{"damage":29.0,"enemies":"Book of Stabbing","floor":27.0,"turns":3.0},{"damage":12.0,"enemies":"Snake Plant","floor":28.0,"turns":4.0},{"damage":31.0,"enemies":"Slavers","floor":30.0,"turns":5.0},{"damage":7.0,"enemies":"Snecko","floor":31.0,"turns":3.0},{"damage":82.0,"enemies":"Champ","floor":33.0,"turns":9.0},{"damage":0.0,"enemies":"3 Shapes","floor":35.0,"turns":3.0},{"damage":32.0,"enemies":"3 Darklings","floor":36.0,"turns":4.0},{"damage":49.0,"enemies":"Mind Bloom Boss Battle","floor":38.0,"turns":6.0},{"damage":45,"enemies":"Nemesis","floor":40,"turns":7},{"damage":49,"enemies":"Maw","floor":41,"turns":7},{"damage":0,"enemies":"Spire Growth","floor":42,"turns":1}],"seed_played":"-5543038454245640752","potions_obtained":[{"floor":1.0,"key":"FairyPotion"},{"floor":3.0,"key":"EssenceOfSteel"},{"floor":6.0,"key":"Strength Potion"},{"floor":8.0,"key":"Explosive Potion"},{"floor":11.0,"key":"BloodPotion"},{"floor":16.0,"key":"Fire Potion"},{"floor":20.0,"key":"HeartOfIron"},{"floor":28.0,"key":"Fire Potion"},{"floor":30.0,"key":"PowerPotion"},{"floor":33.0,"key":"Energy Potion"},{"floor":36.0,"key":"BlessingOfTheForge"},{"floor":41,"key":"DuplicationPotion"}],"is_trial":false,"path_per_floor":["M","M","M","?","?","?","M","M","T","M","M","R","E","M","R","B",null,"M","?","M","?","?","E","R","E","T","E","M","R","E","M","R","B",null,"M","M","?","?","?","E","M","M"],"character_chosen":"IRONCLAD","items_purchased":[],"campfire_rested":1,"item_purchase_floors":[],"current_hp_per_floor":[96,96,95,76,52,52,41,22,22,18,20,48,39,44,44,12,96,95,95,96,96,96,83,83,96,96,78,79,79,61,67,67,17,96,96,75,75,39,44,12,20,22,22],"gold":729,"neow_bonus":"TWENTY_PERCENT_HP_BONUS","is_daily":false,"chose_seed":false,"campfire_upgraded":4,"win_rate":0.0,"timestamp":1611278576,"path_taken":["M","M","?","?","?","?","?","M","T","M","M","R","E","M","R","BOSS","M","?","?","?","?","E","R","E","T","E","M","R","E","M","R","BOSS","M","M","?","?","?","E","M","?"],"items_purchased_type":[],"build_version":"2020-12-22","purchased_purges":0,"victory":false,"max_hp_per_floor":[96,96,96,96,96,96,96,96,96,96,96,96,96,96,96,96,96,96,96,96,96,96,96,96,96,96,96,96,96,96,96,96,96,96,96,96,96,96,96,96,96,96,96],"relic_stats":{"Blood Vial":18,"Darkstone Periapt":0,"Gremlin Horn":[14,14],"counters":[25,113],"Bloody Idol":55,"Champion Belt":[5],"obtain_stats":[{"Darkstone Periapt":26,"Gremlin Horn":9,"Golden Idol":5,"Omamori":40,"Frozen Egg 2":30,"Empty Cage":17,"Burning Blood":0,"Blood Vial":23,"Du-Vu Doll":25,"Bloody Idol":22,"Champion Belt":38,"Pocketwatch":13,"Paper Frog":27},{"Darkstone Periapt":14,"Gremlin Horn":5,"Golden Idol":3,"Omamori":23,"Frozen Egg 2":17,"Empty Cage":10,"Burning Blood":0,"Blood Vial":13,"Du-Vu Doll":14,"Bloody Idol":12,"Champion Belt":22,"Pocketwatch":8,"Paper Frog":15},{"Darkstone Periapt":61,"Gremlin Horn":19,"Golden Idol":9,"Omamori":105,"Frozen Egg 2":73,"Empty Cage":44,"Burning Blood":0,"Blood Vial":56,"Du-Vu Doll":61,"Bloody Idol":51,"Champion Belt":98,"Pocketwatch":31,"Paper Frog":64}],"Burning Blood":133,"Pocketwatch":[96]},"card_choices":[{"not_picked":["Rampage","Thunderclap"],"picked":"Twin Strike","floor":1.0},{"not_picked":["True Grit","Wild Strike","Bloodletting"],"picked":"SKIP","floor":2.0},{"not_picked":["Perfected Strike","Sentinel"],"picked":"Flex","floor":3.0},{"not_picked":["Carnage","Clothesline"],"picked":"Intimidate","floor":7.0},{"not_picked":["Havoc","Thunderclap"],"picked":"Shrug It Off","floor":8.0},{"not_picked":["Rupture","Havoc"],"picked":"Headbutt","floor":10.0},{"not_picked":["Combust","Anger","Uppercut"],"picked":"SKIP","floor":11.0},{"not_picked":["Infernal Blade","Flex"],"picked":"Iron Wave","floor":13.0},{"not_picked":["Clash","Infernal Blade","Exhume"],"picked":"SKIP","floor":14.0},{"not_picked":["Havoc","Body Slam"],"picked":"Warcry","floor":18.0},{"not_picked":["Clash","Armaments"],"picked":"Inflame","floor":20.0},{"not_picked":["Battle Trance","Uppercut"],"picked":"Heavy Blade+1","floor":23.0},{"not_picked":["Sentinel","Havoc+1"],"picked":"Headbutt+1","floor":25.0},{"not_picked":["Headbutt","Havoc","Bludgeon"],"picked":"SKIP","floor":27.0},{"not_picked":["Perfected Strike","Clothesline"],"picked":"Flex+1","floor":28.0},{"not_picked":["Havoc+1","Iron Wave","Clothesline"],"picked":"SKIP","floor":30.0},{"not_picked":["Carnage","Power Through","Havoc"],"picked":"SKIP","floor":31.0},{"not_picked":["Thunderclap","Havoc"],"picked":"Flex","floor":35.0},{"not_picked":["Pommel Strike","True Grit"],"picked":"Thunderclap+1","floor":36.0},{"not_picked":["Bludgeon","Sword Boomerang"],"picked":"Iron Wave+1","floor":40},{"not_picked":["Sword Boomerang","Havoc+1","Pommel Strike"],"picked":"SKIP","floor":41}],"player_experience":92757,"relics_obtained":[{"floor":9.0,"key":"Gremlin Horn"},{"floor":13.0,"key":"Pocketwatch"},{"floor":23.0,"key":"Blood Vial"},{"floor":25.0,"key":"Du-Vu Doll"},{"floor":26.0,"key":"Darkstone Periapt"},{"floor":27.0,"key":"Paper Frog"},{"floor":30.0,"key":"Frozen Egg 2"},{"floor":38.0,"key":"Champion Belt"},{"floor":40,"key":"Omamori"}],"event_choices":[{"damage_healed":0.0,"max_hp_gain":0.0,"max_hp_loss":0.0,"gold_gain":0.0,"event_name":"Shining Light","player_choice":"Entered Light","floor":4.0,"gold_loss":0.0,"damage_taken":19.0,"cards_upgraded":["Twin Strike","Bash"]},{"damage_healed":0.0,"max_hp_gain":0.0,"max_hp_loss":0.0,"gold_gain":0.0,"event_name":"Golden Idol","player_choice":"Take Damage","floor":5.0,"gold_loss":0.0,"damage_taken":24.0,"relics_obtained":["Golden Idol"]},{"damage_healed":0.0,"max_hp_gain":0.0,"max_hp_loss":0.0,"gold_gain":0.0,"event_name":"Lab","player_choice":"Got Potions","floor":6.0,"gold_loss":0.0,"damage_taken":0.0},{"cards_removed":["Strike_R"],"damage_healed":0.0,"max_hp_gain":0.0,"max_hp_loss":0.0,"gold_gain":0.0,"event_name":"Purifier","player_choice":"Purged","floor":19.0,"gold_loss":0.0,"damage_taken":0.0},{"cards_removed":["Strike_R"],"damage_healed":0.0,"max_hp_gain":0.0,"max_hp_loss":0.0,"gold_gain":0.0,"event_name":"Beggar","player_choice":"Gave Gold","floor":21.0,"gold_loss":75.0,"damage_taken":0.0},{"damage_healed":0.0,"max_hp_gain":0.0,"max_hp_loss":0.0,"gold_gain":0.0,"event_name":"Forgotten Altar","player_choice":"Gave Idol","floor":22.0,"relics_lost":["Golden Idol"],"gold_loss":0.0,"damage_taken":0.0,"relics_obtained":["Bloody Idol"]},{"damage_healed":0.0,"max_hp_gain":0.0,"max_hp_loss":0.0,"gold_gain":0.0,"event_name":"Tomb of Lord Red Mask","player_choice":"Ignored","floor":37.0,"gold_loss":0.0,"damage_taken":0.0},{"damage_healed":0.0,"max_hp_gain":0.0,"max_hp_loss":0.0,"gold_gain":0.0,"event_name":"MindBloom","player_choice":"Fight","floor":38.0,"gold_loss":0.0,"damage_taken":0.0},{"cards_removed":["Flex"],"damage_healed":5.0,"max_hp_gain":0.0,"max_hp_loss":0.0,"gold_gain":0.0,"event_name":"Bonfire Elementals","player_choice":"Offered Common","floor":39.0,"gold_loss":0.0,"damage_taken":0.0},{"cards_removed":["Flex"],"damage_healed":5.0,"max_hp_gain":0.0,"max_hp_loss":0.0,"gold_gain":0.0,"event_name":"Bonfire Elementals","player_choice":"Offered Special","floor":39.0,"gold_loss":0.0,"damage_taken":0.0}],"is_beta":false,"boss_relics":[{"not_picked":["Snecko Eye","Tiny House"],"picked":"Empty Cage"},{"not_picked":["Calling Bell","Mark of Pain","Velvet Choker"]}],"items_purged_floors":[],"is_endless":false,"potions_floor_spawned":[1,3,8,11,16,20,28,30,33,36,41],"killed_by":"Spire Growth","ascension_level":4}}