{"host":"axuns55dzq466eei","time":1611325079,"event":{"mods":["BaseMod","Colored Map","Keyboard Shortcuts","Minty Spire (QoL Compilation)","StSLib","SuperFastMode"],"gold_per_floor":[118,136,286,3,3,36,36,48,72,90,131,152,152,180,180,266,325,351,190,105,118,143,143,158,158,158],"floor_reached":25,"language":"KOR","playtime":429,"items_purged":["Doubt","Strike_B"],"score":476,"play_id":"c2980000-094f-4cd5-9bde-c12f34f1d080","local_time":"20210122231759","is_ascension_mode":true,"campfire_choices":[{"data":"Chaos","floor":7,"key":"SMITH"},{"floor":13,"key":"REST"},{"data":"Multi-Cast","floor":15,"key":"SMITH"},{"data":"Consume","floor":23,"key":"SMITH"}],"circlet_count":0,"master_deck":["AscendersBane","Strike_B","Strike_B","Strike_B+1","Defend_B+1","Defend_B","Defend_B","Defend_B","Zap","Dualcast+1","Chaos+1","Undo","Ball Lightning","Lockon","Barrage","Redo","Multi-Cast+1","Creative AI","Storm","Consume+1"],"relics":["Cracked Core","NeowsBlessing","Membership Card","Bag of Preparation","Omamori","Potion Belt","CeramicFish","Tiny House","Runic Capacitor","Juzu Bracelet","Anchor"],"acts_visited":["Exordium","TheCity"],"potions_floor_usage":[11,12,16,21,24,25],"damage_taken":[{"damage":0,"enemies":"Small Slimes","floor":1,"turns":1},{"damage":0,"enemies":"2 Louse","floor":2,"turns":1},{"damage":0,"enemies":"Lagavulin","floor":6,"turns":1},{"damage":0,"enemies":"Jaw Worm","floor":8,"turns":3},{"damage":0,"enemies":"Exordium Thugs","floor":10,"turns":4},{"damage":12,"enemies":"3 Sentries","floor":11,"turns":6},{"damage":30,"enemies":"Gremlin Gang","floor":12,"turns":4},{"damage":7,"enemies":"2 Fungi Beasts","floor":14,"turns":3},{"damage":12,"enemies":"Hexaghost","floor":16,"turns":8},{"damage":18,"enemies":"Chosen","floor":18,"turns":4},{"damage":13,"enemies":"3 Byrds","floor":21,"turns":4},{"damage":7,"enemies":"Cultist and Chosen","floor":24,"turns":3},{"damage":23,"enemies":"Book of Stabbing","floor":25,"turns":5}],"seed_played":"8516529609830950037","potions_obtained":[{"floor":6,"key":"BlessingOfTheForge"},{"floor":11,"key":"SteroidPotion"},{"floor":12,"key":"Energy Potion"},{"floor":17,"key":"EssenceOfDarkness"},{"floor":18,"key":"Explosive Potion"},{"floor":24,"key":"Strength Potion"}],"is_trial":false,"path_per_floor":["M","M","?","$","?","E","R","M","T","M","E","M","R","M","R","B",null,"M","$","?","M","T","R","M","E"],"character_chosen":"DEFECT","items_purchased":["Membership Card","Bag of Preparation","Runic Capacitor","FocusPotion"],"campfire_rested":1,"item_purchase_floors":[4,4,19,19],"current_hp_per_floor":[64,64,64,64,43,43,43,43,43,43,31,1,22,15,15,3,59,41,41,41,28,28,28,21,0,0],"gold":158,"neow_bonus":"THREE_ENEMY_KILL","is_daily":false,"chose_seed":false,"campfire_upgraded":3,"win_rate":0.0,"timestamp":1611325079,"path_taken":["M","M","?","$","?","E","R","M","T","M","E","M","R","M","R","BOSS","M","$","?","M","?","R","M","E"],"items_purchased_type":["Relic","Relic","Relic","Potion"],"build_version":"2020-12-22","purchased_purges":2,"victory":false,"max_hp_per_floor":[71,71,71,71,71,71,71,71,71,71,71,71,71,71,71,71,76,76,76,76,76,76,76,76,76,76],"card_choices":[{"not_picked":["Coolheaded","Genetic Algorithm"],"picked":"Chaos","floor":1},{"not_picked":["Steam Power","Genetic Algorithm"],"picked":"Undo","floor":2},{"not_picked":["Melter","Genetic Algorithm"],"picked":"Ball Lightning","floor":6},{"not_picked":["Stack","Gash"],"picked":"Lockon","floor":8},{"not_picked":["Rebound","Reinforced Body","Steam Power"],"picked":"SKIP","floor":10},{"not_picked":["Streamline","FTL"],"picked":"Barrage","floor":11},{"not_picked":["Ball Lightning","Cold Snap"],"picked":"Redo","floor":12},{"not_picked":["Cold Snap","Stack"],"picked":"Multi-Cast","floor":14},{"not_picked":["Machine Learning","Fission"],"picked":"Creative AI","floor":16},{"not_picked":["Turbo","Reinforced Body"],"picked":"Storm","floor":17},{"not_picked":["Conserve Battery","Glacier"],"picked":"Consume","floor":18},{"not_picked":["Stack","Undo","Sweeping Beam"],"picked":"SKIP","floor":21},{"not_picked":["Rebound","Beam Cell","Go for the Eyes"],"picked":"SKIP","floor":24}],"player_experience":1099522,"relics_obtained":[{"floor":6,"key":"Omamori"},{"floor":9,"key":"Potion Belt"},{"floor":11,"key":"CeramicFish"},{"floor":22,"key":"Anchor"}],"event_choices":[{"damage_healed":0,"gold_gain":150,"player_choice":"AGREE","damage_taken":0,"max_hp_gain":0,"max_hp_loss":0,"event_name":"Liars Game","floor":3,"gold_loss":0,"cards_obtained":["Doubt"]},{"damage_healed":0,"gold_gain":0,"player_choice":"Entered Light","damage_taken":21,"max_hp_gain":0,"max_hp_loss":0,"event_name":"Shining Light","floor":5,"gold_loss":0,"cards_upgraded":["Defend_B","Strike_B"]},{"damage_healed":0,"gold_gain":0,"player_choice":"Obtained Relic","damage_taken":0,"relics_obtained":["Juzu Bracelet"],"max_hp_gain":0,"max_hp_loss":0,"event_name":"Addict","floor":20,"gold_loss":85}],"is_beta":false,"boss_relics":[{"not_picked":["Velvet Choker","Busted Crown"],"picked":"Tiny House"}],"items_purged_floors":[4,19],"is_endless":false,"potions_floor_spawned":[6,11,12,18,24],"killed_by":"Book of Stabbing","ascension_level":20}}