{"host":"bq4pt811tk9yrmjl","time":1611279822,"event":{"mods":["AchievementEnabler","BaseMod","Colored Map","Colored Powertips","Defuse TimeMaze Blight","Hermit","Minty Spire (QoL Compilation)","StSLib","SuperFastMode"],"gold_per_floor":[118,118,131,131,156,156,189,202,277,277,277,277,52,86,86,210,210,226,325,325,345,345,345,366,111,111,111,111,135,180,195,195,318,318,339,339,354,378,392,392,492,525,525,545,322,322,322,360,360,360,360,360,64,64,64],"floor_reached":54,"language":"ENG","playtime":1107,"items_purged":["True Grit"],"score":761,"play_id":"5aa6dceb-3cf7-420e-95d1-aadce26a2e13","local_time":"20210121234342","is_ascension_mode":true,"campfire_choices":[{"data":"Clash","floor":6.0,"key":"SMITH"},{"floor":10.0,"key":"RECALL"},{"data":"Iron Wave","floor":12.0,"key":"SMITH"},{"data":"Fire Breathing","floor":15.0,"key":"SMITH"},{"data":"Feel No Pain","floor":23.0,"key":"SMITH"},{"data":"Anger","floor":28.0,"key":"SMITH"},{"floor":32.0,"key":"REST"},{"floor":40.0,"key":"REST"},{"floor":47,"key":"REST"},{"floor":49,"key":"REST"},{"floor":52,"key":"REST"}],"circlet_count":0,"master_deck":["Strike_R+1","Strike_R+1","Strike_R+1","Strike_R+1","Strike_R+1","Defend_R+1","Defend_R+1","Defend_R+1","Defend_R+1","Bash+1","Rampage+1","Clash+1","Iron Wave+1","Feel No Pain+1","Fire Breathing+1","Necronomicurse","Anger+1","Metallicize+1","Flex+1","True Grit+1","Blood for Blood+1"],"relics":["Burning Blood","NeowsBlessing","Golden Idol","Bottled Flame","White Beast Statue","Torii","Lantern","InkBottle","Mark of Pain","Necronomicon","HornCleat","Meat on the Bone","Whetstone","Fusion Hammer","Lizard Tail","Boot","Pocketwatch","Happy Flower","Dream Catcher","Cauldron","Centennial Puzzle"],"acts_visited":["Exordium","TheCity","TheBeyond","TheEnding"],"potions_floor_usage":[42,42,44,48,50,50,54,54],"damage_taken":[{"damage":0.0,"enemies":"2 Louse","floor":1.0,"turns":1.0},{"damage":0.0,"enemies":"Jaw Worm","floor":3.0,"turns":1.0},{"damage":0.0,"enemies":"Gremlin Nob","floor":7.0,"turns":1.0},{"damage":2.0,"enemies":"Small Slimes","floor":8.0,"turns":4.0},{"damage":12.0,"enemies":"Lagavulin","floor":14.0,"turns":6.0},{"damage":26.0,"enemies":"Slime Boss","floor":16.0,"turns":9.0},{"damage":8.0,"enemies":"Shell Parasite","floor":18.0,"turns":4.0},{"damage":8.0,"enemies":"Spheric Guardian","floor":21.0,"turns":4.0},{"damage":10.0,"enemies":"Chosen and Byrds","floor":24.0,"turns":6.0},{"damage":21.0,"enemies":"Snake Plant","floor":29.0,"turns":4.0},{"damage":12.0,"enemies":"Cultist and Chosen","floor":31.0,"turns":5.0},{"damage":59.0,"enemies":"Automaton","floor":33.0,"turns":9.0},{"damage":12.0,"enemies":"3 Darklings","floor":35.0,"turns":5.0},{"damage":1.0,"enemies":"3 Shapes","floor":37.0,"turns":5.0},{"damage":17.0,"enemies":"Transient","floor":38.0,"turns":5.0},{"damage":21.0,"enemies":"Writhing Mass","floor":39.0,"turns":8.0},{"damage":7,"enemies":"Nemesis","floor":42,"turns":8},{"damage":6,"enemies":"Spire Growth","floor":44,"turns":5},{"damage":43,"enemies":"Reptomancer","floor":48,"turns":7},{"damage":99,"enemies":"Awakened One","floor":50,"turns":15},{"damage":38,"enemies":"Shield and Spear","floor":54,"turns":5}],"seed_played":"5178540749049515058","potions_obtained":[{"floor":7.0,"key":"FearPotion"},{"floor":14.0,"key":"SpeedPotion"},{"floor":16.0,"key":"Ancient Potion"},{"floor":18.0,"key":"Dexterity Potion"},{"floor":21.0,"key":"DuplicationPotion"},{"floor":24.0,"key":"DuplicationPotion"},{"floor":29.0,"key":"Energy Potion"},{"floor":31.0,"key":"GamblersBrew"},{"floor":33.0,"key":"DuplicationPotion"},{"floor":35.0,"key":"Ancient Potion"},{"floor":37.0,"key":"SteroidPotion"},{"floor":39.0,"key":"ColorlessPotion"},{"floor":42,"key":"Block Potion"},{"floor":44,"key":"Strength Potion"},{"floor":48,"key":"Dexterity Potion"},{"floor":53,"key":"Regen Potion"},{"floor":53,"key":"Fire Potion"},{"floor":53,"key":"Energy Potion"}],"is_trial":false,"path_per_floor":["M","?","M","?","T","R","E","M","T","R","T","R","$","E","R","B",null,"M","?","?","M","?","R","M","$","T","?","R","M","T","M","R","B",null,"M","?","M","M","M","R","?","E","T","M","$","?","R","E","R","B",null,"R","$","E"],"character_chosen":"IRONCLAD","items_purchased":["Lantern","Feel No Pain","HornCleat","Happy Flower","Cauldron","Centennial Puzzle"],"campfire_rested":5,"item_purchase_floors":[13,13,25,45,53,53],"current_hp_per_floor":[80,80,80,60,60,60,66,70,70,70,70,70,70,64,64,44,80,78,78,62,60,60,60,56,56,56,56,56,53,53,47,71,30,80,74,74,79,68,53,77,77,76,76,76,76,76,80,55,79,38,80,80,80,47,47],"gold":64,"neow_bonus":"THREE_ENEMY_KILL","is_daily":false,"chose_seed":false,"campfire_upgraded":5,"win_rate":0.0,"timestamp":1611279822,"path_taken":["M","?","M","?","?","R","E","M","T","R","?","R","$","E","R","BOSS","M","?","?","M","?","R","?","$","T","?","R","M","?","M","R","BOSS","M","?","?","M","M","R","?","E","T","?","$","?","R","E","R","BOSS","R","$","E"],"items_purchased_type":["Relic","Card","Relic","Relic","Relic","Relic"],"build_version":"2020-12-22","purchased_purges":1,"victory":false,"max_hp_per_floor":[80,80,80,80,80,80,80,80,80,80,80,80,80,80,80,80,80,80,80,80,80,80,80,80,80,80,80,80,80,80,80,80,80,80,80,80,80,80,80,80,80,80,80,80,80,80,80,80,80,80,80,80,80,80,80],"card_choices":[{"not_picked":["Iron Wave","Uppercut"],"picked":"Rampage","floor":1.0},{"not_picked":["Sentinel","Carnage"],"picked":"Clash","floor":3.0},{"not_picked":["Infernal Blade","Carnage","Clash"],"picked":"SKIP","floor":7.0},{"not_picked":["Flex","True Grit"],"picked":"Iron Wave","floor":8.0},{"not_picked":["Reckless Charge","Fire Breathing","Wild Strike"],"picked":"SKIP","floor":14.0},{"not_picked":["Reckless Charge","Wild Strike"],"picked":"Fire Breathing","floor":14.0},{"not_picked":["Perfected Strike","Dark Embrace"],"picked":"True Grit","floor":18.0},{"not_picked":["Clothesline","Inflame"],"picked":"Anger","floor":21.0},{"not_picked":["Body Slam","Perfected Strike","Seeing Red"],"picked":"SKIP","floor":24.0},{"not_picked":["Flex","Power Through","Double Tap"],"picked":"SKIP","floor":29.0},{"not_picked":["Second Wind","Sword Boomerang","Intimidate"],"picked":"SKIP","floor":31.0},{"not_picked":["Anger","Sword Boomerang","Armaments"],"picked":"SKIP","floor":35.0},{"not_picked":["Wild Strike+1","Havoc+1"],"picked":"Metallicize+1","floor":37.0},{"not_picked":["Thunderclap","Headbutt","Body Slam"],"picked":"SKIP","floor":38.0},{"not_picked":["Reckless Charge","Offering","Power Through"],"picked":"SKIP","floor":39.0},{"not_picked":["Reckless Charge","Dropkick+1"],"picked":"Flex+1","floor":42},{"not_picked":["Pommel Strike+1","Cleave+1"],"picked":"True Grit+1","floor":44},{"not_picked":["Flex+1","Barricade","Reaper"],"picked":"SKIP","floor":48},{"not_picked":["Shockwave+1","Ghostly Armor"],"picked":"Blood for Blood+1","floor":52}],"player_experience":205175,"relics_obtained":[{"floor":7.0,"key":"Bottled Flame"},{"floor":9.0,"key":"White Beast Statue"},{"floor":11.0,"key":"Torii"},{"floor":14.0,"key":"InkBottle"},{"floor":20.0,"key":"Necronomicon"},{"floor":26.0,"key":"Meat on the Bone"},{"floor":30.0,"key":"Whetstone"},{"floor":42,"key":"Boot"},{"floor":43,"key":"Pocketwatch"},{"floor":48,"key":"Dream Catcher"}],"event_choices":[{"damage_healed":0.0,"max_hp_gain":0.0,"max_hp_loss":0.0,"gold_gain":0.0,"event_name":"Living Wall","player_choice":"Grow","floor":2.0,"gold_loss":0.0,"damage_taken":0.0,"cards_upgraded":["Rampage"]},{"damage_healed":0.0,"max_hp_gain":0.0,"max_hp_loss":0.0,"gold_gain":0.0,"event_name":"Golden Idol","player_choice":"Take Damage","floor":4.0,"gold_loss":0.0,"damage_taken":20.0,"relics_obtained":["Golden Idol"]},{"damage_healed":0.0,"max_hp_gain":0.0,"max_hp_loss":0.0,"gold_gain":99.0,"event_name":"Nest","player_choice":"Stole From Cult","floor":19.0,"gold_loss":0.0,"damage_taken":0.0},{"damage_healed":0.0,"max_hp_gain":0.0,"max_hp_loss":0.0,"gold_gain":0.0,"event_name":"Cursed Tome","player_choice":"Obtained Book","floor":20.0,"gold_loss":0.0,"damage_taken":16.0},{"damage_healed":0.0,"max_hp_gain":0.0,"max_hp_loss":0.0,"gold_gain":0.0,"event_name":"N\u0027loth","player_choice":"Ignored","floor":22.0,"gold_loss":0.0,"damage_taken":0.0},{"damage_healed":0.0,"max_hp_gain":0.0,"max_hp_loss":0.0,"gold_gain":0.0,"event_name":"Back to Basics","player_choice":"Simplicity","floor":27.0,"gold_loss":0.0,"damage_taken":0.0,"cards_upgraded":["Strike_R","Strike_R","Strike_R","Strike_R","Strike_R","Defend_R","Defend_R","Defend_R","Defend_R"]},{"damage_healed":0.0,"max_hp_gain":0.0,"max_hp_loss":0.0,"gold_gain":0.0,"event_name":"WeMeetAgain","player_choice":"Gave Potion","floor":36.0,"gold_loss":0.0,"damage_taken":0.0,"relics_obtained":["Lizard Tail"]},{"damage_healed":0.0,"max_hp_gain":0.0,"max_hp_loss":0.0,"gold_gain":100.0,"event_name":"Golden Shrine","player_choice":"Pray","floor":41.0,"gold_loss":0.0,"damage_taken":0.0},{"damage_healed":0,"gold_gain":0,"player_choice":"Ignored","damage_taken":0,"max_hp_gain":0,"max_hp_loss":0,"event_name":"Tomb of Lord Red Mask","floor":46,"gold_loss":0}],"is_beta":false,"boss_relics":[{"not_picked":["Astrolabe","Runic Pyramid"],"picked":"Mark of Pain"},{"not_picked":["Pandora\u0027s Box","Velvet Choker"],"picked":"Fusion Hammer"}],"items_purged_floors":[45],"is_endless":false,"potions_floor_spawned":[7,14,16,18,21,24,29,31,33,35,37,38,39,42,44,48],"killed_by":"Shield and Spear","ascension_level":1}}