{"host":"8fuipfsvjht9cgcs","time":1611285987,"event":{"mods":["AchievementEnabler","BaseMod","Colored Map","Colored Powertips","DeckTracker","Friendly Minions","Kiyohime£¨?ýï£©","Marisa£¨Ùöéë¡¡Øª×âÞÞ£©","Minty Spire (QoL Compilation)","Prisma Mod","StSLib","SuperFastMode","The Cursed","The Gatherer"],"gold_per_floor":[360,360,380,380,80,80,80,80],"floor_reached":7,"language":"KOR","playtime":153,"items_purged":["Defend_R"],"score":62,"play_id":"fb009961-955d-4084-8d99-5c9eafa56510","local_time":"20210122162627","is_ascension_mode":true,"campfire_choices":[{"data":"Armaments","floor":6,"key":"SMITH"}],"circlet_count":0,"master_deck":["AscendersBane","Strike_R","Strike_R","Strike_R","Strike_R","Strike_R+1","Defend_R","Defend_R","Defend_R+1","Bash","Perfected Strike","Pommel Strike","Armaments+1","True Grit"],"relics":["Burning Blood","Golden Idol","Medical Kit"],"acts_visited":["Exordium"],"potions_floor_usage":[7],"damage_taken":[{"damage":2.0,"enemies":"Jaw Worm","floor":1.0,"turns":3.0},{"damage":12,"enemies":"Small Slimes","floor":3,"turns":4},{"damage":15,"enemies":"3 Sentries","floor":7,"turns":4}],"seed_played":"5499451989539868283","potions_obtained":[{"floor":3,"key":"DistilledChaos"}],"is_trial":false,"path_per_floor":["M","?","M","?","$","R","E"],"character_chosen":"IRONCLAD","items_purchased":["Armaments","Medical Kit","True Grit"],"campfire_rested":0,"item_purchase_floors":[5,5,5],"current_hp_per_floor":[55,35,29,13,13,13,0,0],"gold":80,"neow_bonus":"TWO_FIFTY_GOLD","is_daily":false,"chose_seed":false,"campfire_upgraded":1,"win_rate":0.0,"timestamp":1611285987,"path_taken":["M","?","M","?","$","R","E"],"items_purchased_type":["Card","Relic","Card"],"build_version":"2020-12-22","purchased_purges":1,"victory":false,"max_hp_per_floor":[80,80,80,80,80,80,80,80],"card_choices":[{"not_picked":["Heavy Blade","Seeing Red"],"picked":"Perfected Strike","floor":1.0},{"not_picked":["Flex","Seeing Red"],"picked":"Pommel Strike","floor":3}],"player_experience":433602,"relics_obtained":[],"event_choices":[{"damage_healed":0,"gold_gain":0,"player_choice":"Take Damage","damage_taken":20,"relics_obtained":["Golden Idol"],"max_hp_gain":0,"max_hp_loss":0,"event_name":"Golden Idol","floor":2,"gold_loss":0},{"damage_healed":0,"gold_gain":0,"player_choice":"Entered Light","damage_taken":16,"max_hp_gain":0,"max_hp_loss":0,"event_name":"Shining Light","floor":4,"gold_loss":0,"cards_upgraded":["Defend_R","Strike_R"]}],"is_beta":false,"boss_relics":[],"items_purged_floors":[5],"is_endless":false,"potions_floor_spawned":[3],"killed_by":"3 Sentries","ascension_level":12}}