{"host":"daa8jqyg4gqfaysm","time":1611305312,"event":{"mods":["BaseMod","Colored Powertips","Minty Spire (QoL Compilation)","StSLib"],"gold_per_floor":[109,284,284,302,312,312,345,345,345,367,367,393,84,111,111,111,111],"floor_reached":16,"language":"ENG","playtime":494,"items_purged":["Strike_P"],"score":168,"play_id":"a3aed9ac-3e53-47df-988a-4720edb11144","local_time":"20210122164832","is_ascension_mode":true,"campfire_choices":[{"data":"Vigilance","floor":6,"key":"SMITH"},{"data":"CutThroughFate","floor":8,"key":"SMITH"},{"data":"SignatureMove","floor":11,"key":"SMITH"},{"data":"CrushJoints","floor":15,"key":"SMITH"}],"circlet_count":0,"master_deck":["Strike_P","Strike_P","Strike_P","Defend_P","Defend_P","Defend_P","Defend_P","Eruption","Vigilance+1","Consecrate","Doubt","SignatureMove+1","Protect","CutThroughFate+1","FearNoEvil","Evaluate","Crescendo","CrushJoints+1","Flash of Steel","FollowUp"],"relics":["VioletLotus","Dead Branch","Mango","Odd Mushroom","Bag of Preparation","Regal Pillow"],"acts_visited":["Exordium"],"potions_floor_usage":[10,16],"damage_taken":[{"damage":1,"enemies":"Small Slimes","floor":1,"turns":5},{"damage":6,"enemies":"Jaw Worm","floor":4,"turns":5},{"damage":0,"enemies":"Cultist","floor":5,"turns":3},{"damage":21,"enemies":"Gremlin Nob","floor":7,"turns":4},{"damage":12,"enemies":"The Mushroom Lair","floor":10,"turns":5},{"damage":13,"enemies":"3 Sentries","floor":12,"turns":4},{"damage":6,"enemies":"Gremlin Nob","floor":14,"turns":3},{"damage":29,"enemies":"The Guardian","floor":16,"turns":5}],"seed_played":"-7588993190479242535","potions_obtained":[{"floor":4,"key":"SteroidPotion"},{"floor":5,"key":"BottledMiracle"},{"floor":14,"key":"Regen Potion"}],"is_trial":false,"path_per_floor":["M","?","?","M","M","R","E","R","T","?","R","E","$","E","R","B"],"character_chosen":"WATCHER","items_purchased":["Crescendo","CrushJoints","DuplicationPotion","Flash of Steel"],"campfire_rested":0,"item_purchase_floors":[13,13,13,13],"current_hp_per_floor":[64,64,57,51,51,51,30,30,44,32,32,19,19,13,13,0,0],"gold":111,"neow_bonus":"BOSS_RELIC","is_daily":false,"chose_seed":false,"campfire_upgraded":4,"win_rate":0.0,"timestamp":1611305312,"path_taken":["M","?","?","?","M","R","E","R","T","?","R","E","?","E","R","BOSS"],"items_purchased_type":["Card","Card","Potion","Card"],"build_version":"2020-12-22","purchased_purges":1,"victory":false,"max_hp_per_floor":[72,72,72,72,72,72,72,72,86,86,86,86,86,86,86,86,86],"card_choices":[{"not_picked":["BowlingBash","EmptyBody"],"picked":"Consecrate","floor":1},{"not_picked":["Evaluate","FlurryOfBlows"],"picked":"SignatureMove","floor":4},{"not_picked":["Weave","Perseverance"],"picked":"Protect","floor":5},{"not_picked":["PathToVictory","FlurryOfBlows"],"picked":"CutThroughFate","floor":7},{"not_picked":["Sanctity","WreathOfFlame"],"picked":"FearNoEvil","floor":10},{"not_picked":["PathToVictory","Devotion"],"picked":"Evaluate","floor":12},{"not_picked":["Crescendo","Evaluate"],"picked":"FollowUp","floor":14}],"player_experience":852791,"relics_obtained":[{"floor":7,"key":"Dead Branch"},{"floor":9,"key":"Mango"},{"floor":10,"key":"Odd Mushroom"},{"floor":12,"key":"Bag of Preparation"},{"floor":14,"key":"Regal Pillow"}],"event_choices":[{"damage_healed":0,"gold_gain":175,"player_choice":"AGREE","damage_taken":0,"max_hp_gain":0,"max_hp_loss":0,"event_name":"Liars Game","floor":2,"gold_loss":0,"cards_obtained":["Doubt"]},{"damage_healed":0,"gold_gain":0,"player_choice":"Damaged","damage_taken":7,"max_hp_gain":0,"max_hp_loss":0,"event_name":"Wheel of Change","floor":3,"gold_loss":0},{"damage_healed":0,"gold_gain":0,"player_choice":"Fought Mushrooms","damage_taken":0,"max_hp_gain":0,"max_hp_loss":0,"event_name":"Mushrooms","floor":10,"gold_loss":0}],"is_beta":false,"boss_relics":[],"items_purged_floors":[13],"is_endless":false,"potions_floor_spawned":[4,5,14],"killed_by":"The Guardian","ascension_level":9}}