{"host":"qsusua7l529r8z9k","time":1611309240,"event":{"mods":["BaseMod","Minty Spire (QoL Compilation)","Spicy Shops","StSLib"],"gold_per_floor":[119,119,169,179,30,30,64,81,131,166,166,187,228,228,228,308,308,329,329,338,359,37,80,98,98,124,124,164,189,189,7,7,81,108,134,144,144,164,164,198,198,240,240,240,240,23,58,81,81,81],"floor_reached":51,"language":"ZHS","playtime":2169,"items_purged":["Shame","Strike_B","Dualcast+1","Melter"],"score":1388,"play_id":"1a59e477-a761-4a99-b748-c30f8e17452a","local_time":"20210122175400","is_ascension_mode":true,"campfire_choices":[{"data":"Reprogram","floor":6.0,"key":"SMITH"},{"data":"Dualcast","floor":11.0,"key":"SMITH"},{"floor":15.0,"key":"REST"},{"data":"Steam Power","floor":25.0,"key":"SMITH"},{"floor":30.0,"key":"REST"},{"data":"Machine Learning","floor":32.0,"key":"SMITH"},{"data":"Gash","floor":41,"key":"SMITH"},{"data":"Defend_B","floor":44,"key":"SMITH"},{"floor":49,"key":"REST"}],"circlet_count":0,"master_deck":["AscendersBane","Defend_B+1","Reprogram+1","BootSequence+1","Doom and Gloom","Gash+1","Steam Power+1","All For One+1","Go for the Eyes+1","Rip and Tear+1","Gash+1","Machine Learning+1","Genetic Algorithm+1","Reboot+1","Skim+1","Beam Cell+1","Apotheosis+1","Reinforced Body+1","Steam Power+1","Melter+1","Fusion+1","Stack+1","Reprogram+1","Gash+1","All For One+1","Hologram+1","Conserve Battery+1","White Noise+1"],"relics":["Cracked Core","NeowsBlessing","Smiling Mask","Membership Card","Blood Vial","Regal Pillow","CeramicFish","Molten Egg 2","Nuclear Battery","MealTicket","Lantern","Toxic Egg 2","Meat on the Bone","Orichalcum","White Beast Statue","Astrolabe","TungstenRod","Prayer Wheel","StrikeDummy","ClockworkSouvenir","Oddly Smooth Stone","Anchor"],"acts_visited":["Exordium","TheCity","TheBeyond"],"potions_floor_usage":[47,50,50],"damage_taken":[{"damage":0.0,"enemies":"Small Slimes","floor":1.0,"turns":1.0},{"damage":0.0,"enemies":"Jaw Worm","floor":4.0,"turns":1.0},{"damage":0.0,"enemies":"Lagavulin","floor":7.0,"turns":1.0},{"damage":1.0,"enemies":"Cultist","floor":8.0,"turns":5.0},{"damage":30.0,"enemies":"Gremlin Nob","floor":10.0,"turns":4.0},{"damage":4.0,"enemies":"Looter","floor":12.0,"turns":3.0},{"damage":20.0,"enemies":"Lagavulin","floor":13.0,"turns":8.0},{"damage":25.0,"enemies":"The Guardian","floor":16.0,"turns":11.0},{"damage":17.0,"enemies":"3 Byrds","floor":18.0,"turns":5.0},{"damage":15.0,"enemies":"Shell Parasite","floor":21.0,"turns":4.0},{"damage":17.0,"enemies":"Gremlin Leader","floor":23.0,"turns":4.0},{"damage":20.0,"enemies":"Slavers","floor":28.0,"turns":4.0},{"damage":18.0,"enemies":"Centurion and Healer","floor":29.0,"turns":5.0},{"damage":39.0,"enemies":"Collector","floor":33.0,"turns":6.0},{"damage":12,"enemies":"3 Shapes","floor":35,"turns":3},{"damage":15,"enemies":"3 Darklings","floor":36,"turns":3},{"damage":11,"enemies":"4 Shapes","floor":38,"turns":4},{"damage":0,"enemies":"Giant Head","floor":40,"turns":6},{"damage":1,"enemies":"Nemesis","floor":42,"turns":7},{"damage":29,"enemies":"Reptomancer","floor":47,"turns":5},{"damage":0,"enemies":"Writhing Mass","floor":48,"turns":4},{"damage":15,"enemies":"Time Eater","floor":50,"turns":8}],"seed_played":"815709733796186087","potions_obtained":[{"floor":1.0,"key":"BlessingOfTheForge"},{"floor":7.0,"key":"SpeedPotion"},{"floor":10.0,"key":"FearPotion"},{"floor":23.0,"key":"Fire Potion"},{"floor":29.0,"key":"SteroidPotion"},{"floor":33.0,"key":"BlessingOfTheForge"},{"floor":35,"key":"Strength Potion"},{"floor":36,"key":"Energy Potion"},{"floor":38,"key":"Explosive Potion"},{"floor":47,"key":"Swift Potion"}],"is_trial":false,"path_per_floor":["M","?","T","M","$","R","E","M","T","E","R","M","E","?","R","B",null,"M","?","?","M","$","E","?","R","T","?","E","M","R","$","R","B",null,"M","M","?","M","?","E","R","E","T","R","?","$","E","M","R","B",null],"character_chosen":"DEFECT","items_purchased":["Membership Card","Lantern","Toxic Egg 2","Gash+1","Apotheosis+1","Reinforced Body+1","ClockworkSouvenir","Oddly Smooth Stone","Hologram+1"],"campfire_rested":3,"item_purchase_floors":[5,22,22,22,31,31,46,46,46],"current_hp_per_floor":[64,64,64,64,64,64,64,65,65,37,37,35,17,17,53,30,61,46,46,46,33,48,33,33,33,33,33,27,23,59,71,71,44,64,54,41,41,44,44,46,46,47,47,47,47,62,47,49,71,56],"gold":81,"neow_bonus":"THREE_ENEMY_KILL","is_daily":false,"chose_seed":false,"campfire_upgraded":6,"win_rate":0.0,"timestamp":1611309240,"path_taken":["M","?","?","M","?","R","E","M","T","E","R","M","E","?","R","BOSS","M","?","?","M","$","E","?","R","T","?","E","?","R","$","R","BOSS","M","M","?","?","?","E","R","E","T","R","?","$","E","M","R","BOSS"],"items_purchased_type":["Relic","Relic","Relic","Card","Card","Card","Relic","Relic","Card"],"build_version":"2020-12-22","purchased_purges":4,"victory":true,"max_hp_per_floor":[71,71,71,71,71,71,71,71,71,71,71,71,71,71,71,71,71,71,71,71,71,71,71,71,71,71,71,71,71,71,71,71,71,71,71,71,71,71,71,71,71,71,71,71,71,71,71,71,71,71],"card_choices":[{"not_picked":["Skim","Streamline"],"picked":"Reprogram","floor":1.0},{"not_picked":["Coolheaded","Barrage"],"picked":"BootSequence","floor":4.0},{"not_picked":["Capacitor","Redo"],"picked":"Melter","floor":7.0},{"not_picked":["Capacitor","Compile Driver"],"picked":"Doom and Gloom","floor":8.0},{"not_picked":["BootSequence","Chill"],"picked":"Gash","floor":10.0},{"not_picked":["Sunder","Static Discharge"],"picked":"Steam Power","floor":12.0},{"not_picked":["Heatsinks","Cold Snap+1"],"picked":"Core Surge+1","floor":13.0},{"not_picked":["Thunder Strike+1","Machine Learning"],"picked":"All For One+1","floor":16.0},{"not_picked":["Melter+1","Auto Shields"],"picked":"Go for the Eyes+1","floor":18.0},{"not_picked":["Stack+1","Blizzard+1"],"picked":"Rip and Tear+1","floor":21.0},{"not_picked":["Streamline+1","Electrodynamics"],"picked":"Machine Learning","floor":23.0},{"not_picked":["Loop","Chaos+1"],"picked":"Skim+1","floor":28.0},{"not_picked":["Tempest+1","Auto Shields+1"],"picked":"Beam Cell+1","floor":29.0},{"not_picked":["Ball Lightning+1","Chaos+1"],"picked":"Stack+1","floor":35},{"not_picked":["Rebound+1","Consume+1","Fusion+1"],"picked":"SKIP","floor":36},{"not_picked":["Turbo+1","Heatsinks"],"picked":"Reprogram+1","floor":38},{"not_picked":["Streamline+1","Chill+1"],"picked":"Gash+1","floor":40},{"not_picked":["Reinforced Body+1","Leap+1"],"picked":"All For One+1","floor":42},{"not_picked":["Fusion+1","BootSequence+1"],"picked":"Conserve Battery+1","floor":47},{"not_picked":["Stack+1","Sweeping Beam+1"],"picked":"White Noise+1","floor":48},{"not_picked":["Blizzard+1","Rebound+1","Barrage+1"],"picked":"SKIP","floor":48}],"player_experience":451675,"relics_obtained":[{"floor":3.0,"key":"Smiling Mask"},{"floor":7.0,"key":"Blood Vial"},{"floor":9.0,"key":"Regal Pillow"},{"floor":10.0,"key":"CeramicFish"},{"floor":13.0,"key":"Molten Egg 2"},{"floor":23.0,"key":"Meat on the Bone"},{"floor":26.0,"key":"Orichalcum"},{"floor":28.0,"key":"White Beast Statue"},{"floor":40,"key":"TungstenRod"},{"floor":42,"key":"Prayer Wheel"},{"floor":43,"key":"StrikeDummy"},{"floor":47,"key":"Anchor"}],"event_choices":[{"cards_removed":["Strike_B"],"damage_healed":0.0,"max_hp_gain":0.0,"max_hp_loss":0.0,"gold_gain":0.0,"event_name":"Living Wall","player_choice":"Forget","floor":2.0,"gold_loss":0.0,"damage_taken":0.0},{"damage_healed":0.0,"max_hp_gain":0.0,"max_hp_loss":0.0,"gold_gain":0.0,"event_name":"Scrap Ooze","player_choice":"Fled","floor":14.0,"gold_loss":0.0,"damage_taken":0.0},{"damage_healed":0.0,"max_hp_gain":0.0,"max_hp_loss":0.0,"gold_gain":0.0,"event_name":"Ghosts","player_choice":"Ignored","floor":19.0,"gold_loss":0.0,"damage_taken":0.0},{"damage_healed":0.0,"max_hp_gain":0.0,"max_hp_loss":0.0,"gold_gain":0.0,"event_name":"Addict","player_choice":"Stole Relic","floor":20.0,"gold_loss":0.0,"damage_taken":0.0,"relics_obtained":["MealTicket"],"cards_obtained":["Shame"]},{"damage_healed":0.0,"max_hp_gain":0.0,"max_hp_loss":0.0,"gold_gain":0.0,"cards_transformed":["Strike_B","Strike_B"],"event_name":"Drug Dealer","player_choice":"Became Test Subject","floor":24.0,"gold_loss":0.0,"damage_taken":0.0,"cards_obtained":["Genetic Algorithm","Reboot"]},{"cards_removed":["Zap"],"damage_healed":0.0,"max_hp_gain":0.0,"max_hp_loss":0.0,"gold_gain":0.0,"event_name":"Bonfire Elementals","player_choice":"Offered Basic","floor":27.0,"gold_loss":0.0,"damage_taken":0.0},{"damage_healed":0,"gold_gain":0,"player_choice":"Upgraded","damage_taken":0,"max_hp_gain":0,"max_hp_loss":0,"event_name":"Upgrade Shrine","floor":37,"gold_loss":0,"cards_upgraded":["BootSequence"]},{"cards_removed":["Core Surge"],"damage_healed":0,"gold_gain":0,"player_choice":"Removed Attack","damage_taken":0,"max_hp_gain":0,"max_hp_loss":0,"event_name":"Falling","floor":39,"gold_loss":0},{"damage_healed":0,"gold_gain":0,"player_choice":"Ignored","damage_taken":0,"max_hp_gain":0,"max_hp_loss":0,"event_name":"Tomb of Lord Red Mask","floor":45,"gold_loss":0}],"is_beta":false,"boss_relics":[{"not_picked":["FrozenCore","Philosopher\u0027s Stone"],"picked":"Nuclear Battery"},{"not_picked":["Snecko Eye","Calling Bell"],"picked":"Astrolabe"}],"items_purged_floors":[22,22,31,46],"is_endless":false,"potions_floor_spawned":[1,7,10,18,23,29,33,35,36,38,40,42,47,48],"ascension_level":14}}