{"host":"3vww328me7evlv6h","time":1611316287,"event":{"mods":["BaseMod","BetterRewards","Minty Spire (QoL Compilation)","Relic Stats","StSLib","SuperFastMode"],"gold_per_floor":[29,29,44,44,67,98,98,121,166,189,220,220,261,261,261,360,360,383,402,423,522,15,15,51,51,51,90,109,52,52,95,95,185,185,203,228,228,4,60,101,144,144,144,183,183,183,183,227,227,227],"floor_reached":51,"language":"ENG","playtime":2799,"items_purged":["Strike_P","Strike_P","Defend_P","Strike_P+1"],"score":2280,"play_id":"8fafc986-ba08-464e-bce6-7e907a2c9c34","local_time":"20210122125127","is_ascension_mode":true,"campfire_choices":[{"data":"Omniscience","floor":7.0,"key":"SMITH"},{"data":"Fasting2","floor":15.0,"key":"SMITH"},{"data":"Fasting2","floor":23.0,"key":"SMITH"},{"data":"ClearTheMind","floor":25.0,"key":"SMITH"},{"data":"MasterReality","floor":30.0,"key":"SMITH"},{"data":"Vault","floor":32.0,"key":"SMITH"},{"floor":42.0,"key":"RECALL"},{"floor":45,"key":"REST"},{"floor":47,"key":"REST"},{"floor":49,"key":"REST"}],"circlet_count":0,"master_deck":["AscendersBane","Defend_P+1","Defend_P+1","Defend_P+1","Eruption+1","Vigilance+1","Tantrum+1","Flash of Steel+1","Panacea+1","Purity+1","ClearTheMind+1","Omniscience+1","FlurryOfBlows+1","Fasting2+1","ClearTheMind+1","Scrawl+1","Wireheading+1","FlurryOfBlows+1","Crescendo+1","Fasting2+1","Vengeance+1","MasterReality+1","ClearTheMind+1","Vault+1","Blasphemy+1","DeceiveReality","TalkToTheHand","DeceiveReality+1"],"relics":["PureWater","Dead Branch","Bronze Scales","TungstenRod","CaptainsWheel","OrangePellets","Golden Idol","Vajra","Potion Belt","Sundial","Boot","Cursed Key","TeardropLocket","Bag of Marbles","WingedGreaves","Mummified Hand","Nunchaku","Fusion Hammer","Orichalcum","Pocketwatch","Smiling Mask","Darkstone Periapt","Dream Catcher","GoldenEye"],"acts_visited":["Exordium","TheCity","TheBeyond"],"potions_floor_usage":[50],"damage_taken":[{"damage":0.0,"enemies":"Small Slimes","floor":1.0,"turns":1.0},{"damage":0.0,"enemies":"2 Louse","floor":3.0,"turns":1.0},{"damage":0.0,"enemies":"Cultist","floor":5.0,"turns":3.0},{"damage":0.0,"enemies":"Lagavulin","floor":6.0,"turns":5.0},{"damage":0.0,"enemies":"2 Fungi Beasts","floor":8.0,"turns":3.0},{"damage":1.0,"enemies":"Blue Slaver","floor":10.0,"turns":2.0},{"damage":10.0,"enemies":"Gremlin Nob","floor":11.0,"turns":3.0},{"damage":0.0,"enemies":"Lagavulin","floor":13.0,"turns":4.0},{"damage":0.0,"enemies":"Slime Boss","floor":16.0,"turns":2.0},{"damage":0.0,"enemies":"2 Thieves","floor":18.0,"turns":2.0},{"damage":0.0,"enemies":"Spheric Guardian","floor":19.0,"turns":2.0},{"damage":0.0,"enemies":"Centurion and Healer","floor":20.0,"turns":6.0},{"damage":0.0,"enemies":"Slavers","floor":24.0,"turns":2.0},{"damage":0.0,"enemies":"Gremlin Leader","floor":27.0,"turns":5.0},{"damage":0.0,"enemies":"Snecko","floor":28.0,"turns":1.0},{"damage":2.0,"enemies":"Slavers","floor":31.0,"turns":2.0},{"damage":0.0,"enemies":"Collector","floor":33.0,"turns":2.0},{"damage":0.0,"enemies":"3 Darklings","floor":35.0,"turns":2.0},{"damage":0.0,"enemies":"3 Shapes","floor":36.0,"turns":2.0},{"damage":4.0,"enemies":"2 Orb Walkers","floor":39.0,"turns":2.0},{"damage":0.0,"enemies":"Giant Head","floor":40.0,"turns":3.0},{"damage":0.0,"enemies":"Reptomancer","floor":41.0,"turns":4.0},{"damage":0,"enemies":"Nemesis","floor":44,"turns":3},{"damage":5,"enemies":"Reptomancer","floor":48,"turns":3},{"damage":11,"enemies":"Donu and Deca","floor":50,"turns":4}],"seed_played":"-7028008805229211993","potions_obtained":[{"floor":3.0,"key":"SteroidPotion"},{"floor":6.0,"key":"SkillPotion"},{"floor":13.0,"key":"Ambrosia"},{"floor":18.0,"key":"SmokeBomb"},{"floor":19.0,"key":"BottledMiracle"},{"floor":27.0,"key":"LiquidMemories"}],"is_trial":false,"path_per_floor":["M","?","M","?","M","E","R","M","T","M","E","?","E","?","R","B",null,"M","M","M","?","$","R","E","R","T","E","M","?","R","E","R","B",null,"M","M","?","$","?","E","E","R","T","E","R","?","R","E","R","B",null],"character_chosen":"WATCHER","items_purchased":["Tantrum","Flash of Steel","Dead Branch","Bronze Scales","Panacea","Purity","LessonLearned","OrangePellets","Fasting2","TeardropLocket","Vengeance","TalkToTheHand","Orichalcum"],"campfire_rested":3,"item_purchase_floors":[0,0,0,0,0,0,0,0,22,22,22,38,38],"current_hp_per_floor":[61,61,61,61,61,61,61,61,61,60,50,50,50,41,41,41,58,58,58,58,58,58,58,58,58,58,58,58,58,58,56,56,56,61,61,61,60,60,56,56,56,56,56,56,60,60,60,55,60,49],"gold":227,"neow_bonus":"","is_daily":false,"chose_seed":false,"campfire_upgraded":6,"win_rate":0.0,"timestamp":1611316287,"path_taken":["M","?","M","?","?","E","R","M","T","M","E","?","E","?","R","BOSS","M","M","M","?","$","R","E","R","T","E","M","?","R","E","R","BOSS","M","?","?","$","?","E","E","R","T","E","R","?","R","E","R","BOSS"],"items_purchased_type":["Card","Card","Relic","Relic","Card","Card","Card","Relic","Card","Relic","Card","Card","Relic"],"build_version":"2020-12-22","purchased_purges":4,"victory":true,"max_hp_per_floor":[68,63,63,63,63,63,63,63,63,63,63,63,63,63,63,63,63,63,63,63,63,63,63,63,63,63,63,63,63,63,63,63,63,63,63,63,60,60,60,60,60,60,60,60,60,60,60,60,60,60],"relic_stats":{"Darkstone Periapt":0,"counters":[129,501],"Golden Idol":191,"Dead Branch":[563],"Orichalcum":[168],"Boot":[33],"Cursed Key":0,"Smiling Mask":0,"GoldenEye":[0],"OrangePellets":[16],"Nunchaku":[10],"Dream Catcher":3,"Sundial":[2],"Mummified Hand":[44],"Bronze Scales":[108],"obtain_stats":[{"Ice Cream":46,"Calipers":0,"Gremlin Horn":21,"CeramicFish":42,"Vajra":26,"Ginger":0,"Whetstone":40,"Boot":14,"Sozu":17,"Centennial Puzzle":45,"HornCleat":8,"Sundial":44,"DollysMirror":0,"Strawberry":36,"MealTicket":9,"Fusion Hammer":34,"Happy Flower":8,"Dead Branch":0,"Astrolabe":17,"Oddly Smooth Stone":19,"Eternal Feather":23,"Pen Nib":19,"Letter Opener":40,"OrangePellets":0,"Shuriken":0,"Bronze Scales":0,"Bird Faced Urn":0,"Pandora\u0027s Box":17,"Molten Egg 2":42,"StrikeDummy":29,"Pocketwatch":26,"Darkstone Periapt":40,"Regal Pillow":25,"Lantern":28,"Torii":6,"Enchiridion":21,"StoneCalendar":0,"Mango":10,"CloakClasp":0,"Incense Burner":11,"TeardropLocket":54,"Empty Cage":17,"Ancient Tea Set":6,"Smiling Mask":24,"Cursed Key":17,"ClockworkSouvenir":19,"Frozen Eye":38,"Dream Catcher":43,"Nunchaku":27,"Mummified Hand":29,"Gambling Chip":0,"WingedGreaves":27,"Red Mask":20,"Cracked Core":0,"Runic Pyramid":34,"Potion Belt":45,"Golden Idol":2,"PreservedInsect":0,"Frozen Egg 2":26,"Orichalcum":6,"MawBank":25,"GoldenEye":48,"Mercury Hourglass":9,"CaptainsWheel":0,"Art of War":12,"Coffee Dripper":34,"Bag of Marbles":24,"Bottled Lightning":26,"PureWater":0,"Toy Ornithopter":6,"TungstenRod":0,"FossilizedHelix":44},{"Ice Cream":101,"Calipers":0,"Gremlin Horn":56,"CeramicFish":70,"Vajra":42,"Ginger":0,"Whetstone":68,"Boot":112,"Sozu":38,"Centennial Puzzle":24,"HornCleat":5,"Sundial":24,"DollysMirror":28,"Strawberry":19,"MealTicket":34,"Fusion Hammer":121,"Happy Flower":81,"Dead Branch":44,"Astrolabe":54,"Oddly Smooth Stone":39,"Eternal Feather":13,"Pen Nib":39,"Letter Opener":97,"OrangePellets":104,"Shuriken":44,"Bronze Scales":0,"Bird Faced Urn":76,"Pandora\u0027s Box":85,"Molten Egg 2":99,"StrikeDummy":92,"Pocketwatch":89,"Darkstone Periapt":22,"Regal Pillow":14,"Lantern":61,"Torii":4,"Enchiridion":11,"StoneCalendar":0,"Mango":6,"CloakClasp":28,"Incense Burner":82,"TeardropLocket":75,"Empty Cage":9,"Ancient Tea Set":34,"Smiling Mask":58,"Cursed Key":113,"ClockworkSouvenir":39,"Frozen Eye":95,"Dream Catcher":23,"Nunchaku":43,"Mummified Hand":119,"Gambling Chip":76,"WingedGreaves":118,"Red Mask":87,"Cracked Core":0,"Runic Pyramid":94,"Potion Belt":71,"Golden Idol":105,"PreservedInsect":0,"Frozen Egg 2":59,"Orichalcum":79,"MawBank":42,"GoldenEye":128,"Mercury Hourglass":5,"CaptainsWheel":104,"Art of War":6,"Coffee Dripper":18,"Bag of Marbles":117,"Bottled Lightning":14,"PureWater":0,"Toy Ornithopter":48,"TungstenRod":76,"FossilizedHelix":100},{"Ice Cream":419,"Calipers":0,"Gremlin Horn":275,"CeramicFish":312,"Vajra":240,"Ginger":0,"Whetstone":305,"Boot":454,"Sozu":209,"Centennial Puzzle":139,"HornCleat":24,"Sundial":139,"DollysMirror":163,"Strawberry":109,"MealTicket":180,"Fusion Hammer":478,"Happy Flower":347,"Dead Branch":247,"Astrolabe":271,"Oddly Smooth Stone":215,"Eternal Feather":75,"Pen Nib":215,"Letter Opener":405,"OrangePellets":432,"Shuriken":247,"Bronze Scales":0,"Bird Faced Urn":335,"Pandora\u0027s Box":362,"Molten Egg 2":410,"StrikeDummy":380,"Pocketwatch":371,"Darkstone Periapt":123,"Regal Pillow":82,"Lantern":288,"Torii":17,"Enchiridion":61,"StoneCalendar":0,"Mango":28,"CloakClasp":163,"Incense Burner":350,"TeardropLocket":325,"Empty Cage":48,"Ancient Tea Set":180,"Smiling Mask":281,"Cursed Key":456,"ClockworkSouvenir":215,"Frozen Eye":396,"Dream Catcher":132,"Nunchaku":246,"Mummified Hand":474,"Gambling Chip":335,"WingedGreaves":473,"Red Mask":366,"Cracked Core":0,"Runic Pyramid":387,"Potion Belt":315,"Golden Idol":433,"PreservedInsect":0,"Frozen Egg 2":286,"Orichalcum":339,"MawBank":240,"GoldenEye":497,"Mercury Hourglass":24,"CaptainsWheel":432,"Art of War":28,"Coffee Dripper":106,"Bag of Marbles":468,"Bottled Lightning":82,"PureWater":0,"Toy Ornithopter":258,"TungstenRod":335,"FossilizedHelix":413}],"TungstenRod":21,"Pocketwatch":[0]},"card_choices":[{"not_picked":["LikeWater","WreathOfFlame","FlyingSleeves"],"picked":"SKIP","floor":1.0},{"not_picked":["SashWhip","Consecrate"],"picked":"ClearTheMind","floor":3.0},{"not_picked":["FollowUp","SignatureMove"],"picked":"FlurryOfBlows","floor":5.0},{"not_picked":["Prostrate","Judgement","JustLucky"],"picked":"SKIP","floor":6.0},{"not_picked":["FlurryOfBlows","ThirdEye"],"picked":"Fasting2","floor":8.0},{"not_picked":["ThirdEye","Crescendo"],"picked":"ClearTheMind","floor":10.0},{"not_picked":["EmptyBody","Evaluate","Swivel"],"picked":"SKIP","floor":11.0},{"not_picked":["Swivel","ClearTheMind","JustLucky"],"picked":"SKIP","floor":13.0},{"not_picked":["Judgement","Blasphemy"],"picked":"Scrawl","floor":16.0},{"not_picked":["EmptyFist","ClearTheMind"],"picked":"Wireheading","floor":18.0},{"not_picked":["FlyingSleeves","CutThroughFate"],"picked":"FlurryOfBlows","floor":19.0},{"not_picked":["ReachHeaven","Conclude"],"picked":"Crescendo","floor":20.0},{"not_picked":["EmptyFist","BowlingBash","Prostrate+1"],"picked":"SKIP","floor":24.0},{"not_picked":["SignatureMove","CrushJoints"],"picked":"MasterReality","floor":27.0},{"not_picked":["SandsOfTime","Protect"],"picked":"ClearTheMind","floor":28.0},{"not_picked":["ThirdEye","Protect"],"picked":"Vault","floor":31.0},{"not_picked":["ConjureBlade","Judgement"],"picked":"Blasphemy","floor":33.0},{"not_picked":["ThirdEye","EmptyBody","Conclude"],"picked":"SKIP","floor":35.0},{"not_picked":["DeceiveReality","Indignation","WaveOfTheHand"],"picked":"SKIP","floor":36.0},{"not_picked":["Indignation","WaveOfTheHand"],"picked":"DeceiveReality","floor":36.0},{"not_picked":["JustLucky","Weave"],"picked":"DeceiveReality","floor":39.0},{"not_picked":["Nirvana","CrushJoints+1","JustLucky"],"picked":"SKIP","floor":40.0},{"not_picked":["Nirvana","CrushJoints+1","JustLucky"],"picked":"SKIP","floor":40.0},{"not_picked":["MentalFortress","InnerPeace","EmptyFist"],"picked":"SKIP","floor":41.0},{"not_picked":["MentalFortress","InnerPeace","EmptyFist"],"picked":"SKIP","floor":41.0},{"not_picked":["FollowUp","EmptyBody","BattleHymn"],"picked":"SKIP","floor":44},{"not_picked":["Judgement","FlyingSleeves","PathToVictory+1"],"picked":"SKIP","floor":48}],"player_experience":327669,"relics_obtained":[{"floor":9.0,"key":"Vajra"},{"floor":11.0,"key":"Potion Belt"},{"floor":13.0,"key":"Sundial"},{"floor":24.0,"key":"Bag of Marbles"},{"floor":27.0,"key":"WingedGreaves"},{"floor":31.0,"key":"Nunchaku"},{"floor":39.0,"key":"Pocketwatch"},{"floor":40.0,"key":"Smiling Mask"},{"floor":41.0,"key":"Darkstone Periapt"},{"floor":44,"key":"Dream Catcher"},{"floor":48,"key":"GoldenEye"}],"event_choices":[{"damage_healed":0.0,"max_hp_gain":0.0,"max_hp_loss":5.0,"gold_gain":0.0,"event_name":"Golden Idol","player_choice":"Lose Max HP","floor":2.0,"gold_loss":0.0,"damage_taken":0.0,"relics_obtained":["Golden Idol"]},{"damage_healed":0.0,"max_hp_gain":0.0,"max_hp_loss":0.0,"gold_gain":0.0,"event_name":"Match and Keep!","player_choice":"1 cards matched","floor":4.0,"gold_loss":0.0,"damage_taken":0.0,"cards_obtained":["Omniscience"]},{"damage_healed":0.0,"max_hp_gain":0.0,"max_hp_loss":0.0,"gold_gain":0.0,"event_name":"Match and Keep!","player_choice":"1 cards matched","floor":4.0,"gold_loss":0.0,"damage_taken":0.0,"cards_obtained":["Omniscience"]},{"cards_removed":["Strike_P"],"damage_healed":0.0,"max_hp_gain":0.0,"max_hp_loss":0.0,"gold_gain":0.0,"event_name":"Living Wall","player_choice":"Forget","floor":12.0,"gold_loss":0.0,"damage_taken":0.0},{"damage_healed":0.0,"max_hp_gain":0.0,"max_hp_loss":0.0,"gold_gain":0.0,"event_name":"Scrap Ooze","player_choice":"Success","floor":14.0,"gold_loss":0.0,"damage_taken":12.0,"relics_obtained":["Boot"]},{"damage_healed":0.0,"max_hp_gain":0.0,"max_hp_loss":0.0,"gold_gain":99.0,"event_name":"Nest","player_choice":"Stole From Cult","floor":21.0,"gold_loss":0.0,"damage_taken":0.0},{"damage_healed":0.0,"max_hp_gain":0.0,"max_hp_loss":0.0,"gold_gain":0.0,"event_name":"WeMeetAgain","player_choice":"Paid Gold","floor":29.0,"gold_loss":57.0,"damage_taken":0.0,"relics_obtained":["Mummified Hand"]},{"damage_healed":0.0,"max_hp_gain":0.0,"max_hp_loss":3.0,"gold_gain":0.0,"event_name":"Winding Halls","player_choice":"Max HP","floor":37.0,"gold_loss":0.0,"damage_taken":0.0},{"damage_healed":0.0,"max_hp_gain":0.0,"max_hp_loss":0.0,"gold_gain":0.0,"event_name":"Mysterious Sphere","player_choice":"Fight","floor":39.0,"gold_loss":0.0,"damage_taken":0.0},{"cards_removed":["LessonLearned"],"damage_healed":0,"gold_gain":0,"player_choice":"Removed Attack","damage_taken":0,"max_hp_gain":0,"max_hp_loss":0,"event_name":"Falling","floor":46,"gold_loss":0}],"is_beta":false,"boss_relics":[{"not_picked":["Runic Dome","Velvet Choker"],"picked":"Cursed Key"},{"not_picked":["Calling Bell","Sozu"],"picked":"Fusion Hammer"}],"items_purged_floors":[0,0,0,22],"is_endless":false,"potions_floor_spawned":[3,6,10,13,18,19,27,36,40,41,44,48],"ascension_level":14}}