{"host":"x730sfaw5rd1mxd8","time":1611349610,"event":{"mods":["BaseMod","BetterRewards","Colored Map","Colored Powertips","Highlight Path","Minty Spire (QoL Compilation)","Relic Sorter","Relic Stats","Replay The Spire","StSLib"],"gold_per_floor":[127,147,147,175,207,254,153,193,193,193,222,268,339,339,339,472,472,510,77,77,2,30,30,72,131,131,183,215,215,262,290,290,430,430,452,489,371,401,417,469,497,550,550,603,629,677,677,709,709,733,733,733,225,276,278],"floor_reached":56,"language":"ENG","playtime":3428,"items_purged":["Strike_R","Strike_R","Strike_R","Strike_R","ReplayReversal","Defend_R"],"score":2049,"play_id":"0d0d1beb-622f-4e7a-82c6-b6434e9ed56a","local_time":"20210122160650","is_ascension_mode":true,"campfire_choices":[{"data":"Apotheosis","floor":10,"key":"SMITH"},{"floor":15,"key":"RECALL"},{"data":"1","floor":23,"key":"LIFT"},{"data":"2","floor":29,"key":"LIFT"},{"data":"3","floor":32,"key":"LIFT"},{"floor":47,"key":"DIG"},{"floor":49,"key":"DIG"},{"floor":52,"key":"DIG"}],"circlet_count":0,"master_deck":["Defend_R","Defend_R","Bash","Rupture","ReplayTheSpireMod:Muscle Training","Hemokinesis","Flame Barrier","Shrug It Off","Combust","Whirlwind","Apotheosis+1","Cleave","Disarm","Inflame","Rage","Rage","Headbutt","Replay:Undeath\u0027s Touch","Massacre","Barricade","AbeCurse","True Grit","Feel No Pain","True Grit","Feel No Pain","Pot Of Greed","Pot Of Greed","Pot Of Greed","Evolve","Battle Trance","Burning Pact","Reaper","Spot Weakness","Replay:Undeath\u0027s Touch","True Grit+1","Replay:Undeath\u0027s Touch+1"],"relics":["Burning Blood","Replay:Accelerometer","ClockworkSouvenir","Replay:Bandana","Anchor","Onion Ring","Golden Idol","Smiling Mask","Replay:Mystery Machine","Bottled Lightning","Incense Burner","ReplayTheSpireMod:TigerMarble","Abe\u0027s Treasure","Girya","Grinning Jar","Akabeko","Replay:Rubber Ducky","Runic Pyramid","CeramicFish","Divine Protection","The Courier","MealTicket","Shovel","Oddly Smooth Stone","CaptainsWheel","ReplayTheSpireMod:Lightbulb","Kunai","Boot","Sundial"],"acts_visited":["Exordium","TheCity","TheBeyond","TheEnding"],"potions_floor_usage":[8,55],"damage_taken":[{"damage":4,"enemies":"Jaw Worm","floor":1,"turns":3},{"damage":2,"enemies":"2 Louse","floor":2,"turns":2},{"damage":0,"enemies":"Cultist","floor":4,"turns":5},{"damage":0,"enemies":"2 Fungi Beasts","floor":5,"turns":2},{"damage":10,"enemies":"Gremlin Nob","floor":6,"turns":5},{"damage":16,"enemies":"Lagavulin","floor":8,"turns":7},{"damage":0,"enemies":"Red Slaver","floor":11,"turns":3},{"damage":2,"enemies":"Replay:BlueRogue","floor":12,"turns":4},{"damage":4,"enemies":"Gremlin Nob","floor":13,"turns":4},{"damage":5,"enemies":"The Guardian","floor":16,"turns":7},{"damage":1,"enemies":"2 Thieves","floor":18,"turns":2},{"damage":0,"enemies":"Spheric Guardian","floor":22,"turns":3},{"damage":2,"enemies":"Chosen and Byrds","floor":24,"turns":5},{"damage":5,"enemies":"Gremlin Leader","floor":25,"turns":3},{"damage":2,"enemies":"Book of Stabbing","floor":27,"turns":4},{"damage":11,"enemies":"Snecko","floor":28,"turns":4},{"damage":5,"enemies":"Gremlin Leader","floor":30,"turns":4},{"damage":0,"enemies":"Shelled Parasite and Fungi","floor":31,"turns":1},{"damage":9,"enemies":"Collector","floor":33,"turns":7},{"damage":1,"enemies":"3 Shapes","floor":35,"turns":2},{"damage":2,"enemies":"3 Darklings","floor":36,"turns":4},{"damage":0,"enemies":"4 Shapes","floor":39,"turns":6},{"damage":5,"enemies":"R_Hoarder","floor":40,"turns":9},{"damage":2,"enemies":"Spire Growth","floor":41,"turns":5},{"damage":1,"enemies":"Nemesis","floor":42,"turns":5},{"damage":0,"enemies":"R_Hoarder","floor":44,"turns":8},{"damage":0,"enemies":"Transient","floor":45,"turns":5},{"damage":0,"enemies":"Reptomancer","floor":46,"turns":6},{"damage":0,"enemies":"4 Shapes","floor":48,"turns":3},{"damage":16,"enemies":"Awakened One","floor":50,"turns":11},{"damage":0,"enemies":"Shield and Spear","floor":54,"turns":10},{"damage":65,"enemies":"The Heart","floor":55,"turns":10}],"seed_played":"-7991237662350374843","potions_obtained":[{"floor":1,"key":"Strength Potion"},{"floor":8,"key":"Venom Potion"},{"floor":13,"key":"PowerPotion"},{"floor":31,"key":"GamblersBrew"},{"floor":36,"key":"BloodPotion"}],"is_trial":false,"path_per_floor":["M","M","?","M","M","E","$","E","T","R","M","E","?","?","R","B",null,"M","$","?","?","M","R","M","E","T","E","M","R","E","M","R","B",null,"M","M","$","?","M","E","M","E","T","E","M","E","R","M","R","B",null,"R","$","E","B",null],"character_chosen":"IRONCLAD","items_purchased":["Rupture","ReplayTheSpireMod:Muscle Training","Hemokinesis","Flame Barrier","ClockworkSouvenir","Replay:Bandana","Shrug It Off","Combust","Whirlwind","Apotheosis","Anchor","Onion Ring","BloodPotion","ColorlessPotion","Rage","Feel No Pain","Girya","Spot Weakness","ReplayTheSpireMod:Lightbulb","Kunai","Boot"],"campfire_rested":0,"item_purchase_floors":[0,0,0,0,0,0,0,0,0,0,0,0,0,0,7,19,19,37,53,53,53],"current_hp_per_floor":[80,80,60,66,72,68,68,58,58,58,64,68,70,63,63,64,80,80,80,80,80,80,80,80,80,80,80,75,75,76,80,80,77,80,80,80,80,60,80,80,80,80,80,84,84,84,84,88,88,78,88,88,88,88,62],"gold":278,"neow_bonus":"","is_daily":false,"chose_seed":false,"campfire_upgraded":1,"win_rate":0.0,"timestamp":1611349610,"path_taken":["M","M","?","M","M","E","$","E","T","R","M","E","?","?","R","BOSS","M","$","?","?","M","R","M","E","T","E","?","R","E","M","R","BOSS","M","M","$","?","M","E","?","E","T","E","M","E","R","M","R","BOSS","R","$","E","BOSS"],"items_purchased_type":["Card","Card","Card","Card","Relic","Relic","Card","Card","Card","Card","Relic","Relic","Potion","Potion","Card","Card","Relic","Card","Relic","Relic","Relic"],"build_version":"2020-12-22","purchased_purges":6,"victory":true,"max_hp_per_floor":[80,80,80,80,80,80,80,80,80,80,80,80,80,80,80,80,80,80,80,80,80,80,80,80,80,80,80,80,80,80,80,80,80,80,80,80,80,80,80,80,80,80,80,84,84,84,84,88,88,88,88,88,88,88,88],"relic_stats":{"Shovel":3,"counters":[155,713],"Golden Idol":253,"Sundial":[12],"CeramicFish":36,"MealTicket":0,"Kunai":[3],"Smiling Mask":473,"Boot":[0],"obtain_stats":[{"Ice Cream":14,"Golden Egg":8,"Divine Protection":42,"Replay:Accelerometer":52,"Gremlin Horn":9,"CeramicFish":43,"Whetstone":14,"Boot":53,"Old Coin":47,"Blood Vial":20,"Centennial Puzzle":9,"Sundial":28,"Strawberry":28,"MealTicket":27,"Kunai":53,"Electric Blood":17,"Girya":19,"Blue Candle":30,"Oddly Smooth Stone":26,"Velvet Choker":19,"Akabeko":27,"SlaversCollar":17,"Replay:Baseball":38,"Shuriken":55,"Bronze Scales":12,"Bird Faced Urn":12,"Simple Rune":28,"Onion Ring":45,"Mark of Pain":0,"ReplayTheSpireMod:TigerMarble":13,"Grinning Jar":25,"Abe\u0027s Treasure":17,"Unceasing Top":49,"Pocketwatch":0,"Darkstone Periapt":5,"ReplayFunnel":19,"Singing Bowl":10,"Magic Flower":11,"Mango":6,"Bag of Preparation":9,"Juzu Bracelet":42,"Incense Burner":12,"Replay:Mystery Machine":0,"Cursed Key":34,"Smiling Mask":24,"Burning Blood":0,"Pet Ghost":23,"Replay:Rubber Ducky":0,"ClockworkSouvenir":0,"Dream Catcher":43,"Nunchaku":38,"Replay:Bandana":0,"TheAbacus":0,"Matryoshka":0,"Shovel":46,"Pantograph":23,"Gambling Chip":24,"Chemical X":41,"Replay:Bottled Eggs":27,"Red Skull":6,"Runic Pyramid":34,"Potion Belt":48,"Golden Idol":11,"Self Forming Clay":7,"Quantum Egg":32,"Thread and Needle":50,"The Courier":14,"PreservedInsect":22,"Replay:WaspNest":0,"Frozen Egg 2":0,"MawBank":26,"Anchor":10,"CaptainsWheel":49,"Busted Crown":17,"Ornamental Fan":50,"Turnip":46,"Art of War":40,"Snack Pack":8,"Garlic":32,"Champion Belt":56,"Membership Card":0,"Bottled Lightning":9,"ReplayTheSpireMod:Lightbulb":0},{"Ice Cream":23,"Golden Egg":68,"Divine Protection":148,"Replay:Accelerometer":153,"Gremlin Horn":20,"CeramicFish":115,"Whetstone":70,"Boot":153,"Old Coin":88,"Blood Vial":26,"Centennial Puzzle":5,"Sundial":108,"Strawberry":13,"MealTicket":58,"Kunai":153,"Electric Blood":51,"Girya":134,"Blue Candle":30,"Oddly Smooth Stone":57,"Velvet Choker":72,"Akabeko":138,"SlaversCollar":24,"Replay:Baseball":83,"Shuriken":91,"Bronze Scales":6,"Bird Faced Urn":22,"Simple Rune":78,"Onion Ring":116,"Mark of Pain":0,"ReplayTheSpireMod:TigerMarble":132,"Grinning Jar":137,"Abe\u0027s Treasure":102,"Unceasing Top":120,"Pocketwatch":41,"Darkstone Periapt":18,"ReplayFunnel":103,"Singing Bowl":21,"Magic Flower":49,"Mango":19,"Bag of Preparation":68,"Juzu Bracelet":87,"Incense Burner":131,"Replay:Mystery Machine":93,"Cursed Key":31,"Smiling Mask":106,"Burning Blood":0,"Pet Ghost":56,"Replay:Rubber Ducky":93,"ClockworkSouvenir":123,"Dream Catcher":37,"Nunchaku":83,"Replay:Bandana":123,"TheAbacus":61,"Matryoshka":93,"Shovel":151,"Pantograph":12,"Gambling Chip":27,"Chemical X":114,"Replay:Bottled Eggs":78,"Red Skull":47,"Runic Pyramid":142,"Potion Belt":119,"Golden Idol":5,"Self Forming Clay":97,"Quantum Egg":80,"Thread and Needle":90,"The Courier":7,"PreservedInsect":11,"Replay:WaspNest":93,"Frozen Egg 2":14,"MawBank":106,"Anchor":69,"CaptainsWheel":152,"Busted Crown":8,"Ornamental Fan":120,"Turnip":38,"Art of War":36,"Snack Pack":48,"Garlic":109,"Champion Belt":92,"Membership Card":93,"Bottled Lightning":129,"ReplayTheSpireMod:Lightbulb":93},{"Ice Cream":93,"Golden Egg":270,"Divine Protection":660,"Replay:Accelerometer":693,"Gremlin Horn":78,"CeramicFish":521,"Whetstone":276,"Boot":693,"Old Coin":374,"Blood Vial":107,"Centennial Puzzle":17,"Sundial":475,"Strawberry":48,"MealTicket":230,"Kunai":693,"Electric Blood":208,"Girya":598,"Blue Candle":123,"Oddly Smooth Stone":226,"Velvet Choker":287,"Akabeko":613,"SlaversCollar":100,"Replay:Baseball":343,"Shuriken":395,"Bronze Scales":20,"Bird Faced Urn":86,"Simple Rune":311,"Onion Ring":524,"Mark of Pain":0,"ReplayTheSpireMod:TigerMarble":589,"Grinning Jar":609,"Abe\u0027s Treasure":449,"Unceasing Top":539,"Pocketwatch":170,"Darkstone Periapt":65,"ReplayFunnel":454,"Singing Bowl":82,"Magic Flower":200,"Mango":73,"Bag of Preparation":270,"Juzu Bracelet":367,"Incense Burner":585,"Replay:Mystery Machine":411,"Cursed Key":130,"Smiling Mask":466,"Burning Blood":0,"Pet Ghost":224,"Replay:Rubber Ducky":411,"ClockworkSouvenir":554,"Dream Catcher":151,"Nunchaku":343,"Replay:Bandana":554,"TheAbacus":244,"Matryoshka":411,"Shovel":679,"Pantograph":44,"Gambling Chip":111,"Chemical X":510,"Replay:Bottled Eggs":311,"Red Skull":189,"Runic Pyramid":629,"Potion Belt":538,"Golden Idol":17,"Self Forming Clay":425,"Quantum Egg":320,"Thread and Needle":385,"The Courier":25,"PreservedInsect":40,"Replay:WaspNest":411,"Frozen Egg 2":51,"MawBank":466,"Anchor":273,"CaptainsWheel":682,"Busted Crown":30,"Ornamental Fan":539,"Turnip":156,"Art of War":146,"Snack Pack":196,"Garlic":481,"Champion Belt":400,"Membership Card":411,"Bottled Lightning":578,"ReplayTheSpireMod:Lightbulb":411}],"Burning Blood":641},"card_choices":[{"not_picked":["Warcry","Body Slam"],"picked":"Cleave","floor":1},{"not_picked":["Blood for Blood","Dual Wield"],"picked":"Disarm","floor":2},{"not_picked":["Shrug It Off","Wild Strike"],"picked":"Inflame","floor":4},{"not_picked":["Thunderclap","Warcry","ReplayTheSpireMod:Muscle Training"],"picked":"SKIP","floor":5},{"not_picked":["Body Slam","Wild Strike","ReplayTheSpireMod:Strike From Hell"],"picked":"SKIP","floor":6},{"not_picked":["Shockwave","Sever Soul"],"picked":"Headbutt","floor":8},{"not_picked":["ReplayTheSpireMod:Strike From Hell","Shrug It Off"],"picked":"ReplayReversal","floor":11},{"not_picked":["Reckless Charge","Flex"],"picked":"Replay:Undeath\u0027s Touch","floor":12},{"not_picked":["Twin Strike","Offering"],"picked":"Massacre","floor":13},{"not_picked":["Fiend Fire","Hemogenesis"],"picked":"Barricade","floor":16},{"not_picked":["Armaments+1","ReplayReversal"],"picked":"True Grit","floor":18},{"not_picked":["Pommel Strike+1","Whirlwind"],"picked":"True Grit","floor":22},{"not_picked":["Heavy Blade","Headbutt","Sword Boomerang"],"picked":"SKIP","floor":24},{"not_picked":["Second Wind","Exhume"],"picked":"Feel No Pain","floor":25},{"not_picked":["Hemokinesis","Heavy Blade","Run Through"],"picked":"SKIP","floor":27},{"not_picked":["ReplayTheSpireMod:LeadingStrike","Iron Wave"],"picked":"Evolve","floor":28},{"not_picked":["Defy Death","Abandon"],"picked":"Battle Trance","floor":30},{"not_picked":["Heavy Blade","Fire Breathing"],"picked":"Burning Pact","floor":31},{"not_picked":["Double Tap","Brutality"],"picked":"Reaper","floor":33},{"not_picked":["Cleave","Wild Strike","ReplayTheSpireMod:Strike From Hell"],"picked":"SKIP","floor":35},{"not_picked":["Flex+1","Havoc+1","ReplayTheSpireMod:LeadingStrike+1"],"picked":"SKIP","floor":36},{"not_picked":["Flex+1","Eclipse","Anger"],"picked":"SKIP","floor":39},{"not_picked":["Massacre+1","Sword Boomerang+1","Clash+1"],"picked":"SKIP","floor":40},{"not_picked":["Wild Strike+1","Iron Wave","Clothesline+1"],"picked":"SKIP","floor":41},{"not_picked":["Heavy Blade","Warcry+1"],"picked":"Replay:Undeath\u0027s Touch","floor":42},{"not_picked":["Fire Breathing+1","Run Through"],"picked":"True Grit+1","floor":44},{"not_picked":["Inflame","Dropkick","Havoc+1"],"picked":"SKIP","floor":45},{"not_picked":["Heavy Blade+1","Shockwave+1"],"picked":"Replay:Undeath\u0027s Touch+1","floor":46},{"not_picked":["ReplayTheSpireMod:LeadingStrike","Twin Strike+1","Thunderclap"],"picked":"SKIP","floor":48},{"not_picked":["Feed","Disarm","Headbutt+1"],"picked":"SKIP","floor":54}],"player_experience":3988927,"relics_obtained":[{"floor":6,"key":"Smiling Mask"},{"floor":8,"key":"Replay:Mystery Machine"},{"floor":9,"key":"Bottled Lightning"},{"floor":12,"key":"Incense Burner"},{"floor":13,"key":"ReplayTheSpireMod:TigerMarble"},{"floor":25,"key":"Grinning Jar"},{"floor":27,"key":"Akabeko"},{"floor":30,"key":"Replay:Rubber Ducky"},{"floor":40,"key":"CeramicFish"},{"floor":42,"key":"Divine Protection"},{"floor":43,"key":"The Courier"},{"floor":44,"key":"MealTicket"},{"floor":46,"key":"Shovel"},{"floor":47,"key":"Oddly Smooth Stone"},{"floor":49,"key":"CaptainsWheel"},{"floor":52,"key":"Replay:Accelerometer"},{"floor":54,"key":"Sundial"}],"event_choices":[{"damage_healed":0,"gold_gain":0,"player_choice":"Take Damage","damage_taken":20,"relics_obtained":["Golden Idol"],"max_hp_gain":0,"max_hp_loss":0,"event_name":"Golden Idol","floor":3,"gold_loss":0},{"damage_healed":0,"gold_gain":30,"player_choice":"Searched \u00273\u0027 times","damage_taken":0,"max_hp_gain":0,"max_hp_loss":0,"event_name":"Dead Adventurer","floor":13,"gold_loss":0},{"cards_removed":["Strike_R"],"damage_healed":0,"gold_gain":0,"player_choice":"Card Removal","damage_taken":7,"max_hp_gain":0,"max_hp_loss":0,"event_name":"Golden Wing","floor":14,"gold_loss":0},{"cards_removed":["Defend_R"],"damage_healed":0,"gold_gain":0,"player_choice":"Gave Gold","damage_taken":0,"max_hp_gain":0,"max_hp_loss":0,"event_name":"Beggar","floor":21,"gold_loss":75}],"is_beta":false,"boss_relics":[{"not_picked":["Ring of Chaos","Ectoplasm"],"picked":"Abe\u0027s Treasure"},{"not_picked":["Snecko Heart","Runic Dome"],"picked":"Runic Pyramid"}],"items_purged_floors":[0,0,7,19,37,53],"is_endless":false,"potions_floor_spawned":[1,2,8,13,27,28,30,31,33,36,39,40,45,48],"ascension_level":2}}