{"host":"0ricjaa7rfq9v76t","time":1611302771,"event":{"mods":["AchievementEnabler","Aspiration","BaseMod","Better Vampires","BetterRewards","Colored Powertips","Highlight Path","Hubris","Infinite Spire","Minty Spire (QoL Compilation)","Quick Restart","Rare Cards Sparkle","Relic Sorter","Replay The Spire","StSLib","SuperFastMode","Synergy Search","The Cursed","The Disciple","The Jungle","The Marked","The Runesmith","Uncapped"],"gold_per_floor":[109,109,123,135,135,135,147,147,2,51,51,70,70,87,103,120,120,120,120],"floor_reached":18,"language":"ENG","playtime":1045,"items_purged":["Strike_B"],"score":106,"play_id":"0ba79ecc-834d-4c13-9644-7f1503a3892c","local_time":"20210122160611","is_ascension_mode":false,"campfire_choices":[{"data":"Creative AI","floor":8,"key":"SMITH"},{"floor":13,"key":"REST"},{"floor":17,"key":"REST"}],"circlet_count":0,"master_deck":["Strike_B","Strike_B","Strike_B","Defend_B","Defend_B","Defend_B","Defend_B","Zap","Dualcast","Gash","Creative AI+1","Heatsinks","Pot Of Greed","Pot Of Greed","Heatsinks","Heatsinks+1"],"relics":["Cracked Core","aspiration:Nostalgia","m_RuneBlood","Grinning Jar","Frozen Egg 2"],"acts_visited":["Exordium"],"potions_floor_usage":[15,15],"damage_taken":[{"damage":11,"enemies":"Jaw Worm","floor":1,"turns":3},{"damage":1,"enemies":"Cultist","floor":3,"turns":3},{"damage":2,"enemies":"2 Louse","floor":4,"turns":3},{"damage":9,"enemies":"Blue Slaver","floor":7,"turns":4},{"damage":8,"enemies":"2 Fungi Beasts","floor":12,"turns":5},{"damage":27,"enemies":"Large Slime","floor":14,"turns":7},{"damage":30,"enemies":"Gremlin Gang","floor":15,"turns":5},{"damage":10,"enemies":"Red Slaver","floor":16,"turns":4},{"damage":48,"enemies":"Fading Forest","floor":18,"turns":11}],"seed_played":"-3926979933826143809","potions_obtained":[{"floor":1,"key":"SneckoOil"},{"floor":2,"key":"LiquidMemories"},{"floor":2,"key":"Doom Potion"},{"floor":3,"key":"Adrenaline Potion"},{"floor":7,"key":"PowerPotion"}],"is_trial":false,"path_per_floor":["M","?","M","M","PTL","PTL","M","R","$","?","T","M","R","M","M","M","R","B"],"character_chosen":"DEFECT","items_purchased":["Heatsinks"],"campfire_rested":2,"item_purchase_floors":[9],"current_hp_per_floor":[67,67,69,70,70,70,64,64,64,46,46,41,63,39,12,5,27,0,0],"gold":120,"neow_bonus":"NOSTALGIA","is_daily":false,"chose_seed":false,"campfire_upgraded":1,"win_rate":0.0,"timestamp":1611302771,"path_taken":["M","?","?","M","PTL","PTL","M","R","?","?","T","M","R","M","M","M","R","BOSS"],"items_purchased_type":["Card"],"build_version":"2020-12-22","purchased_purges":1,"victory":false,"max_hp_per_floor":[75,75,75,75,75,75,75,75,75,75,75,75,75,75,75,75,75,75,75],"card_choices":[{"not_picked":["Ball Lightning","Stack"],"picked":"Gash","floor":1},{"not_picked":["Cold Snap","Bash"],"picked":"Creative AI","floor":3},{"not_picked":["Skim","Perfected Strike","Blizzard"],"picked":"SKIP","floor":4},{"not_picked":["Coolheaded","Rampage","Barrage"],"picked":"SKIP","floor":7},{"not_picked":["Runesmith:ShiftingStrike","ReplayTheSpireMod:Repulse"],"picked":"Heatsinks","floor":10},{"not_picked":["Perfected Strike","Bash","Go for the Eyes"],"picked":"SKIP","floor":12},{"not_picked":["ReplayTheSpireMod:LeadingStrike","Panic Button"],"picked":"Heatsinks+1","floor":14},{"not_picked":["Multi-Cast","Rebound","Runesmith:Grindstone"],"picked":"SKIP","floor":15},{"not_picked":["Skim","Steam","Runesmith:Fortify"],"picked":"SKIP","floor":16}],"player_experience":195401,"relics_obtained":[{"floor":10,"key":"Grinning Jar"},{"floor":11,"key":"Frozen Egg 2"}],"event_choices":[{"damage_healed":0,"gold_gain":0,"player_choice":"Got Potions","damage_taken":0,"max_hp_gain":0,"max_hp_loss":0,"event_name":"Lab","floor":2,"gold_loss":0}],"is_beta":false,"boss_relics":[],"items_purged_floors":[9],"is_endless":false,"potions_floor_spawned":[1,3,4,7],"killed_by":"Fading Forest","ascension_level":0}}