{"host":"ni5mix2lh3q94rpg","time":1611354091,"event":{"mods":["AchievementEnabler","Act Like it!","BaseMod","Better Altar","Better Note","Better Silent Start","Better Skull","Better Third Choice","Better Vampires","Card Forge","Colored Map","Colored Powertips","Custom Start","Displayed Cursed Tome","Gensokyo","GifTheSpireLib","Hermit","Highlight Path","Marisa????????","Minty Spire (QoL Compilation)","Remilia??????","Shop Mod","StSLib","The Cursed","The Servant 0.9.4","Transform Curses","everything is the same but u backflip on backflip","slay the spire mod where everything is the same but ironclad has a cowboy hat"],"gold_per_floor":[112,112,127,52,10,35,45,62,136,136,88,100,115,115,115,115,115],"floor_reached":16,"language":"ENG","playtime":640,"items_purged":[],"score":235,"play_id":"c4cdf34d-0bc4-4843-b40f-382c71862798","local_time":"20210123012131","is_ascension_mode":true,"campfire_choices":[{"data":"Loop","floor":10,"key":"SMITH"},{"data":"Dualcast","floor":15,"key":"SMITH"}],"circlet_count":0,"master_deck":["AscendersBane","Strike_B","Strike_B","Strike_B","Defend_B","Defend_B","Defend_B","Defend_B","Zap","Dualcast+1","Double Energy","Cold Snap","Undo","Loop+1","Glacier","Self Repair"],"relics":["Cracked Core","Hammer of Thor","Seething Fire","Anvil of the Gods","NeowsBlessing","Bird Faced Urn","Letter Opener","betterThird:SlimedRelic"],"acts_visited":["Exordium"],"potions_floor_usage":[12,13,16,16],"damage_taken":[{"damage":0,"enemies":"Jaw Worm","floor":1,"turns":1},{"damage":0,"enemies":"Small Slimes","floor":3,"turns":1},{"damage":0,"enemies":"3 Sentries","floor":6,"turns":1},{"damage":7,"enemies":"2 Louse","floor":7,"turns":2},{"damage":6,"enemies":"Blue Slaver","floor":8,"turns":4},{"damage":0,"enemies":"Looter","floor":12,"turns":4},{"damage":8,"enemies":"Exordium Thugs","floor":13,"turns":5},{"damage":59,"enemies":"Slime Boss","floor":16,"turns":16}],"seed_played":"-8460941957165503410","potions_obtained":[{"floor":3,"key":"Block Potion"},{"floor":8,"key":"Swift Potion"},{"floor":12,"key":"Explosive Potion"},{"floor":13,"key":"DuplicationPotion"}],"is_trial":false,"path_per_floor":["M","?","M","?","$","E","M","M","T","R","?","M","M","?","R","B"],"character_chosen":"DEFECT","items_purchased":["Undo"],"campfire_rested":0,"item_purchase_floors":[5],"current_hp_per_floor":[64,69,69,69,69,69,64,60,60,60,49,51,45,45,45,0,0],"gold":115,"neow_bonus":"THREE_ENEMY_KILL","is_daily":false,"chose_seed":false,"campfire_upgraded":2,"win_rate":0.0,"timestamp":1611354091,"path_taken":["M","?","M","?","$","E","M","M","T","R","?","M","M","?","R","BOSS"],"items_purchased_type":["Card"],"build_version":"2020-12-22","purchased_purges":0,"victory":false,"max_hp_per_floor":[71,76,76,76,76,76,76,76,76,76,76,76,76,76,76,76,76],"card_choices":[{"not_picked":["Stack","Compile Driver"],"picked":"Double Energy","floor":1},{"not_picked":["Steam","Force Field"],"picked":"Cold Snap","floor":3},{"not_picked":["Sunder","Streamline"],"picked":"Loop","floor":6},{"not_picked":["Go for the Eyes","Beam Cell"],"picked":"Glacier","floor":7},{"not_picked":["Heatsinks","Hologram","Compile Driver"],"picked":"SKIP","floor":8},{"not_picked":["Blizzard","Barrage"],"picked":"Self Repair","floor":12},{"not_picked":["Storm","Turbo","Sunder"],"picked":"SKIP","floor":13}],"player_experience":873634,"relics_obtained":[{"floor":6,"key":"Bird Faced Urn"},{"floor":9,"key":"Letter Opener"}],"event_choices":[{"damage_healed":0,"gold_gain":0,"player_choice":"Donut","damage_taken":0,"max_hp_gain":5,"max_hp_loss":0,"event_name":"Big Fish","floor":2,"gold_loss":0},{"cards_removed":["Strike_B"],"damage_healed":0,"gold_gain":0,"player_choice":"Card Removal","damage_taken":0,"max_hp_gain":0,"max_hp_loss":0,"event_name":"The Cleric","floor":4,"gold_loss":75},{"damage_healed":0,"gold_gain":0,"player_choice":"Slimed","damage_taken":11,"max_hp_gain":0,"max_hp_loss":0,"event_name":"betterThird:BetterGoop","floor":11,"gold_loss":48},{"damage_healed":0,"gold_gain":0,"player_choice":"Ignored","damage_taken":115,"max_hp_gain":0,"max_hp_loss":0,"event_name":"betterThird:BetterSerpent","floor":14,"gold_loss":0}],"is_beta":false,"boss_relics":[],"items_purged_floors":[],"is_endless":false,"potions_floor_spawned":[3,8,12,13],"killed_by":"Slime Boss","ascension_level":17}}