{"host":"neeznpvpgo0qgfkd","time":1611344354,"event":{"mods":["AchievementEnabler","BaseMod","BetterRewards","Colored Map","Colored Powertips","Exacting","Minty Spire (QoL Compilation)","Permanent Neow","Quick Restart","Shop Mod"],"gold_per_floor":[111,111,139,139,159,203,221,221,221,235,279,302,255,289,289,380,380,405,57,57,10,29,62,62,98,98,117,117,173,204,250,250,339,339,375,394,21,89,311,346,346,385,385,56,90,90,119,159,159,159,159,159,51,82,82],"floor_reached":56,"language":"ENG","playtime":3844,"items_purged":["Injury"],"score":2153,"play_id":"692009d0-ca12-42cc-90a8-29075232be1a","local_time":"20210122143914","is_ascension_mode":true,"campfire_choices":[{"floor":8.0,"key":"REST"},{"floor":15.0,"key":"REST"},{"floor":24.0,"key":"REST"},{"floor":28,"key":"REST"},{"floor":32,"key":"REST"},{"floor":41,"key":"REST"},{"floor":49,"key":"RECALL"},{"data":"Infinite Blades","floor":52,"key":"SMITH"}],"circlet_count":0,"master_deck":["AscendersBane","Strike_G","Strike_G","Strike_G","Strike_G","Strike_G","Defend_G+1","Defend_G","Defend_G","Defend_G","Defend_G","Survivor","Neutralize","Apotheosis+1","Poisoned Stab","Well Laid Plans","Glass Knife","Adrenaline","Cloak And Dagger","Noxious Fumes","Dash+1","Flying Knee+1","Dodge and Roll","Corpse Explosion","Dagger Spray+1","Infinite Blades+1","Cloak And Dagger+1","Bane+1","Accuracy","Cloak And Dagger+1","Cloak And Dagger+1","Blade Dance","Crippling Poison","Dash+1","Poisoned Stab+1","Adrenaline","CurseOfTheBell","Catalyst","After Image+1","Blade Dance","Choke+1","Bane+1","Panache+1","Accuracy+1","Trip+1","Blade Dance+1","Adrenaline+1","Infinite Blades+1"],"relics":["Ring of the Snake","Golden Idol","Bronze Scales","Molten Egg 2","Black Star","Ornamental Fan","MutagenicStrength","Question Card","Lantern","Vajra","Meat on the Bone","Frozen Egg 2","Red Mask","Snake Skull","Blood Vial","Orichalcum","Sundial","MerchantsRug","ClockworkSouvenir","Incense Burner","Letter Opener","Bottled Tornado","Toxic Egg 2","Bottled Flame","Sling","Strawberry","Akabeko","Unceasing Top","Toy Ornithopter","Tough Bandages","War Paint","Centennial Puzzle"],"acts_visited":["Exordium","TheCity","TheBeyond","TheEnding"],"potions_floor_usage":[25,27,29,30,31,33,38,40,40,47],"damage_taken":[{"damage":0.0,"enemies":"2 Louse","floor":1.0,"turns":5.0},{"damage":1.0,"enemies":"Jaw Worm","floor":3.0,"turns":2.0},{"damage":0.0,"enemies":"Small Slimes","floor":5.0,"turns":3.0},{"damage":28.0,"enemies":"Gremlin Nob","floor":6.0,"turns":5.0},{"damage":1.0,"enemies":"2 Fungi Beasts","floor":7.0,"turns":3.0},{"damage":0.0,"enemies":"Exordium Wildlife","floor":10.0,"turns":2.0},{"damage":22.0,"enemies":"Lagavulin","floor":11.0,"turns":6.0},{"damage":5.0,"enemies":"Blue Slaver","floor":12.0,"turns":4.0},{"damage":1.0,"enemies":"Gremlin Nob","floor":14.0,"turns":4.0},{"damage":8.0,"enemies":"Hexaghost","floor":16.0,"turns":9.0},{"damage":20.0,"enemies":"Shell Parasite","floor":18.0,"turns":4.0},{"damage":0.0,"enemies":"Chosen","floor":22.0,"turns":4.0},{"damage":23.0,"enemies":"Slavers","floor":23.0,"turns":2.0},{"damage":26,"enemies":"Book of Stabbing","floor":25,"turns":4},{"damage":3,"enemies":"Snecko","floor":27,"turns":4},{"damage":7,"enemies":"Masked Bandits","floor":29,"turns":3},{"damage":0,"enemies":"Centurion and Healer","floor":30,"turns":2},{"damage":2,"enemies":"Slavers","floor":31,"turns":3},{"damage":61,"enemies":"Automaton","floor":33,"turns":8},{"damage":0,"enemies":"3 Shapes","floor":35,"turns":4},{"damage":20,"enemies":"Orb Walker","floor":36,"turns":3},{"damage":20,"enemies":"2 Orb Walkers","floor":38,"turns":3},{"damage":15,"enemies":"Giant Head","floor":40,"turns":7},{"damage":22,"enemies":"Reptomancer","floor":42,"turns":6},{"damage":43,"enemies":"Nemesis","floor":45,"turns":5},{"damage":0,"enemies":"Jaw Worm Horde","floor":47,"turns":2},{"damage":11,"enemies":"Giant Head","floor":48,"turns":6},{"damage":55,"enemies":"Time Eater","floor":50,"turns":9},{"damage":35,"enemies":"Shield and Spear","floor":54,"turns":4},{"damage":2,"enemies":"The Heart","floor":55,"turns":6}],"seed_played":"-7677200625607896425","potions_obtained":[{"floor":3.0,"key":"EntropicBrew"},{"floor":5.0,"key":"Ancient Potion"},{"floor":10.0,"key":"PowerPotion"},{"floor":11.0,"key":"Regen Potion"},{"floor":12.0,"key":"Energy Potion"},{"floor":14.0,"key":"Block Potion"},{"floor":16.0,"key":"ColorlessPotion"},{"floor":22.0,"key":"Fire Potion"},{"floor":23.0,"key":"BlessingOfTheForge"},{"floor":25,"key":"Weak Potion"},{"floor":27,"key":"FearPotion"},{"floor":27,"key":"SmokeBomb"},{"floor":29,"key":"FearPotion"},{"floor":30,"key":"Explosive Potion"},{"floor":31,"key":"EssenceOfSteel"},{"floor":33,"key":"CunningPotion"},{"floor":35,"key":"LiquidMemories"},{"floor":38,"key":"FearPotion"},{"floor":40,"key":"FairyPotion"},{"floor":42,"key":"Energy Potion"}],"is_trial":false,"path_per_floor":["M","?","M","?","M","E","M","R","T","M","E","M","?","E","R","B",null,"M","$","?","$","M","E","R","E","T","M","R","?","M","E","R","B",null,"M","M","$","?","?","E","R","E","T","$","E","?","M","E","R","B",null,"R","$","E","B",null],"character_chosen":"THE_SILENT","items_purchased":["Ornamental Fan","Infinite Blades","Cloak And Dagger","Bane+1","After Image+1","MerchantsRug","ClockworkSouvenir","Panache+1","Accuracy+1","Sling","Trip+1","Infinite Blades+1"],"campfire_rested":6,"item_purchase_floors":[19,19,19,21,37,37,37,44,44,44,44,53],"current_hp_per_floor":[44,44,43,43,43,15,14,33,33,33,11,6,6,14,33,25,56,36,36,36,36,36,13,32,6,6,15,34,39,39,46,65,17,54,56,38,38,32,32,31,50,42,42,42,20,73,73,62,62,21,60,60,60,39,39],"gold":82,"neow_bonus":"RANDOM_COLORLESS_2","is_daily":false,"chose_seed":false,"campfire_upgraded":1,"win_rate":0.0,"timestamp":1611344354,"path_taken":["M","?","M","?","M","E","M","R","T","M","E","M","?","E","R","BOSS","M","$","?","$","M","E","R","E","T","M","R","?","M","E","R","BOSS","M","M","$","?","?","E","R","E","T","$","E","?","?","E","R","BOSS","R","$","E","BOSS"],"items_purchased_type":["Relic","Card","Card","Card","Card","Relic","Relic","Card","Card","Relic","Card","Card"],"build_version":"2020-12-22","purchased_purges":1,"victory":true,"max_hp_per_floor":[66,66,66,66,66,66,66,66,66,66,66,66,66,66,66,66,66,66,66,66,66,66,66,66,66,66,66,66,66,66,66,66,66,66,66,66,66,66,66,66,66,66,66,66,73,73,73,73,73,73,73,73,73,73,73],"card_choices":[{"not_picked":["Master of Strategy","Mayhem"],"picked":"Apotheosis","floor":0.0},{"not_picked":["Sucker Punch","Acrobatics"],"picked":"Poisoned Stab","floor":1.0},{"not_picked":["Sucker Punch","Cloak And Dagger"],"picked":"Well Laid Plans","floor":3.0},{"not_picked":["PiercingWail","Backstab"],"picked":"Glass Knife","floor":5.0},{"not_picked":["Dagger Spray","Dagger Throw"],"picked":"Adrenaline","floor":6.0},{"not_picked":["Calculated Gamble","Tactician"],"picked":"Cloak And Dagger","floor":7.0},{"not_picked":["Eviscerate","Backflip"],"picked":"Noxious Fumes","floor":10.0},{"not_picked":["Dodge and Roll","Terror"],"picked":"Dash+1","floor":11.0},{"not_picked":["Choke+1","Acrobatics"],"picked":"Flying Knee+1","floor":12.0},{"not_picked":["Wraith Form v2","Outmaneuver"],"picked":"Dodge and Roll","floor":14.0},{"not_picked":["Wraith Form v2","A Thousand Cuts"],"picked":"Corpse Explosion","floor":16.0},{"not_picked":["Blade Dance","Deflect"],"picked":"Dagger Spray+1","floor":18.0},{"not_picked":["Quick Slash+1","Bane+1"],"picked":"Accuracy","floor":22.0},{"not_picked":["Distraction+1","Flying Knee+1"],"picked":"Cloak And Dagger+1","floor":23.0},{"not_picked":["Quick Slash+1","Flying Knee+1","Slice+1"],"picked":"Cloak And Dagger+1","floor":25},{"not_picked":["Backflip","Die Die Die+1","Backstab+1"],"picked":"Blade Dance","floor":27},{"not_picked":["Quick Slash+1","Dagger Throw+1","Deadly Poison+1"],"picked":"Crippling Poison","floor":29},{"not_picked":["Blur","Outmaneuver","Dagger Throw+1"],"picked":"Dash+1","floor":30},{"not_picked":["Blur","Doppelganger","Backstab+1"],"picked":"Poisoned Stab+1","floor":31},{"not_picked":["Night Terror","Storm of Steel","Grand Finale+1"],"picked":"Adrenaline","floor":33},{"not_picked":["Acrobatics","Heel Hook+1","Poisoned Stab+1","Dagger Throw+1"],"picked":"SKIP","floor":35},{"not_picked":["Backflip+1","Deadly Poison","Escape Plan"],"picked":"Catalyst","floor":36},{"not_picked":["Deadly Poison","Skewer+1","Backflip+1"],"picked":"Blade Dance","floor":38},{"not_picked":["Dodge and Roll","Slice+1","Expertise+1"],"picked":"Choke+1","floor":40},{"not_picked":["Flechettes+1","Storm of Steel+1","Crippling Poison+1"],"picked":"Bane+1","floor":42},{"not_picked":["Crippling Poison+1","Bullet Time+1","Concentrate+1","Dash+1"],"picked":"SKIP","floor":45},{"not_picked":["Flechettes+1","Slice+1","Deadly Poison+1"],"picked":"Blade Dance+1","floor":47},{"not_picked":["Outmaneuver+1","Backflip+1","Wraith Form v2+1"],"picked":"Adrenaline+1","floor":48},{"not_picked":["Acrobatics+1","Outmaneuver+1","Calculated Gamble+1","Blade Dance+1"],"picked":"SKIP","floor":54}],"player_experience":1893645,"relics_obtained":[{"floor":6.0,"key":"Bronze Scales"},{"floor":11.0,"key":"Molten Egg 2"},{"floor":14.0,"key":"White Beast Statue"},{"floor":23.0,"key":"Question Card"},{"floor":23.0,"key":"Lantern"},{"floor":25,"key":"Vajra"},{"floor":25,"key":"Meat on the Bone"},{"floor":26,"key":"Frozen Egg 2"},{"floor":29,"key":"Red Mask"},{"floor":31,"key":"Snake Skull"},{"floor":31,"key":"Blood Vial"},{"floor":34,"key":"Orichalcum"},{"floor":34,"key":"Sundial"},{"floor":34,"key":"Dead Branch"},{"floor":38,"key":"Incense Burner"},{"floor":40,"key":"Letter Opener"},{"floor":40,"key":"Bottled Tornado"},{"floor":42,"key":"Toxic Egg 2"},{"floor":42,"key":"Blue Candle"},{"floor":43,"key":"Bottled Flame"},{"floor":45,"key":"Strawberry"},{"floor":45,"key":"Akabeko"},{"floor":48,"key":"Unceasing Top"},{"floor":48,"key":"Toy Ornithopter"},{"floor":48,"key":"Tough Bandages"},{"floor":54,"key":"War Paint"},{"floor":54,"key":"Centennial Puzzle"}],"event_choices":[{"damage_healed":0.0,"max_hp_gain":0.0,"max_hp_loss":0.0,"gold_gain":0.0,"event_name":"Living Wall","player_choice":"Grow","floor":2.0,"gold_loss":0.0,"damage_taken":0.0,"cards_upgraded":["Apotheosis"]},{"damage_healed":0.0,"max_hp_gain":0.0,"max_hp_loss":0.0,"gold_gain":0.0,"event_name":"Golden Idol","player_choice":"Take Wound","floor":4.0,"gold_loss":0.0,"damage_taken":0.0,"relics_obtained":["Golden Idol"],"cards_obtained":["Injury"]},{"damage_healed":0.0,"max_hp_gain":0.0,"max_hp_loss":0.0,"gold_gain":0.0,"event_name":"World of Goop","player_choice":"Left Gold","floor":13.0,"gold_loss":47.0,"damage_taken":0.0},{"damage_healed":0.0,"max_hp_gain":0.0,"max_hp_loss":0.0,"gold_gain":0.0,"event_name":"Drug Dealer","player_choice":"Inject Mutagens","floor":20.0,"gold_loss":0.0,"damage_taken":0.0,"relics_obtained":["MutagenicStrength"]},{"damage_healed":0,"gold_gain":0,"player_choice":"Fought Bandits","damage_taken":0,"max_hp_gain":0,"max_hp_loss":0,"event_name":"Masked Bandits","floor":29,"gold_loss":0},{"damage_healed":0,"gold_gain":0,"player_choice":"Fight","damage_taken":0,"max_hp_gain":0,"max_hp_loss":0,"event_name":"Mysterious Sphere","floor":38,"gold_loss":0},{"damage_healed":0,"gold_gain":222,"player_choice":"Wore Mask","damage_taken":0,"max_hp_gain":0,"max_hp_loss":0,"event_name":"Tomb of Lord Red Mask","floor":39,"gold_loss":0},{"damage_healed":53,"gold_gain":0,"player_choice":"Full Heal","damage_taken":0,"max_hp_gain":0,"max_hp_loss":0,"event_name":"Wheel of Change","floor":46,"gold_loss":0}],"is_beta":false,"boss_relics":[{"not_picked":["Philosopher\u0027s Stone","Astrolabe"],"picked":"Black Star"},{"not_picked":["SacredBark","Pandora\u0027s Box"],"picked":"Calling Bell"}],"items_purged_floors":[53],"is_endless":false,"potions_floor_spawned":[3,5,10,12,14,16,18,22,23,25,27,29,30,31,33,35,36,38,40,42],"ascension_level":15}}