{"host":"9709z2dy8v1s63sm","time":1611322223,"event":{"mods":["AchievementEnabler","BaseMod","Minty Spire (QoL Compilation)","StSLib","SuperFastMode"],"gold_per_floor":[111,126,139,154,167,167,202,202,227,244,256,256,99,117,117,117,117],"floor_reached":16,"language":"KOR","playtime":468,"items_purged":["Defend_R"],"score":154,"play_id":"a3a659ca-2be9-4357-8a23-7137e53a1ef3","local_time":"20210122223023","is_ascension_mode":true,"campfire_choices":[{"data":"Double Tap","floor":6.0,"key":"SMITH"},{"data":"Shockwave","floor":12,"key":"SMITH"},{"data":"Power Through","floor":15,"key":"SMITH"}],"circlet_count":0,"master_deck":["Strike_R","Strike_R","Strike_R","Strike_R","Defend_R","Defend_R","Bash","Perfected Strike","Hemokinesis","Double Tap+1","Seeing Red+1","Impervious","Shockwave+1","Power Through+1","Pummel","Second Wind"],"relics":["Burning Blood","Potion Belt"],"acts_visited":["Exordium"],"potions_floor_usage":[],"damage_taken":[{"damage":2.0,"enemies":"Cultist","floor":1.0,"turns":2.0},{"damage":21.0,"enemies":"Small Slimes","floor":2.0,"turns":4.0},{"damage":2.0,"enemies":"Jaw Worm","floor":3.0,"turns":3.0},{"damage":16.0,"enemies":"Blue Slaver","floor":4.0,"turns":3.0},{"damage":5.0,"enemies":"2 Fungi Beasts","floor":5.0,"turns":3.0},{"damage":20.0,"enemies":"Gremlin Nob","floor":7.0,"turns":4.0},{"damage":8,"enemies":"Red Slaver","floor":10,"turns":3},{"damage":9,"enemies":"Blue Slaver","floor":11,"turns":3},{"damage":0,"enemies":"Looter","floor":14,"turns":2},{"damage":28,"enemies":"Slime Boss","floor":16,"turns":4}],"seed_played":"396963390083450037","potions_obtained":[{"floor":5.0,"key":"Fire Potion"},{"floor":7.0,"key":"Weak Potion"}],"is_trial":false,"path_per_floor":["M","M","M","M","M","R","E","?","T","M","M","R","$","M","R","B"],"character_chosen":"IRONCLAD","items_purchased":["Second Wind"],"campfire_rested":0,"item_purchase_floors":[13],"current_hp_per_floor":[55,40,44,34,35,35,21,21,21,19,16,16,16,22,22,0,0],"gold":117,"neow_bonus":"TRANSFORM_TWO_CARDS","is_daily":false,"chose_seed":false,"campfire_upgraded":3,"win_rate":0.0,"timestamp":1611322223,"path_taken":["M","M","M","M","?","R","E","?","T","M","?","R","$","M","R","BOSS"],"items_purchased_type":["Card"],"build_version":"2020-12-22","purchased_purges":1,"victory":false,"max_hp_per_floor":[80,80,80,80,80,80,80,80,80,80,80,80,80,80,80,80,80],"card_choices":[{"not_picked":["Sword Boomerang","Clothesline","Warcry"],"picked":"SKIP","floor":1.0},{"not_picked":["Flex","Cleave"],"picked":"Double Tap","floor":2.0},{"not_picked":["True Grit","Anger"],"picked":"Seeing Red","floor":3.0},{"not_picked":["Anger","Rupture"],"picked":"Impervious","floor":4.0},{"not_picked":["Headbutt","Flame Barrier"],"picked":"Shockwave","floor":5.0},{"not_picked":["Flex","Heavy Blade"],"picked":"Power Through","floor":7.0},{"not_picked":["Disarm","Intimidate","Sentinel"],"picked":"SKIP","floor":10},{"not_picked":["Fire Breathing","Armaments"],"picked":"Pummel","floor":11},{"not_picked":["Feed","Havoc","Headbutt"],"picked":"SKIP","floor":14}],"player_experience":82373,"relics_obtained":[{"floor":7.0,"key":"Potion Belt"}],"event_choices":[{"damage_healed":0.0,"max_hp_gain":0.0,"max_hp_loss":0.0,"gold_gain":0.0,"event_name":"Upgrade Shrine","player_choice":"Upgraded","floor":8.0,"gold_loss":0.0,"damage_taken":0.0,"cards_upgraded":["Seeing Red"]}],"is_beta":false,"boss_relics":[],"items_purged_floors":[13],"is_endless":false,"potions_floor_spawned":[5,7],"killed_by":"Slime Boss","ascension_level":9}}