{"host":"vhvm1b4sel61ztfv","time":1611287402,"event":{"mods":["BaseMod","BetterRewards","Displayed Cursed Tome","Gold Saver","Minty Spire (QoL Compilation)","StSLib"],"gold_per_floor":[118,130,147,163,176,176,176,210,210,210,210,240,240,41,41,146,146,165,165,178,127,138,138,138,168,240,240,254,254,1,26,26,121,121,141,141,213,77,96,96,128,146,223,233,30,30,30,330,330,433,433,443,477,497,510,341,341,99,129,202,232,260,57,70,128,128,226,226,243,125,138,151,101,134,154,154,187,221,221,221,241,258,258,358,358,373,60,74,74,85,115,115,115,144,176,202,220,240,267,267,366,366,366,366],"floor_reached":103,"language":"ENG","playtime":5437,"items_purged":["Normality","Pain","Pain"],"score":3737,"play_id":"dfc3b7c9-aaab-4602-871c-275c0defb4d7","local_time":"20210121225002","daily_mods":["Vintage","Heirloom","Time Dilation","Flight","DeadlyEvents","Elite Swarm","Lethality"],"is_ascension_mode":true,"campfire_choices":[{"floor":6.0,"key":"REST"},{"data":"Eruption","floor":7.0,"key":"SMITH"},{"floor":11.0,"key":"REST"},{"data":"DeusExMachina","floor":13.0,"key":"SMITH"},{"data":"Wallop","floor":15.0,"key":"SMITH"},{"data":"Brilliance","floor":23.0,"key":"SMITH"},{"data":"FlurryOfBlows","floor":24.0,"key":"SMITH"},{"data":"Alpha","floor":27.0,"key":"SMITH"},{"data":"Vigilance","floor":32.0,"key":"SMITH"},{"data":"Omniscience","floor":40.0,"key":"SMITH"},{"floor":46.0,"key":"REST"},{"data":"FlurryOfBlows","floor":47.0,"key":"SMITH"},{"data":"FollowUp","floor":49.0,"key":"SMITH"},{"data":"ClearTheMind","floor":57.0,"key":"SMITH"},{"data":"ConjureBlade","floor":66.0,"key":"SMITH"},{"floor":76.0,"key":"REST"},{"data":"Vault","floor":83.0,"key":"SMITH"},{"data":"Ragnarok","floor":92,"key":"SMITH"},{"data":"Alpha","floor":100,"key":"SMITH"}],"circlet_count":0,"master_deck":["AscendersBane","Strike_P+1","Strike_P+1","Strike_P+1","Strike_P+1","Defend_P+1","Defend_P+1","Defend_P+1","Defend_P+1","Eruption+1","Vigilance+1","Devotion+1","DeusExMachina+1","MentalFortress+1","Wallop+1","FlurryOfBlows+1","Brilliance+1","FlurryOfBlows+1","Alpha+1","FollowUp+1","LikeWater+1","Regret","Omniscience+1","Fasting2+1","DevaForm+1","Clumsy","FlurryOfBlows+1","Vault+1","CurseOfTheBell","Devotion+1","ClearTheMind+1","MasterReality+1","Clumsy","Alpha+1","ConjureBlade+1","Ragnarok+1","Writhe","Devotion+1"],"relics":["PureWater","Unceasing Top","Torii","Incense Burner","Pantograph","Du-Vu Doll","Frozen Egg 2","MealTicket","Ornamental Fan","WarpedTongs","Potion Belt","Cursed Key","StrikeDummy","Ginger","Tiny Chest","Lizard Tail","Letter Opener","Akabeko","Art of War","Black Star","Boot","Matryoshka","Smiling Mask","Blue Candle","Eternal Feather","White Beast Statue","InkBottle","TeardropLocket","Centennial Puzzle","DollysMirror","Calling Bell","Bag of Marbles","The Courier","Pocketwatch","Bag of Preparation","Vajra","Kunai","Damaru","Strawberry","Bottled Lightning","Singing Bowl","Bottled Tornado","Nunchaku","Regal Pillow","Toy Ornithopter","Whetstone","Shuriken","Bronze Scales","Enchiridion","Oddly Smooth Stone","PreservedInsect","SacredBark","Bird Faced Urn","Mango","Gremlin Horn","Ancient Tea Set","Question Card","Blood Vial"],"acts_visited":["Exordium","TheCity","TheBeyond","Exordium","TheCity","TheBeyond","Exordium"],"potions_floor_usage":[91,101,101,101,101],"damage_taken":[{"damage":7.0,"enemies":"Jaw Worm","floor":1.0,"turns":2.0},{"damage":0.0,"enemies":"Cultist","floor":2.0,"turns":2.0},{"damage":0.0,"enemies":"Small Slimes","floor":3.0,"turns":1.0},{"damage":0.0,"enemies":"3 Louse","floor":4.0,"turns":1.0},{"damage":20.0,"enemies":"Lots of Slimes","floor":5.0,"turns":3.0},{"damage":20.0,"enemies":"Lagavulin","floor":8.0,"turns":4.0},{"damage":16.0,"enemies":"Gremlin Nob","floor":12.0,"turns":4.0},{"damage":2.0,"enemies":"Slime Boss","floor":16.0,"turns":4.0},{"damage":2.0,"enemies":"3 Byrds","floor":18.0,"turns":4.0},{"damage":0.0,"enemies":"Chosen","floor":20.0,"turns":2.0},{"damage":0.0,"enemies":"Centurion and Healer","floor":22.0,"turns":2.0},{"damage":25.0,"enemies":"Gremlin Leader","floor":25.0,"turns":2.0},{"damage":1.0,"enemies":"Sentry and Sphere","floor":28.0,"turns":3.0},{"damage":23.0,"enemies":"Automaton","floor":33.0,"turns":5.0},{"damage":0.0,"enemies":"3 Darklings","floor":35.0,"turns":4.0},{"damage":14.0,"enemies":"Orb Walker","floor":39.0,"turns":3.0},{"damage":14.0,"enemies":"Nemesis","floor":41.0,"turns":3.0},{"damage":32.0,"enemies":"Spire Growth","floor":42.0,"turns":3.0},{"damage":2.0,"enemies":"Sphere and 2 Shapes","floor":44.0,"turns":1.0},{"damage":83.0,"enemies":"Awakened One","floor":50.0,"turns":5.0},{"damage":0.0,"enemies":"Cultist","floor":52.0,"turns":1.0},{"damage":0.0,"enemies":"Lagavulin","floor":53.0,"turns":3.0},{"damage":1.0,"enemies":"Jaw Worm","floor":54.0,"turns":1.0},{"damage":0.0,"enemies":"2 Louse","floor":55.0,"turns":1.0},{"damage":0.0,"enemies":"Gremlin Nob","floor":59.0,"turns":1.0},{"damage":0.0,"enemies":"Lagavulin","floor":61.0,"turns":3.0},{"damage":25.0,"enemies":"3 Sentries","floor":62.0,"turns":4.0},{"damage":25.0,"enemies":"Gremlin Gang","floor":64.0,"turns":3.0},{"damage":1.0,"enemies":"Slime Boss","floor":67.0,"turns":1.0},{"damage":0.0,"enemies":"3 Byrds","floor":69.0,"turns":2.0},{"damage":10.0,"enemies":"2 Thieves","floor":71.0,"turns":3.0},{"damage":9.0,"enemies":"Centurion and Healer","floor":72.0,"turns":4.0},{"damage":52.0,"enemies":"Book of Stabbing","floor":74.0,"turns":4.0},{"damage":8.0,"enemies":"Snake Plant","floor":75.0,"turns":3.0},{"damage":2.0,"enemies":"Gremlin Leader","floor":77.0,"turns":4.0},{"damage":0.0,"enemies":"Book of Stabbing","floor":78.0,"turns":2.0},{"damage":1.0,"enemies":"Chosen and Byrds","floor":81.0,"turns":1.0},{"damage":1.0,"enemies":"Cultist and Chosen","floor":82.0,"turns":2.0},{"damage":11.0,"enemies":"Automaton","floor":84.0,"turns":5.0},{"damage":1,"enemies":"3 Shapes","floor":86,"turns":2},{"damage":1,"enemies":"3 Darklings","floor":88,"turns":2},{"damage":26,"enemies":"Sphere and 2 Shapes","floor":90,"turns":4},{"damage":4,"enemies":"Nemesis","floor":91,"turns":3},{"damage":0,"enemies":"Reptomancer","floor":94,"turns":2},{"damage":0,"enemies":"Nemesis","floor":95,"turns":1},{"damage":32,"enemies":"Giant Head","floor":96,"turns":5},{"damage":4,"enemies":"Spire Growth","floor":97,"turns":3},{"damage":3,"enemies":"Writhing Mass","floor":98,"turns":3},{"damage":0,"enemies":"Reptomancer","floor":99,"turns":1},{"damage":44,"enemies":"Time Eater","floor":101,"turns":5},{"damage":322,"enemies":"Jaw Worm","floor":103,"turns":13}],"seed_played":"-2850521527820947979","potions_obtained":[{"floor":2.0,"key":"SpeedPotion"},{"floor":8.0,"key":"SmokeBomb"},{"floor":12.0,"key":"Energy Potion"},{"floor":16.0,"key":"EntropicBrew"},{"floor":18.0,"key":"FearPotion"},{"floor":20.0,"key":"Block Potion"},{"floor":28.0,"key":"Weak Potion"},{"floor":35.0,"key":"LiquidBronze"},{"floor":41.0,"key":"EntropicBrew"},{"floor":50.0,"key":"Ancient Potion"},{"floor":52.0,"key":"SkillPotion"},{"floor":53.0,"key":"Weak Potion"},{"floor":54.0,"key":"FairyPotion"},{"floor":55.0,"key":"Regen Potion"},{"floor":59.0,"key":"CultistPotion"},{"floor":74.0,"key":"Strength Potion"},{"floor":75.0,"key":"Swift Potion"},{"floor":91,"key":"Weak Potion"},{"floor":95,"key":"PowerPotion"},{"floor":97,"key":"LiquidBronze"},{"floor":101,"key":"BlessingOfTheForge"}],"is_trial":true,"path_per_floor":["M","M","M","M","M","R","R","E","T","?","R","E","R","$","R","B",null,"M","?","M","$","M","R","R","E","T","R","M","?","$","T","R","B",null,"M","?","T","$","M","R","E","M","T","M","$","R","R","?","R","B",null,"M","E","M","M","$","R","$","E","T","E","E","$","M","?","R","B",null,"M","$","M","M","?","E","M","R","E","E","?","$","M","M","R","B",null,"M","$","M","$","M","E","R","?","E","E","E","M","M","E","R","B",null,"M"],"character_chosen":"WATCHER","items_purchased":["MentalFortress+1","Wallop","FlurryOfBlows","FlurryOfBlows","FollowUp","StancePotion","LikeWater+1","Fasting2+1","DollysMirror","Strength Potion","ClearTheMind","CultistPotion","Damaru","Strawberry","Bottled Tornado","Toy Ornithopter","DistilledChaos","Mango"],"campfire_rested":4,"item_purchase_floors":[14,14,14,21,30,30,30,38,45,45,56,56,58,58,63,70,87,87],"current_hp_per_floor":[58,58,58,58,38,59,59,39,39,39,60,44,44,59,59,70,72,70,70,70,72,72,72,72,47,47,47,46,46,61,61,61,49,66,66,66,66,72,58,58,44,12,12,10,25,61,72,72,72,21,59,59,59,58,58,72,72,79,79,79,79,54,69,44,44,65,80,81,81,81,71,62,62,29,26,83,83,85,69,84,83,82,87,78,86,85,103,102,103,78,91,103,103,105,105,78,82,89,95,109,68,100,0,0],"gold":366,"neow_bonus":"","is_daily":false,"chose_seed":false,"campfire_upgraded":15,"win_rate":0.0,"timestamp":1611287402,"path_taken":["M","M","M","M","M","R","R","E","T","?","R","E","R","$","R","BOSS","M","?","M","$","?","R","R","E","T","R","M","?","$","?","R","BOSS","M","?","?","$","M","R","?","?","T","M","$","R","R","?","R","BOSS","M","?","?","M","$","R","$","E","T","E","E","$","M","?","R","BOSS","M","$","M","M","?","?","M","R","E","?","?","$","M","M","R","BOSS","M","$","M","$","M","E","R","?","E","?","E","M","M","E","R","BOSS","M"],"items_purchased_type":["Card","Card","Card","Card","Card","Potion","Card","Card","Relic","Potion","Card","Potion","Relic","Relic","Relic","Relic","Potion","Relic"],"build_version":"2020-12-22","purchased_purges":3,"victory":false,"max_hp_per_floor":[72,72,72,72,72,72,72,72,72,72,72,72,72,72,72,72,72,72,72,72,72,72,72,72,72,72,72,72,72,72,72,72,72,72,72,72,72,72,72,72,72,72,72,72,72,72,72,72,72,72,72,72,72,72,72,72,72,79,79,79,79,79,79,79,79,79,81,81,81,81,81,81,81,83,83,83,85,87,87,87,87,87,87,89,89,89,103,103,103,103,103,103,103,105,105,107,107,107,109,109,111,111,111,111],"card_choices":[{"not_picked":["Judgement","DeusExMachina"],"picked":"Devotion+1","floor":8.0},{"not_picked":["Wish","SpiritShield"],"picked":"DeusExMachina","floor":12.0},{"not_picked":["Devotion+1","MasterReality+1"],"picked":"Brilliance","floor":16.0},{"not_picked":["DeusExMachina","Omniscience"],"picked":"Alpha","floor":25.0},{"not_picked":["Alpha","LessonLearned"],"picked":"Omniscience","floor":33.0},{"not_picked":["Scrawl","LessonLearned"],"picked":"DevaForm+1","floor":41.0},{"not_picked":["Omniscience","Blasphemy"],"picked":"Vault","floor":50.0},{"not_picked":["Scrawl","Judgement"],"picked":"Devotion+1","floor":53.0},{"not_picked":["Brilliance","Alpha"],"picked":"MasterReality+1","floor":59.0},{"not_picked":["Omniscience","Scrawl"],"picked":"Alpha","floor":61.0},{"not_picked":["Omniscience","Alpha"],"picked":"ConjureBlade","floor":62.0},{"not_picked":["MasterReality+1","Judgement","Establishment+1"],"picked":"Singing Bowl","floor":67.0},{"not_picked":["ConjureBlade","Judgement","Ragnarok"],"picked":"Singing Bowl","floor":74.0},{"not_picked":["Blasphemy","Judgement","Omniscience"],"picked":"Singing Bowl","floor":77.0},{"not_picked":["Scrawl","Wish","SpiritShield"],"picked":"Singing Bowl","floor":78.0},{"not_picked":["Alpha","Blasphemy","LessonLearned"],"picked":"Singing Bowl","floor":84.0},{"not_picked":["Brilliance","Judgement"],"picked":"Ragnarok","floor":91},{"not_picked":["Blasphemy","Judgement","Establishment+1"],"picked":"Singing Bowl","floor":94},{"not_picked":["Omniscience","DevaForm+1"],"picked":"Devotion+1","floor":95},{"not_picked":["SpiritShield","MasterReality+1","Brilliance"],"picked":"Singing Bowl","floor":96},{"not_picked":["Alpha","Wish","Devotion+1","LessonLearned"],"picked":"Singing Bowl","floor":99},{"not_picked":["MasterReality+1","Vault","Scrawl","Ragnarok"],"picked":"Singing Bowl","floor":101}],"player_experience":150755,"relics_obtained":[{"floor":1.0,"key":"Torii"},{"floor":2.0,"key":"Incense Burner"},{"floor":3.0,"key":"Pantograph"},{"floor":4.0,"key":"Du-Vu Doll"},{"floor":5.0,"key":"Frozen Egg 2"},{"floor":8.0,"key":"MealTicket"},{"floor":9.0,"key":"Ornamental Fan"},{"floor":12.0,"key":"Potion Belt"},{"floor":18.0,"key":"StrikeDummy"},{"floor":20.0,"key":"Ginger"},{"floor":22.0,"key":"Tiny Chest"},{"floor":25.0,"key":"Lizard Tail"},{"floor":26.0,"key":"Letter Opener"},{"floor":28.0,"key":"Akabeko"},{"floor":31.0,"key":"Art of War"},{"floor":35.0,"key":"Boot"},{"floor":37.0,"key":"Matryoshka"},{"floor":39.0,"key":"Smiling Mask"},{"floor":41.0,"key":"Blue Candle"},{"floor":41.0,"key":"Eternal Feather"},{"floor":42.0,"key":"White Beast Statue"},{"floor":43.0,"key":"InkBottle"},{"floor":43.0,"key":"TeardropLocket"},{"floor":44.0,"key":"Centennial Puzzle"},{"floor":51.0,"key":"Bag of Marbles"},{"floor":51.0,"key":"The Courier"},{"floor":51.0,"key":"Pocketwatch"},{"floor":52.0,"key":"Bag of Preparation"},{"floor":54.0,"key":"Vajra"},{"floor":55.0,"key":"Kunai"},{"floor":60.0,"key":"Bottled Lightning"},{"floor":60.0,"key":"Singing Bowl"},{"floor":64.0,"key":"Nunchaku"},{"floor":69.0,"key":"Regal Pillow"},{"floor":71.0,"key":"Whetstone"},{"floor":72.0,"key":"Shuriken"},{"floor":75.0,"key":"Bronze Scales"},{"floor":81.0,"key":"Oddly Smooth Stone"},{"floor":82.0,"key":"PreservedInsect"},{"floor":86,"key":"Bird Faced Urn"},{"floor":88,"key":"Gremlin Horn"},{"floor":90,"key":"Ancient Tea Set"},{"floor":97,"key":"Question Card"},{"floor":98,"key":"Blood Vial"}],"event_choices":[{"damage_healed":0.0,"max_hp_gain":0.0,"max_hp_loss":0.0,"gold_gain":0.0,"event_name":"Accursed Blacksmith","player_choice":"Rummage","floor":10.0,"gold_loss":0.0,"damage_taken":0.0,"relics_obtained":["WarpedTongs"],"cards_obtained":["Pain"]},{"damage_healed":0.0,"max_hp_gain":0.0,"max_hp_loss":0.0,"gold_gain":0.0,"event_name":"Vampires","player_choice":"Ignored","floor":19.0,"gold_loss":0.0,"damage_taken":0.0},{"damage_healed":0.0,"max_hp_gain":0.0,"max_hp_loss":0.0,"gold_gain":0.0,"event_name":"Back to Basics","player_choice":"Simplicity","floor":29.0,"gold_loss":0.0,"damage_taken":0.0,"cards_upgraded":["Strike_P","Strike_P","Strike_P","Strike_P","Defend_P","Defend_P","Defend_P","Defend_P"]},{"damage_healed":0.0,"max_hp_gain":0.0,"max_hp_loss":0.0,"gold_gain":0.0,"event_name":"Transmorgrifier","player_choice":"Ignored","floor":36.0,"gold_loss":0.0,"damage_taken":0.0},{"damage_healed":0.0,"max_hp_gain":0.0,"max_hp_loss":0.0,"gold_gain":300.0,"event_name":"Wheel of Change","player_choice":"Gold","floor":48.0,"gold_loss":0.0,"damage_taken":0.0},{"damage_healed":0.0,"max_hp_gain":0.0,"max_hp_loss":0.0,"gold_gain":58.0,"event_name":"Golden Wing","player_choice":"Gained Gold","floor":65.0,"gold_loss":0.0,"damage_taken":0.0},{"damage_healed":0.0,"max_hp_gain":0.0,"max_hp_loss":0.0,"gold_gain":0.0,"event_name":"The Joust","player_choice":"Bet on Murderer","floor":73.0,"gold_loss":50.0,"damage_taken":0.0},{"damage_healed":0.0,"max_hp_gain":0.0,"max_hp_loss":0.0,"gold_gain":0.0,"event_name":"Cursed Tome","player_choice":"Obtained Book","floor":79.0,"gold_loss":0.0,"damage_taken":16.0},{"damage_healed":26,"gold_gain":0,"player_choice":"Writhe","damage_taken":0,"max_hp_gain":0,"max_hp_loss":0,"event_name":"Winding Halls","floor":93,"gold_loss":0,"cards_obtained":["Writhe"]}],"is_beta":false,"boss_relics":[{"not_picked":["Ectoplasm","Fusion Hammer"],"picked":"Cursed Key"},{"not_picked":["Coffee Dripper","Pandora\u0027s Box"],"picked":"Black Star"},{"not_picked":["Busted Crown","HolyWater"],"picked":"Calling Bell"},{"not_picked":["Pandora\u0027s Box","Sozu","Snecko Eye"]},{"not_picked":["Runic Dome","Fusion Hammer"],"picked":"SacredBark"},{"not_picked":["Empty Cage","Runic Pyramid","Velvet Choker"]}],"items_purged_floors":[30,38,56],"is_endless":true,"potions_floor_spawned":[2,8,12,16,18,20,28,35,41,44,50,52,53,54,55,59,61,62,64,67,69,71,72,74,75,77,78,81,82,84,86,88,90,91,94,95,96,97,98,99,101],"killed_by":"Jaw Worm","ascension_level":10}}