{"host":"uyrebrj0204enqpc","time":1611355454,"event":{"mods":["Act Like it!","Bard","BaseMod","Block Reminder","Challenge The Spire","Colored Map","Colored Powertips","DeckTracker","Downfall","GifTheSpireLib","HexUI Lib","Highlight Path","Hubris","Infinite Spire","Minty Spire (QoL Compilation)","Pale of the Ancients","Quick Restart","Random Character Button","Relic Sorter","Relic Stats","Shop Mod","StSLib","The Blue Laboratory","The Bug Knight","The Cursed","The Jungle","The Marked","Wandering Minibosses"],"gold_per_floor":[118,128,128,145,163,196,196,196,221,252,252,177,77,93,93,93,93],"floor_reached":16,"language":"ENG","playtime":436,"items_purged":["Defend_R","Strike_R","Defend_R","Strike_R"],"score":270,"play_id":"c913a2a5-65e8-4d06-9ec1-c928e6a793d9","local_time":"20210122174414","is_ascension_mode":true,"campfire_choices":[{"data":"infinitespire:FinalStrike","floor":7.0,"key":"SMITH"},{"data":"Armaments","floor":11.0,"key":"SMITH"},{"data":"Bash","floor":15.0,"key":"SMITH"}],"circlet_count":0,"master_deck":["AscendersBane","Strike_R","Strike_R","Strike_R","Defend_R","Defend_R","Bash+1","Ghostly Armor","Armaments+1","infinitespire:FinalStrike+1"],"relics":["Burning Blood","NeowsBlessing","hubris:FruitBowl","hubris:KleinBottle","Singing Bowl","Blood Vial","infinitespire:EmpoweringShard","Centennial Puzzle","Magic Flower"],"acts_visited":["Exordium"],"potions_floor_usage":[],"damage_taken":[{"damage":0.0,"enemies":"Cultist","floor":1.0,"turns":1.0},{"damage":0.0,"enemies":"Small Slimes","floor":2.0,"turns":1.0},{"damage":0.0,"enemies":"Jaw Worm","floor":4.0,"turns":1.0},{"damage":8.0,"enemies":"Large Slime","floor":5.0,"turns":8.0},{"damage":0.0,"enemies":"3 Sentries","floor":6.0,"turns":8.0},{"damage":15.0,"enemies":"Lagavulin","floor":10.0,"turns":5.0},{"damage":0.0,"enemies":"Blue Slaver","floor":14.0,"turns":3.0},{"damage":42,"enemies":"Hexaghost","floor":16,"turns":10}],"seed_played":"5959864861369803672","potions_obtained":[{"floor":2.0,"key":"Explosive Potion"},{"floor":10.0,"key":"blueLaboratory:ArtificerPotion"}],"is_trial":false,"path_per_floor":["M","M","$","M","M","E","R","?","T","E","R","$","$","M","R","B"],"character_chosen":"IRONCLAD","items_purchased":["hubris:FruitBowl","hubris:KleinBottle","Singing Bowl"],"campfire_rested":0,"item_purchase_floors":[3,3,3],"current_hp_per_floor":[74,75,8,17,18,27,27,27,27,23,23,23,23,38,38,0,0],"gold":93,"neow_bonus":"THREE_ENEMY_KILL","is_daily":false,"chose_seed":false,"campfire_upgraded":3,"win_rate":0.0,"timestamp":1611355454,"path_taken":["M","?","?","M","?","E","R","?","T","E","R","?","$","M","R","BOSS"],"items_purchased_type":["Relic","Relic","Relic"],"build_version":"2020-12-22","purchased_purges":4,"victory":false,"max_hp_per_floor":[75,75,75,78,81,84,84,84,84,87,87,87,87,90,90,90,90],"relic_stats":{"Blood Vial":8,"Centennial Puzzle":[6],"Singing Bowl":10,"counters":[8,37],"Magic Flower":[5],"obtain_stats":[{"hubris:KleinBottle":3,"Blood Vial":6,"Centennial Puzzle":9,"NeowsBlessing":0,"Singing Bowl":3,"Magic Flower":10,"hubris:FruitBowl":3,"infinitespire:EmpoweringShard":8,"Burning Blood":0},{"hubris:KleinBottle":2,"Blood Vial":5,"Centennial Puzzle":5,"NeowsBlessing":0,"Singing Bowl":2,"Magic Flower":6,"hubris:FruitBowl":2,"infinitespire:EmpoweringShard":5,"Burning Blood":0},{"hubris:KleinBottle":2,"Blood Vial":19,"Centennial Puzzle":19,"NeowsBlessing":0,"Singing Bowl":2,"Magic Flower":24,"hubris:FruitBowl":2,"infinitespire:EmpoweringShard":19,"Burning Blood":0}],"Burning Blood":40},"card_choices":[{"not_picked":["Second Wind","Anger"],"picked":"Ghostly Armor","floor":1.0},{"not_picked":["Clothesline","Thunderclap"],"picked":"Armaments","floor":2.0},{"not_picked":["hubris:Rewind","infinitespire:SevenWalls"],"picked":"infinitespire:FinalStrike","floor":3.0},{"not_picked":["Iron Wave","hubris:CleavingFinish","Intimidate"],"picked":"Singing Bowl","floor":4.0},{"not_picked":["Clothesline","Perfected Strike","Clash"],"picked":"Singing Bowl","floor":5.0},{"not_picked":["Pummel","Disarm","Inflame"],"picked":"Singing Bowl","floor":6.0},{"not_picked":["Heavy Blade","Body Slam","Havoc"],"picked":"Singing Bowl","floor":10.0},{"not_picked":["Thunderclap","Fire Breathing","Limit Break"],"picked":"Singing Bowl","floor":14.0}],"player_experience":1107641,"relics_obtained":[{"floor":6.0,"key":"Blood Vial"},{"floor":9.0,"key":"Centennial Puzzle"},{"floor":10.0,"key":"Magic Flower"}],"event_choices":[{"damage_healed":0.0,"max_hp_gain":0.0,"max_hp_loss":0.0,"gold_gain":0.0,"event_name":"Dead Adventurer","player_choice":"Searched \u00271\u0027 times","floor":8.0,"gold_loss":0.0,"damage_taken":0.0,"relics_obtained":["infinitespire:EmpoweringShard"]}],"is_beta":false,"boss_relics":[],"items_purged_floors":[3,3,12,13],"is_endless":false,"potions_floor_spawned":[2,10],"killed_by":"Hexaghost","ascension_level":20}}