{"host":"8fuipfsvjht9cgcs","time":1611283500,"event":{"mods":["AchievementEnabler","BaseMod","Colored Map","Colored Powertips","DeckTracker","Friendly Minions","Kiyohime£¨?ýï£©","Marisa£¨Ùöéë¡¡Øª×âÞÞ£©","Minty Spire (QoL Compilation)","Prisma Mod","Replay The Spire","StSLib","SuperFastMode","The Cursed","The Gatherer"],"gold_per_floor":[115,115,40,50,50,50,76,76,154,154,167,144,163,183,183,183,183],"floor_reached":16,"language":"KOR","playtime":424,"items_purged":["Strike_R"],"score":200,"play_id":"f09d6bf4-c92e-44dd-a27e-03cd55ffba42","local_time":"20210122154500","is_ascension_mode":true,"campfire_choices":[{"data":"Bash","floor":6,"key":"SMITH"},{"data":"Strike_R","floor":10,"key":"PURGE"},{"data":"Wild Strike","floor":15,"key":"SMITH"}],"circlet_count":0,"master_deck":["AscendersBane","Strike_R","Strike_R","Strike_R","Defend_R","Defend_R","Defend_R","Defend_R","Bash+1","Clothesline","Burning Pact","Shrug It Off","Body Slam","Wild Strike+1"],"relics":["Burning Blood","NeowsBlessing","Champion Belt","Peace Pipe","Quantum Egg"],"acts_visited":["Exordium"],"potions_floor_usage":[2],"damage_taken":[{"damage":0,"enemies":"Jaw Worm","floor":1,"turns":1},{"damage":0,"enemies":"Cultist","floor":4,"turns":1},{"damage":0,"enemies":"Replay:BlueRogue","floor":7,"turns":1},{"damage":2,"enemies":"Small Slimes","floor":11,"turns":4},{"damage":5,"enemies":"Exordium Wildlife","floor":13,"turns":4},{"damage":14,"enemies":"3 Louse","floor":14,"turns":4},{"damage":91,"enemies":"Fading Forest","floor":16,"turns":9}],"seed_played":"6048912321663874482","potions_obtained":[{"floor":1,"key":"Adrenaline Potion"},{"floor":2,"key":"BloodPotion"},{"floor":2,"key":"Strength Potion"}],"is_trial":false,"path_per_floor":["M","?","$","M","T","R","E","?","T","R","M","$","M","M","R","B"],"character_chosen":"IRONCLAD","items_purchased":["Shrug It Off"],"campfire_rested":0,"item_purchase_floors":[12],"current_hp_per_floor":[78,80,80,80,80,80,80,85,85,85,85,85,85,77,77,0,0],"gold":183,"neow_bonus":"THREE_ENEMY_KILL","is_daily":false,"chose_seed":false,"campfire_upgraded":2,"win_rate":0.0,"timestamp":1611283500,"path_taken":["M","?","$","?","?","R","E","?","T","R","M","?","M","M","R","BOSS"],"items_purchased_type":["Card"],"build_version":"2020-12-22","purchased_purges":1,"victory":false,"max_hp_per_floor":[80,80,80,80,80,80,80,85,85,85,85,85,85,85,85,85,85],"card_choices":[{"not_picked":["Massacre","Thunderclap"],"picked":"Clothesline","floor":1},{"not_picked":["Anger","ReplayTheSpireMod:LeadingStrike","Defy Death"],"picked":"SKIP","floor":4},{"not_picked":["Battle Trance","Sword Boomerang"],"picked":"Burning Pact","floor":7},{"not_picked":["Searing Blow","Reckless Charge","Cleave"],"picked":"SKIP","floor":11},{"not_picked":["Armaments","Blood for Blood"],"picked":"Body Slam","floor":13},{"not_picked":["Sword Boomerang","Fiend Fire"],"picked":"Wild Strike","floor":14}],"player_experience":431093,"relics_obtained":[{"floor":5,"key":"Champion Belt"},{"floor":7,"key":"Peace Pipe"},{"floor":9,"key":"Quantum Egg"}],"event_choices":[{"damage_healed":0,"gold_gain":0,"player_choice":"Got Potions","damage_taken":0,"max_hp_gain":0,"max_hp_loss":0,"event_name":"Lab","floor":2,"gold_loss":0},{"damage_healed":0,"gold_gain":0,"player_choice":"Donut","damage_taken":0,"max_hp_gain":5,"max_hp_loss":0,"event_name":"Big Fish","floor":8,"gold_loss":0}],"is_beta":false,"boss_relics":[],"items_purged_floors":[3],"is_endless":false,"potions_floor_spawned":[1,4,13,14],"killed_by":"Fading Forest","ascension_level":12}}