{"host":"sc0o2qwpf9j16a4i","time":1611350101,"event":{"mods":["AchievementEnabler","BaseMod","BetterRewards","Block Reminder","Colored Map","Colored Powertips","Custom Start","Highlight Path","Minty Spire (QoL Compilation)","Relic Stats"],"gold_per_floor":[313,238,238,255,269,297,309,341,379,418,443,455,467,479,491,581,593,620,644,581,593,248,248,276,276,276,296,308,308,322,322,322,322,322],"floor_reached":33,"language":"ENG","playtime":999,"items_purged":["Strike_R"],"score":550,"play_id":"f643d263-3fe6-4a16-a5cf-d8e2d6ce6495","local_time":"20210122231501","is_ascension_mode":true,"campfire_choices":[{"data":"Inflame","floor":7,"key":"SMITH"},{"floor":13,"key":"REST"},{"floor":15,"key":"REST"},{"floor":23,"key":"REST"},{"floor":25,"key":"REST"},{"floor":29,"key":"REST"},{"floor":32,"key":"REST"}],"circlet_count":0,"master_deck":["AscendersBane","Strike_R","Defend_R","Defend_R","Defend_R","Defend_R","Bash","Rampage","Carnage","Headbutt","Inflame+1","True Grit+1","Offering","Shockwave","Shrug It Off","J.A.X.","Armaments","Spot Weakness","Sword Boomerang+1","Ghostly","Ghostly","Ghostly"],"relics":["Burning Blood","Old Coin","MawBank","Vajra","Orichalcum","Velvet Choker","White Beast Statue","Bag of Preparation","StoneCalendar"],"acts_visited":["Exordium","TheCity"],"potions_floor_usage":[10,10,16,24,24,28,33],"damage_taken":[{"damage":7,"enemies":"Small Slimes","floor":1,"turns":4},{"damage":0,"enemies":"Cultist","floor":4,"turns":3},{"damage":12,"enemies":"Jaw Worm","floor":5,"turns":2},{"damage":30,"enemies":"Lagavulin","floor":6,"turns":7},{"damage":27,"enemies":"Lots of Slimes","floor":8,"turns":6},{"damage":19,"enemies":"3 Sentries","floor":10,"turns":8},{"damage":0,"enemies":"3 Louse","floor":11,"turns":2},{"damage":16,"enemies":"The Guardian","floor":16,"turns":9},{"damage":6,"enemies":"Chosen","floor":18,"turns":2},{"damage":27,"enemies":"Spheric Guardian","floor":19,"turns":5},{"damage":48,"enemies":"Slavers","floor":24,"turns":8},{"damage":17,"enemies":"Snecko","floor":27,"turns":3},{"damage":42,"enemies":"Snake Plant","floor":28,"turns":6},{"damage":27,"enemies":"Shelled Parasite and Fungi","floor":30,"turns":4},{"damage":47,"enemies":"Champ","floor":33,"turns":7}],"seed_played":"5424331066685489493","potions_obtained":[{"floor":1,"key":"Dexterity Potion"},{"floor":6,"key":"PowerPotion"},{"floor":10,"key":"Weak Potion"},{"floor":11,"key":"ColorlessPotion"},{"floor":19,"key":"EntropicBrew"},{"floor":24,"key":"FairyPotion"},{"floor":27,"key":"Regen Potion"},{"floor":28,"key":"Energy Potion"}],"is_trial":false,"path_per_floor":["M","?","?","M","M","E","R","M","T","E","M","?","R","?","R","B",null,"M","M","?","?","$","R","E","R","T","M","M","R","M","?","R","B"],"character_chosen":"IRONCLAD","items_purchased":["White Beast Statue"],"campfire_rested":6,"item_purchase_floors":[22],"current_hp_per_floor":[67,67,67,73,67,43,43,22,22,9,15,15,37,37,59,49,69,69,48,48,48,48,70,28,50,50,39,18,40,19,19,30,0,0],"gold":322,"neow_bonus":"ONE_RARE_RELIC","is_daily":false,"chose_seed":false,"campfire_upgraded":1,"win_rate":0.0,"timestamp":1611350101,"path_taken":["M","?","?","M","M","E","R","?","T","E","M","?","R","?","R","BOSS","M","?","?","?","$","R","E","R","T","M","M","R","M","?","R","BOSS"],"items_purchased_type":["Relic"],"build_version":"2020-12-22","purchased_purges":1,"victory":false,"max_hp_per_floor":[75,75,75,75,75,75,75,75,75,75,75,75,75,75,75,75,75,75,75,75,75,75,75,75,75,75,75,75,75,75,37,37,37,37],"relic_stats":{"counters":[15,76],"StoneCalendar":[52],"Bag of Preparation":[8],"Orichalcum":[78],"MawBank":192,"obtain_stats":[{"Vajra":9,"Velvet Choker":17,"StoneCalendar":26,"Bag of Preparation":24,"Orichalcum":10,"MawBank":6,"Burning Blood":0,"White Beast Statue":22,"Old Coin":0},{"Vajra":5,"Velvet Choker":8,"StoneCalendar":11,"Bag of Preparation":11,"Orichalcum":6,"MawBank":4,"Burning Blood":0,"White Beast Statue":10,"Old Coin":0},{"Vajra":22,"Velvet Choker":41,"StoneCalendar":56,"Bag of Preparation":56,"Orichalcum":30,"MawBank":16,"Burning Blood":0,"White Beast Statue":48,"Old Coin":0}],"Burning Blood":84},"card_choices":[{"not_picked":["Power Through","True Grit"],"picked":"Rampage","floor":1},{"not_picked":["Anger","Thunderclap"],"picked":"Headbutt","floor":4},{"not_picked":["Twin Strike","Sword Boomerang","Reckless Charge"],"picked":"SKIP","floor":5},{"not_picked":["Body Slam","Thunderclap"],"picked":"Inflame","floor":6},{"not_picked":["Sword Boomerang","Dropkick","Fire Breathing"],"picked":"SKIP","floor":8},{"not_picked":["Sword Boomerang","Combust"],"picked":"True Grit","floor":10},{"not_picked":["Bludgeon","Headbutt","Wild Strike"],"picked":"SKIP","floor":11},{"not_picked":["Fiend Fire","Double Tap"],"picked":"Offering","floor":16},{"not_picked":["Twin Strike","Perfected Strike+1"],"picked":"Shockwave","floor":18},{"not_picked":["Perfected Strike","Heavy Blade"],"picked":"Shrug It Off","floor":19},{"not_picked":["Brutality","Thunderclap"],"picked":"Armaments","floor":24},{"not_picked":["Twin Strike","Fire Breathing+1"],"picked":"Spot Weakness","floor":27},{"not_picked":["Shrug It Off","Iron Wave"],"picked":"Sword Boomerang+1","floor":28},{"not_picked":["Combust+1","Thunderclap","Rampage"],"picked":"SKIP","floor":30}],"player_experience":908773,"relics_obtained":[{"floor":6,"key":"MawBank"},{"floor":9,"key":"Vajra"},{"floor":10,"key":"Orichalcum"},{"floor":24,"key":"Bag of Preparation"},{"floor":26,"key":"StoneCalendar"}],"event_choices":[{"cards_removed":["Strike_R"],"damage_healed":0,"gold_gain":0,"player_choice":"Card Removal","damage_taken":0,"max_hp_gain":0,"max_hp_loss":0,"event_name":"The Cleric","floor":2,"gold_loss":75},{"damage_healed":0,"gold_gain":0,"cards_transformed":["Strike_R"],"player_choice":"Transformed","damage_taken":0,"max_hp_gain":0,"max_hp_loss":0,"event_name":"Transmorgrifier","floor":3,"gold_loss":0,"cards_obtained":["Carnage"]},{"damage_healed":0,"gold_gain":0,"player_choice":"Grow","damage_taken":0,"max_hp_gain":0,"max_hp_loss":0,"event_name":"Living Wall","floor":12,"gold_loss":0,"cards_upgraded":["True Grit"]},{"damage_healed":0,"gold_gain":0,"player_choice":"Got Potions","damage_taken":0,"max_hp_gain":0,"max_hp_loss":0,"event_name":"Lab","floor":14,"gold_loss":0},{"cards_removed":["Strike_R"],"damage_healed":0,"gold_gain":0,"player_choice":"Gave Gold","damage_taken":0,"max_hp_gain":0,"max_hp_loss":0,"event_name":"Beggar","floor":20,"gold_loss":75},{"damage_healed":0,"gold_gain":0,"player_choice":"Obtain J.A.X.","damage_taken":0,"max_hp_gain":0,"max_hp_loss":0,"event_name":"Drug Dealer","floor":21,"gold_loss":0,"cards_obtained":["J.A.X."]},{"damage_healed":0,"gold_gain":0,"player_choice":"Became a Ghost","damage_taken":0,"max_hp_gain":0,"max_hp_loss":38,"event_name":"Ghosts","floor":31,"gold_loss":0,"cards_obtained":["Ghostly","Ghostly","Ghostly"]}],"is_beta":false,"boss_relics":[{"not_picked":["Calling Bell","Astrolabe"],"picked":"Velvet Choker"}],"items_purged_floors":[22],"is_endless":false,"potions_floor_spawned":[1,6,10,11,19,24,27,28,30],"killed_by":"Champ","ascension_level":20}}