{"host":"sum4dy402bbv9y4o","time":1611280338,"event":{"mods":["Aspiration","BaseMod","Conspire","Highlight Path","Minty Spire (QoL Compilation)","StSLib"],"gold_per_floor":[111,131,150,160,160,160,192,192,192,224,235,235,248,267,267,340,340,352,352,32,32,32,67,67,100,179,23,58,77,77,106,106,106,106],"floor_reached":33,"language":"ENG","playtime":975,"items_purged":["Strike_P+1"],"score":816,"play_id":"3e966bd1-48f5-4246-b6b0-e7df51844468","local_time":"20210122045218","is_ascension_mode":true,"campfire_choices":[{"data":"Eruption","floor":6,"key":"SMITH"},{"floor":15,"key":"REST"},{"data":"Adaptation","floor":24,"key":"SMITH"},{"floor":30,"key":"REST"},{"floor":32,"key":"REST"}],"circlet_count":0,"master_deck":["AscendersBane","Strike_P+1","Strike_P+1","Strike_P+1","Defend_P+1","Defend_P+1","Defend_P+1","Eruption+1","Vigilance","FlurryOfBlows","ReachHeaven","Halt","Evaluate","FollowUp","Adaptation+1","WheelKick","EmptyFist","Vengeance","Brilliance","BowlingBash","FlurryOfBlows","Halt+1","CrushJoints","MentalFortress","LessonLearned","FlurryOfBlows+1"],"relics":["PureWater","NeowsBlessing","conspire:DeflatedDodgeball","StrikeDummy","Dream Catcher","aspiration:RitualDagger","Pantograph","Omamori","aspiration:Lifesprig","conspire:Flyswatter","conspire:Boomerang","Gambling Chip"],"acts_visited":["Exordium","TheCity"],"potions_floor_usage":[7,13,14,16,25,28,31,33],"damage_taken":[{"damage":0,"enemies":"2 Louse","floor":1,"turns":1},{"damage":0,"enemies":"Small Slimes","floor":2,"turns":1},{"damage":0,"enemies":"Jaw Worm","floor":3,"turns":1},{"damage":11,"enemies":"Blue Slaver","floor":4,"turns":3},{"damage":26,"enemies":"3 Sentries","floor":7,"turns":10},{"damage":14,"enemies":"Gremlin Nob","floor":10,"turns":3},{"damage":0,"enemies":"Gremlin Gang","floor":11,"turns":5},{"damage":0,"enemies":"2 Fungi Beasts","floor":13,"turns":2},{"damage":1,"enemies":"Large Slime","floor":14,"turns":3},{"damage":0,"enemies":"Slime Boss","floor":16,"turns":3},{"damage":36,"enemies":"Shell Parasite","floor":18,"turns":4},{"damage":53,"enemies":"Slavers","floor":23,"turns":5},{"damage":59,"enemies":"Book of Stabbing","floor":25,"turns":5},{"damage":9,"enemies":"Gremlin Leader","floor":28,"turns":3},{"damage":31,"enemies":"Spheric Guardian","floor":29,"turns":3},{"damage":31,"enemies":"Book of Stabbing","floor":31,"turns":3},{"damage":84,"enemies":"conspire:MysteriousRune","floor":33,"turns":4}],"seed_played":"5677541151700747457","potions_obtained":[{"floor":4,"key":"DuplicationPotion"},{"floor":11,"key":"Fire Potion"},{"floor":12,"key":"CultistPotion"},{"floor":13,"key":"Block Potion"},{"floor":23,"key":"SkillPotion"},{"floor":29,"key":"Weak Potion"},{"floor":31,"key":"Dexterity Potion"}],"is_trial":false,"path_per_floor":["M","M","M","M","?","R","E","?","T","E","M","?","M","M","R","B",null,"M","?","$","?","?","E","R","E","T","$","E","M","R","E","R","B"],"character_chosen":"WATCHER","items_purchased":["FlurryOfBlows","Pantograph","Explosive Potion","CrushJoints"],"campfire_rested":3,"item_purchase_floors":[20,20,27,27],"current_hp_per_floor":[61,61,61,50,50,50,24,17,17,3,3,3,3,2,22,22,57,21,35,35,35,35,60,60,22,22,22,34,5,25,12,32,0,0],"gold":106,"neow_bonus":"THREE_ENEMY_KILL","is_daily":false,"chose_seed":false,"campfire_upgraded":2,"win_rate":0.0,"timestamp":1611280338,"path_taken":["M","M","M","M","?","R","E","?","T","E","?","?","M","?","R","BOSS","M","?","$","?","?","E","R","E","T","$","E","M","R","E","R","BOSS"],"items_purchased_type":["Card","Relic","Potion","Card"],"build_version":"2020-12-22","purchased_purges":1,"victory":false,"max_hp_per_floor":[68,68,68,68,68,68,68,68,68,68,68,68,68,68,68,68,68,68,68,68,68,68,68,68,68,68,68,68,68,68,68,68,68,68],"card_choices":[{"not_picked":["CutThroughFate","Evaluate"],"picked":"FlurryOfBlows","floor":1},{"not_picked":["DeceiveReality","JustLucky"],"picked":"ReachHeaven","floor":2},{"not_picked":["CrushJoints","ThirdEye"],"picked":"Halt","floor":3},{"not_picked":["Wireheading","ReachHeaven"],"picked":"Evaluate","floor":4},{"not_picked":["DevaForm","Wish"],"picked":"FollowUp","floor":7},{"not_picked":["WaveOfTheHand","PathToVictory"],"picked":"Adaptation","floor":10},{"not_picked":["ClearTheMind","CutThroughFate"],"picked":"WheelKick","floor":11},{"not_picked":["SashWhip","ThirdEye"],"picked":"EmptyFist","floor":13},{"not_picked":["Nirvana","ForeignInfluence","PathToVictory"],"picked":"SKIP","floor":14},{"not_picked":["JustLucky","EmptyFist"],"picked":"Vengeance","floor":15},{"not_picked":["Scrawl","Devotion"],"picked":"Brilliance","floor":16},{"not_picked":["Nirvana","JustLucky"],"picked":"BowlingBash","floor":18},{"not_picked":["SashWhip","ThirdEye"],"picked":"Halt+1","floor":23},{"not_picked":["Wireheading","Scrawl","WindmillStrike"],"picked":"SKIP","floor":25},{"not_picked":["PathToVictory","JustLucky","Wireheading"],"picked":"SKIP","floor":28},{"not_picked":["Meditate","TalkToTheHand"],"picked":"MentalFortress","floor":29},{"not_picked":["Consecrate","CrushJoints"],"picked":"LessonLearned","floor":30},{"not_picked":["Study","Protect","PathToVictory"],"picked":"SKIP","floor":31},{"not_picked":["Crescendo","CrushJoints"],"picked":"FlurryOfBlows+1","floor":32}],"player_experience":2959500,"relics_obtained":[{"floor":7,"key":"conspire:DeflatedDodgeball"},{"floor":9,"key":"StrikeDummy"},{"floor":10,"key":"Dream Catcher"},{"floor":23,"key":"Omamori"},{"floor":25,"key":"aspiration:Lifesprig"},{"floor":26,"key":"conspire:Flyswatter"},{"floor":28,"key":"conspire:Boomerang"},{"floor":31,"key":"Gambling Chip"}],"event_choices":[{"damage_healed":0,"gold_gain":0,"player_choice":"Ignored","damage_taken":0,"max_hp_gain":0,"max_hp_loss":0,"event_name":"Liars Game","floor":5,"gold_loss":0},{"cards_removed":["Defend_P"],"damage_healed":0,"gold_gain":0,"player_choice":"Card Removal","damage_taken":7,"max_hp_gain":0,"max_hp_loss":0,"event_name":"Golden Wing","floor":8,"gold_loss":0},{"damage_healed":0,"gold_gain":0,"player_choice":"Got Potions","damage_taken":0,"max_hp_gain":0,"max_hp_loss":0,"event_name":"Lab","floor":12,"gold_loss":0},{"damage_healed":14,"gold_gain":0,"player_choice":"Heal","damage_taken":0,"max_hp_gain":0,"max_hp_loss":0,"event_name":"The Library","floor":19,"gold_loss":0},{"damage_healed":0,"gold_gain":0,"player_choice":"Simplicity","damage_taken":0,"max_hp_gain":0,"max_hp_loss":0,"event_name":"Back to Basics","floor":22,"gold_loss":0,"cards_upgraded":["Strike_P","Strike_P","Strike_P","Strike_P","Defend_P","Defend_P","Defend_P"]}],"is_beta":false,"boss_relics":[{"not_picked":["Ectoplasm","Runic Dome"],"picked":"aspiration:RitualDagger"}],"items_purged_floors":[27],"is_endless":false,"potions_floor_spawned":[4,11,13,23,29,31],"killed_by":"conspire:MysteriousRune","ascension_level":20}}