{"host":"03pi0pe4ecuih572","time":1611289942,"event":{"mods":["BaseMod","BetterRewards","Colored Powertips","Marisa£®ÏF”Í°°ƒß¿Ì…≥£©","Minty Spire (QoL Compilation)","Rare Cards Sparkle","Reimu£®≤©¿ˆ¡È√Œ£©","Remilia£®¿Ÿ√◊¿Ú—«£©","StSLib"],"gold_per_floor":[113,113,38,55,55,85,110,110,110,141,167,167,195,145,145,241,291,307,307,607,882,430,430],"floor_reached":22,"language":"ZHS","playtime":1346,"items_purged":["OctopathSalyBorderN:ReiMu"],"score":291,"play_id":"fb4b93da-85ce-44fa-8d95-ea3f9c67bfb5","local_time":"20210122123222","daily_mods":["Shiny","Heirloom","Flight","Elite Swarm"],"is_ascension_mode":false,"campfire_choices":[{"data":"CardOfSanctity:ReiMu","floor":8.0,"key":"SMITH"},{"data":"CeremonyResonance:ReiMu","floor":12.0,"key":"SMITH"},{"data":"CeremonyResonance:ReiMu","floor":15.0,"key":"SMITH"}],"circlet_count":0,"master_deck":["Shading:ReiMu","Free:ReiMu","Determination:ReiMu+1","Dreaming:ReiMu+1","CeremonyResonance:ReiMu+1","HakureiPhantom:ReiMu+1","DependentForm:ReiMu","PrayRite:ReiMu","SubcavityFantasy:ReiMu","KamiRite:ReiMu+1","CleanRite:ReiMu","Authority:ReiMu","YinYang:ReiMu","BlastKick2:ReiMu","CardOfSanctity:ReiMu+1","NineCharacters:ReiMu","WonderfulDomain:ReiMu","SpreadBorder2:ReiMu","CeremonyResonance:ReiMu+1","CleanRite:ReiMu","Authority:ReiMu","UniversalSpiritual:ReiMu","TightArray:ReiMu+1","Greed_TH","Regret","Purity","Gathering:ReiMu"],"relics":["FlyPower:ReiMu","Prayer Wheel","Eternal Feather","Centennial Puzzle","Gambling Chip","Blue Candle","Lantern","Tiny House","Whetstone","TheAbacus"],"acts_visited":["Exordium","TheCity"],"potions_floor_usage":[],"damage_taken":[{"damage":0.0,"enemies":"Small Slimes","floor":1.0,"turns":1.0},{"damage":0.0,"enemies":"Cultist","floor":4.0,"turns":3.0},{"damage":0.0,"enemies":"Lagavulin","floor":6.0,"turns":6.0},{"damage":7.0,"enemies":"3 Sentries","floor":7.0,"turns":3.0},{"damage":20.0,"enemies":"Gremlin Nob","floor":10.0,"turns":5.0},{"damage":0.0,"enemies":"Lagavulin","floor":11.0,"turns":5.0},{"damage":17.0,"enemies":"Gremlin Nob","floor":13.0,"turns":5.0},{"damage":10.0,"enemies":"Slime Boss","floor":16.0,"turns":8.0},{"damage":34.0,"enemies":"Shell Parasite","floor":18.0,"turns":5.0}],"seed_played":"-1565139992191577256","potions_obtained":[{"floor":1.0,"key":"SmokeBomb"},{"floor":6.0,"key":"SpeedPotion"},{"floor":13.0,"key":"BottledKami:ReiMu"},{"floor":16.0,"key":"PinkPotion:ReiMu"}],"is_trial":true,"path_per_floor":["M","?","$","M","?","E","E","R","T","E","E","R","E","?","R","B",null,"M","?","?","?","$"],"character_chosen":"REIMU","items_purchased":["Whetstone","Purity","TheAbacus","Gathering:ReiMu"],"campfire_rested":0,"item_purchase_floors":[22,22,22,22],"current_hp_per_floor":[65,65,65,65,65,65,58,65,65,45,45,57,40,40,52,42,70,36,23,23,23,0,0],"gold":430,"neow_bonus":"","is_daily":false,"chose_seed":false,"campfire_upgraded":3,"win_rate":0.0,"timestamp":1611289942,"path_taken":["M","?","?","M","?","E","E","R","T","E","E","R","E","?","R","BOSS","M","?","?","?","$"],"items_purchased_type":["Relic","Card","Relic","Card"],"build_version":"2020-12-22","purchased_purges":1,"victory":false,"max_hp_per_floor":[65,65,65,65,65,65,65,65,65,65,65,65,65,65,65,65,70,70,75,75,75,75,75],"card_choices":[{"not_picked":["FineLineFantasy:ReiMu","Enchanting:ReiMu"],"picked":"NineCharacters:ReiMu","floor":1.0},{"not_picked":["ManaGlint:ReiMu","SpiritualOutbreak2:ReiMu"],"picked":"WonderfulDomain:ReiMu","floor":1.0},{"not_picked":["WonderfulDomain:ReiMu","EmergencyTakeOff:ReiMu"],"picked":"SpreadBorder2:ReiMu","floor":4.0},{"not_picked":["Amulet:ReiMu","YinYangSign:ReiMu","AlertArray:ReiMu"],"picked":"SKIP","floor":4.0},{"not_picked":["Authority:ReiMu","Determination:ReiMu"],"picked":"CeremonyResonance:ReiMu","floor":6.0},{"not_picked":["Shading:ReiMu","Determination:ReiMu","PrayRite:ReiMu"],"picked":"SKIP","floor":7.0},{"not_picked":["KyokaiOfKami:ReiMu","Shading:ReiMu"],"picked":"CleanRite:ReiMu","floor":10.0},{"not_picked":["CleanRite:ReiMu","OctopathSalyBorderN:ReiMu","BlastKick2:ReiMu"],"picked":"SKIP","floor":11.0},{"not_picked":["CardOfSanctity:ReiMu","Free:ReiMu"],"picked":"Authority:ReiMu","floor":13.0},{"not_picked":["Meditation:ReiMu","BarrageOfMoneybags:ReiMu"],"picked":"UniversalSpiritual:ReiMu","floor":17.0},{"not_picked":["Meditation:ReiMu+1","PrepareRite:ReiMu"],"picked":"TightArray:ReiMu+1","floor":18.0},{"not_picked":["TightArray:ReiMu+1","Meditation:ReiMu","SubcavityInstant:ReiMu"],"picked":"SKIP","floor":18.0}],"player_experience":1129872,"relics_obtained":[{"floor":7.0,"key":"Eternal Feather"},{"floor":9.0,"key":"Centennial Puzzle"},{"floor":10.0,"key":"Gambling Chip"},{"floor":11.0,"key":"Blue Candle"},{"floor":13.0,"key":"Lantern"}],"event_choices":[{"cards_removed":["RunawayExorcism:ReiMu"],"damage_healed":0.0,"max_hp_gain":0.0,"max_hp_loss":0.0,"gold_gain":0.0,"event_name":"Purifier","player_choice":"Purged","floor":2.0,"gold_loss":0.0,"damage_taken":0.0},{"damage_healed":0.0,"max_hp_gain":0.0,"max_hp_loss":0.0,"gold_gain":0.0,"event_name":"Living Wall","player_choice":"Grow","floor":5.0,"gold_loss":0.0,"damage_taken":0.0,"cards_upgraded":["KamiRite:ReiMu"]},{"cards_removed":["KyokaiOfKami:ReiMu"],"damage_healed":0.0,"max_hp_gain":0.0,"max_hp_loss":0.0,"gold_gain":0.0,"event_name":"The Cleric","player_choice":"Card Removal","floor":14.0,"gold_loss":50.0,"damage_taken":0.0},{"damage_healed":0.0,"max_hp_gain":5.0,"max_hp_loss":0.0,"gold_gain":0.0,"event_name":"Forgotten Altar","player_choice":"Shed Blood","floor":19.0,"gold_loss":0.0,"damage_taken":18.0},{"damage_healed":0,"gold_gain":275,"player_choice":"Desecrate","damage_taken":0,"max_hp_gain":0,"max_hp_loss":0,"event_name":"Golden Shrine","floor":21,"gold_loss":0,"cards_obtained":["Regret"]}],"is_beta":false,"boss_relics":[{"not_picked":["CrownOfHeavens:ReiMu","SacredBark"],"picked":"Tiny House"}],"items_purged_floors":[3],"is_endless":true,"potions_floor_spawned":[1,6,13,16],"ascension_level":0}}