{"host":"ss2ocoam53r2lno0","time":1611273672,"event":{"mods":["Act Like it!","BaseMod","ChefMod","Clockwork Mod","Colored Powertips","Curses Come First","Displayed Cursed Tome","Downfall","Evolution","Googly Eyes","Hallownest","Highlight Path","Minty Spire (QoL Compilation)","Poor People Problems","Rare Cards Sparkle","Robot Space Explorer","Shade Mod","Shop Mod","Spicy Shops","StSLib","The Marked"],"gold_per_floor":[12,22,22,38,38,38,113,113,160,200,125,225,241,35,35,131,131,151,151,170,39,138,176,176,217,241,259,219,254,272,288,288,381,381,396,122,146,164,164,199,215,259,259,295,316,316,316,331,331,331],"floor_reached":51,"language":"ENG","playtime":3000,"items_purged":["Clockwork:Shield","Clockwork:SnapKeep+1","Injury"],"score":1799,"play_id":"679e7157-b72c-42b9-af0c-080ae2fbf24f","local_time":"20210122010112","is_ascension_mode":true,"campfire_choices":[{"data":"Clockwork:ChargingShield","floor":6.0,"key":"SMITH"},{"data":"Clockwork:Handicap","floor":15.0,"key":"SMITH"},{"floor":24.0,"key":"REST"},{"data":"Clockwork:WarmUp","floor":32.0,"key":"SMITH"},{"data":"1","floor":49,"key":"LIFT"}],"circlet_count":0,"master_deck":["AscendersBane","Clockwork:SnapKeep+1","Clockwork:Tinker+1","Clockwork:WarmUp+1","Clockwork:ChargingShield+1","Clockwork:Clone+1","Clockwork:PerfectForm+1"],"relics":["Clockwork:MomentumEngine","EVO:Axolotl","Golden Idol","Membership Card","Busted Crown","ClockworkSouvenir","Anchor","HornCleat","sneckomod:BlankCard","Orichalcum","Question Card","sneckomod:SneckoTalon","MerchantsRug","Guardian:PocketSentry","Ancient Tea Set","Gremlin Horn","Molten Egg 2","Shuriken","Potion Belt","PreservedInsect","Girya"],"acts_visited":["Exordium","TheCity","TheBeyond"],"potions_floor_usage":[42],"damage_taken":[{"damage":7.0,"enemies":"Small Slimes","floor":1.0,"turns":8.0},{"damage":0.0,"enemies":"2 Louse","floor":2.0,"turns":7.0},{"damage":0.0,"enemies":"Jaw Worm","floor":4.0,"turns":6.0},{"damage":20.0,"enemies":"Gremlin Nob","floor":10.0,"turns":5.0},{"damage":6.0,"enemies":"2 Fungi Beasts","floor":13.0,"turns":4.0},{"damage":0.0,"enemies":"Slime Boss","floor":16.0,"turns":19.0},{"damage":9.0,"enemies":"3 Byrds","floor":18.0,"turns":3.0},{"damage":0.0,"enemies":"Shell Parasite","floor":20.0,"turns":3.0},{"damage":0.0,"enemies":"Book of Stabbing","floor":23.0,"turns":4.0},{"damage":3.0,"enemies":"Slavers","floor":25.0,"turns":4.0},{"damage":0.0,"enemies":"Snake Plant","floor":27.0,"turns":4.0},{"damage":0.0,"enemies":"Book of Stabbing","floor":29.0,"turns":3.0},{"damage":0.0,"enemies":"Centurion and Healer","floor":30.0,"turns":4.0},{"damage":0.0,"enemies":"Snecko","floor":31.0,"turns":2.0},{"damage":24.0,"enemies":"Automaton","floor":33.0,"turns":9.0},{"damage":0.0,"enemies":"3 Shapes","floor":35.0,"turns":6.0},{"damage":0.0,"enemies":"3 Darklings","floor":37.0,"turns":3.0},{"damage":6.0,"enemies":"Writhing Mass","floor":38.0,"turns":2.0},{"damage":0,"enemies":"Nemesis","floor":40,"turns":7},{"damage":0,"enemies":"Jaw Worm Horde","floor":41,"turns":3},{"damage":0,"enemies":"Reptomancer","floor":42,"turns":3},{"damage":0,"enemies":"Nemesis","floor":44,"turns":3},{"damage":0,"enemies":"4 Shapes","floor":45,"turns":18},{"damage":0,"enemies":"Writhing Mass","floor":48,"turns":3},{"damage":0,"enemies":"Awakened One","floor":50,"turns":4}],"seed_played":"-5095488363002945496","potions_obtained":[{"floor":1.0,"key":"sneckomod:MuddlingPotion"},{"floor":10.0,"key":"DistilledChaos"},{"floor":25.0,"key":"champ:CounterPotion"},{"floor":27.0,"key":"Fruit Juice"},{"floor":30.0,"key":"EssenceOfSteel"},{"floor":33.0,"key":"SkillPotion"},{"floor":42,"key":"ColorlessPotion"},{"floor":45,"key":"champ:CounterPotion"},{"floor":48,"key":"BlessingOfTheForge"}],"is_trial":false,"path_per_floor":["M","M","?","M","?","R","?","?","T","E","$","?","M","$","R","B",null,"M","?","M","$","?","E","R","E","T","M","?","E","M","M","R","B",null,"M","$","M","M","?","E","M","E","T","E","M","?","T","M","R","B",null],"character_chosen":"CLOCKWORK","items_purchased":["Membership Card","ClockworkSouvenir","Anchor","MerchantsRug","Guardian:PocketSentry","Ancient Tea Set","Gremlin Horn"],"campfire_rested":1,"item_purchase_floors":[14,21,21,36,36,36,36],"current_hp_per_floor":[64,64,64,64,64,64,53,53,53,33,33,33,27,27,27,27,62,53,53,53,53,53,53,73,70,70,75,75,75,75,75,75,51,71,71,71,71,65,65,65,65,65,65,65,65,65,65,65,65,65],"gold":331,"neow_bonus":"REMOVE_TWO","is_daily":false,"chose_seed":false,"campfire_upgraded":3,"win_rate":0.0,"timestamp":1611273672,"path_taken":["M","M","?","M","?","R","?","?","T","E","$","?","M","$","R","BOSS","M","?","M","$","?","E","R","E","T","M","?","E","M","?","R","BOSS","M","$","M","M","?","E","M","E","T","E","?","?","?","M","R","BOSS"],"items_purchased_type":["Relic","Relic","Relic","Relic","Relic","Relic","Relic"],"build_version":"2020-12-22","purchased_purges":3,"victory":true,"max_hp_per_floor":[79,79,79,79,79,79,79,73,73,73,73,73,73,73,73,73,73,73,73,73,73,73,73,73,73,73,78,78,78,78,78,78,78,78,78,78,78,78,78,78,78,78,78,78,78,78,78,78,78,78],"card_choices":[{"not_picked":["Clockwork:CraftCopperScales","Clockwork:EnthusiasticStrike"],"picked":"Clockwork:Downsize","floor":1.0},{"not_picked":["Clockwork:SpurOn","Clockwork:AdaptiveCannon","Clockwork:InertialShield"],"picked":"SKIP","floor":2.0},{"not_picked":["Clockwork:Roundhouse","Clockwork:Inspiration"],"picked":"Clockwork:ChargingShield","floor":4.0},{"not_picked":["Clockwork:SystemHardening","Clockwork:TestingEnvironment","Clockwork:Pluck"],"picked":"SKIP","floor":10.0},{"not_picked":["Clockwork:ChargingBlade","Clockwork:ChargingShield"],"picked":"Clockwork:Clone","floor":13.0},{"not_picked":["Clockwork:Inspiration","Clockwork:TimeWalk"],"picked":"Clockwork:PerfectForm","floor":16.0},{"not_picked":["Clockwork:Friction"],"picked":"SKIP","floor":18.0},{"not_picked":["Clockwork:CogBarrier"],"picked":"SKIP","floor":20.0},{"not_picked":["Clockwork:ChargingShield"],"picked":"SKIP","floor":23.0},{"not_picked":["Clockwork:ChargingBlade"],"picked":"SKIP","floor":25.0},{"not_picked":["Clockwork:ChargingBlade"],"picked":"SKIP","floor":25.0},{"not_picked":["Clockwork:LogisticRegression"],"picked":"SKIP","floor":27.0},{"not_picked":["Clockwork:Inspiration"],"picked":"SKIP","floor":29.0},{"not_picked":["Clockwork:HoardingStrike+1","Clockwork:TiltAWhirl"],"picked":"SKIP","floor":30.0},{"not_picked":["Clockwork:AdaptiveShield","Clockwork:SnapKeep"],"picked":"SKIP","floor":31.0},{"not_picked":["Clockwork:Pluck+1","Clockwork:EnthusiasticStrike"],"picked":"SKIP","floor":35.0},{"not_picked":["Clockwork:SystemHardening","Clockwork:Friction+1"],"picked":"SKIP","floor":37.0},{"not_picked":["Clockwork:Enhance","Clockwork:FalseStart"],"picked":"SKIP","floor":38.0},{"not_picked":["Clockwork:CraftVarja","Clockwork:Enhance"],"picked":"SKIP","floor":40},{"not_picked":["Clockwork:SpurOn+1","Clockwork:Minimalism+1"],"picked":"SKIP","floor":41},{"not_picked":["Clockwork:SystemHardening+1","Clockwork:PerfectedShield"],"picked":"SKIP","floor":42},{"not_picked":["Clockwork:PerfectedStrike+1","Clockwork:StasisBreak+1"],"picked":"SKIP","floor":44},{"not_picked":["Clockwork:ChargingBlade+1","Clockwork:TestingEnvironment+1"],"picked":"SKIP","floor":45},{"not_picked":["Clockwork:CogToss+1","Clockwork:ForgeStrike+1"],"picked":"SKIP","floor":48}],"player_experience":810011,"relics_obtained":[{"floor":9.0,"key":"Whetstone"},{"floor":10.0,"key":"InkBottle"},{"floor":23.0,"key":"HornCleat"},{"floor":25.0,"key":"sneckomod:BlankCard"},{"floor":26.0,"key":"Orichalcum"},{"floor":29.0,"key":"Question Card"},{"floor":40,"key":"Molten Egg 2"},{"floor":42,"key":"Shuriken"},{"floor":43,"key":"Potion Belt"},{"floor":44,"key":"PreservedInsect"},{"floor":47,"key":"Girya"}],"event_choices":[{"damage_healed":0.0,"max_hp_gain":0.0,"max_hp_loss":0.0,"gold_gain":0.0,"event_name":"Living Wall","player_choice":"Grow","floor":3.0,"gold_loss":0.0,"damage_taken":0.0,"cards_upgraded":["Clockwork:Tinker"]},{"damage_healed":0.0,"max_hp_gain":0.0,"max_hp_loss":0.0,"gold_gain":0.0,"event_name":"Liars Game","player_choice":"Ignored","floor":5.0,"gold_loss":0.0,"damage_taken":0.0},{"damage_healed":0.0,"max_hp_gain":0.0,"max_hp_loss":0.0,"gold_gain":75.0,"event_name":"World of Goop","player_choice":"Gather Gold","floor":7.0,"gold_loss":0.0,"damage_taken":11.0},{"damage_healed":0.0,"max_hp_gain":0.0,"max_hp_loss":6.0,"gold_gain":0.0,"event_name":"Golden Idol","player_choice":"Lose Max HP","floor":8.0,"gold_loss":0.0,"damage_taken":0.0,"relics_obtained":["Golden Idol"]},{"damage_healed":0.0,"max_hp_gain":0.0,"max_hp_loss":0.0,"gold_gain":100.0,"event_name":"Golden Shrine","player_choice":"Pray","floor":12.0,"gold_loss":0.0,"damage_taken":0.0},{"damage_healed":0.0,"max_hp_gain":0.0,"max_hp_loss":0.0,"gold_gain":0.0,"event_name":"Ghosts","player_choice":"Ignored","floor":19.0,"gold_loss":0.0,"damage_taken":0.0},{"damage_healed":0.0,"max_hp_gain":0.0,"max_hp_loss":0.0,"gold_gain":99.0,"event_name":"Nest","player_choice":"Stole From Cult","floor":22.0,"gold_loss":0.0,"damage_taken":0.0},{"damage_healed":0.0,"max_hp_gain":0.0,"max_hp_loss":0.0,"gold_gain":0.0,"event_name":"Designer","player_choice":"Upgraded Two","floor":28.0,"gold_loss":40.0,"damage_taken":0.0,"cards_upgraded":["Clockwork:Clone","Clockwork:PerfectForm"]},{"damage_healed":0.0,"max_hp_gain":0.0,"max_hp_loss":0.0,"gold_gain":0.0,"event_name":"Duplicator","player_choice":"Ignored","floor":39.0,"gold_loss":0.0,"damage_taken":0.0},{"damage_healed":0,"gold_gain":0,"player_choice":"Memory 1","damage_taken":0,"max_hp_gain":0,"max_hp_loss":0,"event_name":"SensoryStone","floor":46,"gold_loss":0}],"is_beta":false,"boss_relics":[{"not_picked":["Sozu","Ectoplasm"],"picked":"Busted Crown"},{"not_picked":["expansioncontent:StudyCardRelic","Velvet Choker"],"picked":"sneckomod:SneckoTalon"}],"items_purged_floors":[11,14,21],"is_endless":false,"potions_floor_spawned":[1,10,13,20,25,27,30,33,37,40,42,45,48],"ascension_level":14}}