{"host":"t1puqh5lxz8sp6fn","time":1611358339,"event":{"mods":["AchievementEnabler","BaseMod","Colored Powertips","Minty Spire (QoL Compilation)","Rare Cards Sparkle","Relic Stats","StSLib"],"gold_per_floor":[113,63,63,73,73,105,105,124,148,161,189,189,202,202,202,306,306,323,323,323,47,78,78,109,128,155,155,166,180,180,192,192,288,338,348,348,130,145,245,245,245,280,306,317,335,335,366,385,385,385,385],"floor_reached":50,"playtime":2042,"items_purged":["Regret"],"score":850,"play_id":"749f572a-43b8-448b-9869-40278a0aef9c","local_time":"20210122203219","is_ascension_mode":true,"campfire_choices":[{"data":"Tempest","floor":7.0,"key":"SMITH"},{"floor":12.0,"key":"REST"},{"floor":15.0,"key":"REST"},{"floor":23.0,"key":"REST"},{"data":"Self Repair","floor":27,"key":"SMITH"},{"floor":30,"key":"REST"},{"data":"Consume","floor":32,"key":"SMITH"},{"floor":40,"key":"RECALL"},{"data":"Thunder Strike","floor":46,"key":"SMITH"},{"data":"Reboot","floor":49,"key":"SMITH"}],"circlet_count":0,"master_deck":["AscendersBane","Strike_B","Strike_B","Strike_B","Defend_B","Defend_B+1","Defend_B","Zap+1","Dualcast","Lockon","Stack+1","Self Repair+1","Tempest+1","Static Discharge","Sweeping Beam+1","Consume+1","Reboot+1","Go for the Eyes+1","Rainbow","Self Repair+1","Turbo+1","Redo+1","Skim+1","Thunder Strike+1","Rebound","BootSequence","Multi-Cast","Hologram+1","Steam","Lockon+1","Tempest+1","Decay","Cold Snap+1","Core Surge","Leap+1"],"relics":["Inserter","Dream Catcher","War Paint","Happy Flower","Cursed Key","MutagenicStrength","Blue Candle","Red Mask","Art of War","PreservedInsect","Tiny House","DataDisk","Eternal Feather","Orichalcum"],"acts_visited":["Exordium","TheCity","TheBeyond"],"potions_floor_usage":[29,33,41,44,45],"damage_taken":[{"damage":8.0,"enemies":"Small Slimes","floor":1.0,"turns":4.0},{"damage":1.0,"enemies":"Cultist","floor":4.0,"turns":3.0},{"damage":14.0,"enemies":"Lagavulin","floor":6.0,"turns":7.0},{"damage":12.0,"enemies":"Jaw Worm","floor":8.0,"turns":3.0},{"damage":9.0,"enemies":"Looter","floor":10.0,"turns":3.0},{"damage":25.0,"enemies":"3 Sentries","floor":11.0,"turns":6.0},{"damage":9.0,"enemies":"Large Slime","floor":13.0,"turns":5.0},{"damage":23.0,"enemies":"The Guardian","floor":16.0,"turns":6.0},{"damage":12.0,"enemies":"Chosen","floor":18.0,"turns":3.0},{"damage":55.0,"enemies":"Masked Bandits","floor":22.0,"turns":5.0},{"damage":31,"enemies":"Book of Stabbing","floor":24,"turns":4},{"damage":22,"enemies":"2 Thieves","floor":25,"turns":4},{"damage":29,"enemies":"Snake Plant","floor":28,"turns":4},{"damage":8,"enemies":"Sentry and Sphere","floor":29,"turns":4},{"damage":13,"enemies":"Shelled Parasite and Fungi","floor":31,"turns":4},{"damage":51,"enemies":"Champ","floor":33,"turns":9},{"damage":10,"enemies":"Orb Walker","floor":35,"turns":3},{"damage":4,"enemies":"3 Shapes","floor":38,"turns":3},{"damage":2,"enemies":"Transient","floor":41,"turns":2},{"damage":7,"enemies":"Giant Head","floor":42,"turns":5},{"damage":12,"enemies":"4 Shapes","floor":44,"turns":3},{"damage":33,"enemies":"3 Darklings","floor":45,"turns":5},{"damage":62,"enemies":"Nemesis","floor":47,"turns":5},{"damage":4,"enemies":"Spire Growth","floor":48,"turns":3},{"damage":80,"enemies":"Awakened One","floor":50,"turns":5}],"seed_played":"3420324466232594868","potions_obtained":[{"floor":8.0,"key":"Weak Potion"},{"floor":10.0,"key":"BlessingOfTheForge"},{"floor":11.0,"key":"ColorlessPotion"},{"floor":18.0,"key":"Weak Potion"},{"floor":28,"key":"DistilledChaos"},{"floor":29,"key":"SmokeBomb"},{"floor":31,"key":"PowerPotion"},{"floor":34,"key":"Fire Potion"},{"floor":44,"key":"SteroidPotion"}],"is_trial":false,"path_per_floor":["M","?","?","M","?","E","R","M","T","M","E","R","M","?","R","B",null,"M","?","?","$","?","R","E","M","T","R","M","M","R","M","R","B",null,"M","?","$","M","?","R","M","E","T","M","M","R","E","M","R","B"],"character_chosen":"DEFECT","items_purchased":["Blue Candle","Self Repair","DataDisk"],"campfire_rested":4,"item_purchase_floors":[21,21,37],"current_hp_per_floor":[60,60,60,59,59,52,52,47,47,45,27,49,47,32,54,41,67,65,65,65,65,27,49,35,30,30,30,21,33,55,52,52,21,67,77,76,76,76,76,76,74,76,76,74,61,76,34,50,71,0,0],"gold":385,"neow_bonus":"BOSS_RELIC","is_daily":false,"chose_seed":false,"campfire_upgraded":5,"win_rate":0.0,"timestamp":1611358339,"path_taken":["M","?","?","?","?","E","R","M","T","?","E","R","M","?","R","BOSS","M","?","?","$","?","R","E","M","T","R","M","M","R","M","R","BOSS","M","?","$","M","?","R","?","E","T","M","M","R","E","M","R","BOSS"],"items_purchased_type":["Relic","Card","Relic"],"build_version":"2020-12-13","purchased_purges":1,"victory":false,"max_hp_per_floor":[75,75,75,75,75,75,75,75,75,75,75,75,75,75,75,75,75,75,75,75,75,75,75,75,75,75,75,75,75,75,75,75,75,80,80,76,76,76,76,76,76,76,76,76,76,76,76,76,76,76,76],"relic_stats":{"Dream Catcher":4,"Inserter":[54],"Happy Flower":[27],"counters":[25,108],"Blue Candle":[6],"Eternal Feather":36,"PreservedInsect":180,"Art of War":[11],"War Paint":["Stack","Defend_B"],"Orichalcum":[12],"Cursed Key":2,"obtain_stats":[{"Inserter":0,"Tiny House":34,"Happy Flower":11,"Blue Candle":21,"Eternal Feather":42,"PreservedInsect":26,"War Paint":9,"Orichalcum":47,"Cursed Key":17,"Dream Catcher":6,"DataDisk":37,"MutagenicStrength":20,"Red Mask":22,"Art of War":24,"Cracked Core":0},{"Inserter":0,"Tiny House":16,"Happy Flower":6,"Blue Candle":9,"Eternal Feather":20,"PreservedInsect":12,"War Paint":4,"Orichalcum":23,"Cursed Key":8,"Dream Catcher":3,"DataDisk":17,"MutagenicStrength":9,"Red Mask":10,"Art of War":11,"Cracked Core":0},{"Inserter":0,"Tiny House":74,"Happy Flower":26,"Blue Candle":40,"Eternal Feather":87,"PreservedInsect":53,"War Paint":17,"Orichalcum":100,"Cursed Key":37,"Dream Catcher":14,"DataDisk":77,"MutagenicStrength":40,"Red Mask":45,"Art of War":49,"Cracked Core":0}]},"card_choices":[{"not_picked":["Redo","Beam Cell"],"picked":"Lockon","floor":1.0},{"not_picked":["BootSequence","Sunder"],"picked":"Self Repair","floor":4.0},{"not_picked":["Capacitor","Double Energy"],"picked":"Tempest","floor":6.0},{"not_picked":["Barrage","Turbo"],"picked":"Static Discharge","floor":8.0},{"not_picked":["Double Energy","Gash"],"picked":"Sweeping Beam","floor":10.0},{"not_picked":["Go for the Eyes","Skim"],"picked":"Consume","floor":11.0},{"not_picked":["Rebound","Heatsinks"],"picked":"Reboot","floor":13.0},{"not_picked":["Hologram","Steam Power"],"picked":"Go for the Eyes","floor":15.0},{"not_picked":["Reboot","Creative AI"],"picked":"Rainbow","floor":16.0},{"not_picked":["Hello World","Heatsinks+1","Consume"],"picked":"SKIP","floor":18.0},{"not_picked":["Ball Lightning","Hologram"],"picked":"Turbo+1","floor":24},{"not_picked":["Tempest","Cold Snap"],"picked":"Redo+1","floor":25},{"not_picked":["Steam Power","Redo"],"picked":"Skim+1","floor":28},{"not_picked":["Stack","Hologram"],"picked":"Thunder Strike","floor":29},{"not_picked":["Gash","Ball Lightning"],"picked":"Rebound","floor":30},{"not_picked":["Cold Snap","Gash"],"picked":"BootSequence","floor":31},{"not_picked":["Amplify","Thunder Strike"],"picked":"Multi-Cast","floor":33},{"not_picked":["Hello World","Barrage+1"],"picked":"Hologram+1","floor":34},{"not_picked":["Consume","Cold Snap"],"picked":"Steam","floor":35},{"not_picked":["Streamline+1","Ball Lightning"],"picked":"Lockon+1","floor":38},{"not_picked":["Rip and Tear+1","Beam Cell"],"picked":"Tempest+1","floor":42},{"not_picked":["Gash","Stack+1"],"picked":"Cold Snap+1","floor":44},{"not_picked":["Beam Cell+1","Leap","Redo"],"picked":"SKIP","floor":45},{"not_picked":["Stack+1","Static Discharge"],"picked":"Core Surge","floor":47},{"not_picked":["Rip and Tear+1","Sweeping Beam+1"],"picked":"Leap+1","floor":48}],"player_experience":444484,"relics_obtained":[{"floor":6.0,"key":"Dream Catcher"},{"floor":9.0,"key":"War Paint"},{"floor":11.0,"key":"Happy Flower"},{"floor":22.0,"key":"Red Mask"},{"floor":24,"key":"Art of War"},{"floor":26,"key":"PreservedInsect"},{"floor":42,"key":"Eternal Feather"},{"floor":47,"key":"Orichalcum"}],"event_choices":[{"cards_removed":["Strike_B"],"damage_healed":0.0,"max_hp_gain":0.0,"max_hp_loss":0.0,"gold_gain":0.0,"event_name":"The Cleric","player_choice":"Card Removal","floor":2.0,"gold_loss":50.0,"damage_taken":0.0},{"damage_healed":0.0,"max_hp_gain":0.0,"max_hp_loss":0.0,"gold_gain":0.0,"cards_transformed":["Defend_B"],"event_name":"Transmorgrifier","player_choice":"Transformed","floor":3.0,"gold_loss":0.0,"damage_taken":0.0,"cards_obtained":["Stack"]},{"damage_healed":0.0,"max_hp_gain":0.0,"max_hp_loss":0.0,"gold_gain":0.0,"event_name":"Upgrade Shrine","player_choice":"Upgraded","floor":5.0,"gold_loss":0.0,"damage_taken":0.0,"cards_upgraded":["Zap"]},{"damage_healed":0.0,"max_hp_gain":0.0,"max_hp_loss":0.0,"gold_gain":0.0,"event_name":"Shining Light","player_choice":"Entered Light","floor":14.0,"gold_loss":0.0,"damage_taken":15.0,"cards_upgraded":["Self Repair","Sweeping Beam"]},{"damage_healed":0.0,"max_hp_gain":0.0,"max_hp_loss":0.0,"gold_gain":0.0,"event_name":"Beggar","player_choice":"Ignored","floor":19.0,"gold_loss":0.0,"damage_taken":0.0},{"damage_healed":0.0,"max_hp_gain":0.0,"max_hp_loss":0.0,"gold_gain":0.0,"event_name":"Drug Dealer","player_choice":"Inject Mutagens","floor":20.0,"gold_loss":0.0,"damage_taken":0.0,"relics_obtained":["MutagenicStrength"]},{"damage_healed":0.0,"max_hp_gain":0.0,"max_hp_loss":0.0,"gold_gain":0.0,"event_name":"Masked Bandits","player_choice":"Fought Bandits","floor":22.0,"gold_loss":0.0,"damage_taken":0.0},{"damage_healed":0,"gold_gain":0,"player_choice":"Max HP","damage_taken":0,"max_hp_gain":0,"max_hp_loss":4,"event_name":"Winding Halls","floor":36,"gold_loss":0},{"damage_healed":0,"gold_gain":100,"player_choice":"Pray","damage_taken":0,"max_hp_gain":0,"max_hp_loss":0,"event_name":"Golden Shrine","floor":39,"gold_loss":0}],"is_beta":false,"boss_relics":[{"not_picked":["Runic Dome","Pandora\u0027s Box"],"picked":"Cursed Key"},{"not_picked":["SacredBark","Coffee Dripper"],"picked":"Tiny House"}],"items_purged_floors":[37],"is_endless":false,"potions_floor_spawned":[8,10,11,13,18,28,29,31,41,44],"killed_by":"Awakened One","ascension_level":11}}