{"host":"7fomwthvpaeu368e","time":1611299841,"event":{"mods":["ATMod(∞¢Ë™Mod)","AchievementEnabler","Act Like it!","Arknights The Spire","Aspiration","Astrologer","BaseMod","Downfall","Gensokyo","Highlight Path","KinomotoSakuraMod(ƒæ÷Æ±æ”£)","KomeijiMod","Marisa£®ÏF”Í°°ƒß¿Ì…≥£©","Marked Mod","Minty Spire (QoL Compilation)","Remilia£®¿Ÿ√◊¿Ú—«£©","Shop Mod","Spicy Shops","StSLib","The Administrix","The Alterego","The Bug Knight","The Cursed","The Gatherer","The Hierophant","The Mystic","The Runesmith","The Servant 0.9.4","WarShipGirlsR/’ΩΩ¢…Ÿ≈ÆR mod","Youmu£®ªÍ∆«—˝√Œ£©","Yuri Mod","[IsaacMod]“‘»ˆº‚À˛"],"gold_per_floor":[117,132,151,226,3,30,30,30,30,61,77,77,104,120,120,216,216,228,247,257,277,291,323,335,361,433,459,474,474,161,171,171,272,272,283,293,306,48,48,73,88,88,161,161,161,235,266,286,286,286],"floor_reached":51,"language":"ZHS","playtime":2134,"items_purged":["Strike_R","Defend_R"],"score":1163,"play_id":"dac63480-2fb4-4cda-ad50-81405b4a4b87","local_time":"20210122151720","is_ascension_mode":true,"campfire_choices":[{"data":"Double Tap","floor":7,"key":"SMITH"},{"data":"Pummel","floor":12,"key":"SMITH"},{"data":"Bash","floor":15,"key":"SMITH"},{"floor":32,"key":"REST"},{"data":"Limit Break","floor":42,"key":"SMITH"},{"data":"Perfected Strike","floor":44,"key":"SMITH"},{"data":"Perfected Strike","floor":49,"key":"SMITH"}],"circlet_count":0,"master_deck":["Strike_R","Strike_R","Strike_R","Strike_R","Defend_R","Defend_R","Defend_R","Bash+1","AT_EmpoweredMortalDraw","Pommel Strike","Double Tap+1","Anger","Pummel+1","Metallicize","Warcry","Clash","Reaper","Flex","Intimidate","Perfected Strike+1","Seeing Red","Pommel Strike","AT_IchimonjiDouble","Perfected Strike+1","Clash+1","Perfected Strike","Flex","Limit Break+1","CurseOfTheBell","Twin Strike+1","Perfected Strike+1","Dual Wield+1","Flex","Perfected Strike+1","Pommel Strike","Flex"],"relics":["Burning Blood","AT_ATBox","HushsDoor","PokeGo","NeowsBlessing","AT_ArchangelStaff","AT_LudenTempest","ThirstyCross","Champion Belt","AT_RedTearstoneRing","Blood Vial","AT_TrinityForce","GuppysTail","GuppysHead","Ginger","Lantern","AT_RedNoBalance","Orichalcum","aspiration:StickyExplosives_weak","Mummified Hand","Calling Bell","HornCleat","ScarletDevilRocket","Gambling Chip","Pen Nib","Shuriken","aspiration:FrozenJewel","TheBible","Centennial Puzzle"],"acts_visited":["Exordium","TheCity","TheBeyond"],"potions_floor_usage":[10,13,25,28,50,50,50],"damage_taken":[{"damage":0,"enemies":"Cultist","floor":1,"turns":1},{"damage":0,"enemies":"Jaw Worm","floor":2,"turns":1},{"damage":0,"enemies":"2 Louse","floor":3,"turns":1},{"damage":16,"enemies":"Gremlin Nob","floor":6,"turns":4},{"damage":0,"enemies":"Lagavulin","floor":10,"turns":2},{"damage":9,"enemies":"Large Slime","floor":11,"turns":2},{"damage":0,"enemies":"Gremlin Nob","floor":13,"turns":2},{"damage":0,"enemies":"Red Slaver","floor":14,"turns":1},{"damage":33,"enemies":"Hexaghost","floor":16,"turns":6},{"damage":0,"enemies":"Spheric Guardian","floor":18,"turns":2},{"damage":0,"enemies":"Shell Parasite","floor":19,"turns":1},{"damage":0,"enemies":"Centurion and Healer","floor":20,"turns":3},{"damage":6,"enemies":"Snake Plant","floor":21,"turns":2},{"damage":0,"enemies":"Snecko","floor":22,"turns":1},{"damage":12,"enemies":"HollowMod:Nosk","floor":23,"turns":4},{"damage":2,"enemies":"Cultist and Chosen","floor":24,"turns":2},{"damage":15,"enemies":"Slavers","floor":25,"turns":3},{"damage":0,"enemies":"Gremlin Leader","floor":27,"turns":2},{"damage":0,"enemies":"Chosen and Byrds","floor":28,"turns":1},{"damage":0,"enemies":"Snake Plant","floor":31,"turns":2},{"damage":2,"enemies":"Champ","floor":33,"turns":3},{"damage":3,"enemies":"3 Shapes","floor":35,"turns":2},{"damage":0,"enemies":"Orb Walker","floor":36,"turns":1},{"damage":0,"enemies":"Spire Growth","floor":37,"turns":1},{"damage":0,"enemies":"Giant Head","floor":40,"turns":2},{"damage":0,"enemies":"Writhing Mass","floor":41,"turns":1},{"damage":0,"enemies":"HollowMod:StalkingDevout","floor":47,"turns":2},{"damage":9,"enemies":"Sphere and 2 Shapes","floor":48,"turns":2},{"damage":69,"enemies":"Awakened One","floor":50,"turns":7}],"seed_played":"-4799755554079908159","potions_obtained":[{"floor":1,"key":"Fire Potion"},{"floor":2,"key":"SpeedPotion"},{"floor":10,"key":"SteroidPotion"},{"floor":14,"key":"SpeedPotion"},{"floor":21,"key":"Fire Potion"},{"floor":25,"key":"Block Potion"},{"floor":27,"key":"champ:CounterPotion"},{"floor":28,"key":"ColorlessPotion"},{"floor":33,"key":"Guardian:BlockOnCardUsePotion"},{"floor":41,"key":"LiquidMemories"}],"is_trial":false,"path_per_floor":["M","M","M","?","$","E","R","?","T","E","M","R","E","M","R","B",null,"M","M","M","M","M","E","M","E","T","E","M","T","$","M","R","B",null,"M","M","M","$","?","E","M","R","T","R","?","T","E","M","R","B",null],"character_chosen":"IRONCLAD","items_purchased":["AT_ArchangelStaff","GuppysTail","GuppysHead","Mummified Hand","Perfected Strike","Flex","Flex","Perfected Strike","Pen Nib"],"campfire_rested":1,"item_purchase_floors":[5,17,17,30,30,30,38,38,38],"current_hp_per_floor":[80,80,80,69,69,59,59,59,59,65,62,62,68,76,76,51,60,60,60,60,60,60,60,60,51,51,38,38,38,38,38,56,47,60,60,60,60,60,60,60,60,60,60,60,57,57,57,57,57,17],"gold":286,"neow_bonus":"THREE_ENEMY_KILL","is_daily":false,"chose_seed":false,"campfire_upgraded":6,"win_rate":0.0,"timestamp":1611299840,"path_taken":["M","?","?","?","$","E","R","?","T","E","M","R","E","M","R","BOSS","M","M","M","M","M","E","M","E","T","E","M","?","$","M","R","BOSS","M","M","M","$","?","E","M","R","T","R","?","?","E","M","R","BOSS"],"items_purchased_type":["Relic","Relic","Relic","Relic","Card","Card","Card","Card","Relic"],"build_version":"2020-12-22","purchased_purges":2,"victory":true,"max_hp_per_floor":[80,80,80,80,80,80,80,80,80,80,80,80,80,80,80,80,60,60,60,60,60,60,60,60,60,60,60,60,60,60,60,60,60,60,60,60,60,60,60,60,60,60,60,60,57,57,57,57,57,57],"card_choices":[{"not_picked":["Twin Strike","AT_GerminateFire"],"picked":"Pommel Strike","floor":1},{"not_picked":["Sword Boomerang","Iron Wave"],"picked":"Double Tap","floor":2},{"not_picked":["Warcry","Clothesline"],"picked":"Anger","floor":3},{"not_picked":["Twin Strike","Cleave"],"picked":"Pummel","floor":6},{"not_picked":["AT_CaressingTears","Clash"],"picked":"Metallicize","floor":10},{"not_picked":["AT_CaressingTears","True Grit"],"picked":"Warcry","floor":11},{"not_picked":["Heavy Blade","Pommel Strike"],"picked":"Clash","floor":13},{"not_picked":["Body Slam","Sever Soul","Perfected Strike"],"picked":"SKIP","floor":14},{"not_picked":["Fiend Fire","Impervious"],"picked":"Reaper","floor":16},{"not_picked":["Battle Trance+1","Headbutt"],"picked":"Flex","floor":18},{"not_picked":["AT_CaressingTears","Sword Boomerang"],"picked":"Intimidate","floor":19},{"not_picked":["Headbutt","Clothesline+1"],"picked":"Perfected Strike+1","floor":20},{"not_picked":["Shrug It Off","Hemokinesis","Power Through"],"picked":"SKIP","floor":21},{"not_picked":["AT_CaressingTears+1","Thunderclap"],"picked":"Seeing Red","floor":22},{"not_picked":["True Grit","Anger"],"picked":"Pommel Strike","floor":23},{"not_picked":["Offering","Disarm","Spot Weakness+1"],"picked":"SKIP","floor":24},{"not_picked":["Blood for Blood","Second Wind"],"picked":"AT_IchimonjiDouble","floor":25},{"not_picked":["Cleave","Perfected Strike","Combust"],"picked":"SKIP","floor":27},{"not_picked":["Cleave","Combust"],"picked":"Perfected Strike","floor":27},{"not_picked":["Warcry","Sword Boomerang"],"picked":"Clash+1","floor":28},{"not_picked":["Impervious","Power Through","Cleave"],"picked":"SKIP","floor":31},{"not_picked":["Bludgeon","Corruption"],"picked":"Limit Break","floor":33},{"not_picked":["Offering","AT_IchimonjiDouble"],"picked":"Twin Strike+1","floor":35},{"not_picked":["True Grit+1","Infernal Blade+1"],"picked":"Perfected Strike+1","floor":36},{"not_picked":["Sword Boomerang","Reckless Charge+1"],"picked":"Dual Wield+1","floor":37},{"not_picked":["True Grit+1","Warcry"],"picked":"Pommel Strike","floor":40},{"not_picked":["AT_GerminateFire+1","Armaments"],"picked":"Flex","floor":41},{"not_picked":["Headbutt","True Grit+1","Cleave"],"picked":"SKIP","floor":47},{"not_picked":["Dark Embrace+1","Entrench","Burning Pact+1"],"picked":"SKIP","floor":48}],"player_experience":43599,"relics_obtained":[{"floor":6,"key":"AT_LudenTempest"},{"floor":9,"key":"Champion Belt"},{"floor":10,"key":"AT_RedTearstoneRing"},{"floor":13,"key":"Blood Vial"},{"floor":23,"key":"Ginger"},{"floor":25,"key":"Lantern"},{"floor":26,"key":"AT_SilverBalance"},{"floor":27,"key":"Orichalcum"},{"floor":29,"key":"aspiration:StickyExplosives_weak"},{"floor":34,"key":"HornCleat"},{"floor":34,"key":"ScarletDevilRocket"},{"floor":34,"key":"Gambling Chip"},{"floor":40,"key":"Shuriken"},{"floor":43,"key":"aspiration:FrozenJewel"},{"floor":46,"key":"TheBible"},{"floor":47,"key":"Centennial Puzzle"}],"event_choices":[{"damage_healed":0,"gold_gain":75,"player_choice":"Gather Gold","damage_taken":11,"max_hp_gain":0,"max_hp_loss":0,"event_name":"World of Goop","floor":4,"gold_loss":0},{"damage_healed":0,"gold_gain":0,"player_choice":"Max HP","damage_taken":0,"max_hp_gain":0,"max_hp_loss":3,"event_name":"Winding Halls","floor":45,"gold_loss":0}],"is_beta":false,"boss_relics":[{"not_picked":["Runic Cube","Cursed Key"],"picked":"AT_TrinityForce"},{"not_picked":[]},{"not_picked":["Mark of Pain","aspiration:MarisaSkillbook"],"picked":"Calling Bell"},{"not_picked":[]}],"items_purged_floors":[5,30],"is_endless":false,"potions_floor_spawned":[1,2,10,14,21,24,25,27,28,33,35,41],"ascension_level":1}}