{"host":"sc0o2qwpf9j16a4i","time":1611278473,"event":{"mods":["AchievementEnabler","BaseMod","BetterRewards","Block Reminder","Colored Map","Colored Powertips","Custom Start","Highlight Path","Minty Spire (QoL Compilation)","Relic Stats"],"gold_per_floor":[118,118,174,192,192,192,202,228,228,0,0,32,32,46,46,46,46],"floor_reached":16,"language":"ENG","playtime":334,"items_purged":[],"score":316,"play_id":"aa8917c4-4782-48d5-90b8-31af8f08e7bf","local_time":"20210122032113","is_ascension_mode":true,"campfire_choices":[{"floor":6,"key":"REST"},{"floor":11,"key":"REST"},{"data":"Inflame","floor":15,"key":"SMITH"}],"circlet_count":0,"master_deck":["AscendersBane","Strike_R","Strike_R","Strike_R","Strike_R","Strike_R","Defend_R+1","Defend_R","Defend_R","Defend_R","Bash+1","Disarm","Carnage+1","Sever Soul","Hemokinesis","Inflame+1","Fiend Fire"],"relics":["Burning Blood","PreservedInsect","StrikeDummy","Matryoshka","ClockworkSouvenir","MealTicket"],"acts_visited":["Exordium"],"potions_floor_usage":[8,16],"damage_taken":[{"damage":22,"enemies":"Jaw Worm","floor":1,"turns":7},{"damage":7,"enemies":"2 Louse","floor":4,"turns":2},{"damage":0,"enemies":"Cultist","floor":7,"turns":2},{"damage":9,"enemies":"3 Sentries","floor":8,"turns":4},{"damage":18,"enemies":"Lagavulin","floor":12,"turns":6},{"damage":24,"enemies":"Exordium Thugs","floor":14,"turns":5},{"damage":47,"enemies":"The Guardian","floor":16,"turns":9}],"seed_played":"-1321357244375650697","potions_obtained":[{"floor":1,"key":"Ancient Potion"},{"floor":7,"key":"Explosive Potion"}],"is_trial":false,"path_per_floor":["M","?","?","M","?","R","M","E","T","$","R","E","$","M","R","B"],"character_chosen":"IRONCLAD","items_purchased":["PreservedInsect","Disarm","ClockworkSouvenir","BlessingOfTheForge"],"campfire_rested":2,"item_purchase_floors":[0,0,10,10],"current_hp_per_floor":[38,15,15,14,14,36,42,39,39,39,61,49,64,46,46,0,0],"gold":46,"neow_bonus":"","is_daily":false,"chose_seed":false,"campfire_upgraded":1,"win_rate":0.0,"timestamp":1611278473,"path_taken":["M","?","?","M","?","R","M","E","T","$","R","E","?","?","R","BOSS"],"items_purchased_type":["Relic","Card","Relic","Potion"],"build_version":"2020-12-22","purchased_purges":0,"victory":false,"max_hp_per_floor":[75,75,75,75,75,75,75,75,75,75,75,75,75,75,75,75,75],"relic_stats":{"counters":[16,65],"MealTicket":15,"PreservedInsect":61,"obtain_stats":[{"Blood Vial":9,"Matryoshka":9,"Vajra":7,"MealTicket":12,"PreservedInsect":0,"Bag of Marbles":14,"War Paint":3,"StrikeDummy":8,"Burning Blood":0,"White Beast Statue":12,"ClockworkSouvenir":10},{"Blood Vial":5,"Matryoshka":13,"Vajra":4,"MealTicket":14,"PreservedInsect":9,"Bag of Marbles":8,"War Paint":2,"StrikeDummy":13,"Burning Blood":0,"White Beast Statue":6,"ClockworkSouvenir":13},{"Blood Vial":13,"Matryoshka":45,"Vajra":12,"MealTicket":51,"PreservedInsect":30,"Bag of Marbles":21,"War Paint":5,"StrikeDummy":45,"Burning Blood":0,"White Beast Statue":16,"ClockworkSouvenir":45}],"Burning Blood":67},"card_choices":[{"not_picked":["Battle Trance","Twin Strike"],"picked":"Carnage","floor":1},{"not_picked":["Dark Embrace","True Grit"],"picked":"Sever Soul","floor":4},{"not_picked":["Headbutt","Fire Breathing"],"picked":"Hemokinesis","floor":7},{"not_picked":["True Grit","Dark Embrace","Heavy Blade"],"picked":"SKIP","floor":8},{"not_picked":["Bloodletting","Metallicize"],"picked":"Inflame","floor":12},{"not_picked":["Pommel Strike","Dropkick"],"picked":"Fiend Fire","floor":14}],"player_experience":877230,"relics_obtained":[{"floor":8,"key":"StrikeDummy"},{"floor":9,"key":"Matryoshka"},{"floor":12,"key":"MealTicket"}],"event_choices":[{"damage_healed":0,"gold_gain":0,"player_choice":"Entered Light","damage_taken":23,"max_hp_gain":0,"max_hp_loss":0,"event_name":"Shining Light","floor":2,"gold_loss":0,"cards_upgraded":["Carnage","Defend_R"]},{"damage_healed":0,"gold_gain":56,"player_choice":"Gained Gold","damage_taken":0,"max_hp_gain":0,"max_hp_loss":0,"event_name":"Golden Wing","floor":3,"gold_loss":0},{"damage_healed":0,"gold_gain":0,"player_choice":"Grow","damage_taken":0,"max_hp_gain":0,"max_hp_loss":0,"event_name":"Living Wall","floor":5,"gold_loss":0,"cards_upgraded":["Bash"]}],"is_beta":false,"boss_relics":[],"items_purged_floors":[],"is_endless":false,"potions_floor_spawned":[1,7,14],"killed_by":"The Guardian","ascension_level":20}}