{"host":"bxd97rc2ofc6op20","time":1611307668,"event":{"mods":["BaseMod","Colored Map","Colored Powertips","Googly Eyes","Highlight Path","Minty Spire (QoL Compilation)","Quick Restart","Rare Cards Sparkle"],"gold_per_floor":[368,382,382,399,411,443,461,461,514,134,134,49,77,93,93,196,196,212,212,228,228,242,242,253,279,279,308,68,68,68,87,87,87,87],"floor_reached":33,"language":"ENG","playtime":2593,"items_purged":["Strike_B"],"score":342,"play_id":"c72cfabf-68ad-4ffd-a5f7-c06dfa085039","local_time":"20210122012748","is_ascension_mode":true,"campfire_choices":[{"data":"Undo","floor":8,"key":"SMITH"},{"floor":11,"key":"REST"},{"data":"Glacier","floor":15,"key":"SMITH"},{"data":"Storm","floor":23,"key":"SMITH"},{"data":"Double Energy","floor":30,"key":"SMITH"},{"floor":32,"key":"REST"}],"circlet_count":0,"master_deck":["Strike_B","Strike_B","Defend_B","Defend_B","Defend_B","Zap","Dualcast","Melter","Undo+1","Doom and Gloom+1","Darkness","Double Energy+1","Panacea","Glacier+1","Compile Driver+1","Electrodynamics","Consume+1","Ball Lightning","Storm+1","Ball Lightning","Reinforced Body+1","Hologram+1"],"relics":["Cracked Core","Regal Pillow","Blood Vial","Dead Branch","Darkstone Periapt","Nuclear Battery","Nilry\u0027s Codex","Whetstone","Toxic Egg 2","Emotion Chip","Singing Bowl"],"acts_visited":["Exordium","TheCity"],"potions_floor_usage":[6,14,20,25,27,31],"damage_taken":[{"damage":1,"enemies":"2 Louse","floor":1,"turns":2},{"damage":0,"enemies":"Cultist","floor":2,"turns":2},{"damage":0,"enemies":"Small Slimes","floor":4,"turns":2},{"damage":3,"enemies":"Blue Slaver","floor":5,"turns":4},{"damage":30,"enemies":"Gremlin Nob","floor":6,"turns":4},{"damage":7,"enemies":"2 Fungi Beasts","floor":7,"turns":2},{"damage":28,"enemies":"3 Sentries","floor":13,"turns":6},{"damage":0,"enemies":"3 Louse","floor":14,"turns":3},{"damage":4,"enemies":"The Guardian","floor":16,"turns":16},{"damage":6,"enemies":"Shell Parasite","floor":18,"turns":5},{"damage":0,"enemies":"2 Thieves","floor":20,"turns":3},{"damage":0,"enemies":"Sentry and Sphere","floor":22,"turns":2},{"damage":18,"enemies":"Centurion and Healer","floor":24,"turns":6},{"damage":7,"enemies":"Gremlin Leader","floor":25,"turns":5},{"damage":12,"enemies":"Book of Stabbing","floor":27,"turns":7},{"damage":22,"enemies":"Shelled Parasite and Fungi","floor":31,"turns":4},{"damage":60,"enemies":"Automaton","floor":33,"turns":6}],"seed_played":"-2108621652570416466","potions_obtained":[{"floor":1,"key":"Fire Potion"},{"floor":4,"key":"Block Potion"},{"floor":16,"key":"GamblersBrew"},{"floor":18,"key":"FearPotion"},{"floor":22,"key":"BlessingOfTheForge"},{"floor":24,"key":"Dexterity Potion"}],"is_trial":false,"path_per_floor":["M","M","?","M","M","E","M","R","T","$","R","$","E","M","R","B",null,"M","?","M","?","M","R","M","E","T","E","$","?","R","M","R","B"],"character_chosen":"DEFECT","items_purchased":["Dead Branch","Panacea","Singing Bowl"],"campfire_rested":2,"item_purchase_floors":[10,12,28],"current_hp_per_floor":[53,53,53,53,50,20,13,13,13,13,50,50,24,26,26,24,75,69,53,55,55,57,57,41,36,36,26,26,26,26,6,43,0,0],"gold":87,"neow_bonus":"TWO_FIFTY_GOLD","is_daily":false,"chose_seed":false,"campfire_upgraded":4,"win_rate":0.0,"timestamp":1611307668,"path_taken":["M","M","?","M","M","E","?","R","T","$","R","$","E","M","R","BOSS","M","?","M","?","M","R","M","E","T","E","$","?","R","M","R","BOSS"],"items_purchased_type":["Relic","Card","Relic"],"build_version":"2020-12-22","purchased_purges":1,"victory":false,"max_hp_per_floor":[75,75,75,75,75,75,75,75,75,75,75,75,75,75,75,75,75,75,75,75,75,75,75,75,75,75,75,75,75,75,75,75,75,75],"card_choices":[{"not_picked":["Go for the Eyes","Storm"],"picked":"Melter","floor":1},{"not_picked":["Go for the Eyes","Ball Lightning"],"picked":"Undo","floor":2},{"not_picked":["Turbo","Hologram"],"picked":"Doom and Gloom","floor":4},{"not_picked":["Sweeping Beam","Storm","Beam Cell"],"picked":"SKIP","floor":5},{"not_picked":["Gash","Stack"],"picked":"Darkness","floor":6},{"not_picked":["Barrage","Conserve Battery"],"picked":"Double Energy","floor":7},{"not_picked":["Compile Driver","Rebound"],"picked":"Glacier","floor":13},{"not_picked":["Stack","Conserve Battery"],"picked":"Compile Driver","floor":14},{"not_picked":["Amplify","Rainbow"],"picked":"Electrodynamics","floor":16},{"not_picked":["Undo","Chaos"],"picked":"Consume+1","floor":18},{"not_picked":["Streamline","Double Energy"],"picked":"Ball Lightning","floor":20},{"not_picked":["Cold Snap","Streamline"],"picked":"Ball Lightning","floor":22},{"not_picked":["Conserve Battery","Chaos"],"picked":"Reinforced Body+1","floor":25},{"not_picked":["Rebound","Coolheaded+1"],"picked":"Hologram+1","floor":31}],"player_experience":355293,"relics_obtained":[{"floor":6,"key":"Regal Pillow"},{"floor":9,"key":"Blood Vial"},{"floor":13,"key":"Darkstone Periapt"},{"floor":19,"key":"Nilry\u0027s Codex"},{"floor":25,"key":"Whetstone"},{"floor":26,"key":"Toxic Egg 2"},{"floor":27,"key":"Emotion Chip"}],"event_choices":[{"cards_removed":["Defend_B"],"damage_healed":0,"gold_gain":0,"player_choice":"Offered Basic","damage_taken":0,"max_hp_gain":0,"max_hp_loss":0,"event_name":"Bonfire Elementals","floor":3,"gold_loss":0},{"damage_healed":0,"gold_gain":0,"player_choice":"Obtained Book","damage_taken":16,"max_hp_gain":0,"max_hp_loss":0,"event_name":"Cursed Tome","floor":19,"gold_loss":0},{"damage_healed":0,"gold_gain":0,"player_choice":"Read","damage_taken":0,"max_hp_gain":0,"max_hp_loss":0,"event_name":"The Library","floor":21,"gold_loss":0,"cards_obtained":["Storm"]},{"cards_removed":["Strike_B"],"damage_healed":0,"gold_gain":0,"player_choice":"Elegance","damage_taken":0,"max_hp_gain":0,"max_hp_loss":0,"event_name":"Back to Basics","floor":29,"gold_loss":0}],"is_beta":false,"boss_relics":[{"not_picked":["Empty Cage","SacredBark"],"picked":"Nuclear Battery"}],"items_purged_floors":[10],"is_endless":false,"potions_floor_spawned":[1,4,16,18,22,24],"killed_by":"Automaton","ascension_level":3}}