{"host":"nbmmy2ys5j9alw05","time":1611278771,"event":{"mods":["AchievementEnabler","BaseMod","Bestiary","Better Vampires","Colored Map","Colored Powertips","Googly Eyes","Minty Spire (QoL Compilation)","Quick Restart","StSLib","The Hierophant","The IronCluck","everything is the same but u backflip on backflip"],"gold_per_floor":[115,135,147,70,70,103,103,103,103],"floor_reached":8,"language":"ENG","playtime":306,"items_purged":[],"score":84,"play_id":"2efe745e-ba7d-4a09-8c18-f475ee9a4648","local_time":"20210121172611","is_ascension_mode":true,"campfire_choices":[{"data":"Creative AI","floor":7,"key":"SMITH"}],"circlet_count":0,"master_deck":["AscendersBane","Strike_B","Strike_B","Strike_B","Defend_B","Defend_B","Defend_B","Defend_B","Zap","Dualcast","Streamline","Hologram","Sweeping Beam","Scrape","Creative AI+1"],"relics":["Cracked Core","Bag of Marbles"],"acts_visited":["Exordium"],"potions_floor_usage":[6,6,6,8,8],"damage_taken":[{"damage":1,"enemies":"2 Louse","floor":1,"turns":3},{"damage":0,"enemies":"Small Slimes","floor":2,"turns":4},{"damage":5,"enemies":"Jaw Worm","floor":3,"turns":4},{"damage":27,"enemies":"Lagavulin","floor":6,"turns":5},{"damage":27,"enemies":"3 Sentries","floor":8,"turns":4}],"seed_played":"-9219804791279161429","potions_obtained":[{"floor":2,"key":"PotionOfCapacity"},{"floor":3,"key":"EntropicBrew"}],"is_trial":false,"path_per_floor":["M","M","M","$","?","E","R","E"],"character_chosen":"DEFECT","items_purchased":["Scrape"],"campfire_rested":0,"item_purchase_floors":[4],"current_hp_per_floor":[67,67,62,62,67,40,40,13,13],"gold":103,"neow_bonus":"REMOVE_CARD","is_daily":false,"chose_seed":false,"campfire_upgraded":1,"win_rate":0.0,"timestamp":1611278771,"path_taken":["M","M","M","$","?","E","R","E"],"items_purchased_type":["Card"],"build_version":"2020-12-22","purchased_purges":0,"victory":false,"max_hp_per_floor":[75,75,75,75,80,80,80,80,80],"card_choices":[{"not_picked":["Go for the Eyes","Rebound"],"picked":"Streamline","floor":1},{"not_picked":["Barrage","Darkness"],"picked":"Hologram","floor":2},{"not_picked":["Steam","Reinforced Body"],"picked":"Sweeping Beam","floor":3},{"not_picked":["Barrage","Go for the Eyes"],"picked":"Creative AI","floor":6}],"player_experience":525552,"relics_obtained":[{"floor":6,"key":"Bag of Marbles"}],"event_choices":[{"damage_healed":0,"gold_gain":0,"player_choice":"Donut","damage_taken":0,"max_hp_gain":5,"max_hp_loss":0,"event_name":"Big Fish","floor":5,"gold_loss":0}],"is_beta":false,"boss_relics":[],"items_purged_floors":[],"is_endless":false,"potions_floor_spawned":[2,3],"killed_by":"3 Sentries","ascension_level":10}}