{"host":"v4tuy5ykrbdcm9o9","time":1611347203,"event":{"mods":["BaseMod","Duelist Mod","Minty Spire (QoL Compilation)","Replay The Spire","StSLib"],"gold_per_floor":[14,14,26,43,57,57,86,8,34,34,34,67,67,108,108,126,126],"floor_reached":16,"language":"ENG","playtime":1935,"items_purged":[],"score":143,"play_id":"aad8c11c-da80-4c13-bcdc-eda31292bb9e","local_time":"20210122152643","is_ascension_mode":true,"campfire_choices":[{"floor":6,"key":"RECALL"},{"floor":13,"key":"REST"},{"floor":15,"key":"REST"}],"circlet_count":0,"master_deck":["Strike_G","Strike_G","Strike_G","Strike_G","Strike_G","Defend_G","Defend_G","Defend_G","Defend_G","Survivor","Neutralize","A Thousand Cuts","Prepared","Dagger Throw","Endless Agony","Deflect","Escape Plan","Outmaneuver","Glass Knife","Replay:Poison Smokescreen"],"relics":["Ring of the Snake","Replay:Bandana","PreservedInsect","Snake Skull"],"acts_visited":["Exordium"],"potions_floor_usage":[5,7,7],"damage_taken":[{"damage":0,"enemies":"Small Slimes","floor":1,"turns":5},{"damage":0,"enemies":"Cultist","floor":3,"turns":4},{"damage":1,"enemies":"2 Louse","floor":4,"turns":2},{"damage":0,"enemies":"Large Slime","floor":5,"turns":4},{"damage":30,"enemies":"Lagavulin","floor":7,"turns":9},{"damage":0,"enemies":"2 Fungi Beasts","floor":12,"turns":3},{"damage":22,"enemies":"Replay:BlueRogue","floor":14,"turns":5},{"damage":57,"enemies":"Slime Boss","floor":16,"turns":11}],"seed_played":"-7657036989360786216","potions_obtained":[{"floor":1,"key":"Strength Potion"},{"floor":3,"key":"Swift Potion"},{"floor":4,"key":"LiquidBronze"}],"is_trial":false,"path_per_floor":["M","?","M","M","M","R","E","$","T","?","?","M","R","E","R","B"],"character_chosen":"THE_SILENT","items_purchased":["Outmaneuver","BlessingOfTheForge"],"campfire_rested":2,"item_purchase_floors":[8,8],"current_hp_per_floor":[63,63,63,62,62,62,32,32,32,37,37,37,59,37,59,2,2],"gold":126,"neow_bonus":"THREE_RARE_CARDS","is_daily":false,"chose_seed":false,"campfire_upgraded":0,"win_rate":0.0,"timestamp":1611347203,"path_taken":["M","?","M","M","M","R","E","?","T","?","?","M","R","E","R","BOSS"],"items_purchased_type":["Card","Potion"],"build_version":"2020-12-22","purchased_purges":0,"victory":false,"max_hp_per_floor":[70,70,70,70,70,70,70,70,70,75,75,75,75,75,75,75,75],"card_choices":[{"not_picked":["Grand Finale","Burst"],"picked":"A Thousand Cuts","floor":0},{"not_picked":["Eviscerate","Slice"],"picked":"Prepared","floor":1},{"not_picked":["Slice","Prepared"],"picked":"Dagger Throw","floor":3},{"not_picked":["Dagger Spray","Blur"],"picked":"Endless Agony","floor":4},{"not_picked":["ReplayTheSpireMod:Shiv Toss","Eviscerate"],"picked":"Deflect","floor":5},{"not_picked":["PiercingWail","Dagger Spray"],"picked":"Escape Plan","floor":7},{"not_picked":["Hidden Blade","Blade Dance"],"picked":"Glass Knife","floor":12},{"not_picked":["Blade Dance","Cloak And Dagger"],"picked":"Replay:Poison Smokescreen","floor":14}],"player_experience":641790,"relics_obtained":[{"floor":7,"key":"Replay:Bandana"},{"floor":14,"key":"Snake Skull"}],"event_choices":[{"cards_removed":["Defend_G"],"damage_healed":0,"gold_gain":0,"player_choice":"Offered Basic","damage_taken":0,"max_hp_gain":0,"max_hp_loss":0,"event_name":"Bonfire Elementals","floor":2,"gold_loss":0},{"damage_healed":0,"gold_gain":0,"player_choice":"Donut","damage_taken":0,"max_hp_gain":5,"max_hp_loss":0,"event_name":"Big Fish","floor":10,"gold_loss":0},{"damage_healed":0,"gold_gain":0,"player_choice":"Gave Potion","damage_taken":0,"relics_obtained":["PreservedInsect"],"max_hp_gain":0,"max_hp_loss":0,"event_name":"WeMeetAgain","floor":11,"gold_loss":0}],"is_beta":false,"boss_relics":[],"items_purged_floors":[],"is_endless":false,"potions_floor_spawned":[1,3,4],"killed_by":"Slime Boss","ascension_level":6}}