{"host":"dowi7cgbhepuzvpj","time":1611283519,"event":{"mods":["AchievementEnabler","BaseMod","Keyboard Shortcuts","Minty Spire (QoL Compilation)","Permanent Neow","Quick Restart","StSLib","SuperFastMode"],"gold_per_floor":[119,44,44,63,73,73,106,106,106,156,189,205,205,11,11,112,112,123,137,45,60,75,75,105,105,105,135,35,69,69,82,82,181,181,193,244,244,244,256,290,290,300,324,338,59,59,69,84,84,84,84,84,34,66,66,66],"floor_reached":55,"language":"KOR","playtime":1395,"items_purged":["Decay","Wild Strike","Wild Strike","Fire Breathing+1"],"score":777,"play_id":"49cbdad3-7f6c-4ee0-a7ec-e9f8019b68bb","local_time":"20210122114519","is_ascension_mode":true,"campfire_choices":[{"data":"Bash","floor":6.0,"key":"SMITH"},{"data":"Reaper","floor":13.0,"key":"SMITH"},{"data":"Limit Break","floor":15.0,"key":"SMITH"},{"data":"Limit Break","floor":23.0,"key":"SMITH"},{"data":"True Grit","floor":25.0,"key":"SMITH"},{"data":"Flex","floor":32.0,"key":"SMITH"},{"floor":41.0,"key":"RECALL"},{"data":"Secret Weapon","floor":49.0,"key":"SMITH"},{"data":"Sword Boomerang","floor":52,"key":"SMITH"}],"circlet_count":0,"master_deck":["Strike_R","Strike_R","Strike_R","Defend_R","Defend_R","Defend_R","Defend_R","Bash+1","Armaments+1","Limit Break+1","Sword Boomerang+1","Reaper+1","Shrug It Off","Limit Break+1","Flex+1","True Grit+1","Twin Strike","Flex+1","Gash","Dual Wield+1","Reaper","CurseOfTheBell","Double Tap","Heavy Blade+1","Sword Boomerang+1","Spot Weakness","Master of Strategy","Secret Weapon+1","Impatience","Shockwave"],"relics":["Burning Blood","Magic Flower","Letter Opener","Mercury Hourglass","Anchor","Meat on the Bone","Brimstone","Sozu","Orichalcum","Frozen Egg 2","Akabeko","Pen Nib","Calling Bell","Lantern","Paper Frog","StoneCalendar","Prayer Wheel","Smiling Mask","HandDrill","Bag of Marbles"],"acts_visited":["Exordium","TheCity","TheBeyond","TheEnding"],"potions_floor_usage":[55,55],"damage_taken":[{"damage":4.0,"enemies":"2 Louse","floor":1.0,"turns":4.0},{"damage":1.0,"enemies":"Cultist","floor":4.0,"turns":3.0},{"damage":6.0,"enemies":"Jaw Worm","floor":5.0,"turns":3.0},{"damage":40.0,"enemies":"Lagavulin","floor":7.0,"turns":8.0},{"damage":22.0,"enemies":"Gremlin Nob","floor":11.0,"turns":4.0},{"damage":0.0,"enemies":"Lots of Slimes","floor":12.0,"turns":3.0},{"damage":43.0,"enemies":"Hexaghost","floor":16.0,"turns":7.0},{"damage":7.0,"enemies":"Spheric Guardian","floor":18.0,"turns":3.0},{"damage":8.0,"enemies":"Shell Parasite","floor":19.0,"turns":3.0},{"damage":16.0,"enemies":"Snake Plant","floor":21.0,"turns":3.0},{"damage":0.0,"enemies":"Chosen and Byrds","floor":22.0,"turns":3.0},{"damage":65.0,"enemies":"Slavers","floor":24.0,"turns":5.0},{"damage":18.0,"enemies":"Book of Stabbing","floor":27.0,"turns":4.0},{"damage":17.0,"enemies":"Slavers","floor":29.0,"turns":3.0},{"damage":0.0,"enemies":"Cultist and Chosen","floor":31.0,"turns":3.0},{"damage":28.0,"enemies":"Champ","floor":33.0,"turns":6.0},{"damage":14.0,"enemies":"3 Darklings","floor":35.0,"turns":3.0},{"damage":31.0,"enemies":"2 Orb Walkers","floor":36.0,"turns":3.0},{"damage":0.0,"enemies":"Orb Walker","floor":39.0,"turns":1.0},{"damage":17.0,"enemies":"Giant Head","floor":40.0,"turns":5.0},{"damage":25.0,"enemies":"Sphere and 2 Shapes","floor":42.0,"turns":4.0},{"damage":0.0,"enemies":"Transient","floor":44.0,"turns":5.0},{"damage":12.0,"enemies":"4 Shapes","floor":47.0,"turns":3.0},{"damage":0.0,"enemies":"Jaw Worm Horde","floor":48.0,"turns":3.0},{"damage":120,"enemies":"Donu and Deca","floor":50,"turns":7},{"damage":103,"enemies":"Shield and Spear","floor":54,"turns":5},{"damage":105,"enemies":"The Heart","floor":55,"turns":5}],"seed_played":"1597237088212298993","potions_obtained":[{"floor":1.0,"key":"Regen Potion"},{"floor":11.0,"key":"Explosive Potion"},{"floor":16.0,"key":"AttackPotion"}],"is_trial":false,"path_per_floor":["M","$","?","M","M","R","E","?","T","T","E","M","R","$","R","B",null,"M","M","$","M","M","R","E","R","T","E","$","E","?","M","R","B",null,"M","?","?","?","M","E","R","M","T","M","$","?","M","M","R","B",null,"R","$","E","B"],"character_chosen":"IRONCLAD","items_purchased":["Brimstone","Shrug It Off","Flex","True Grit","Spot Weakness","HandDrill"],"campfire_rested":0,"item_purchase_floors":[14,14,20,20,45,45],"current_hp_per_floor":[80,80,80,80,80,80,49,49,49,49,36,51,51,51,51,61,80,80,80,80,80,80,80,55,55,55,64,64,56,56,65,65,64,80,80,58,58,58,67,72,72,80,80,80,80,70,80,80,80,63,80,80,80,68,0,0],"gold":66,"neow_bonus":"ONE_RARE_RELIC","is_daily":false,"chose_seed":false,"campfire_upgraded":8,"win_rate":0.0,"timestamp":1611283519,"path_taken":["M","$","?","?","M","R","E","?","T","?","E","?","R","$","R","BOSS","M","M","?","M","M","R","E","R","T","E","$","E","?","?","R","BOSS","M","?","?","?","M","E","R","?","T","M","$","?","M","M","R","BOSS","R","$","E","BOSS"],"items_purchased_type":["Relic","Card","Card","Card","Card","Relic"],"build_version":"2020-12-22","purchased_purges":4,"victory":false,"max_hp_per_floor":[80,80,80,80,80,80,80,80,80,80,80,80,80,80,80,80,80,80,80,80,80,80,80,80,80,80,80,80,80,80,80,80,80,80,80,80,80,80,80,80,80,80,80,80,80,80,80,80,80,80,80,80,80,80,80,80],"card_choices":[{"not_picked":["Havoc","Body Slam"],"picked":"Armaments","floor":1.0},{"not_picked":["Warcry","Perfected Strike"],"picked":"Limit Break","floor":4.0},{"not_picked":["Perfected Strike","Warcry"],"picked":"Wild Strike","floor":5.0},{"not_picked":["Infernal Blade","Juggernaut"],"picked":"Sword Boomerang","floor":7.0},{"not_picked":["Feel No Pain","True Grit"],"picked":"Reaper","floor":11.0},{"not_picked":["Heavy Blade","Clash","Dropkick"],"picked":"SKIP","floor":12.0},{"not_picked":["Feed","Offering"],"picked":"Limit Break","floor":16.0},{"not_picked":["Clash","Intimidate","Wild Strike+1"],"picked":"SKIP","floor":18.0},{"not_picked":["Anger","Bloodletting+1","Headbutt"],"picked":"SKIP","floor":19.0},{"not_picked":["Rupture","Hemokinesis","Blood for Blood"],"picked":"SKIP","floor":21.0},{"not_picked":["Uppercut","Havoc","Perfected Strike"],"picked":"SKIP","floor":22.0},{"not_picked":["Body Slam+1","Armaments"],"picked":"Twin Strike","floor":24.0},{"not_picked":["Combust+1","Burning Pact+1"],"picked":"Flex+1","floor":27.0},{"not_picked":["Havoc","Wild Strike"],"picked":"Fire Breathing+1","floor":29.0},{"not_picked":["Carnage","Headbutt"],"picked":"Dual Wield+1","floor":31.0},{"not_picked":["Bludgeon","Corruption+1"],"picked":"Reaper","floor":33.0},{"not_picked":["Searing Blow","Rupture+1","Clothesline+1"],"picked":"SKIP","floor":35.0},{"not_picked":["Body Slam","Perfected Strike+1"],"picked":"Double Tap","floor":36.0},{"not_picked":["Bloodletting","Body Slam"],"picked":"Heavy Blade+1","floor":39.0},{"not_picked":["Sword Boomerang+1","Cleave","Body Slam+1"],"picked":"SKIP","floor":39.0},{"not_picked":["Intimidate+1","True Grit"],"picked":"Sword Boomerang+1","floor":40.0},{"not_picked":["Thunderclap+1","Twin Strike","Combust+1"],"picked":"SKIP","floor":42.0},{"not_picked":["Whirlwind","Warcry","Fire Breathing+1"],"picked":"SKIP","floor":42.0},{"not_picked":["Sword Boomerang+1","Headbutt+1","Wild Strike"],"picked":"SKIP","floor":44.0},{"not_picked":["Carnage","Combust+1","Sword Boomerang+1"],"picked":"SKIP","floor":44.0},{"not_picked":["Enlightenment","Purity"],"picked":"Master of Strategy","floor":46.0},{"not_picked":["Magnetism+1","Dark Shackles"],"picked":"Secret Weapon","floor":46.0},{"not_picked":["Swift Strike","Trip"],"picked":"Impatience","floor":46.0},{"not_picked":["Rampage+1","Dark Embrace+1"],"picked":"Shockwave","floor":47.0},{"not_picked":["Clothesline+1","Iron Wave","Body Slam"],"picked":"SKIP","floor":47.0},{"not_picked":["Headbutt+1","Cleave+1","Perfected Strike+1"],"picked":"SKIP","floor":48.0},{"not_picked":["Headbutt+1","Wild Strike+1","Shrug It Off"],"picked":"SKIP","floor":48.0},{"not_picked":["Cleave","Clothesline+1","Corruption+1"],"picked":"SKIP","floor":54}],"player_experience":839970,"relics_obtained":[{"floor":7.0,"key":"Letter Opener"},{"floor":9.0,"key":"Mercury Hourglass"},{"floor":10.0,"key":"Anchor"},{"floor":11.0,"key":"Meat on the Bone"},{"floor":24.0,"key":"Orichalcum"},{"floor":26.0,"key":"Frozen Egg 2"},{"floor":27.0,"key":"Akabeko"},{"floor":29.0,"key":"Pen Nib"},{"floor":34.0,"key":"Lantern"},{"floor":34.0,"key":"Paper Frog"},{"floor":34.0,"key":"StoneCalendar"},{"floor":36.0,"key":"Prayer Wheel"},{"floor":40.0,"key":"Smiling Mask"},{"floor":54,"key":"Bag of Marbles"}],"event_choices":[{"damage_healed":0.0,"max_hp_gain":0.0,"max_hp_loss":0.0,"gold_gain":0.0,"event_name":"Accursed Blacksmith","player_choice":"Forge","floor":3.0,"gold_loss":0.0,"damage_taken":0.0,"cards_upgraded":["Armaments"]},{"damage_healed":0.0,"max_hp_gain":0.0,"max_hp_loss":0.0,"gold_gain":0.0,"cards_transformed":["Strike_R"],"event_name":"Living Wall","player_choice":"Change","floor":8.0,"gold_loss":0.0,"damage_taken":0.0,"cards_obtained":["Wild Strike"]},{"cards_removed":["Strike_R"],"damage_healed":0.0,"max_hp_gain":0.0,"max_hp_loss":0.0,"gold_gain":0.0,"event_name":"NoteForYourself","player_choice":"Took Card","floor":30.0,"gold_loss":0.0,"damage_taken":0.0,"cards_obtained":["Gash"]},{"damage_healed":0.0,"max_hp_gain":0.0,"max_hp_loss":0.0,"gold_gain":0.0,"event_name":"Mysterious Sphere","player_choice":"Fight","floor":36.0,"gold_loss":0.0,"damage_taken":0.0},{"damage_healed":0.0,"max_hp_gain":0.0,"max_hp_loss":0.0,"gold_gain":0.0,"event_name":"Tomb of Lord Red Mask","player_choice":"Ignored","floor":37.0,"gold_loss":0.0,"damage_taken":0.0},{"damage_healed":0.0,"max_hp_gain":0.0,"max_hp_loss":0.0,"gold_gain":0.0,"event_name":"Lab","player_choice":"Got Potions","floor":38.0,"gold_loss":0.0,"damage_taken":0.0},{"damage_healed":0.0,"max_hp_gain":0.0,"max_hp_loss":0.0,"gold_gain":0.0,"event_name":"SensoryStone","player_choice":"Memory 3","floor":46.0,"gold_loss":0.0,"damage_taken":10.0}],"is_beta":false,"boss_relics":[{"not_picked":["Runic Cube","Philosopher\u0027s Stone"],"picked":"Sozu"},{"not_picked":["Fusion Hammer","Astrolabe"],"picked":"Calling Bell"}],"items_purged_floors":[2,28,45,53],"is_endless":false,"potions_floor_spawned":[1,11,16,18,19,24,27,33,35,36,40,44,54],"killed_by":"The Heart","ascension_level":1}}