{"host":"5yoj846f700ld8qy","time":1611354238,"event":{"mods":["AchievementEnabler","Aspiration","BaseMod","Better Altar","Better Match","Better Note","Better Sensory Stone","Better Skull","Better Third Choice","Colored Map","Colored Powertips","Minty Spire (QoL Compilation)","StSLib"],"gold_per_floor":[111,122,122,19,0,34,34,49,74,74,89,63,63,101,101,195,195,213,213,213,213,236,236,269,269,318,318,85,85,5,25,25,121,121,137,107,130,155,168,168,59,59,59,59,90,103,144,144,144,144],"floor_reached":51,"language":"ENG","playtime":1810,"items_purged":["Strike_R+1"],"score":1473,"play_id":"2060452c-1155-4eab-8b55-6c18727538f6","local_time":"20210123002358","is_ascension_mode":true,"campfire_choices":[{"data":"Carnage","floor":7,"key":"SMITH"},{"floor":10,"key":"REST"},{"data":"Uppercut","floor":13,"key":"SMITH"},{"data":"Combust","floor":15,"key":"SMITH"},{"data":"Enlightenment","floor":23,"key":"SMITH"},{"data":"Enlightenment","floor":25,"key":"SMITH"},{"data":"RitualDagger","floor":29,"key":"SMITH"},{"data":"Reaper","floor":32,"key":"SMITH"},{"floor":40,"key":"REST"},{"data":"Bash","floor":42,"key":"SMITH"},{"floor":49,"key":"REST"}],"circlet_count":0,"master_deck":["AscendersBane","Strike_R+1","Strike_R+1","Strike_R+1","Strike_R+1","Defend_R+1","Defend_R+1","Defend_R+1","Defend_R+1","Bash+1","Carnage+1","Clothesline","Enlightenment+1","Enlightenment+1","Seeing Red+1","Uppercut+1","Combust+1","Havoc+1","Battle Trance+1","Offering+1","Shrug It Off+1","RitualDagger+1","J.A.X.+1","True Grit+1","Disarm+1","Writhe","Reaper+1","Offering+1","Sentinel+1","Flex+1","Offering+1","Burning Pact+1","True Grit+1","Demon Form"],"relics":["Burning Blood","aspiration:Nostalgia","Cracked Core","Golden Idol","Toxic Egg 2","Pen Nib","Orichalcum","aspiration:SecretTechniqueScroll","aspiration:DSix","Akabeko","Paper Frog","Strange Spoon","Runic Pyramid","Pear","aspiration:AnachronicSnailShell","Juzu Bracelet"],"acts_visited":["Exordium","TheCity","TheBeyond"],"potions_floor_usage":[14,24,31,31,33,38,46,47],"damage_taken":[{"damage":12,"enemies":"Jaw Worm","floor":1,"turns":2},{"damage":0,"enemies":"Small Slimes","floor":2,"turns":2},{"damage":45,"enemies":"3 Sentries","floor":6,"turns":7},{"damage":11,"enemies":"2 Louse","floor":8,"turns":2},{"damage":1,"enemies":"Looter","floor":11,"turns":2},{"damage":3,"enemies":"Lagavulin","floor":14,"turns":4},{"damage":13,"enemies":"Slime Boss","floor":16,"turns":6},{"damage":7,"enemies":"Spheric Guardian","floor":18,"turns":2},{"damage":9,"enemies":"2 Thieves","floor":22,"turns":3},{"damage":8,"enemies":"Slavers","floor":24,"turns":3},{"damage":14,"enemies":"Centurion and Healer","floor":31,"turns":4},{"damage":61,"enemies":"Automaton","floor":33,"turns":9},{"damage":21,"enemies":"3 Shapes","floor":35,"turns":2},{"damage":21,"enemies":"3 Darklings","floor":37,"turns":3},{"damage":16,"enemies":"Writhing Mass","floor":38,"turns":2},{"damage":23,"enemies":"4 Shapes","floor":39,"turns":5},{"damage":41,"enemies":"Mind Bloom Boss Battle","floor":45,"turns":4},{"damage":35,"enemies":"Sphere and 2 Shapes","floor":46,"turns":3},{"damage":31,"enemies":"Reptomancer","floor":47,"turns":4},{"damage":78,"enemies":"Time Eater","floor":50,"turns":7}],"seed_played":"8686053842459200370","potions_obtained":[{"floor":2,"key":"Weak Potion"},{"floor":11,"key":"BlessingOfTheForge"},{"floor":14,"key":"Energy Potion"},{"floor":18,"key":"EntropicBrew"},{"floor":36,"key":"SkillPotion"},{"floor":36,"key":"BlessingOfTheForge"},{"floor":37,"key":"DistilledChaos"},{"floor":38,"key":"Energy Potion"},{"floor":46,"key":"Energy Potion"}],"is_trial":false,"path_per_floor":["M","M","?","$","?","E","R","M","T","R","M","$","R","E","R","B",null,"M","?","?","?","M","R","E","R","T","?","$","R","$","M","R","B",null,"M","?","M","M","M","R","$","R","T","$","?","M","E","?","R","B",null],"character_chosen":"IRONCLAD","items_purchased":["Enlightenment","Havoc+1","Strange Spoon","Reaper","FairyPotion"],"campfire_rested":3,"item_purchase_floors":[4,12,28,30,41],"current_hp_per_floor":[62,68,68,68,74,35,35,30,30,52,57,57,57,60,60,53,69,68,62,62,62,59,59,57,57,57,57,57,57,57,57,57,24,62,47,47,48,50,57,74,74,74,84,84,80,59,70,49,74,10],"gold":144,"neow_bonus":"NOSTALGIA","is_daily":false,"chose_seed":false,"campfire_upgraded":8,"win_rate":0.0,"timestamp":1611354238,"path_taken":["M","M","?","$","?","E","R","M","T","R","M","$","R","E","R","BOSS","M","?","?","?","M","R","E","R","T","?","?","R","$","?","R","BOSS","M","?","M","M","?","R","$","R","T","$","?","M","E","?","R","BOSS"],"items_purchased_type":["Card","Card","Relic","Card","Potion"],"build_version":"2020-12-22","purchased_purges":1,"victory":true,"max_hp_per_floor":[75,75,68,68,74,74,74,74,74,74,74,74,74,74,74,74,74,74,74,74,74,74,74,74,74,74,74,74,74,74,74,74,74,74,74,74,74,74,74,74,74,74,84,84,84,84,84,84,84,84],"card_choices":[{"not_picked":["Iron Wave","Clash"],"picked":"Carnage","floor":1},{"not_picked":["Flex","Reckless Charge"],"picked":"Clothesline","floor":2},{"not_picked":["Anger","Thunderclap"],"picked":"Seeing Red+1","floor":6},{"not_picked":["Sword Boomerang","Thunderclap"],"picked":"Uppercut","floor":8},{"not_picked":["Headbutt","Pommel Strike"],"picked":"Combust","floor":11},{"not_picked":["Uppercut","Havoc+1"],"picked":"Battle Trance+1","floor":14},{"not_picked":["Bludgeon","Fiend Fire"],"picked":"Offering+1","floor":16},{"not_picked":["Clash","Havoc+1"],"picked":"Shrug It Off+1","floor":18},{"not_picked":["Power Through+1","Iron Wave+1"],"picked":"True Grit+1","floor":22},{"not_picked":["Dark Embrace","Infernal Blade+1"],"picked":"Disarm+1","floor":24},{"not_picked":["Hemokinesis+1","Headbutt+1","Dual Wield+1"],"picked":"SKIP","floor":31},{"not_picked":["Reaper","Juggernaut"],"picked":"Offering+1","floor":33},{"not_picked":["Body Slam","Uppercut","Dark Embrace"],"picked":"SKIP","floor":35},{"not_picked":["Cleave","Perfected Strike"],"picked":"Sentinel+1","floor":37},{"not_picked":["Thunderclap+1","Second Wind+1"],"picked":"Flex+1","floor":38},{"not_picked":["Clash+1","Perfected Strike"],"picked":"Offering+1","floor":39},{"not_picked":["Armaments+1","Cleave"],"picked":"Burning Pact+1","floor":45},{"not_picked":["Reckless Charge","Warcry+1"],"picked":"True Grit+1","floor":46},{"not_picked":["Clash","Uppercut","Ghostly Armor+1"],"picked":"SKIP","floor":47}],"player_experience":413351,"relics_obtained":[{"floor":6,"key":"Toxic Egg 2"},{"floor":9,"key":"Pen Nib"},{"floor":14,"key":"Orichalcum"},{"floor":24,"key":"aspiration:DSix"},{"floor":26,"key":"Akabeko"},{"floor":43,"key":"Pear"},{"floor":45,"key":"aspiration:AnachronicSnailShell"},{"floor":47,"key":"Juzu Bracelet"}],"event_choices":[{"damage_healed":0,"gold_gain":0,"player_choice":"Lose Max HP","damage_taken":0,"relics_obtained":["Golden Idol"],"max_hp_gain":0,"max_hp_loss":7,"event_name":"Golden Idol","floor":3,"gold_loss":0},{"damage_healed":0,"gold_gain":0,"player_choice":"RENOUNCE","damage_taken":19,"max_hp_gain":0,"max_hp_loss":0,"event_name":"betterThird:BetterSerpent","floor":5,"gold_loss":19,"cards_obtained":["Enlightenment"]},{"damage_healed":0,"gold_gain":0,"player_choice":"Dagger","damage_taken":6,"max_hp_gain":0,"max_hp_loss":0,"event_name":"betterThird:BetterNest","floor":19,"gold_loss":0,"cards_obtained":["RitualDagger"]},{"damage_healed":0,"gold_gain":0,"player_choice":"Obtain J.A.X.","damage_taken":0,"max_hp_gain":0,"max_hp_loss":0,"event_name":"Drug Dealer","floor":20,"gold_loss":0,"cards_obtained":["J.A.X."]},{"damage_healed":0,"gold_gain":0,"player_choice":"Simplicity","damage_taken":0,"max_hp_gain":0,"max_hp_loss":9,"event_name":"betterThird:BetterWriting","floor":21,"gold_loss":0},{"damage_healed":0,"gold_gain":0,"player_choice":"Opened","damage_taken":0,"relics_obtained":["Paper Frog"],"max_hp_gain":0,"max_hp_loss":0,"event_name":"The Mausoleum","floor":27,"gold_loss":0,"cards_obtained":["Writhe"]},{"damage_healed":0,"gold_gain":0,"player_choice":"Bought 2 Potions","damage_taken":0,"max_hp_gain":0,"max_hp_loss":0,"event_name":"The Woman in Blue","floor":36,"gold_loss":0},{"damage_healed":0,"gold_gain":0,"player_choice":"Fight","damage_taken":0,"max_hp_gain":0,"max_hp_loss":0,"event_name":"MindBloom","floor":45,"gold_loss":0},{"damage_healed":0,"gold_gain":3,"player_choice":"2","damage_taken":0,"max_hp_gain":0,"max_hp_loss":21,"event_name":"betterStone:BetterStone","floor":48,"gold_loss":0}],"is_beta":false,"boss_relics":[{"not_picked":["Runic Dome","Cursed Key"],"picked":"aspiration:SecretTechniqueScroll"},{"not_picked":["aspiration:DefectSkillbook","Pandora\u0027s Box"],"picked":"Runic Pyramid"}],"items_purged_floors":[28],"is_endless":false,"potions_floor_spawned":[2,11,14,18,22,37,38,45,46],"ascension_level":18}}