{"host":"dvpvhz1t6etneyb3","time":1611351435,"event":{"mods":["AchievementEnabler","BaseMod","Colored Map","Highlight Path","Minty Spire (QoL Compilation)","Permanent Neow","Quick Restart"],"gold_per_floor":[210,210,233,233,251,251,11,45,45,45,79,99,137,162,162,258,258,272,172,172,172,193,229,229,264,312,328,203,203,247,6,6,97,97,110,110,123,65,0,0,15,15,39,70,70,113,113,138,138,138,138,138],"floor_reached":51,"language":"ENG","playtime":3285,"items_purged":["Injury","Strike_G","Strike_G"],"score":1508,"play_id":"da62970a-1965-47d2-890e-d622e933eb22","local_time":"20210122163715","is_ascension_mode":true,"campfire_choices":[{"data":"Crippling Poison","floor":6.0,"key":"SMITH"},{"floor":10.0,"key":"REST"},{"data":"Well Laid Plans","floor":15.0,"key":"SMITH"},{"floor":24.0,"key":"REST"},{"data":"Burst","floor":29.0,"key":"SMITH"},{"data":"Wraith Form v2","floor":32.0,"key":"SMITH"},{"data":"Night Terror","floor":40.0,"key":"SMITH"},{"floor":42.0,"key":"REST"},{"data":"Catalyst","floor":45.0,"key":"SMITH"},{"data":"Deadly Poison","floor":49.0,"key":"SMITH"}],"circlet_count":0,"master_deck":["AscendersBane","Strike_G","Strike_G","Defend_G","Defend_G","Defend_G","Defend_G","Defend_G","Survivor","Neutralize","Backstab+1","Crippling Poison+1","Well Laid Plans+1","Sucker Punch","Catalyst+1","Poisoned Stab","Backflip","Phantasmal Killer","Footwork","Malaise+1","Dodge and Roll","Endless Agony+1","Leg Sweep","Burst+1","Wraith Form v2+1","Footwork","Night Terror+1","Deadly Poison","Deadly Poison+1","Escape Plan","Acrobatics"],"relics":["Ring of the Snake","Golden Idol","Gremlin Horn","Mercury Hourglass","StoneCalendar","Pen Nib","Sozu","Omamori","Blood Vial","Ancient Tea Set","Tiny Chest","TwistedFunnel","Philosopher\u0027s Stone","Red Mask","Nunchaku","Regal Pillow","Toy Ornithopter"],"acts_visited":["Exordium","TheCity","TheBeyond"],"potions_floor_usage":[51],"damage_taken":[{"damage":0.0,"enemies":"Small Slimes","floor":1.0,"turns":3.0},{"damage":6.0,"enemies":"Jaw Worm","floor":3.0,"turns":10.0},{"damage":0.0,"enemies":"Cultist","floor":5.0,"turns":3.0},{"damage":8.0,"enemies":"Gremlin Nob","floor":8.0,"turns":4.0},{"damage":9.0,"enemies":"3 Sentries","floor":11.0,"turns":8.0},{"damage":6.0,"enemies":"Looter","floor":12.0,"turns":2.0},{"damage":3.0,"enemies":"Gremlin Nob","floor":13.0,"turns":3.0},{"damage":0.0,"enemies":"Red Slaver","floor":14.0,"turns":4.0},{"damage":5.0,"enemies":"The Guardian","floor":16.0,"turns":7.0},{"damage":14.0,"enemies":"Spheric Guardian","floor":18.0,"turns":6.0},{"damage":3.0,"enemies":"2 Thieves","floor":22.0,"turns":4.0},{"damage":15.0,"enemies":"Gremlin Leader","floor":23.0,"turns":7.0},{"damage":2.0,"enemies":"Book of Stabbing","floor":25.0,"turns":7.0},{"damage":1.0,"enemies":"Chosen and Byrds","floor":27.0,"turns":5.0},{"damage":9.0,"enemies":"Gremlin Leader","floor":30.0,"turns":7.0},{"damage":6.0,"enemies":"Champ","floor":33.0,"turns":10.0},{"damage":0.0,"enemies":"3 Darklings","floor":35.0,"turns":6.0},{"damage":0.0,"enemies":"3 Shapes","floor":37.0,"turns":4.0},{"damage":28.0,"enemies":"Transient","floor":41.0,"turns":6.0},{"damage":5.0,"enemies":"Reptomancer","floor":44.0,"turns":5.0},{"damage":5.0,"enemies":"Giant Head","floor":46.0,"turns":7.0},{"damage":2.0,"enemies":"Writhing Mass","floor":48.0,"turns":7.0},{"damage":36.0,"enemies":"Awakened One","floor":50.0,"turns":12.0},{"damage":29,"enemies":"Donu and Deca","floor":51,"turns":3}],"seed_played":"6071109908097079399","potions_obtained":[{"floor":1.0,"key":"GhostInAJar"},{"floor":8.0,"key":"Poison Potion"},{"floor":11.0,"key":"Poison Potion"}],"is_trial":false,"path_per_floor":["M","?","M","?","M","R","$","E","T","R","E","M","E","M","R","B",null,"M","$","?","?","M","E","R","E","T","M","$","R","E","$","R","B",null,"M","?","M","$","?","R","M","R","T","E","R","E","?","M","R","B","B"],"character_chosen":"THE_SILENT","items_purchased":["Well Laid Plans","Sucker Punch","BlessingOfTheForge","Footwork","TwistedFunnel","Deadly Poison"],"campfire_rested":3,"item_purchase_floors":[7,7,7,31,31,38],"current_hp_per_floor":[59,59,53,53,53,53,53,45,45,64,55,49,46,46,46,41,60,46,46,46,46,43,28,47,45,45,46,46,46,39,39,39,35,58,60,66,66,66,66,66,38,57,57,54,54,51,51,51,51,17,0,0],"gold":138,"neow_bonus":"HUNDRED_GOLD","is_daily":false,"chose_seed":false,"campfire_upgraded":7,"win_rate":0.0,"timestamp":1611351435,"path_taken":["M","?","M","?","M","R","$","E","T","R","E","M","E","M","R","BOSS","M","?","?","?","M","E","R","E","T","M","$","R","E","$","R","BOSS","M","?","M","$","?","R","M","R","T","E","R","E","?","M","R","BOSS","BOSS"],"items_purchased_type":["Card","Card","Potion","Card","Relic","Card"],"build_version":"2020-12-22","purchased_purges":3,"victory":false,"max_hp_per_floor":[66,66,66,66,66,66,66,66,66,66,66,66,66,66,66,66,66,66,66,66,66,66,66,66,66,66,66,66,66,66,66,66,66,66,66,66,66,66,66,66,66,66,66,66,66,66,66,66,66,66,66,66],"card_choices":[{"not_picked":["Distraction","Blade Dance","Bane"],"picked":"SKIP","floor":1.0},{"not_picked":["Flechettes","Slice"],"picked":"Backstab","floor":3.0},{"not_picked":["Catalyst","Prepared"],"picked":"Crippling Poison","floor":5.0},{"not_picked":["Acrobatics","Flechettes"],"picked":"Catalyst","floor":8.0},{"not_picked":["Backstab","Quick Slash"],"picked":"Poisoned Stab","floor":11.0},{"not_picked":["Reflex","Dodge and Roll"],"picked":"Backflip","floor":12.0},{"not_picked":["Flechettes","Expertise"],"picked":"Phantasmal Killer","floor":13.0},{"not_picked":["Bane","Riddle With Holes"],"picked":"Footwork","floor":14.0},{"not_picked":["Envenom","Venomology"],"picked":"Malaise","floor":16.0},{"not_picked":["Flying Knee","Blade Dance"],"picked":"Dodge and Roll","floor":18.0},{"not_picked":["Slice","Flying Knee","Infinite Blades"],"picked":"SKIP","floor":22.0},{"not_picked":["Outmaneuver","Dagger Spray"],"picked":"Endless Agony+1","floor":23.0},{"not_picked":["Acrobatics","Outmaneuver"],"picked":"Leg Sweep","floor":25.0},{"not_picked":["Underhanded Strike","Deflect"],"picked":"Burst","floor":27.0},{"not_picked":["Slice","Quick Slash+1"],"picked":"Wraith Form v2","floor":30.0},{"not_picked":["Doppelganger","Envenom"],"picked":"Night Terror","floor":33.0},{"not_picked":["Reflex","Predator","Dagger Throw"],"picked":"SKIP","floor":35.0},{"not_picked":["Quick Slash+1","Heel Hook+1"],"picked":"Deadly Poison","floor":37.0},{"not_picked":["Backflip","Accuracy"],"picked":"Escape Plan","floor":41.0},{"not_picked":["Cloak And Dagger","Crippling Poison","Flying Knee"],"picked":"SKIP","floor":44.0},{"not_picked":["Concentrate","Outmaneuver"],"picked":"Acrobatics","floor":46.0},{"not_picked":["Poisoned Stab","Predator","Infinite Blades"],"picked":"SKIP","floor":48.0}],"player_experience":2052252,"relics_obtained":[{"floor":8.0,"key":"Gremlin Horn"},{"floor":9.0,"key":"Mercury Hourglass"},{"floor":11.0,"key":"StoneCalendar"},{"floor":13.0,"key":"Pen Nib"},{"floor":23.0,"key":"Omamori"},{"floor":25.0,"key":"Blood Vial"},{"floor":26.0,"key":"Ancient Tea Set"},{"floor":30.0,"key":"Tiny Chest"},{"floor":43.0,"key":"Nunchaku"},{"floor":44.0,"key":"Regal Pillow"},{"floor":46.0,"key":"Toy Ornithopter"}],"event_choices":[{"damage_healed":0.0,"max_hp_gain":0.0,"max_hp_loss":0.0,"gold_gain":0.0,"event_name":"Golden Idol","player_choice":"Take Wound","floor":2.0,"gold_loss":0.0,"damage_taken":0.0,"relics_obtained":["Golden Idol"],"cards_obtained":["Injury"]},{"damage_healed":0.0,"max_hp_gain":0.0,"max_hp_loss":0.0,"gold_gain":0.0,"event_name":"Upgrade Shrine","player_choice":"Upgraded","floor":4.0,"gold_loss":0.0,"damage_taken":0.0,"cards_upgraded":["Backstab"]},{"damage_healed":0.0,"max_hp_gain":0.0,"max_hp_loss":0.0,"gold_gain":0.0,"event_name":"The Mausoleum","player_choice":"Ignored","floor":20.0,"gold_loss":0.0,"damage_taken":0.0},{"damage_healed":0.0,"max_hp_gain":0.0,"max_hp_loss":0.0,"gold_gain":0.0,"event_name":"Upgrade Shrine","player_choice":"Upgraded","floor":21.0,"gold_loss":0.0,"damage_taken":0.0,"cards_upgraded":["Malaise"]},{"damage_healed":13.0,"max_hp_gain":0.0,"max_hp_loss":0.0,"gold_gain":0.0,"event_name":"Winding Halls","player_choice":"Writhe","floor":36.0,"gold_loss":0.0,"damage_taken":0.0,"cards_obtained":["Writhe"]},{"damage_healed":0.0,"max_hp_gain":0.0,"max_hp_loss":0.0,"gold_gain":0.0,"event_name":"Tomb of Lord Red Mask","player_choice":"Paid","floor":39.0,"gold_loss":65.0,"damage_taken":0.0,"relics_obtained":["Red Mask"]},{"cards_removed":["Strike_G"],"damage_healed":0.0,"max_hp_gain":0.0,"max_hp_loss":0.0,"gold_gain":0.0,"event_name":"Falling","player_choice":"Removed Attack","floor":47.0,"gold_loss":0.0,"damage_taken":0.0}],"is_beta":false,"boss_relics":[{"not_picked":["Runic Pyramid","Coffee Dripper"],"picked":"Sozu"},{"not_picked":["Black Star","HoveringKite"],"picked":"Philosopher\u0027s Stone"}],"items_purged_floors":[7,19,28],"is_endless":false,"potions_floor_spawned":[1,8,11,12,18,23,27,35,41,44,48],"killed_by":"Donu and Deca","ascension_level":20}}