{"host":"qsusua7l529r8z9k","time":1611322795,"event":{"mods":["BaseMod","Minty Spire (QoL Compilation)","Spicy Shops","StSLib"],"gold_per_floor":[109,109,34,34,52,78,78,103,103,131,146,176,193,193,193,193,193],"floor_reached":16,"language":"ZHS","playtime":447,"items_purged":["Strike_P"],"score":356,"play_id":"441324ae-8dd1-47fd-ad6a-040f4fb63471","local_time":"20210122213955","is_ascension_mode":true,"campfire_choices":[{"data":"Eruption","floor":7.0,"key":"SMITH"},{"floor":15.0,"key":"REST"}],"circlet_count":0,"master_deck":["AscendersBane","Strike_P","Strike_P","Defend_P","Defend_P","Defend_P","Defend_P","Eruption+1","Vigilance","Omniscience","SignatureMove","Wallop","TalkToTheHand","ForeignInfluence"],"relics":["PureWater","Thread and Needle","The Courier","WingedGreaves","Smiling Mask","Toy Ornithopter"],"acts_visited":["Exordium"],"potions_floor_usage":[],"damage_taken":[{"damage":0.0,"enemies":"2 Louse","floor":1.0,"turns":2.0},{"damage":2.0,"enemies":"Jaw Worm","floor":5.0,"turns":3.0},{"damage":20.0,"enemies":"Lagavulin","floor":6.0,"turns":7.0},{"damage":0.0,"enemies":"Gremlin Nob","floor":8.0,"turns":2.0},{"damage":26.0,"enemies":"3 Sentries","floor":10.0,"turns":9.0},{"damage":0.0,"enemies":"Cultist","floor":11.0,"turns":3.0},{"damage":0.0,"enemies":"Gremlin Nob","floor":12.0,"turns":3.0},{"damage":3.0,"enemies":"Lots of Slimes","floor":13.0,"turns":3.0},{"damage":28,"enemies":"Hexaghost","floor":16,"turns":9}],"seed_played":"-5752639097270353728","potions_obtained":[{"floor":10.0,"key":"BottledMiracle"},{"floor":12.0,"key":"Block Potion"}],"is_trial":false,"path_per_floor":["M","?","$","?","M","E","R","E","T","E","M","E","M","?","R","B"],"character_chosen":"WATCHER","items_purchased":[],"campfire_rested":1,"item_purchase_floors":[],"current_hp_per_floor":[61,54,54,54,52,32,32,32,32,6,6,6,3,3,23,0,0],"gold":193,"neow_bonus":"THREE_RARE_CARDS","is_daily":false,"chose_seed":false,"campfire_upgraded":1,"win_rate":0.0,"timestamp":1611322795,"path_taken":["M","?","$","?","M","E","R","E","T","E","?","E","?","?","R","BOSS"],"items_purchased_type":[],"build_version":"2020-12-22","purchased_purges":1,"victory":false,"max_hp_per_floor":[68,68,68,68,68,68,68,68,68,68,68,68,68,68,68,68,68],"card_choices":[{"not_picked":["DevaForm","Devotion"],"picked":"Omniscience","floor":0.0},{"not_picked":["Crescendo","ThirdEye"],"picked":"SignatureMove","floor":1.0},{"not_picked":["Meditate","SandsOfTime","Pray"],"picked":"SKIP","floor":5.0},{"not_picked":["Protect","Crescendo"],"picked":"Wallop","floor":6.0},{"not_picked":["CutThroughFate","MasterReality"],"picked":"TalkToTheHand","floor":8.0},{"not_picked":["CrushJoints","Crescendo","LikeWater"],"picked":"SKIP","floor":10.0},{"not_picked":["Prostrate","ReachHeaven","Worship"],"picked":"SKIP","floor":11.0},{"not_picked":["DeceiveReality","Swivel","Halt"],"picked":"SKIP","floor":12.0},{"not_picked":["Evaluate","Halt","Vengeance"],"picked":"SKIP","floor":13.0}],"player_experience":461777,"relics_obtained":[{"floor":6.0,"key":"Thread and Needle"},{"floor":8.0,"key":"The Courier"},{"floor":9.0,"key":"WingedGreaves"},{"floor":10.0,"key":"Smiling Mask"},{"floor":12.0,"key":"Toy Ornithopter"}],"event_choices":[{"cards_removed":["Doubt"],"damage_healed":0.0,"max_hp_gain":0.0,"max_hp_loss":0.0,"gold_gain":0.0,"event_name":"Golden Wing","player_choice":"Card Removal","floor":2.0,"gold_loss":0.0,"damage_taken":7.0},{"damage_healed":0.0,"max_hp_gain":0.0,"max_hp_loss":0.0,"gold_gain":0.0,"event_name":"Match and Keep!","player_choice":"0 cards matched","floor":4.0,"gold_loss":0.0,"damage_taken":0.0,"cards_obtained":[]},{"damage_healed":0.0,"max_hp_gain":0.0,"max_hp_loss":0.0,"gold_gain":0.0,"cards_transformed":["Strike_P"],"event_name":"Transmorgrifier","player_choice":"Transformed","floor":14.0,"gold_loss":0.0,"damage_taken":0.0,"cards_obtained":["ForeignInfluence"]}],"is_beta":false,"boss_relics":[],"items_purged_floors":[3],"is_endless":false,"potions_floor_spawned":[10,12],"killed_by":"Hexaghost","ascension_level":20}}