{"host":"oehe2dxjvdgux73m","time":1611306311,"event":{"mods":["AchievementEnabler","BaseMod","Colored Map","Colored Powertips","DeckTracker","Keyboard Shortcuts","Minty Spire (QoL Compilation)","Permanent Neow","Quick Restart","StSLib","SuperFastMode"],"gold_per_floor":[114,129,144,69,84,84,114,114,114,129,144,159,176,191,191,291,291,261,186,201,1,100,130,130,145,145,145,160,175,190,205,205,305,305,320,320,335,350,400,400,430,430,480,495,519,36,36,51,51,51],"floor_reached":51,"language":"KOR","playtime":2308,"items_purged":["Strike_G","Defend_G","Defend_G"],"score":807,"play_id":"c3fb45eb-1b6f-4380-bdd8-ff2ea7d1daf4","local_time":"20210122180511","daily_mods":["Heirloom","Uncertain Future","Night Terrors"],"is_ascension_mode":false,"campfire_choices":[{"data":"Catalyst","floor":6,"key":"SMITH"},{"data":"Noxious Fumes","floor":8,"key":"SMITH"},{"data":"Neutralize","floor":15,"key":"SMITH"},{"floor":24,"key":"REST"},{"data":"Burst","floor":32,"key":"SMITH"},{"data":"Adrenaline","floor":40,"key":"SMITH"},{"data":"Apotheosis","floor":47,"key":"SMITH"},{"data":"Night Terror","floor":49,"key":"SMITH"}],"circlet_count":0,"master_deck":["Defend_G","Defend_G","Defend_G","Survivor","Neutralize+1","Terror","Noxious Fumes+1","Catalyst+1","Calculated Gamble","Backstab","PiercingWail","Acrobatics","Blur","Burst+1","Night Terror+1","Heel Hook+1","Sucker Punch+1","Calculated Gamble+1","Well Laid Plans+1","PiercingWail","Dodge and Roll+1","After Image+1","Reflex","Dagger Throw","Underhanded Strike","Acrobatics+1","Corpse Explosion","Escape Plan+1","Madness","Madness","Adrenaline+1","Crippling Poison+1","Secret Technique","Apotheosis+1","Finesse","PiercingWail+1","Grand Finale"],"relics":["Ring of the Snake","Pocketwatch","StrikeDummy","Frozen Egg 2","Odd Mushroom","Astrolabe","Membership Card","The Courier","Meat on the Bone","Ornamental Fan","Sozu","Regal Pillow","Akabeko","CeramicFish","Bag of Preparation","Orichalcum","Paper Crane","Tingsha","TheAbacus"],"acts_visited":["Exordium","TheCity","TheBeyond"],"potions_floor_usage":[7,14,23,30,33,38],"damage_taken":[{"damage":1,"enemies":"Cultist","floor":1,"turns":3},{"damage":0,"enemies":"Small Slimes","floor":2,"turns":4},{"damage":4,"enemies":"Jaw Worm","floor":3,"turns":4},{"damage":12,"enemies":"3 Louse","floor":5,"turns":4},{"damage":21,"enemies":"3 Sentries","floor":7,"turns":8},{"damage":2,"enemies":"Blue Slaver","floor":10,"turns":3},{"damage":19,"enemies":"Exordium Thugs","floor":11,"turns":6},{"damage":0,"enemies":"3 Louse","floor":12,"turns":2},{"damage":13,"enemies":"The Mushroom Lair","floor":13,"turns":4},{"damage":0,"enemies":"Exordium Wildlife","floor":14,"turns":4},{"damage":1,"enemies":"The Guardian","floor":16,"turns":10},{"damage":17,"enemies":"2 Thieves","floor":18,"turns":5},{"damage":4,"enemies":"Chosen","floor":20,"turns":7},{"damage":23,"enemies":"Slavers","floor":23,"turns":9},{"damage":3,"enemies":"Snecko","floor":25,"turns":4},{"damage":5,"enemies":"Shelled Parasite and Fungi","floor":28,"turns":9},{"damage":0,"enemies":"Centurion and Healer","floor":29,"turns":9},{"damage":1,"enemies":"3 Cultists","floor":30,"turns":6},{"damage":0,"enemies":"Snecko","floor":31,"turns":4},{"damage":5,"enemies":"Champ","floor":33,"turns":6},{"damage":2,"enemies":"3 Darklings","floor":35,"turns":2},{"damage":0,"enemies":"3 Shapes","floor":37,"turns":4},{"damage":3,"enemies":"Writhing Mass","floor":38,"turns":5},{"damage":2,"enemies":"Nemesis","floor":41,"turns":5},{"damage":0,"enemies":"Maw","floor":44,"turns":4},{"damage":15,"enemies":"Jaw Worm Horde","floor":45,"turns":4},{"damage":0,"enemies":"4 Shapes","floor":48,"turns":6},{"damage":0,"enemies":"Donu and Deca","floor":50,"turns":4}],"seed_played":"8945501730091475425","potions_obtained":[{"floor":1,"key":"Regen Potion"},{"floor":11,"key":"Weak Potion"},{"floor":12,"key":"Regen Potion"},{"floor":13,"key":"Dexterity Potion"},{"floor":20,"key":"Weak Potion"},{"floor":23,"key":"Block Potion"},{"floor":25,"key":"CunningPotion"}],"is_trial":false,"path_per_floor":["M","M","M","$","M","R","E","R","T","M","M","M","?","M","R","B",null,"M","?","M","$","?","E","R","M","T","T","M","M","M","M","R","B",null,"M","?","M","M","T","R","E","?","T","M","M","$","R","M","R","B",null],"character_chosen":"THE_SILENT","items_purchased":["Membership Card","Bag of Preparation","Grand Finale","Orichalcum","Paper Crane","Tingsha","TheAbacus"],"campfire_rested":1,"item_purchase_floors":[21,46,46,46,46,46,46],"current_hp_per_floor":[69,69,65,65,53,53,47,47,47,45,26,26,13,27,27,26,70,53,53,49,49,49,26,65,62,62,62,57,57,56,56,56,51,65,63,55,55,52,52,52,50,40,40,40,37,37,37,37,37,37],"gold":51,"neow_bonus":"","is_daily":true,"chose_seed":false,"campfire_upgraded":7,"win_rate":0.0,"timestamp":1611306311,"path_taken":["M","M","M","$","M","R","E","R","T","?","?","M","?","M","R","BOSS","M","?","M","$","?","E","R","M","T","?","M","M","M","M","R","BOSS","M","?","M","M","?","R","E","?","T","M","M","$","R","M","R","BOSS"],"items_purchased_type":["Relic","Relic","Card","Relic","Relic","Relic","Relic"],"build_version":"2020-12-22","purchased_purges":3,"victory":true,"max_hp_per_floor":[70,70,70,70,70,70,70,70,70,70,70,70,70,70,70,70,70,70,70,70,70,70,70,65,65,65,65,65,65,65,65,65,65,65,65,65,65,65,65,65,65,65,65,65,65,65,65,65,65,65],"card_choices":[{"not_picked":["Deadly Poison","Quick Slash"],"picked":"Terror","floor":1},{"not_picked":["Expertise","Deflect"],"picked":"Noxious Fumes","floor":2},{"not_picked":["Expertise","Predator"],"picked":"Catalyst","floor":3},{"not_picked":["Poisoned Stab","Predator"],"picked":"Calculated Gamble","floor":5},{"not_picked":["Flying Knee","Flechettes"],"picked":"Backstab","floor":7},{"not_picked":["Outmaneuver","Quick Slash","Flying Knee"],"picked":"SKIP","floor":10},{"not_picked":["Bane","Cloak And Dagger"],"picked":"PiercingWail","floor":11},{"not_picked":["Storm of Steel","Dagger Spray"],"picked":"Acrobatics","floor":12},{"not_picked":["Dodge and Roll","Dagger Throw"],"picked":"Blur","floor":13},{"not_picked":["Skewer","Predator"],"picked":"Burst","floor":14},{"not_picked":["A Thousand Cuts+1","Malaise"],"picked":"Night Terror","floor":16},{"not_picked":["Deflect","Bane"],"picked":"Well Laid Plans+1","floor":18},{"not_picked":["Acrobatics+1","Dagger Throw"],"picked":"PiercingWail","floor":20},{"not_picked":["Well Laid Plans+1","Flying Knee+1"],"picked":"Dodge and Roll+1","floor":23},{"not_picked":["Deadly Poison+1","Outmaneuver"],"picked":"After Image+1","floor":25},{"not_picked":["Cloak And Dagger","All Out Attack+1"],"picked":"Reflex","floor":28},{"not_picked":["Underhanded Strike","Bane"],"picked":"Dagger Throw","floor":29},{"not_picked":["Outmaneuver+1","Storm of Steel"],"picked":"Underhanded Strike","floor":30},{"not_picked":["Deadly Poison","Leg Sweep"],"picked":"Acrobatics+1","floor":31},{"not_picked":["A Thousand Cuts+1","After Image+1"],"picked":"Corpse Explosion","floor":33},{"not_picked":["Dodge and Roll+1","Outmaneuver+1"],"picked":"Escape Plan+1","floor":35},{"not_picked":["Slice+1","Dash"],"picked":"Adrenaline","floor":37},{"not_picked":["Underhanded Strike+1","Flying Knee","Dagger Throw"],"picked":"SKIP","floor":38},{"not_picked":["Flying Knee+1","Dagger Throw+1"],"picked":"Crippling Poison+1","floor":41},{"not_picked":["Chrysalis","PanicButton"],"picked":"Secret Technique","floor":42},{"not_picked":["Impatience","Mayhem+1"],"picked":"Apotheosis","floor":42},{"not_picked":["Purity","Impatience"],"picked":"Finesse","floor":42},{"not_picked":["Blade Dance","Quick Slash+1","Deflect"],"picked":"SKIP","floor":44},{"not_picked":["Deflect","Endless Agony"],"picked":"PiercingWail+1","floor":45},{"not_picked":["Bane","Poisoned Stab+1","PiercingWail"],"picked":"SKIP","floor":48}],"player_experience":293971,"relics_obtained":[{"floor":7,"key":"StrikeDummy"},{"floor":9,"key":"Frozen Egg 2"},{"floor":13,"key":"Odd Mushroom"},{"floor":23,"key":"The Courier"},{"floor":26,"key":"Meat on the Bone"},{"floor":27,"key":"Ornamental Fan"},{"floor":39,"key":"Regal Pillow"},{"floor":41,"key":"Akabeko"},{"floor":43,"key":"CeramicFish"}],"event_choices":[{"damage_healed":0,"gold_gain":0,"player_choice":"Fought Mushrooms","damage_taken":0,"max_hp_gain":0,"max_hp_loss":0,"event_name":"Mushrooms","floor":13,"gold_loss":0},{"cards_removed":["Strike_G"],"damage_healed":0,"gold_gain":0,"player_choice":"Gave Gold","damage_taken":0,"max_hp_gain":0,"max_hp_loss":0,"event_name":"Beggar","floor":19,"gold_loss":75},{"damage_healed":0,"gold_gain":99,"player_choice":"Stole From Cult","damage_taken":0,"max_hp_gain":0,"max_hp_loss":0,"event_name":"Nest","floor":22,"gold_loss":0},{"damage_healed":0,"gold_gain":0,"player_choice":"Embrace Madness","damage_taken":8,"max_hp_gain":0,"max_hp_loss":0,"event_name":"Winding Halls","floor":36,"gold_loss":0,"cards_obtained":["Madness","Madness"]},{"damage_healed":0,"gold_gain":0,"player_choice":"Memory 3","damage_taken":10,"max_hp_gain":0,"max_hp_loss":0,"event_name":"SensoryStone","floor":42,"gold_loss":0}],"is_beta":false,"boss_relics":[{"not_picked":["SlaversCollar","Empty Cage"],"picked":"Astrolabe"},{"not_picked":["Black Star","Coffee Dripper"],"picked":"Sozu"}],"items_purged_floors":[4,21,46],"is_endless":false,"potions_floor_spawned":[1,11,12,13,20,23,25,44,48],"ascension_level":0}}