{"host":"b7mawubrjc2hdxhd","time":1611336284,"event":{"mods":["AchievementEnabler","BaseMod","BetterRewards","Ironclad Rager","Minty Spire (QoL Compilation)","Relic Stats","Spicy Shops","Spire Arcade","StSLib"],"gold_per_floor":[114,129,144,69,84,84,114,114,114,129,144,159,159,174,174,274,274,289,289,304,4,4,34,34,49,49,49,64,79,94,109,109,209,209,224,224,239,254,304,304,334,334,384,408,432,182,182,206,206,206],"floor_reached":51,"language":"ENG","playtime":2942,"items_purged":[],"score":707,"play_id":"d47c1340-8121-4d54-b814-785b8eef6b97","local_time":"20210122172444","daily_mods":["Heirloom","Uncertain Future","Night Terrors"],"is_ascension_mode":false,"campfire_choices":[{"data":"Blade Dance","floor":6,"key":"SMITH"},{"data":"Blade Dance","floor":8,"key":"SMITH"},{"data":"Noxious Fumes","floor":15,"key":"SMITH"},{"floor":24,"key":"REST"},{"floor":32,"key":"REST"},{"floor":40,"key":"REST"},{"floor":47,"key":"REST"},{"data":"Flex","floor":49,"key":"SMITH"}],"circlet_count":0,"master_deck":["Strike_G","Strike_G","Strike_G","Strike_G","Strike_G","Defend_G","Defend_G","Defend_G","Defend_G","Defend_G","Survivor","Neutralize","Blade Dance+1","Noxious Fumes+1","All Out Attack","Blade Dance+1","Eviscerate","Chill","ICR:VitalStrike+1","Flex","DeceiveReality","Juggernaut+1","Leap+1","Poisoned Stab","RitualDagger","Poisoned Stab","Sucker Punch+1","Flex+1","Sword Boomerang","Shrug It Off","Beam Cell","MasterReality+1","Auto Shields","All Out Attack+1","Blade Dance+1","Sweeping Beam","Beam Cell","Accuracy+1","After Image+1"],"relics":["Ring of the Snake","Pocketwatch","PrismaticShard","StrikeDummy","Frozen Egg 2","SlaversCollar","TheAbacus","Lantern","The Courier","Meat on the Bone","Ornamental Fan","Black Star","Regal Pillow","Akabeko","Mummified Hand","CeramicFish","Shuriken"],"acts_visited":["Exordium","TheCity","TheBeyond"],"potions_floor_usage":[16,16,33,33,33,50,50,50],"damage_taken":[{"damage":0,"enemies":"Cultist","floor":1,"turns":5},{"damage":0,"enemies":"Small Slimes","floor":2,"turns":3},{"damage":0,"enemies":"Jaw Worm","floor":3,"turns":4},{"damage":4,"enemies":"3 Louse","floor":5,"turns":3},{"damage":5,"enemies":"3 Sentries","floor":7,"turns":6},{"damage":0,"enemies":"Blue Slaver","floor":10,"turns":3},{"damage":10,"enemies":"Exordium Thugs","floor":11,"turns":4},{"damage":0,"enemies":"3 Louse","floor":12,"turns":1},{"damage":0,"enemies":"Exordium Wildlife","floor":14,"turns":2},{"damage":45,"enemies":"The Guardian","floor":16,"turns":7},{"damage":18,"enemies":"2 Thieves","floor":18,"turns":4},{"damage":10,"enemies":"Chosen","floor":20,"turns":3},{"damage":14,"enemies":"Slavers","floor":23,"turns":4},{"damage":7,"enemies":"Snecko","floor":25,"turns":5},{"damage":10,"enemies":"Shelled Parasite and Fungi","floor":28,"turns":3},{"damage":4,"enemies":"Centurion and Healer","floor":29,"turns":5},{"damage":6,"enemies":"3 Cultists","floor":30,"turns":4},{"damage":0,"enemies":"Snecko","floor":31,"turns":3},{"damage":10,"enemies":"Champ","floor":33,"turns":7},{"damage":39,"enemies":"3 Darklings","floor":35,"turns":5},{"damage":12,"enemies":"3 Shapes","floor":37,"turns":4},{"damage":25,"enemies":"Writhing Mass","floor":38,"turns":6},{"damage":26,"enemies":"Nemesis","floor":41,"turns":7},{"damage":5,"enemies":"Maw","floor":44,"turns":7},{"damage":12,"enemies":"Jaw Worm Horde","floor":45,"turns":3},{"damage":4,"enemies":"4 Shapes","floor":48,"turns":3},{"damage":4,"enemies":"Donu and Deca","floor":50,"turns":4}],"seed_played":"8945501730091475425","potions_obtained":[{"floor":1,"key":"Regen Potion"},{"floor":7,"key":"Weak Potion"},{"floor":10,"key":"Regen Potion"},{"floor":18,"key":"Weak Potion"},{"floor":23,"key":"ColorlessPotion"},{"floor":33,"key":"DuplicationPotion"},{"floor":37,"key":"LiquidBronze"},{"floor":38,"key":"Strength Potion"}],"is_trial":false,"path_per_floor":["M","M","M","$","M","R","E","R","T","M","M","M","?","M","R","B",null,"M","?","M","$","?","E","R","M","T","T","M","M","M","M","R","B",null,"M","?","M","M","T","R","E","?","T","M","M","$","R","M","R","B",null],"character_chosen":"THE_SILENT","items_purchased":["PrismaticShard","TheAbacus","Lantern","Shuriken","Accuracy+1"],"campfire_rested":4,"item_purchase_floors":[4,21,21,46,46],"current_hp_per_floor":[70,70,70,70,66,66,61,61,61,61,51,51,51,51,51,33,70,52,70,60,60,54,40,65,58,58,58,48,44,38,38,60,50,60,33,33,33,20,20,55,29,29,29,36,36,36,50,46,46,42],"gold":206,"neow_bonus":"","is_daily":true,"chose_seed":false,"campfire_upgraded":4,"win_rate":0.0,"timestamp":1611336284,"path_taken":["M","M","M","$","M","R","E","R","T","?","?","M","?","M","R","BOSS","M","?","M","$","?","E","R","M","T","?","M","M","M","M","R","BOSS","M","?","M","M","?","R","E","?","T","M","M","$","R","M","R","BOSS"],"items_purchased_type":["Relic","Relic","Relic","Relic","Card"],"build_version":"2020-12-22","purchased_purges":0,"victory":true,"max_hp_per_floor":[70,70,70,70,70,70,70,70,70,70,70,70,70,70,70,70,70,70,70,70,70,70,70,65,65,65,65,65,65,65,65,60,60,60,60,60,60,60,60,55,55,55,55,55,55,55,50,50,50,50],"relic_stats":{"Regal Pillow":0,"TheAbacus":[36],"counters":[27,115],"Ornamental Fan":[200],"Mummified Hand":[9],"Shuriken":[7],"CeramicFish":36,"Black Star":1,"obtain_stats":[{"Lantern":21,"Regal Pillow":39,"CeramicFish":43,"The Courier":23,"Frozen Egg 2":9,"PrismaticShard":4,"Akabeko":41,"SlaversCollar":17,"TheAbacus":21,"Ornamental Fan":27,"Mummified Hand":41,"Shuriken":46,"Black Star":34,"StrikeDummy":7,"Ring of the Snake":0,"Pocketwatch":0,"Meat on the Bone":26},{"Lantern":12,"Regal Pillow":22,"CeramicFish":23,"The Courier":13,"Frozen Egg 2":5,"PrismaticShard":3,"Akabeko":23,"SlaversCollar":10,"TheAbacus":12,"Ornamental Fan":14,"Mummified Hand":23,"Shuriken":25,"Black Star":19,"StrikeDummy":5,"Ring of the Snake":0,"Pocketwatch":0,"Meat on the Bone":14},{"Lantern":45,"Regal Pillow":91,"CeramicFish":98,"The Courier":49,"Frozen Egg 2":21,"PrismaticShard":12,"Akabeko":98,"SlaversCollar":38,"TheAbacus":45,"Ornamental Fan":54,"Mummified Hand":98,"Shuriken":108,"Black Star":76,"StrikeDummy":21,"Ring of the Snake":0,"Pocketwatch":0,"Meat on the Bone":54}],"Ring of the Snake":[54],"Pocketwatch":[72],"Meat on the Bone":60},"card_choices":[{"not_picked":["Tactician","Underhanded Strike"],"picked":"Blade Dance","floor":1},{"not_picked":["Flechettes","PiercingWail"],"picked":"Noxious Fumes","floor":2},{"not_picked":["Tactician","Skewer"],"picked":"All Out Attack","floor":3},{"not_picked":["ClearTheMind","Wild Strike"],"picked":"Blade Dance","floor":5},{"not_picked":["Forethought","PathToVictory"],"picked":"Eviscerate","floor":7},{"not_picked":["Havoc","Deflect"],"picked":"Chill","floor":10},{"not_picked":["SashWhip","FollowUp"],"picked":"ICR:VitalStrike","floor":11},{"not_picked":["Bane","Auto Shields"],"picked":"Flex","floor":12},{"not_picked":["Coolheaded","Recycle"],"picked":"DeceiveReality","floor":14},{"not_picked":["ICR:Paralyse","MasterReality+1"],"picked":"Juggernaut+1","floor":16},{"not_picked":["Steam","Heavy Blade+1"],"picked":"Leap+1","floor":18},{"not_picked":["Deadly Poison","ICR:Serenity"],"picked":"Poisoned Stab","floor":20},{"not_picked":["Compile Driver+1","Biased Cognition+1"],"picked":"Poisoned Stab","floor":23},{"not_picked":["Feel No Pain+1","Fire Breathing+1"],"picked":"Sucker Punch+1","floor":25},{"not_picked":["Chill","Compile Driver"],"picked":"Flex","floor":28},{"not_picked":["CutThroughFate","Sucker Punch+1"],"picked":"Sword Boomerang","floor":29},{"not_picked":["Protect","Secret Weapon"],"picked":"Shrug It Off","floor":30},{"not_picked":["Pommel Strike","Body Slam"],"picked":"Beam Cell","floor":31},{"not_picked":["Wish","All For One"],"picked":"MasterReality+1","floor":33},{"not_picked":["Poisoned Stab","Underhanded Strike+1"],"picked":"Setup","floor":35},{"not_picked":["Body Slam","PanicButton+1"],"picked":"Auto Shields","floor":37},{"not_picked":["Consecrate+1","True Grit+1"],"picked":"All Out Attack+1","floor":38},{"not_picked":["Swivel","Deflect"],"picked":"Blade Dance+1","floor":41},{"not_picked":["Protect+1","Tempest+1"],"picked":"Sweeping Beam","floor":44},{"not_picked":["Havoc","ICR:Vanish+1"],"picked":"Beam Cell","floor":45},{"not_picked":["Outmaneuver+1","Prepared+1"],"picked":"After Image+1","floor":48}],"player_experience":52972,"relics_obtained":[{"floor":7,"key":"StrikeDummy"},{"floor":9,"key":"Frozen Egg 2"},{"floor":23,"key":"The Courier"},{"floor":26,"key":"Meat on the Bone"},{"floor":27,"key":"Ornamental Fan"},{"floor":39,"key":"Regal Pillow"},{"floor":41,"key":"Akabeko"},{"floor":41,"key":"Mummified Hand"},{"floor":43,"key":"CeramicFish"}],"event_choices":[{"damage_healed":0,"gold_gain":0,"player_choice":"Grow","damage_taken":0,"max_hp_gain":0,"max_hp_loss":0,"event_name":"Living Wall","floor":13,"gold_loss":0,"cards_upgraded":["ICR:VitalStrike"]},{"damage_healed":23,"gold_gain":0,"player_choice":"Heal","damage_taken":0,"max_hp_gain":0,"max_hp_loss":0,"event_name":"The Library","floor":19,"gold_loss":0},{"damage_healed":0,"gold_gain":0,"player_choice":"Joined the Cult","damage_taken":6,"max_hp_gain":0,"max_hp_loss":0,"event_name":"Nest","floor":22,"gold_loss":0,"cards_obtained":["RitualDagger"]},{"damage_healed":0,"gold_gain":0,"player_choice":"Ignored","damage_taken":0,"max_hp_gain":0,"max_hp_loss":0,"event_name":"Mysterious Sphere","floor":36,"gold_loss":0},{"cards_removed":["Setup"],"damage_healed":0,"gold_gain":0,"player_choice":"Removed Skill","damage_taken":0,"max_hp_gain":0,"max_hp_loss":0,"event_name":"Falling","floor":42,"gold_loss":0}],"is_beta":false,"boss_relics":[{"not_picked":["Empty Cage","Astrolabe"],"picked":"SlaversCollar"},{"not_picked":["Sozu","Coffee Dripper"],"picked":"Black Star"}],"items_purged_floors":[],"is_endless":false,"potions_floor_spawned":[1,7,10,11,18,23,33,37,38,41],"ascension_level":0}}