{"host":"6xsbn6ynqlzwllfm","time":1611325486,"event":{"mods":["2.2 Compatiblity","BaseMod","Bestiary","Colored Map","Colored Powertips","Curses Come First","Highlight Path","Keyboard Shortcuts","Minty Spire (QoL Compilation)","Quick Restart","Relic Stats","Slay the Relics Exporter","StSLib","SuperFastMode"],"gold_per_floor":[117,192,203,223,23,23,54,54,54,54,64,64,83,96,96,96,96],"floor_reached":16,"language":"ENG","playtime":451,"items_purged":["Strike_B"],"score":189,"play_id":"367ed937-50e8-4ad8-8472-aa84ad79fa1c","local_time":"20210122092446","is_ascension_mode":true,"campfire_choices":[{"data":"Zap","floor":6,"key":"SMITH"},{"data":"Loop","floor":8,"key":"SMITH"},{"data":"Heatsinks","floor":10,"key":"SMITH"},{"floor":15,"key":"REST"}],"circlet_count":0,"master_deck":["AscendersBane","Strike_B","Strike_B","Strike_B","Defend_B","Defend_B","Defend_B","Defend_B","Zap+1","Dualcast","Heatsinks+1","Compile Driver","Core Surge","Loop+1","Coolheaded","Turbo"],"relics":["Cracked Core","Membership Card","Singing Bowl","Bronze Scales","Boot"],"acts_visited":["Exordium"],"potions_floor_usage":[7,7,11],"damage_taken":[{"damage":0,"enemies":"Small Slimes","floor":1,"turns":3},{"damage":1,"enemies":"Cultist","floor":3,"turns":3},{"damage":2,"enemies":"Jaw Worm","floor":4,"turns":4},{"damage":14,"enemies":"Gremlin Nob","floor":7,"turns":4},{"damage":22,"enemies":"Large Slime","floor":11,"turns":5},{"damage":10,"enemies":"3 Louse","floor":13,"turns":3},{"damage":9,"enemies":"Exordium Thugs","floor":14,"turns":5},{"damage":32,"enemies":"The Guardian","floor":16,"turns":6}],"seed_played":"-2358415309836360350","potions_obtained":[{"floor":1,"key":"Weak Potion"},{"floor":4,"key":"FearPotion"},{"floor":7,"key":"EssenceOfSteel"},{"floor":11,"key":"Block Potion"},{"floor":14,"key":"FearPotion"}],"is_trial":false,"path_per_floor":["M","?","M","M","$","R","E","R","T","R","M","?","M","M","R","B"],"character_chosen":"DEFECT","items_purchased":["Membership Card"],"campfire_rested":1,"item_purchase_floors":[5],"current_hp_per_floor":[71,60,59,57,57,57,43,43,43,43,23,23,13,4,28,0,0],"gold":96,"neow_bonus":"TEN_PERCENT_HP_BONUS","is_daily":false,"chose_seed":false,"campfire_upgraded":3,"win_rate":0.0,"timestamp":1611325486,"path_taken":["M","?","M","M","$","R","E","R","T","R","M","?","?","?","R","BOSS"],"items_purchased_type":["Relic"],"build_version":"2020-12-22","purchased_purges":1,"victory":false,"max_hp_per_floor":[78,78,78,78,78,78,78,78,78,78,80,80,80,80,80,80,80],"relic_stats":{"Singing Bowl":2,"counters":[8,32],"Bronze Scales":[54],"Boot":[2],"obtain_stats":[{"Singing Bowl":7,"Bronze Scales":9,"Membership Card":5,"Cracked Core":0,"Boot":12},{"Singing Bowl":4,"Bronze Scales":4,"Membership Card":3,"Cracked Core":0,"Boot":5},{"Singing Bowl":14,"Bronze Scales":14,"Membership Card":10,"Cracked Core":0,"Boot":18}]},"card_choices":[{"not_picked":["Chaos","FTL"],"picked":"Heatsinks","floor":1},{"not_picked":["Recycle","Rebound"],"picked":"Compile Driver","floor":3},{"not_picked":["Beam Cell","Gash"],"picked":"Core Surge","floor":4},{"not_picked":["Go for the Eyes","Cold Snap"],"picked":"Loop","floor":7},{"not_picked":["Gash","Undo","Beam Cell"],"picked":"Singing Bowl","floor":11},{"not_picked":["Cold Snap","Turbo"],"picked":"Coolheaded","floor":13},{"not_picked":["Force Field","Compile Driver"],"picked":"Turbo","floor":14}],"player_experience":1079278,"relics_obtained":[{"floor":7,"key":"Singing Bowl"},{"floor":9,"key":"Bronze Scales"}],"event_choices":[{"damage_healed":0,"gold_gain":75,"player_choice":"Gather Gold","damage_taken":11,"max_hp_gain":0,"max_hp_loss":0,"event_name":"World of Goop","floor":2,"gold_loss":0},{"damage_healed":0,"gold_gain":0,"player_choice":"Gave Potion","damage_taken":0,"relics_obtained":["Boot"],"max_hp_gain":0,"max_hp_loss":0,"event_name":"WeMeetAgain","floor":12,"gold_loss":0}],"is_beta":false,"boss_relics":[],"items_purged_floors":[5],"is_endless":false,"potions_floor_spawned":[1,4,7,11,14],"killed_by":"The Guardian","ascension_level":17}}