{"host":"rb2p2z6v6vieend5","time":1611345564,"event":{"mods":["BaseMod","Block Reminder","Colored Map","DeckTracker","Highlight Path","Minty Spire (QoL Compilation)","Random Character Button","Relic Stats"],"gold_per_floor":[111,124,138,138,138,138,172,172,222,222,222,257,273,313,313,434,434,448,468,383,397,416,416,430,430,430,355,355,378,378,378,378,501,501,517,517,11,11,67,67,67,67,67,67,81,105,5,5,5,5],"floor_reached":51,"language":"ENG","playtime":2528,"items_purged":["Strike_B+1","Defend_B"],"score":877,"play_id":"9a03bac5-0e04-4ae6-ab5f-9b984b25ae3d","local_time":"20210122205924","is_ascension_mode":true,"campfire_choices":[{"floor":6,"key":"REST"},{"data":"Zap","floor":8,"key":"SMITH"},{"data":"Coolheaded","floor":11,"key":"SMITH"},{"data":"Go for the Eyes","floor":15,"key":"SMITH"},{"floor":23,"key":"REST"},{"data":"Static Discharge","floor":25,"key":"SMITH"},{"data":"Scrape","floor":28,"key":"SMITH"},{"floor":30,"key":"REST"},{"data":"Steam","floor":32,"key":"SMITH"},{"data":"Apotheosis","floor":40,"key":"SMITH"},{"data":"Machine Learning","floor":44,"key":"SMITH"},{"floor":49,"key":"REST"}],"circlet_count":0,"master_deck":["Defend_B","Defend_B","Zap+1","Dualcast","Buffer+1","Go for the Eyes+1","Gash","Coolheaded+1","All For One","Gash","Scrape+1","Static Discharge+1","Leap","Steam+1","Auto Shields","Skim","Machine Learning+1","Coolheaded+1","Flash of Steel","Apotheosis+1","Finesse","Loop+1"],"relics":["Cracked Core","Oddly Smooth Stone","DataDisk","Golden Idol","Pantograph","Unceasing Top","SlaversCollar","White Beast Statue","Boot","Cursed Key","Pen Nib","WingedGreaves"],"acts_visited":["Exordium","TheCity","TheBeyond"],"potions_floor_usage":[14,21,29,29,29,46,50],"damage_taken":[{"damage":11,"enemies":"Small Slimes","floor":1,"turns":3},{"damage":7,"enemies":"2 Louse","floor":2,"turns":2},{"damage":4,"enemies":"Jaw Worm","floor":3,"turns":2},{"damage":13,"enemies":"Gremlin Nob","floor":7,"turns":5},{"damage":0,"enemies":"Lagavulin","floor":12,"turns":7},{"damage":0,"enemies":"Large Slime","floor":13,"turns":4},{"damage":12,"enemies":"3 Sentries","floor":14,"turns":5},{"damage":13,"enemies":"Slime Boss","floor":16,"turns":7},{"damage":2,"enemies":"Spheric Guardian","floor":18,"turns":3},{"damage":9,"enemies":"Shell Parasite","floor":19,"turns":4},{"damage":0,"enemies":"Snecko","floor":21,"turns":3},{"damage":34,"enemies":"Centurion and Healer","floor":22,"turns":7},{"damage":18,"enemies":"Shelled Parasite and Fungi","floor":24,"turns":5},{"damage":12,"enemies":"Chosen and Byrds","floor":29,"turns":7},{"damage":7,"enemies":"Champ","floor":33,"turns":9},{"damage":24,"enemies":"3 Darklings","floor":35,"turns":4},{"damage":16,"enemies":"2 Orb Walkers","floor":39,"turns":4},{"damage":0,"enemies":"Orb Walker","floor":45,"turns":3},{"damage":7,"enemies":"Sphere and 2 Shapes","floor":46,"turns":6},{"damage":41,"enemies":"Awakened One","floor":50,"turns":8}],"seed_played":"-4392422251475808932","potions_obtained":[{"floor":3,"key":"EssenceOfSteel"},{"floor":7,"key":"EssenceOfDarkness"},{"floor":13,"key":"Weak Potion"},{"floor":19,"key":"Fire Potion"},{"floor":21,"key":"BlessingOfTheForge"},{"floor":22,"key":"EntropicBrew"}],"is_trial":false,"path_per_floor":["M","M","M","?","?","R","E","R","T","?","R","E","M","E","R","B",null,"M","M","?","M","M","R","M","R","T","?","R","M","R","?","R","B",null,"M","?","$","?","?","R","?","$","T","R","M","M","$","?","R","B",null],"character_chosen":"DEFECT","items_purchased":["Flash of Steel","Apotheosis","Pen Nib"],"campfire_rested":4,"item_purchase_floors":[37,37,37],"current_hp_per_floor":[57,50,46,31,31,53,40,40,40,40,40,40,40,28,28,40,62,60,51,51,51,17,37,19,19,19,19,19,7,27,27,27,45,63,39,39,39,39,23,23,23,23,23,23,23,16,16,16,35,19],"gold":5,"neow_bonus":"ONE_RANDOM_RARE_CARD","is_daily":false,"chose_seed":false,"campfire_upgraded":8,"win_rate":0.0,"timestamp":1611345564,"path_taken":["M","M","M","?","?","R","E","R","T","?","R","E","M","E","R","BOSS","M","M","?","M","M","R","M","R","T","?","R","M","R","?","R","BOSS","M","?","$","?","?","R","?","$","T","R","?","M","$","?","R","BOSS"],"items_purchased_type":["Card","Card","Relic"],"build_version":"2020-12-22","purchased_purges":2,"victory":true,"max_hp_per_floor":[75,75,75,75,75,75,75,75,75,69,69,69,69,69,69,69,69,69,69,69,69,69,69,69,69,69,69,69,69,69,69,69,69,69,69,69,69,69,69,69,69,69,69,69,69,69,69,66,66,66],"relic_stats":{"counters":[20,98],"Golden Idol":137,"Pantograph":75,"Pen Nib":[7],"Boot":[55],"Cursed Key":0,"obtain_stats":[{"SlaversCollar":17,"DataDisk":9,"Golden Idol":10,"Pantograph":12,"Oddly Smooth Stone":7,"Pen Nib":37,"WingedGreaves":39,"Cracked Core":0,"Boot":26,"Cursed Key":34,"Unceasing Top":14,"White Beast Statue":20},{"SlaversCollar":8,"DataDisk":4,"Golden Idol":4,"Pantograph":5,"Oddly Smooth Stone":4,"Pen Nib":16,"WingedGreaves":17,"Cracked Core":0,"Boot":13,"Cursed Key":15,"Unceasing Top":7,"White Beast Statue":10},{"SlaversCollar":35,"DataDisk":12,"Golden Idol":12,"Pantograph":19,"Oddly Smooth Stone":12,"Pen Nib":77,"WingedGreaves":81,"Cracked Core":0,"Boot":57,"Cursed Key":73,"Unceasing Top":28,"White Beast Statue":42}],"Unceasing Top":[13]},"card_choices":[{"not_picked":["Stack","Heatsinks"],"picked":"Go for the Eyes","floor":1},{"not_picked":["Compile Driver","Leap"],"picked":"Gash","floor":2},{"not_picked":["Streamline","Chill"],"picked":"Coolheaded","floor":3},{"not_picked":["Turbo","Lockon","Darkness"],"picked":"SKIP","floor":7},{"not_picked":["Double Energy","Streamline","Tempest"],"picked":"SKIP","floor":12},{"not_picked":["Beam Cell","Stack"],"picked":"All For One","floor":13},{"not_picked":["Redo","Cold Snap"],"picked":"Gash","floor":14},{"not_picked":["Storm","Capacitor"],"picked":"Scrape","floor":18},{"not_picked":["Sunder","Chaos+1"],"picked":"Static Discharge","floor":19},{"not_picked":["Beam Cell","Conserve Battery","Double Energy"],"picked":"SKIP","floor":21},{"not_picked":["Hologram","Compile Driver"],"picked":"Leap","floor":22},{"not_picked":["Barrage","Conserve Battery"],"picked":"Steam","floor":24},{"not_picked":["Hologram+1","Rip and Tear","Redo+1"],"picked":"SKIP","floor":29},{"not_picked":["All For One","Biased Cognition"],"picked":"Machine Learning","floor":33},{"not_picked":["Redo+1","Ball Lightning"],"picked":"Coolheaded+1","floor":35},{"not_picked":["Violence","Apotheosis"],"picked":"Finesse","floor":38},{"not_picked":["Streamline+1","Leap+1"],"picked":"Loop+1","floor":39},{"not_picked":["Beam Cell","Streamline+1","Turbo"],"picked":"SKIP","floor":45},{"not_picked":["Barrage+1","Cold Snap+1","Leap"],"picked":"SKIP","floor":46}],"player_experience":586048,"relics_obtained":[{"floor":7,"key":"Oddly Smooth Stone"},{"floor":9,"key":"DataDisk"},{"floor":12,"key":"Pantograph"},{"floor":14,"key":"Unceasing Top"},{"floor":26,"key":"Boot"},{"floor":39,"key":"WingedGreaves"}],"event_choices":[{"damage_healed":0,"gold_gain":0,"player_choice":"Entered Light","damage_taken":15,"max_hp_gain":0,"max_hp_loss":0,"event_name":"Shining Light","floor":4,"gold_loss":0,"cards_upgraded":["Strike_B","Buffer"]},{"damage_healed":0,"gold_gain":0,"player_choice":"Ignored","damage_taken":0,"max_hp_gain":0,"max_hp_loss":0,"event_name":"Liars Game","floor":5,"gold_loss":0},{"damage_healed":0,"gold_gain":0,"player_choice":"Lose Max HP","damage_taken":0,"relics_obtained":["Golden Idol"],"max_hp_gain":0,"max_hp_loss":6,"event_name":"Golden Idol","floor":10,"gold_loss":0},{"damage_healed":0,"gold_gain":0,"player_choice":"Obtained Relic","damage_taken":0,"relics_obtained":["White Beast Statue"],"max_hp_gain":0,"max_hp_loss":0,"event_name":"Addict","floor":20,"gold_loss":85},{"cards_removed":["Strike_B"],"damage_healed":0,"gold_gain":0,"player_choice":"Gave Gold","damage_taken":0,"max_hp_gain":0,"max_hp_loss":0,"event_name":"Beggar","floor":27,"gold_loss":75},{"damage_healed":0,"gold_gain":0,"cards_transformed":["Strike_B","Strike_B"],"player_choice":"Became Test Subject","damage_taken":0,"max_hp_gain":0,"max_hp_loss":0,"event_name":"Drug Dealer","floor":31,"gold_loss":0,"cards_obtained":["Auto Shields","Skim"]},{"damage_healed":0,"gold_gain":0,"player_choice":"Ignored","damage_taken":0,"max_hp_gain":0,"max_hp_loss":0,"event_name":"Tomb of Lord Red Mask","floor":36,"gold_loss":0},{"damage_healed":0,"gold_gain":0,"player_choice":"Memory 1","damage_taken":0,"max_hp_gain":0,"max_hp_loss":0,"event_name":"SensoryStone","floor":38,"gold_loss":0},{"damage_healed":0,"gold_gain":0,"player_choice":"Fight","damage_taken":0,"max_hp_gain":0,"max_hp_loss":0,"event_name":"Mysterious Sphere","floor":39,"gold_loss":0},{"cards_removed":["Defend_B"],"damage_healed":0,"gold_gain":0,"player_choice":"Removed Skill","damage_taken":0,"max_hp_gain":0,"max_hp_loss":0,"event_name":"Falling","floor":41,"gold_loss":0},{"damage_healed":0,"gold_gain":0,"player_choice":"Max HP","damage_taken":0,"max_hp_gain":0,"max_hp_loss":3,"event_name":"Winding Halls","floor":48,"gold_loss":0}],"is_beta":false,"boss_relics":[{"not_picked":["Philosopher\u0027s Stone","Sozu"],"picked":"SlaversCollar"},{"not_picked":["Black Star","Nuclear Battery"],"picked":"Cursed Key"}],"items_purged_floors":[37,47],"is_endless":false,"potions_floor_spawned":[3,7,13,19,21,22,24,29,33,35,39,45,46],"ascension_level":6}}