{"host":"djnckld4u602t245","time":1611349774,"event":{"mods":["AchievementEnabler","Act Like it!","Arknights The Spire","Ascension Unlocker","BaseMod","Better Altar","Better Match","Better Sensory Stone","Better Skull","Better Third Choice","Better Vampires","BetterRewards","Dota2Spire","Downfall","Hallownest","Hermit","Minty Spire (QoL Compilation)","Permanent Neow","Quick Restart","Remove Card Discount Mod","StSLib","The Bug Knight","The Marked","The Problem Sleuth","Virulent Crown","????"],"gold_per_floor":[112,130,143,160,176,176,203,203,203,203,214,228,239,268,268,368,368,380,391,391,410,410,410,410],"floor_reached":23,"language":"ENG","playtime":937,"items_purged":[],"score":257,"play_id":"097b0574-24af-4b26-aa0e-87e8bcd29508","local_time":"20210123000934","is_ascension_mode":false,"campfire_choices":[{"data":"theMarked:WardOff","floor":6,"key":"SMITH"},{"data":"theMarked:BanishingStrike","floor":8,"key":"SMITH"},{"data":"theMarked:SoldierOfQuellstein","floor":15,"key":"SMITH"}],"circlet_count":0,"master_deck":["theMarked:SoldierOfQuellstein+1","theMarked:WardOff+1","theMarked:BanishingStrike+1","theMarked:Frustration","theMarked:ThrowWeapon","theMarked:RepellingDischarge","theMarked:BanishingStrike","theMarked:Standoff","theMarked:DispelDoubt","theMarked:Panic","theMarked:BanishingStrike","theMarked:ChainLightning","theMarked:Electrify","theMarked:Opportunist"],"relics":["theMarked:ArtifactOfAir","Dota2Spire:Satanic","Matryoshka","Dota2Spire:MagicBottle","Dream Catcher","Shuriken","Pandora\u0027s Box"],"acts_visited":["Exordium","TheCity"],"potions_floor_usage":[13,13,13,13,21],"damage_taken":[{"damage":1,"enemies":"2 Louse","floor":1,"turns":3},{"damage":0,"enemies":"Cultist","floor":2,"turns":3},{"damage":0,"enemies":"Small Slimes","floor":3,"turns":2},{"damage":12,"enemies":"3 Louse","floor":4,"turns":4},{"damage":0,"enemies":"Large Slime","floor":5,"turns":5},{"damage":11,"enemies":"Lagavulin","floor":7,"turns":6},{"damage":5,"enemies":"Looter","floor":11,"turns":3},{"damage":0,"enemies":"Blue Slaver","floor":12,"turns":3},{"damage":0,"enemies":"Red Slaver","floor":13,"turns":2},{"damage":10,"enemies":"Gremlin Nob","floor":14,"turns":4},{"damage":0,"enemies":"Slime Boss","floor":16,"turns":3},{"damage":0,"enemies":"Chosen","floor":18,"turns":3},{"damage":15,"enemies":"3 Byrds","floor":19,"turns":7},{"damage":5,"enemies":"Centurion and Healer","floor":21,"turns":5},{"damage":47,"enemies":"Slavers","floor":23,"turns":3}],"seed_played":"-4507548042353727769","potions_obtained":[{"floor":2,"key":"Energy Potion"},{"floor":3,"key":"EssenceOfSteel"},{"floor":5,"key":"Dexterity Potion"},{"floor":12,"key":"EntropicBrew"},{"floor":16,"key":"GamblersBrew"}],"is_trial":false,"path_per_floor":["M","M","M","M","M","R","E","R","T","?","M","M","M","E","R","B",null,"M","M","?","M","?","E"],"character_chosen":"THE_DEFAULT","items_purchased":[],"campfire_rested":0,"item_purchase_floors":[],"current_hp_per_floor":[62,62,62,50,50,50,39,39,39,39,41,41,41,31,31,31,63,63,48,48,43,43,0,0],"gold":410,"neow_bonus":"ONE_RARE_RELIC","is_daily":false,"chose_seed":false,"campfire_upgraded":3,"win_rate":0.0,"timestamp":1611349774,"path_taken":["M","M","M","M","M","R","E","R","T","?","M","?","M","E","R","BOSS","M","M","?","M","?","E"],"items_purchased_type":[],"build_version":"2020-12-22","purchased_purges":0,"victory":false,"max_hp_per_floor":[63,63,63,63,63,63,63,63,63,63,63,63,63,63,63,63,63,63,63,63,63,63,63,63],"card_choices":[{"not_picked":["theMarked:Frustration","theMarked:CreepingChasm","theMarked:HeightenedSenses"],"picked":"SKIP","floor":1},{"not_picked":["theMarked:ComboAttacks","theMarked:Overthink","theMarked:ElectricStrings"],"picked":"SKIP","floor":2},{"not_picked":["theMarked:Improvise","theMarked:Reabsorb"],"picked":"theMarked:WardOff","floor":3},{"not_picked":["theMarked:TunnelVision","theMarked:KeepCalmAndFightOn"],"picked":"theMarked:BanishingStrike","floor":4},{"not_picked":["theMarked:Parkour","theMarked:ResourceFulStrike"],"picked":"theMarked:Frustration","floor":5},{"not_picked":["theMarked:Static","theMarked:Electrify","theMarked:ChannelForce"],"picked":"SKIP","floor":7},{"not_picked":["theMarked:WastefulDefense","theMarked:ComboAttacks","theMarked:HeightenedSenses"],"picked":"SKIP","floor":11},{"not_picked":["theMarked:ChainLightning","theMarked:Improvise","theMarked:RogueSparks"],"picked":"SKIP","floor":12},{"not_picked":["theMarked:GodGivenPower","theMarked:ResourceFulStrike","theMarked:Static"],"picked":"SKIP","floor":13},{"not_picked":["theMarked:ResourceFulStrike","theMarked:Static","theMarked:WastefulAttack"],"picked":"SKIP","floor":14},{"not_picked":["theMarked:SoldierForm","theMarked:DispelDoubt"],"picked":"theMarked:ThrowWeapon","floor":16},{"not_picked":["theMarked:Indomitable+1","theMarked:Overthink","theMarked:WastefulAttack"],"picked":"SKIP","floor":18},{"not_picked":["theMarked:HeightenedSenses","theMarked:RepellingDischarge","theMarked:ResourceFulStrike"],"picked":"SKIP","floor":19},{"not_picked":["theMarked:Static","theMarked:Parkour"],"picked":"theMarked:Opportunist","floor":21}],"player_experience":687237,"relics_obtained":[{"floor":7,"key":"Matryoshka"},{"floor":9,"key":"Dota2Spire:MagicBottle"},{"floor":9,"key":"Dream Catcher"},{"floor":14,"key":"Shuriken"}],"event_choices":[{"cards_removed":["theMarked:Strike"],"damage_healed":0,"gold_gain":0,"player_choice":"Purged","damage_taken":0,"max_hp_gain":0,"max_hp_loss":0,"event_name":"Purifier","floor":10,"gold_loss":0},{"damage_healed":0,"gold_gain":0,"player_choice":"Ignored","damage_taken":0,"max_hp_gain":0,"max_hp_loss":0,"event_name":"Vampires","floor":20,"gold_loss":0},{"damage_healed":0,"gold_gain":0,"player_choice":"Ignored","damage_taken":0,"max_hp_gain":0,"max_hp_loss":0,"event_name":"Beggar","floor":22,"gold_loss":0}],"is_beta":false,"boss_relics":[{"not_picked":["SacredBark","Snecko Eye"],"picked":"Pandora\u0027s Box"}],"items_purged_floors":[],"is_endless":false,"potions_floor_spawned":[2,3,5,12,16,19],"killed_by":"Slavers","ascension_level":0}}