{"host":"och2iitg9ibgz06n","time":1611283881,"event":{"mods":["Abigail Mod","AchievementEnabler","Aspiration","BaseMod","Colored Powertips","Dio Mod","Hubris","Hyrulean Relics","Infinite Spire","Minty Spire (QoL Compilation)","Replay The Spire","Small Relic Pack","StSLib","The Animator","The Bug Knight","The Hierophant","The Jungle","The Saiyan","TheHero","Wandering Minibosses","everything is the same but u backflip on backflip","slay the spire mod where everything is the same but ironclad has a cowboy hat","vexMod"],"gold_per_floor":[115,125,125,125,135,135,165,197,267,296,307,307,324,336,336,439,439,451,469,469,469,469,469],"floor_reached":22,"language":"ENG","playtime":937,"items_purged":[],"score":235,"play_id":"ca4ebd3f-9bbf-47d5-bdee-11cc20164ecc","local_time":"20210121205121","is_ascension_mode":true,"campfire_choices":[{"data":"animeID:Iida","floor":6,"key":"SMITH"},{"data":"animeID:Deku","floor":12,"key":"SMITH"},{"floor":15,"key":"DIG"}],"circlet_count":0,"master_deck":["animeID:Deku+1","animeID:Bakugo","animeID:Smash","animeID:Smash","animeID:Smash","animeID:Smash","animeID:DefendMH","animeID:DefendMH","animeID:DefendMH","animeID:DefendMH","animeID:RecoveryGirl","animeID:Iida+1","animeID:RecoveryGirl","animeID:FatGum","animeID:Hatsume","animeID:MirioTogata","animeID:Twice","animeID:PlusUltra","CurseOfTheBell","animeID:FullCowl","animeID:Muscular"],"relics":["animeID:HeroCostume","CaptainsWheel","infinitespire:ShieldingShard","hubris:Metronome","hubris:ToyBattleship","StrikeDummy","Calling Bell","Ancient Tea Set","Eternal Feather","Replay:Multitool"],"acts_visited":["Exordium","TheCity"],"potions_floor_usage":[8,8,8],"damage_taken":[{"damage":1,"enemies":"Cultist","floor":1,"turns":3},{"damage":6,"enemies":"2 Louse","floor":2,"turns":3},{"damage":2,"enemies":"Small Slimes","floor":5,"turns":4},{"damage":52,"enemies":"Lagavulin","floor":8,"turns":8},{"damage":57,"enemies":"3 Sentries","floor":10,"turns":12},{"damage":3,"enemies":"Blue Slaver","floor":11,"turns":6},{"damage":25,"enemies":"Exordium Thugs","floor":13,"turns":10},{"damage":5,"enemies":"3 Louse","floor":14,"turns":2},{"damage":77,"enemies":"Hexaghost","floor":16,"turns":10},{"damage":27,"enemies":"Chosen","floor":18,"turns":6},{"damage":51,"enemies":"3 Byrds","floor":19,"turns":9},{"damage":46,"enemies":"Cultist and Chosen","floor":22,"turns":4}],"seed_played":"6822136937798637723","potions_obtained":[{"floor":1,"key":"Energy Potion"},{"floor":2,"key":"SkillPotion"},{"floor":5,"key":"PowerPotion"},{"floor":13,"key":"Venom Potion"}],"is_trial":false,"path_per_floor":["M","M","$","?","M","R","?","E","T","E","M","R","M","M","R","B",null,"M","M","?","?","M"],"character_chosen":"THE_HERO","items_purchased":[],"campfire_rested":0,"item_purchase_floors":[],"current_hp_per_floor":[81,76,76,76,80,80,60,52,52,21,42,42,80,81,81,32,82,57,31,34,28,0,0],"gold":469,"neow_bonus":"TEN_PERCENT_HP_BONUS","is_daily":false,"chose_seed":false,"campfire_upgraded":2,"win_rate":0.0,"timestamp":1611283881,"path_taken":["M","M","$","?","M","R","?","E","T","E","M","R","?","M","R","BOSS","M","M","?","?","?"],"items_purchased_type":[],"build_version":"2020-12-22","purchased_purges":0,"victory":false,"max_hp_per_floor":[82,82,82,82,82,82,82,82,82,82,82,82,82,82,82,82,82,82,82,85,85,85,85],"card_choices":[{"not_picked":["animeID:Nomu","animeID:Cementoss"],"picked":"animeID:RecoveryGirl","floor":1},{"not_picked":["animeID:TodorokiShoto","animeID:Kirishima"],"picked":"animeID:Iida","floor":2},{"not_picked":["animeID:Ojiro","animeID:Tomura"],"picked":"animeID:RecoveryGirl","floor":5},{"not_picked":["animeID:Kendo","animeID:Ojiro"],"picked":"animeID:FatGum","floor":7},{"not_picked":["animeID:Kirishima","animeID:TodorokiShoto","animeID:Mezo"],"picked":"SKIP","floor":8},{"not_picked":["animeID:Tsuyu","animeID:Crystallize"],"picked":"animeID:Hatsume","floor":10},{"not_picked":["animeID:DetroitSmash","animeID:HighFive","animeID:Aoyama"],"picked":"SKIP","floor":11},{"not_picked":["animeID:Tomura","animeID:Mina"],"picked":"animeID:MirioTogata","floor":13},{"not_picked":["animeID:GentleCriminal","animeID:Tomura"],"picked":"animeID:Twice","floor":14},{"not_picked":["animeID:ProminenceBurn","animeID:AllForOne"],"picked":"animeID:PlusUltra","floor":16},{"not_picked":["animeID:Momo","animeID:Stain+1"],"picked":"animeID:FullCowl","floor":18},{"not_picked":["animeID:ToruHagakure+1","animeID:Momo+1"],"picked":"animeID:Muscular","floor":19}],"player_experience":451195,"relics_obtained":[{"floor":7,"key":"CaptainsWheel"},{"floor":8,"key":"infinitespire:ShieldingShard"},{"floor":9,"key":"hubris:Metronome"},{"floor":10,"key":"hubris:ToyBattleship"},{"floor":15,"key":"StrikeDummy"},{"floor":17,"key":"Ancient Tea Set"},{"floor":17,"key":"Eternal Feather"},{"floor":17,"key":"Replay:Multitool"}],"event_choices":[{"damage_healed":0,"gold_gain":0,"player_choice":"Ignored","damage_taken":0,"max_hp_gain":0,"max_hp_loss":0,"event_name":"Golden Wing","floor":4,"gold_loss":0},{"damage_healed":0,"gold_gain":0,"player_choice":"","damage_taken":6,"max_hp_gain":0,"max_hp_loss":0,"event_name":"Knowing Skull","floor":21,"potions_obtained":[],"gold_loss":0,"cards_obtained":[]}],"is_beta":false,"boss_relics":[{"not_picked":["Philosopher\u0027s Stone","vexMod:EndlessSickness"],"picked":"Calling Bell"}],"items_purged_floors":[],"is_endless":false,"potions_floor_spawned":[1,2,5,13],"killed_by":"Cultist and Chosen","ascension_level":4}}