{"host":"rx4dvj46as2nh7wl","time":1611327660,"event":{"mods":["100% Spire Juice","ATMod(阿瑾Mod)","Act Like it!","BaseMod","BetterRewards","Defective Defect","Dota2Spire","Friendly Minions","Gensokyo","GifTheSpireLib","Hermit","HololiveMod","Hubris","JesterMod","Library of Ruina","Minty Spire (QoL Compilation)","Permanent Neow","Relic Stats","Replay The Spire","Spicy Shops","Spire Birthday Party","StSLib","WarShipGirlsR/战舰少女R mod","Yakumo Yukari mod","vexMod","【遗物Mod】死灵法师NEW"],"gold_per_floor":[99,74,90,7,25,59,59,73,126,39,59,79,95,55,55,35,35,53,71,89,179,189,189,217,228,228,258,258,290,147,247,247,344,344,362,362,377,387,400,433,433,433,433,467,467,500,281,301,301,301,301,301,84,113,113],"floor_reached":56,"language":"ZHS","playtime":4779,"items_purged":["Moonworks:Strike"],"score":1461,"play_id":"e8861f64-690b-4c0d-967c-628b477e68b8","local_time":"20210122230100","is_ascension_mode":false,"campfire_choices":[{"data":"Moonworks:IndiscriminateFireSupport","floor":7,"key":"SMITH"},{"data":"Moonworks:Heat300Percent","floor":15,"key":"SMITH"},{"data":"Moonworks:TreasureThief","floor":23,"key":"SMITH"},{"data":"Moonworks:ShieldCounter","floor":28,"key":"SMITH"},{"floor":32,"key":"DIG"},{"data":"Moonworks:FinalBattle","floor":42,"key":"SMITH"},{"data":"Moonworks:Flamethrower","floor":45,"key":"SMITH"},{"floor":49,"key":"RECALL"},{"data":"Moonworks:MeltingMemories","floor":52,"key":"SMITH"}],"circlet_count":0,"master_deck":["Moonworks:Strike","Moonworks:Strike","Moonworks:Strike","Moonworks:Defend","Moonworks:Defend","Moonworks:Defend+1","Moonworks:Defend","Moonworks:Ambush","Moonworks:LongDistanceShot","AT_FamilyPortrait","Moonworks:IndiscriminateFireSupport+1","Moonworks:Heat300Percent+1","Moonworks:AwakeningOfTalent","Moonworks:UnluckyCharm","Moonworks:AngelHand","Moonworks:LuckyCharm","Moonworks:BindingChains","Moonworks:ImOnFire","Moonworks:JonathanRush","Moonworks:JonathanRush","Moonworks:ShieldCounter+1","CurseOfTheBell","Moonworks:CloudOfSeagulls+1","Moonworks:FinalSurgery","Moonworks:TreasureThief+1","Moonworks:EvilSpyWorkPreparation+1","Moonworks:NicePresent","Moonworks:Bloodlust+1","Moonworks:MixPhenomenon+1","Moonworks:FinalBattle+1","Moonworks:TacticalRetreat+1","Moonworks:MeltingMemories+1","Moonworks:BigMagnum+1","Moonworks:JonathanRush+1","Moonworks:CloudOfSeagulls+1","Moonworks:Poppoformation","Moonworks:JonathanRush+1","Moonworks:Flamethrower+1","Moonworks:LeapThroughSpace","Moonworks:NicePresent","hubris:NaturalOne","Moonworks:BeyondHell+1","Moonworks:JonathanRush+1"],"relics":["Moonworks:BrokenBomb","Moonworks:Homemark","AT_ATBox","Ice Cream","Dota2Spire:MagicBottle","SumUndead","Calling Bell","Dota2Spire:OrchidMalevolence","AT_GoldPhoenixTree","ReplayFunnel","Bag of Preparation","Molten Egg 2","SSSystem","AT_BladeRuinedKing","Replay:Towering Pillar of Hats","Replay:WaspNest","Dota2Spire:HeartOfTarrasque","Dota2Spire:Bloodstone","AT_ChloranthyRing","hubris:Icosahedron","Boot","vexMod:PlasmaPancake","MealTicket","vexMod:GhostlyGear","TungstenRod","War Paint","Replay:Mystery Machine"],"acts_visited":["Exordium","TheCity","TheBeyond","TheEnding"],"potions_floor_usage":[],"damage_taken":[{"damage":1,"enemies":"Small Slimes","floor":1,"turns":4},{"damage":1,"enemies":"Jaw Worm","floor":3,"turns":4},{"damage":0,"enemies":"2 Louse","floor":4,"turns":3},{"damage":0,"enemies":"Gremlin Gang","floor":5,"turns":1},{"damage":12,"enemies":"3 Sentries","floor":6,"turns":5},{"damage":0,"enemies":"Looter","floor":8,"turns":2},{"damage":12,"enemies":"Lagavulin","floor":10,"turns":5},{"damage":0,"enemies":"Blue Slaver","floor":11,"turns":2},{"damage":0,"enemies":"2 Fungi Beasts","floor":12,"turns":2},{"damage":0,"enemies":"Exordium Wildlife","floor":13,"turns":2},{"damage":0,"enemies":"Slime Boss","floor":16,"turns":6},{"damage":0,"enemies":"Shell Parasite","floor":18,"turns":4},{"damage":3,"enemies":"Spheric Guardian","floor":19,"turns":4},{"damage":7,"enemies":"Snake Plant","floor":20,"turns":2},{"damage":0,"enemies":"Shelled Parasite and Fungi","floor":22,"turns":2},{"damage":14,"enemies":"Slavers","floor":24,"turns":4},{"damage":3,"enemies":"Centurion and Healer","floor":25,"turns":2},{"damage":35,"enemies":"Book of Stabbing","floor":27,"turns":6},{"damage":28,"enemies":"Slavers","floor":29,"turns":4},{"damage":0,"enemies":"Colosseum Slavers","floor":31,"turns":2},{"damage":15,"enemies":"Colosseum Nobs","floor":31,"turns":3},{"damage":29,"enemies":"Collector","floor":33,"turns":6},{"damage":6,"enemies":"3 Darklings","floor":35,"turns":3},{"damage":0,"enemies":"Orb Walker","floor":37,"turns":2},{"damage":8,"enemies":"Transient","floor":38,"turns":5},{"damage":3,"enemies":"4 Shapes","floor":39,"turns":1},{"damage":0,"enemies":"Nemesis","floor":40,"turns":5},{"damage":6,"enemies":"R_Hoarder","floor":44,"turns":2},{"damage":14,"enemies":"Nemesis","floor":46,"turns":3},{"damage":0,"enemies":"Jaw Worm Horde","floor":48,"turns":1},{"damage":14,"enemies":"hubris:GrandSnecko","floor":50,"turns":6},{"damage":5,"enemies":"Shield and Spear","floor":54,"turns":3},{"damage":54,"enemies":"The Heart","floor":55,"turns":5}],"seed_played":"4884864328732861340","potions_obtained":[{"floor":3,"key":"EssenceOfSteel"},{"floor":6,"key":"Venom Potion"},{"floor":8,"key":"Regen Potion"},{"floor":18,"key":"BlessingOfTheForge"},{"floor":22,"key":"FearPotion"},{"floor":37,"key":"Energy Potion"},{"floor":44,"key":"Block Potion"}],"is_trial":false,"path_per_floor":["M","?","M","M","M","E","R","M","T","E","M","M","M","?","R","B",null,"M","M","M","?","M","R","E","M","T","E","R","E","$","?","R","B",null,"M","?","M","M","M","E","?","R","T","E","R","E","$","M","R","B",null,"R","$","E","B",null],"character_chosen":"THE_STARBREAKER","items_purchased":["AT_BladeRuinedKing","vexMod:GhostlyGear","Moonworks:NicePresent","TungstenRod","War Paint"],"campfire_rested":0,"item_purchase_floors":[30,47,47,53,53],"current_hp_per_floor":[59,59,58,58,58,46,46,46,46,37,40,40,43,43,43,43,60,60,57,50,34,37,37,41,38,38,43,43,29,29,28,36,46,68,68,68,68,60,57,68,68,68,68,74,74,70,74,74,74,71,74,74,74,74,53],"gold":113,"neow_bonus":"HUNDRED_GOLD","is_daily":false,"chose_seed":false,"campfire_upgraded":7,"win_rate":0.0,"timestamp":1611327660,"path_taken":["M","?","M","M","M","E","R","M","T","E","M","M","M","?","R","BOSS","M","M","M","?","?","R","E","M","T","E","R","E","$","?","R","BOSS","M","?","M","M","M","E","?","R","T","E","R","E","$","M","R","BOSS","R","$","E","BOSS"],"items_purchased_type":["Relic","Relic","Card","Relic","Relic"],"build_version":"2020-12-22","purchased_purges":1,"victory":true,"max_hp_per_floor":[60,60,60,60,60,60,60,60,60,60,60,60,60,60,60,60,60,60,60,60,60,60,60,60,60,60,60,60,60,60,60,68,68,68,68,68,68,68,68,68,68,68,68,74,74,74,74,74,74,74,74,74,74,74,74],"relic_stats":{"counters":[33,111],"MealTicket":4,"Bag of Preparation":[34],"War Paint":["Moonworks:TacticalRetreat","Moonworks:Defend"],"Boot":[151],"obtain_stats":[{"Ice Cream":6,"ReplayFunnel":17,"vexMod:PlasmaPancake":44,"AT_ATBox":0,"Dota2Spire:OrchidMalevolence":17,"SSSystem":29,"Bag of Preparation":24,"Replay:Mystery Machine":54,"Boot":43,"Dota2Spire:MagicBottle":9,"hubris:Icosahedron":41,"MealTicket":46,"AT_ChloranthyRing":40,"SumUndead":10,"Replay:Towering Pillar of Hats":31,"AT_GoldPhoenixTree":17,"AT_BladeRuinedKing":30,"Replay:WaspNest":31,"Dota2Spire:Bloodstone":34,"Dota2Spire:HeartOfTarrasque":32,"War Paint":53,"Calling Bell":17,"vexMod:GhostlyGear":47,"Moonworks:Homemark":0,"Molten Egg 2":27,"TungstenRod":53,"Moonworks:BrokenBomb":0},{"Ice Cream":5,"ReplayFunnel":11,"vexMod:PlasmaPancake":28,"AT_ATBox":0,"Dota2Spire:OrchidMalevolence":11,"SSSystem":19,"Bag of Preparation":16,"Replay:Mystery Machine":32,"Boot":27,"Dota2Spire:MagicBottle":6,"hubris:Icosahedron":27,"MealTicket":29,"AT_ChloranthyRing":27,"SumUndead":7,"Replay:Towering Pillar of Hats":21,"AT_GoldPhoenixTree":11,"AT_BladeRuinedKing":19,"Replay:WaspNest":21,"Dota2Spire:Bloodstone":22,"Dota2Spire:HeartOfTarrasque":21,"War Paint":31,"Calling Bell":11,"vexMod:GhostlyGear":29,"Moonworks:Homemark":0,"Molten Egg 2":18,"TungstenRod":31,"Moonworks:BrokenBomb":0},{"Ice Cream":17,"ReplayFunnel":36,"vexMod:PlasmaPancake":93,"AT_ATBox":0,"Dota2Spire:OrchidMalevolence":36,"SSSystem":64,"Bag of Preparation":52,"Replay:Mystery Machine":106,"Boot":91,"Dota2Spire:MagicBottle":19,"hubris:Icosahedron":91,"MealTicket":96,"AT_ChloranthyRing":91,"SumUndead":24,"Replay:Towering Pillar of Hats":69,"AT_GoldPhoenixTree":36,"AT_BladeRuinedKing":64,"Replay:WaspNest":69,"Dota2Spire:Bloodstone":75,"Dota2Spire:HeartOfTarrasque":69,"War Paint":103,"Calling Bell":36,"vexMod:GhostlyGear":96,"Moonworks:Homemark":0,"Molten Egg 2":60,"TungstenRod":103,"Moonworks:BrokenBomb":0}],"TungstenRod":18},"card_choices":[{"not_picked":["Moonworks:BigMagnum","Moonworks:DeployBits"],"picked":"Moonworks:IndiscriminateFireSupport","floor":1},{"not_picked":["Moonworks:DeployBits","Moonworks:Assault"],"picked":"Moonworks:Heat300Percent","floor":3},{"not_picked":["Moonworks:IndiscriminateFireSupport","Moonworks:SakisCookie"],"picked":"Moonworks:AwakeningOfTalent","floor":4},{"not_picked":["Moonworks:DeployBits","Moonworks:NicePresent"],"picked":"Moonworks:UnluckyCharm","floor":5},{"not_picked":["Moonworks:EvilSpyWorkPreparation","Moonworks:HolyNight"],"picked":"Moonworks:AngelHand","floor":6},{"not_picked":["Moonworks:MiracleRedBeanIceCream","Moonworks:ImOnFire"],"picked":"Moonworks:LuckyCharm","floor":8},{"not_picked":["Moonworks:IndiscriminateFireSupport","Moonworks:ForcedRevival"],"picked":"Moonworks:BindingChains","floor":10},{"not_picked":["Moonworks:Assault","Moonworks:LulusLuckyEgg"],"picked":"Moonworks:ImOnFire","floor":11},{"not_picked":["Moonworks:LulusLuckyEgg","Moonworks:AwakeningOfTalent"],"picked":"Moonworks:JonathanRush","floor":12},{"not_picked":["Moonworks:Blazing","Moonworks:Assault"],"picked":"Moonworks:JonathanRush","floor":13},{"not_picked":["Moonworks:OutOfAmmo","Moonworks:MeltingMemories"],"picked":"Moonworks:ShieldCounter","floor":16},{"not_picked":["Moonworks:EvilSpyWorkPreparation","Moonworks:Assault"],"picked":"Moonworks:CloudOfSeagulls+1","floor":18},{"not_picked":["Moonworks:Assault","Moonworks:RagingMadness"],"picked":"Moonworks:FinalSurgery","floor":19},{"not_picked":["Moonworks:BigMagnum","Moonworks:PlushieMaster"],"picked":"Moonworks:TreasureThief","floor":20},{"not_picked":["Moonworks:Assault+1","Moonworks:ImOnFire"],"picked":"Moonworks:EvilSpyWorkPreparation+1","floor":22},{"not_picked":["Moonworks:CloudOfSeagulls","Moonworks:SakisCookie"],"picked":"Moonworks:NicePresent","floor":24},{"not_picked":["Moonworks:BigBangBell","Moonworks:DeployBits"],"picked":"Moonworks:Bloodlust+1","floor":25},{"not_picked":["Moonworks:IndiscriminateFireSupport+1","Moonworks:NicePresent"],"picked":"Moonworks:MixPhenomenon+1","floor":27},{"not_picked":["Moonworks:DevilHand+1","Moonworks:BackdoorTrade"],"picked":"Moonworks:FinalBattle","floor":29},{"not_picked":["Moonworks:BeyondHell+1","Moonworks:LuckyCharm"],"picked":"Moonworks:TacticalRetreat","floor":31},{"not_picked":["Moonworks:StarBlastingFuse","Moonworks:LeapThroughSpace"],"picked":"Moonworks:MeltingMemories","floor":33},{"not_picked":["Moonworks:ScrambledEve","Moonworks:EvilSpyWorkPreparation"],"picked":"Moonworks:BigMagnum","floor":35},{"not_picked":["Moonworks:CloudOfSeagulls+1","Moonworks:Assault+1"],"picked":"Moonworks:JonathanRush+1","floor":37},{"not_picked":["Moonworks:ImOnFire+1","Moonworks:SakisCookie"],"picked":"Moonworks:CloudOfSeagulls+1","floor":38},{"not_picked":["Moonworks:RagingMadness+1","Moonworks:CloudOfSeagulls+1"],"picked":"Moonworks:Poppoformation","floor":39},{"not_picked":["Moonworks:Heat300Percent+1","Moonworks:Dash"],"picked":"Moonworks:JonathanRush+1","floor":40},{"not_picked":["Moonworks:NicePresent+1","Moonworks:EvilSpyWorkPreparation"],"picked":"Moonworks:Flamethrower","floor":44},{"not_picked":["Moonworks:ImOnFire","Moonworks:Poppoformation+1"],"picked":"Moonworks:LeapThroughSpace","floor":46},{"not_picked":["Moonworks:BigMagnum","Moonworks:SelfDestruct+1"],"picked":"Moonworks:BeyondHell+1","floor":48},{"not_picked":["Moonworks:DeployBits","Moonworks:BigMagnum"],"picked":"Moonworks:JonathanRush+1","floor":54}],"player_experience":155013,"relics_obtained":[{"floor":6,"key":"Ice Cream"},{"floor":9,"key":"Dota2Spire:MagicBottle"},{"floor":10,"key":"SumUndead"},{"floor":17,"key":"Dota2Spire:OrchidMalevolence"},{"floor":17,"key":"AT_GoldPhoenixTree"},{"floor":17,"key":"ReplayFunnel"},{"floor":24,"key":"Bag of Preparation"},{"floor":27,"key":"Molten Egg 2"},{"floor":29,"key":"SSSystem"},{"floor":31,"key":"Replay:Towering Pillar of Hats"},{"floor":31,"key":"Replay:WaspNest"},{"floor":32,"key":"Dota2Spire:HeartOfTarrasque"},{"floor":40,"key":"AT_ChloranthyRing"},{"floor":43,"key":"Boot"},{"floor":44,"key":"vexMod:PlasmaPancake"},{"floor":46,"key":"MealTicket"},{"floor":54,"key":"Replay:Mystery Machine"}],"event_choices":[{"damage_healed":0,"gold_gain":80,"player_choice":"Gained Gold","damage_taken":0,"max_hp_gain":0,"max_hp_loss":0,"event_name":"Golden Wing","floor":14,"gold_loss":0},{"damage_healed":0,"gold_gain":90,"player_choice":"GOLD ","damage_taken":12,"max_hp_gain":0,"max_hp_loss":0,"event_name":"Knowing Skull","floor":21,"potions_obtained":[],"gold_loss":0,"cards_obtained":[]},{"damage_healed":0,"gold_gain":0,"player_choice":"Fight","damage_taken":0,"max_hp_gain":0,"max_hp_loss":0,"event_name":"Colosseum","floor":31,"gold_loss":0},{"damage_healed":0,"gold_gain":0,"player_choice":"Fought Nobs","damage_taken":0,"max_hp_gain":0,"max_hp_loss":0,"event_name":"Colosseum","floor":31,"gold_loss":0}],"is_beta":false,"boss_relics":[{"not_picked":["hubris:CrackedHourglass","Kintsugi"],"picked":"Calling Bell"},{"not_picked":["Astrolabe","Snecko Eye"],"picked":"Dota2Spire:Bloodstone"}],"items_purged_floors":[47],"is_endless":false,"potions_floor_spawned":[3,6,8,11,18,22,24,25,27,31,37,44,48],"ascension_level":0}}