{"host":"g2yp6paluzgljz05","time":1611293305,"event":{"mods":["BaseMod","Bestiary","Colored Powertips","DeckTracker","Highlight Path","Minty Spire (QoL Compilation)","Quick Restart"],"gold_per_floor":[115,115,115,115,190,190,490,490,571,571,133,133,33,45,45,147,147,162,149,149,74,89,119,119,119,143,158,158,64,64,64,64],"floor_reached":31,"language":"ENG","playtime":1208,"items_purged":["Strike_R","Strike_R"],"score":284,"play_id":"cda206f7-446f-48b2-9c05-e1e34c76c4ad","local_time":"20210122162825","is_ascension_mode":true,"campfire_choices":[{"data":"Intimidate","floor":6.0,"key":"SMITH"},{"data":"Bash","floor":8.0,"key":"SMITH"},{"data":"Rampage","floor":15.0,"key":"SMITH"},{"floor":24,"key":"REST"},{"data":"Pommel Strike","floor":28,"key":"SMITH"},{"data":"Flash of Steel","floor":30,"key":"SMITH"}],"circlet_count":0,"master_deck":["Defend_R+1","Defend_R+1","Defend_R+1","Defend_R+1","Bash+1","Intimidate+1","Rampage+1","Metallicize","Pommel Strike+1","Impervious","Pommel Strike+1","Rampage+1","Headbutt+1","Flash of Steel+1"],"relics":["Black Blood","Juzu Bracelet","Question Card","Old Coin","Sundial","Shuriken","Omamori","Bag of Preparation"],"acts_visited":["Exordium","TheCity"],"potions_floor_usage":[23,23,23],"damage_taken":[{"damage":3.0,"enemies":"2 Louse","floor":1.0,"turns":3.0},{"damage":0.0,"enemies":"Jaw Worm","floor":14.0,"turns":3.0},{"damage":33.0,"enemies":"The Guardian","floor":16.0,"turns":9.0},{"damage":27.0,"enemies":"Shell Parasite","floor":18.0,"turns":6.0},{"damage":25.0,"enemies":"2 Thieves","floor":19.0,"turns":4.0},{"damage":28.0,"enemies":"3 Cultists","floor":22.0,"turns":5.0},{"damage":42,"enemies":"Slavers","floor":23,"turns":6},{"damage":1,"enemies":"Chosen and Byrds","floor":27,"turns":6},{"damage":70,"enemies":"Gremlin Leader","floor":31,"turns":4}],"seed_played":"5813810869014171170","potions_obtained":[{"floor":1.0,"key":"SteroidPotion"},{"floor":14.0,"key":"Swift Potion"},{"floor":22,"key":"BloodPotion"}],"is_trial":false,"path_per_floor":["M","?","T","?","?","R","?","R","T","?","$","?","$","M","R","B",null,"M","M","?","?","M","E","R","?","T","M","R","$","R","E"],"character_chosen":"IRONCLAD","items_purchased":["Rampage","Shuriken","Metallicize","Flash of Steel"],"campfire_rested":1,"item_purchase_floors":[11,11,11,29],"current_hp_per_floor":[80,73,73,73,62,62,44,44,44,44,44,44,44,50,50,23,80,65,52,52,52,36,22,46,46,46,57,57,57,57,0,0],"gold":64,"neow_bonus":"RANDOM_COMMON_RELIC","is_daily":false,"chose_seed":false,"campfire_upgraded":5,"win_rate":0.0,"timestamp":1611293305,"path_taken":["M","?","?","?","?","R","?","R","T","?","$","?","?","M","R","BOSS","M","M","?","?","M","E","R","?","T","M","R","$","R","E"],"items_purchased_type":["Card","Relic","Card","Card"],"build_version":"2020-12-22","purchased_purges":2,"victory":false,"max_hp_per_floor":[80,80,80,80,80,80,80,80,80,80,80,80,80,80,80,80,80,80,80,80,80,80,80,80,80,80,80,80,80,80,80,80],"card_choices":[{"not_picked":["Armaments","Entrench"],"picked":"Intimidate","floor":1.0},{"not_picked":["Thunderclap","Entrench","Wild Strike"],"picked":"Pommel Strike","floor":14.0},{"not_picked":["Bludgeon","Fiend Fire","Feed"],"picked":"Impervious","floor":16.0},{"not_picked":["Heavy Blade+1","Spot Weakness","Second Wind"],"picked":"Pommel Strike+1","floor":18.0},{"not_picked":["Cleave","Pummel+1","Twin Strike","Clash"],"picked":"SKIP","floor":19.0},{"not_picked":["Rage","Dual Wield+1","Dark Embrace"],"picked":"Headbutt+1","floor":22},{"not_picked":["Twin Strike","Rupture","Flex","Anger"],"picked":"SKIP","floor":23},{"not_picked":["Hemokinesis","Cleave","Pummel","Pommel Strike"],"picked":"SKIP","floor":27}],"player_experience":236645,"relics_obtained":[{"floor":3.0,"key":"Question Card"},{"floor":9.0,"key":"Sundial"},{"floor":23,"key":"Omamori"},{"floor":26,"key":"Bag of Preparation"}],"event_choices":[{"cards_removed":["Strike_R"],"damage_healed":0.0,"max_hp_gain":0.0,"max_hp_loss":0.0,"gold_gain":0.0,"event_name":"Golden Wing","player_choice":"Card Removal","floor":2.0,"gold_loss":0.0,"damage_taken":7.0},{"cards_removed":["Strike_R"],"damage_healed":0.0,"max_hp_gain":0.0,"max_hp_loss":0.0,"gold_gain":0.0,"event_name":"Bonfire Elementals","player_choice":"Offered Basic","floor":4.0,"gold_loss":0.0,"damage_taken":0.0},{"damage_healed":0.0,"max_hp_gain":0.0,"max_hp_loss":0.0,"gold_gain":75.0,"event_name":"World of Goop","player_choice":"Gather Gold","floor":5.0,"gold_loss":0.0,"damage_taken":11.0},{"damage_healed":0.0,"max_hp_gain":0.0,"max_hp_loss":0.0,"gold_gain":0.0,"event_name":"Scrap Ooze","player_choice":"Success","floor":7.0,"gold_loss":0.0,"damage_taken":18.0,"relics_obtained":["Old Coin"]},{"damage_healed":0.0,"max_hp_gain":0.0,"max_hp_loss":0.0,"gold_gain":0.0,"event_name":"Shining Light","player_choice":"Ignored","floor":10.0,"gold_loss":0.0,"damage_taken":0.0},{"damage_healed":0.0,"max_hp_gain":0.0,"max_hp_loss":0.0,"gold_gain":0.0,"event_name":"Dead Adventurer","player_choice":"Searched \u00270\u0027 times","floor":12.0,"gold_loss":0.0,"damage_taken":0.0},{"damage_healed":0.0,"max_hp_gain":0.0,"max_hp_loss":0.0,"gold_gain":0.0,"event_name":"Duplicator","player_choice":"Copied","floor":20.0,"gold_loss":0.0,"damage_taken":0.0,"cards_obtained":["Rampage"]},{"cards_removed":["Strike_R"],"damage_healed":0.0,"max_hp_gain":0.0,"max_hp_loss":0.0,"gold_gain":0.0,"event_name":"Beggar","player_choice":"Gave Gold","floor":21.0,"gold_loss":75.0,"damage_taken":0.0},{"damage_healed":0,"gold_gain":0,"player_choice":"Simplicity","damage_taken":0,"max_hp_gain":0,"max_hp_loss":0,"event_name":"Back to Basics","floor":25,"gold_loss":0,"cards_upgraded":["Defend_R","Defend_R","Defend_R","Defend_R"]}],"is_beta":false,"boss_relics":[{"not_picked":["SacredBark","Snecko Eye"],"picked":"Black Blood"}],"items_purged_floors":[11,13],"is_endless":false,"potions_floor_spawned":[1,14,22],"killed_by":"Gremlin Leader","ascension_level":4}}