{"host":"mal0jdk4f6ubgyb8","time":1611350909,"event":{"mods":["100% Spire Juice","Act Like it!","Arknights The Spire","Aspiration","BaseMod","Gensokyo","Hallownest","Koishi","Luminous","Marisa£®ÏF”Í°°ƒß¿Ì…≥£©","Minty Spire (QoL Compilation)","Quick Restart","Reimu£®≤©¿ˆ¡È√Œ£©","Relic Stats","Remilia£®¿Ÿ√◊¿Ú—«£©","StSLib","The Bug Knight","WarShipGirlsR/’ΩΩ¢…Ÿ≈ÆR mod","Yakumo Yukari mod","Youmu£®ªÍ∆«—˝√Œ£©","Yuri Mod","Yuyuko"],"gold_per_floor":[117,136,4,18,33,267,267,267,267],"floor_reached":8,"language":"ZHS","playtime":447,"items_purged":[],"score":70,"play_id":"02b8c4da-b3d1-4b59-a824-1b3ec6524830","local_time":"20210123052829","is_ascension_mode":true,"campfire_choices":[{"data":"BatForm","floor":7.0,"key":"SMITH"}],"circlet_count":0,"master_deck":["Strike_RM","Strike_RM","Strike_RM","Strike_RM","Defend_RM","Defend_RM","Defend_RM","Defend_RM","RedMoon","ScarletShoot","DoubleSpark","BombardNight","MilkyWay","ScarletCoffin","BatForm+1"],"relics":["aspiration:MarisaSkillbook","Singing Bowl","Oddly Smooth Stone"],"acts_visited":["Exordium"],"potions_floor_usage":[],"damage_taken":[{"damage":0.0,"enemies":"Gensokyo:3_Fairies","floor":1.0,"turns":5.0},{"damage":8.0,"enemies":"Gensokyo:Gryphon","floor":2.0,"turns":5.0},{"damage":16.0,"enemies":"Gensokyo:2_Kodama","floor":4.0,"turns":4.0},{"damage":29.0,"enemies":"Gensokyo:Gryphon_and_Rabbit","floor":5.0,"turns":8.0},{"damage":11.0,"enemies":"Gensokyo:Cirno","floor":6.0,"turns":6.0},{"damage":26,"enemies":"Gensokyo:Aya","floor":8,"turns":9}],"seed_played":"3429181305740777292","potions_obtained":[{"floor":1.0,"key":"BlessingOfTheForge"}],"is_trial":false,"path_per_floor":["M","M","COS","M","M","E","R","E"],"character_chosen":"REMILIA","items_purchased":[],"campfire_rested":0,"item_purchase_floors":[],"current_hp_per_floor":[75,67,67,53,24,15,15,0,0],"gold":267,"neow_bonus":"BOSS_RELIC","is_daily":false,"chose_seed":false,"campfire_upgraded":1,"win_rate":0.0,"timestamp":1611350909,"path_taken":["M","M","COS","M","M","E","R","E"],"items_purchased_type":[],"build_version":"2020-12-22","purchased_purges":0,"victory":false,"max_hp_per_floor":[75,75,75,75,75,77,77,77,77],"relic_stats":{"Singing Bowl":2,"counters":[6,37],"obtain_stats":[{"Singing Bowl":6,"Oddly Smooth Stone":6,"ScarletHat":0,"aspiration:MarisaSkillbook":0},{"Singing Bowl":5,"Oddly Smooth Stone":5,"ScarletHat":0,"aspiration:MarisaSkillbook":0},{"Singing Bowl":28,"Oddly Smooth Stone":28,"ScarletHat":0,"aspiration:MarisaSkillbook":0}]},"card_choices":[{"not_picked":["VampireClaw","VampireKiss","SporeBomb"],"picked":"DoubleSpark","floor":1.0},{"not_picked":["ChainGang","RedMagic","FairyDestructionRay"],"picked":"BombardNight","floor":2.0},{"not_picked":["DiffusionOfMisfortune","MastersStateliness","BloodyMagicSquare"],"picked":"MilkyWay","floor":4.0},{"not_picked":["BlazingStar","AbsoluteMagnitude","HeartBreak"],"picked":"ScarletCoffin","floor":5.0},{"not_picked":["StarOfDavid","Robbery","RedRainbow"],"picked":"BatForm","floor":5.0},{"not_picked":["DC","AfternoonTea","NightLord","WitchLeyline"],"picked":"Singing Bowl","floor":6.0}],"player_experience":340239,"relics_obtained":[{"floor":6.0,"key":"Oddly Smooth Stone"}],"event_choices":[],"is_beta":false,"boss_relics":[],"items_purged_floors":[],"is_endless":false,"potions_floor_spawned":[1],"killed_by":"Gensokyo:Aya","ascension_level":5}}