{"host":"yhemb00fn7g5zwp1","time":1611323006,"event":{"mods":["AchievementEnabler","Act Like it!","BaseMod","CapriCore","Gensokyo","Highlight Path","KinomotoSakuraMod(ƒæ÷Æ±æ”£)","Koishi","KomeijiMod","Lobotomy","LobotomyExtend","Luminous","Marisa£®ÏF”Í°°ƒß¿Ì…≥£©","Minty Spire (QoL Compilation)","MostiFishMod","Pale of the Ancients","Prisma Mod","Reimu£®≤©¿ˆ¡È√Œ£©","StSLib","Td1madao Mod","The Immortal","The Servant 0.9.4","Yakumo Yukari mod","Youmu£®ªÍ∆«—˝√Œ£©","Yuyuko","vexMod","°æ“≈ŒÔø®≈∆°øREMEMod","ÛÙª÷∏ƒœ"],"gold_per_floor":[109,125,145,163,163,195,195,209,236,236,166,166,22,22,22,126,126,137,149,166,5,22,37,137,137,208,221,248,268,268,243,243,243,243],"floor_reached":33,"language":"ZHS","playtime":1127,"items_purged":["Pain"],"score":269,"play_id":"5d941e3f-79ac-47ca-b7f4-185328417030","local_time":"20210122214326","is_ascension_mode":false,"campfire_choices":[{"data":"Berserk","floor":7,"key":"SMITH"},{"data":"Luminous:Light_Wash_Luminous","floor":10,"key":"SMITH"},{"floor":15,"key":"REST"},{"data":"Luminous:Lania_Blessing_Luminous","floor":25,"key":"SMITH"},{"data":"Luminous:Fast_Spell_Luminous","floor":32,"key":"SMITH"}],"circlet_count":0,"master_deck":["Luminous:Light_Flash_Shower+1","Luminous:Light_Flash_Shower","Luminous:Dark_Abyssal_Drop","Luminous:Dark_Abyssal_Drop","Luminous:Defend_Luminous","Luminous:Defend_Luminous","Luminous:Defend_Luminous","Luminous:Switch_Luminous","Luminous:Light_Gather","Berserk+1","Luminous:Phantom_Treasure_Luminous","Luminous:Balance_Ender","Luminous:Light_Ray_of_Redemption+1","Luminous:Light_Wash_Luminous+1","Luminous:Blinding_Pillar_Luminous","Luminous:Balance_Death_Scythe","Luminous:Lania_Blessing_Luminous+1","MostiFishMod:FrostNova","MostiFishMod:WinterMarkForm","Luminous:Light_Disperse","Luminous:Shadow_Shell_Luminous+1","Luminous:Light_Wash_Luminous","Luminous:Light_Gather+1","Luminous:Photic_Meditation_Luminous","Luminous:Accumulation_Luminous+1","Luminous:Fast_Spell_Luminous+1","Luminous:Blinding_Pillar_Luminous+1"],"relics":["Luminous:MirrorRelic","REME_ComplimentaryCards","DaveBox","RhineSuit","SynthV:TestCard","LetterFromLob","Mango","REME_PuzzleBoxRelic","Membership Card","Gensokyo:LunaticRedEyes","FrostBlade","CrazyTorch:ReiMu","vexMod:RetaliationKit","Thread and Needle","Meat on the Bone","Bronze Scales","Gensokyo:UndefinedDarkness"],"acts_visited":["Exordium","Gensokyo:Gensokyo"],"potions_floor_usage":[16],"damage_taken":[{"damage":0,"enemies":"Gensokyo:Gryphon","floor":1,"turns":2},{"damage":0,"enemies":"Gensokyo:3_Fairies","floor":2,"turns":2},{"damage":0,"enemies":"Gensokyo:2_Kodama","floor":3,"turns":2},{"damage":10,"enemies":"Gensokyo:Gryphon_and_Rabbit","floor":4,"turns":3},{"damage":10,"enemies":"Gensokyo:Mamizou","floor":6,"turns":6},{"damage":0,"enemies":"Gensokyo:LivingMonolith","floor":8,"turns":2},{"damage":10,"enemies":"Gensokyo:Reimu","floor":16,"turns":5},{"damage":3,"enemies":"Gensokyo:2_Gloops","floor":18,"turns":3},{"damage":0,"enemies":"Gensokyo:CosmicMonolith","floor":19,"turns":2},{"damage":3,"enemies":"Gensokyo:Chomper_and_Gloop","floor":20,"turns":2},{"damage":2,"enemies":"Gensokyo:Swordslinger","floor":22,"turns":2},{"damage":12,"enemies":"Gensokyo:Slime_Group","floor":23,"turns":3},{"damage":21,"enemies":"Gensokyo:Slime_Group","floor":24,"turns":5},{"damage":0,"enemies":"Gensokyo:3_Gloops","floor":27,"turns":1},{"damage":4,"enemies":"Gensokyo:Koishi","floor":28,"turns":3},{"damage":0,"enemies":"Gensokyo:Mirror_and_Dog","floor":29,"turns":3},{"damage":0,"enemies":"Gensokyo:Kaguya","floor":33,"turns":1}],"seed_played":"-1420540770179202777","potions_obtained":[{"floor":2,"key":"LiquidBronze"},{"floor":3,"key":"SteroidPotion"},{"floor":6,"key":"Strength Potion"},{"floor":18,"key":"Swift Potion"},{"floor":19,"key":"Strength Potion"},{"floor":27,"key":"SkillPotion"}],"is_trial":false,"path_per_floor":["M","M","M","M","?","E","R","M","T","R","?","?","$","?","R","B",null,"M","M","M","$","M","M","?","R","T","M","E","M","?","?","R","B"],"character_chosen":"LuminousClass","items_purchased":["Membership Card","CrazyTorch:ReiMu"],"campfire_rested":1,"item_purchase_floors":[13,21],"current_hp_per_floor":[75,75,75,65,58,48,48,56,56,56,56,39,39,39,65,65,89,86,86,83,83,81,69,67,67,67,67,73,78,78,78,78,78,78],"gold":243,"neow_bonus":"TRANSFORM_CARD","is_daily":false,"chose_seed":false,"campfire_upgraded":4,"win_rate":0.0,"timestamp":1611323006,"path_taken":["M","M","M","M","?","E","R","M","T","R","?","?","?","?","R","BOSS","M","M","M","$","M","M","?","R","T","M","E","?","?","?","R","BOSS"],"items_purchased_type":["Relic","Relic"],"build_version":"2020-12-22","purchased_purges":1,"victory":false,"max_hp_per_floor":[75,75,75,75,89,89,89,89,89,89,89,89,89,89,89,89,89,89,89,89,89,89,89,89,89,89,89,89,89,89,89,89,89,89],"card_choices":[{"not_picked":["Luminous:Lights_Protection_Luminous","Luminous:Light_Disperse"],"picked":"Luminous:Phantom_Treasure_Luminous","floor":1},{"not_picked":["Luminous:Concentrate_Luminous","Luminous:Light_Reflection","Luminous:Blinding_Pillar_Luminous","Luminous:Dark_Dim_Erosion"],"picked":"Luminous:Balance_Ender","floor":2},{"not_picked":["Luminous:Dark_Raid","Luminous:Dark_Morning_Star","Luminous:Fast_Spell_Luminous","Luminous:Mirror_Force_Luminous"],"picked":"Luminous:Light_Ray_of_Redemption","floor":3},{"not_picked":["Luminous:Light_Sylvan_Lance","Luminous:Light_Gather","Luminous:Reverse_Spell_Luminous","Luminous:Dark_Dim_Erosion"],"picked":"Luminous:Light_Wash_Luminous","floor":4},{"not_picked":["Luminous:Reverse_Spell_Luminous","Luminous:Phantom_Treasure_Luminous","Luminous:Dark_Moonlight_Spear","Luminous:Light_Wash_Luminous"],"picked":"Luminous:Blinding_Pillar_Luminous","floor":6},{"not_picked":["Luminous:Light_Disperse","Luminous:Dark_Dim_Erosion","Luminous:Light_Sylvan_Lance","Luminous:Light_Wash_Luminous"],"picked":"Luminous:Balance_Death_Scythe","floor":8},{"not_picked":["Luminous:Mirror_Force_Luminous","Luminous:Armageddon_Luminous","Luminous:Ethereal_Form_Luminous","Luminous:Balance_Baptism"],"picked":"Luminous:Lania_Blessing_Luminous","floor":16},{"not_picked":["Luminous:Accumulation_Luminous","Luminous:Dark_Pressure_Void+1","Luminous:Magic_Guard_Luminous+1","Luminous:Light_Gather","Luminous:Concentrate_Luminous"],"picked":"Luminous:Light_Disperse","floor":18},{"not_picked":["Luminous:Chase_Spell_Luminous","Luminous:Light_Disperse","Luminous:Dark_Pressure_Void","Luminous:Light_Glare+1"],"picked":"Luminous:Shadow_Shell_Luminous+1","floor":19},{"not_picked":["Luminous:Tune_Luminous","Luminous:Dark_Pressure_Void","Luminous:Light_Sylvan_Lance","Luminous:Blinding_Pillar_Luminous+1"],"picked":"Luminous:Light_Wash_Luminous","floor":20},{"not_picked":["Luminous:Darks_Surge_Luminous","Luminous:Light_Glare","Luminous:Light_Disperse","Luminous:Magic_Boost_Luminous"],"picked":"Luminous:Light_Gather+1","floor":22},{"not_picked":["Luminous:Concentrate_Luminous+1","Luminous:Light_Sylvan_Lance","Luminous:Lights_Protection_Luminous","Luminous:Freud_Wisdom1_Luminous"],"picked":"Luminous:Photic_Meditation_Luminous","floor":23},{"not_picked":["Luminous:Dark_Extract","Luminous:Chase_Spell_Luminous+1","Luminous:Dark_Dim_Erosion","Luminous:Light_Disperse"],"picked":"Luminous:Accumulation_Luminous+1","floor":24},{"not_picked":["Luminous:Dark_Raid","Luminous:Dark_Apocalypse+1","Luminous:Light_Gather","Luminous:Dark_Arcane_Pitch"],"picked":"Luminous:Fast_Spell_Luminous","floor":27},{"not_picked":["Luminous:Light_Sylvan_Lance+1","Luminous:Dark_Apocalypse","Luminous:Dark_Raid","Luminous:Magic_Guard_Luminous+1","Luminous:Abyss_Heart_Luminous+1"],"picked":"SKIP","floor":28},{"not_picked":["Luminous:Light_Wash_Luminous","Luminous:Phantom_Treasure_Luminous","Luminous:Light_Disperse","Luminous:Light_Sylvan_Lance"],"picked":"Luminous:Blinding_Pillar_Luminous+1","floor":29}],"player_experience":440159,"relics_obtained":[{"floor":1,"key":"SynthV:TestCard"},{"floor":4,"key":"LetterFromLob"},{"floor":6,"key":"REME_PuzzleBoxRelic"},{"floor":24,"key":"vexMod:RetaliationKit"},{"floor":24,"key":"Thread and Needle"},{"floor":26,"key":"Meat on the Bone"},{"floor":28,"key":"Bronze Scales"}],"event_choices":[],"is_beta":false,"boss_relics":[{"not_picked":["NightmareShop","Velvet Choker"],"picked":"FrostBlade"}],"items_purged_floors":[21],"is_endless":false,"potions_floor_spawned":[2,3,6,18,19,27,28,29],"killed_by":"Gensokyo:Kaguya","ascension_level":0}}