{"host":"z9grmtg2w0nmz8n1","time":1611318642,"event":{"mods":["Aspiration","BaseMod","Better Altar","Better Match","Better Note","Better Sensory Stone","Better Skull","Better Third Choice","BetterRewards","Clawfect","Colored Map","Conspire","GifTheSpireLib","Halation","Highlight Path","Hubris","Hunter ??","Jedi Mod","Minty Spire (QoL Compilation)","Permanent Neow","Replay The Spire","Shop Mod","Spicy Shops","StSLib","Stuff the Spire","The Runesmith"],"gold_per_floor":[113,132,58,233,246,271,289,289,289],"floor_reached":8,"language":"ENG","playtime":307,"items_purged":[],"score":64,"play_id":"5708d867-ff96-442c-b196-32e45365acc9","local_time":"20210122103042","is_ascension_mode":true,"campfire_choices":[],"circlet_count":0,"master_deck":["Runesmith:Strike_RS","Runesmith:Strike_RS","Runesmith:Strike_RS","Runesmith:Strike_RS","Runesmith:Defend_RS","Runesmith:Defend_RS","Runesmith:Defend_RS","Runesmith:Defend_RS","Runesmith:CraftFirestone+1","Runesmith:Fortify","Runesmith:CraftIncendium","Runesmith:RuneHurl","Runesmith:LithiumIon","Doubt","Runesmith:UnlimitedPower","Runesmith:NanitesCloud","Runesmith:EarthShield"],"relics":["Runesmith:BrokenRuby","aspiration:ChemicalBlood"],"acts_visited":["Exordium"],"potions_floor_usage":[7],"damage_taken":[{"damage":0,"enemies":"2 Louse","floor":1,"turns":3},{"damage":11,"enemies":"Jaw Worm","floor":2,"turns":4},{"damage":1,"enemies":"Cultist","floor":5,"turns":3},{"damage":49,"enemies":"Gremlin Nob","floor":6,"turns":5},{"damage":0,"enemies":"3 Louse","floor":7,"turns":3},{"damage":2,"enemies":"3 Sentries","floor":8,"turns":2}],"seed_played":"452487058853837872","potions_obtained":[{"floor":1,"key":"Reflective Coating"},{"floor":6,"key":"Fire Potion"}],"is_trial":false,"path_per_floor":["M","M","$","?","M","E","M","E"],"character_chosen":"RUNESMITH_CLASS","items_purchased":["Runesmith:LithiumIon"],"campfire_rested":0,"item_purchase_floors":[3],"current_hp_per_floor":[70,59,59,59,58,9,9,7,7],"gold":289,"neow_bonus":"RANDOM_EVENT","is_daily":false,"chose_seed":false,"campfire_upgraded":0,"win_rate":0.0,"timestamp":1611318642,"path_taken":["M","M","$","?","M","E","M","E"],"items_purchased_type":["Card"],"build_version":"2020-12-22","purchased_purges":0,"victory":false,"max_hp_per_floor":[70,70,70,70,70,70,70,70,70],"card_choices":[{"not_picked":["Runesmith:EnergizedChisel","Runesmith:MakeshiftArmor"],"picked":"Runesmith:CraftIncendium","floor":1},{"not_picked":["Runesmith:HeatExchange","Runesmith:CraftObretio"],"picked":"Runesmith:RuneHurl","floor":2},{"not_picked":["Runesmith:EarthShield","Runesmith:RuneHurl"],"picked":"Runesmith:UnlimitedPower","floor":5},{"not_picked":["Runesmith:Retool","Runesmith:WhiteBalance"],"picked":"Runesmith:NanitesCloud","floor":6},{"not_picked":["Runesmith:PoweredAnvil","Runesmith:GoWithTheFlow"],"picked":"Runesmith:EarthShield","floor":7}],"player_experience":829831,"relics_obtained":[{"floor":6,"key":"aspiration:ChemicalBlood"}],"event_choices":[{"damage_healed":0,"gold_gain":0,"player_choice":"Grow","damage_taken":0,"max_hp_gain":0,"max_hp_loss":0,"event_name":"Living Wall","floor":0,"gold_loss":0,"cards_upgraded":["Runesmith:CraftFirestone"]},{"damage_healed":0,"gold_gain":175,"player_choice":"AGREE","damage_taken":58,"max_hp_gain":0,"max_hp_loss":0,"event_name":"betterThird:BetterSerpent","floor":4,"gold_loss":0}],"is_beta":false,"boss_relics":[],"items_purged_floors":[],"is_endless":false,"potions_floor_spawned":[1,6],"killed_by":"3 Sentries","ascension_level":2}}