{"host":"5yoj846f700ld8qy","time":1611351887,"event":{"mods":["AchievementEnabler","Aspiration","BaseMod","Better Altar","Better Match","Better Note","Better Sensory Stone","Better Skull","Better Third Choice","Colored Map","Colored Powertips","Minty Spire (QoL Compilation)","StSLib"],"gold_per_floor":[112,23,35,35,50,50,76,139,219,232,242,242,242,242],"floor_reached":13,"language":"ENG","playtime":419,"items_purged":[],"score":165,"play_id":"de298998-d03d-43bd-9aa3-cc94b02d6a89","local_time":"20210122234447","is_ascension_mode":true,"campfire_choices":[{"data":"Armaments","floor":6,"key":"SMITH"},{"floor":12,"key":"REST"}],"circlet_count":0,"master_deck":["AscendersBane","Bash","Cleave","Rampage","Demon Form","Demon Form","Shrug It Off","Carnage","Pommel Strike","Uppercut","Bludgeon","Armaments+1","Madness","Intimidate","Havoc","Armaments"],"relics":["Pandora\u0027s Box","SsserpentHead","Bottled Tornado","Pear"],"acts_visited":["Exordium"],"potions_floor_usage":[8,13],"damage_taken":[{"damage":6,"enemies":"2 Louse","floor":1,"turns":3},{"damage":0,"enemies":"Cultist","floor":3,"turns":2},{"damage":1,"enemies":"Jaw Worm","floor":5,"turns":3},{"damage":25,"enemies":"Lagavulin","floor":7,"turns":7},{"damage":27,"enemies":"Exordium Wildlife","floor":8,"turns":3},{"damage":10,"enemies":"Gremlin Gang","floor":10,"turns":3},{"damage":4,"enemies":"Exordium Thugs","floor":11,"turns":3},{"damage":12,"enemies":"3 Sentries","floor":13,"turns":4}],"seed_played":"2085506966814045055","potions_obtained":[{"floor":7,"key":"FearPotion"},{"floor":10,"key":"SpeedPotion"},{"floor":11,"key":"Block Potion"}],"is_trial":false,"path_per_floor":["M","$","M","?","M","R","E","M","T","M","M","R","E"],"character_chosen":"IRONCLAD","items_purchased":["Madness"],"campfire_rested":1,"item_purchase_floors":[2],"current_hp_per_floor":[62,62,62,62,61,61,36,9,19,9,5,30,18,18],"gold":242,"neow_bonus":"BOSS_RELIC","is_daily":false,"chose_seed":false,"campfire_upgraded":1,"win_rate":0.0,"timestamp":1611351887,"path_taken":["M","$","M","?","M","R","E","?","T","M","M","R","E"],"items_purchased_type":["Card"],"build_version":"2020-12-22","purchased_purges":0,"victory":false,"max_hp_per_floor":[75,75,75,75,75,75,75,75,85,85,85,85,85,85],"card_choices":[{"not_picked":["Cleave","Body Slam"],"picked":"Armaments","floor":1},{"not_picked":["Thunderclap","Uppercut"],"picked":"Intimidate","floor":3},{"not_picked":["Heavy Blade","Anger","Clash"],"picked":"SKIP","floor":5},{"not_picked":["Body Slam","Juggernaut"],"picked":"Havoc","floor":7},{"not_picked":["Clash","Warcry","Spot Weakness"],"picked":"SKIP","floor":8},{"not_picked":["Flex","Anger","Headbutt"],"picked":"SKIP","floor":10},{"not_picked":["Bludgeon","Iron Wave"],"picked":"Armaments","floor":11}],"player_experience":412428,"relics_obtained":[{"floor":7,"key":"Bottled Tornado"},{"floor":9,"key":"Pear"}],"event_choices":[{"damage_healed":0,"gold_gain":0,"player_choice":"Trade","damage_taken":0,"relics_obtained":["SsserpentHead"],"max_hp_gain":0,"max_hp_loss":0,"event_name":"FaceTrader","floor":4,"gold_loss":0}],"is_beta":false,"boss_relics":[],"items_purged_floors":[],"is_endless":false,"potions_floor_spawned":[7,10,11],"killed_by":"3 Sentries","ascension_level":18}}