{"host":"atu1skz5iq69e5lr","time":1611349437,"event":{"mods":["AchievementEnabler","Aspiration","BaseMod","Better Third Choice","Colored Map","Conspire","Evolution","Friendly Minions","Halation","Highlight Path","HololiveMod","Hubris","Infinite Spire","Keyboard Shortcuts","Minty Spire (QoL Compilation)","Replay The Spire","Shop Mod","StSLib"],"gold_per_floor":[115,115,131,143,163,195,195,214,214,247,247,263,297,297,297,393,393,408,408,408,408,408,408,408,408,456,456,556,569,569,602,602,701,701,713,725,737,749,761,773],"floor_reached":41,"language":"ENG","playtime":974,"items_purged":[],"score":1059,"play_id":"36c690ab-c4e0-4084-ae36-720a4d673212","local_time":"20210122220357","is_ascension_mode":false,"campfire_choices":[{"data":"Sweeping Beam","floor":7.0,"key":"SMITH"},{"floor":15.0,"key":"REST"},{"data":"Sunder","floor":23.0,"key":"SMITH"},{"floor":32,"key":"REST"}],"circlet_count":2,"master_deck":["Sweeping Beam+1","Compile Driver","Ball Lightning","Rebound","Conserve Battery","Defend_B","Defend_B","Defend_B","Zap","Dualcast","Sunder+1","ReplayGash"],"relics":["EVO:Axolotl","halation:Risk","Replay:Mystery Machine","infinitespire:WardingShard","infinitespire:FocusingShard","Boot","aspiration:FaultyCoupler","GremlinMask","Girya","conspire:RoyalGoblet","Circlet","Bronze Scales","Bronze Scales","Bronze Scales","Bronze Scales","Bronze Scales","Bronze Scales","Vajra","Vajra","Vajra","Vajra","Vajra","Vajra","Vajra","Vajra","Vajra","Vajra","Vajra","Vajra","Vajra","Vajra","Vajra","Vajra","Vajra","Vajra","Vajra","Vajra","Vajra","Vajra","Vajra","Vajra","Oddly Smooth Stone","Oddly Smooth Stone","Oddly Smooth Stone","Oddly Smooth Stone","Oddly Smooth Stone","Oddly Smooth Stone","Oddly Smooth Stone","Oddly Smooth Stone","Oddly Smooth Stone","Oddly Smooth Stone","Oddly Smooth Stone","Oddly Smooth Stone","Oddly Smooth Stone","Oddly Smooth Stone","Oddly Smooth Stone","Oddly Smooth Stone","Oddly Smooth Stone","Lantern","Mango","hubris:Backtick","MawBank"],"acts_visited":["Exordium","TheCity","TheBeyond"],"potions_floor_usage":[],"damage_taken":[{"damage":0.0,"enemies":"Small Slimes","floor":1.0,"turns":2.0},{"damage":0.0,"enemies":"Cultist","floor":3.0,"turns":2.0},{"damage":0.0,"enemies":"2 Louse","floor":4.0,"turns":2.0},{"damage":0.0,"enemies":"Large Slime","floor":5.0,"turns":3.0},{"damage":0.0,"enemies":"3 Sentries","floor":6.0,"turns":4.0},{"damage":12.0,"enemies":"Gremlin Gang","floor":8.0,"turns":2.0},{"damage":2.0,"enemies":"Lagavulin","floor":10.0,"turns":6.0},{"damage":0.0,"enemies":"3 Louse","floor":12.0,"turns":3.0},{"damage":14.0,"enemies":"Gremlin Nob","floor":13.0,"turns":3.0},{"damage":27.0,"enemies":"Fading Forest","floor":16.0,"turns":11.0},{"damage":0.0,"enemies":"2 Thieves","floor":18.0,"turns":1.0},{"damage":0.0,"enemies":"3 Byrds","floor":19.0,"turns":1.0},{"damage":0.0,"enemies":"Snecko","floor":20.0,"turns":1.0},{"damage":0.0,"enemies":"Cultist and Chosen","floor":22.0,"turns":1.0},{"damage":0.0,"enemies":"Snake Plant","floor":24.0,"turns":1.0},{"damage":0.0,"enemies":"Nightmare","floor":25.0,"turns":1.0},{"damage":0.0,"enemies":"Colosseum Slavers","floor":28.0,"turns":1.0},{"damage":0.0,"enemies":"Colosseum Nobs","floor":28.0,"turns":1.0},{"damage":0.0,"enemies":"Snecko","floor":29.0,"turns":1.0},{"damage":0,"enemies":"Centurion and Healer","floor":30,"turns":1},{"damage":0,"enemies":"Book of Stabbing","floor":31,"turns":1},{"damage":0,"enemies":"Collector","floor":33,"turns":1},{"damage":0,"enemies":"Orb Walker","floor":35,"turns":1},{"damage":0,"enemies":"3 Shapes","floor":36,"turns":1},{"damage":0,"enemies":"Spire Growth","floor":37,"turns":1},{"damage":0,"enemies":"Maw","floor":38,"turns":1},{"damage":0,"enemies":"Time Eater","floor":40,"turns":1}],"seed_played":"-1188790473951756938","potions_obtained":[{"floor":1.0,"key":"SteroidPotion"},{"floor":10.0,"key":"Weak Potion"},{"floor":13.0,"key":"Elixir"}],"is_trial":false,"path_per_floor":["M","?","M","M","M","E","R","M","T","E","?","M","E","?","R","B",null,"M","M","M","$","M","R","M","NM","T","?","?","M","M","E","R","B",null,"M","M","M","M","?","B",null],"character_chosen":"DEFECT","items_purchased":[],"campfire_rested":2,"item_purchase_floors":[],"current_hp_per_floor":[75,75,75,75,75,75,75,63,63,61,49,49,35,35,57,40,75,75,75,75,75,75,75,75,75,75,75,75,75,75,89,89,89,89,89,89,89,89,89,89],"gold":785,"neow_bonus":"BOSS_RELIC","is_daily":false,"chose_seed":false,"campfire_upgraded":2,"win_rate":0.0,"timestamp":1611349437,"path_taken":["M","?","M","M","?","E","R","M","T","E","?","M","E","?","R","BOSS","M","?","M","$","M","R","M","NM","T","?","?","M","M","E","R","BOSS","M","M","M","M","?","BOSS"],"items_purchased_type":[],"build_version":"2020-12-22","purchased_purges":0,"victory":true,"max_hp_per_floor":[75,75,75,75,75,75,75,75,75,75,75,75,75,75,75,75,75,75,75,75,75,75,75,75,75,75,75,75,75,75,89,89,89,89,89,89,89,89,89,89],"card_choices":[{"not_picked":["Beam Cell","Steam","Sweeping Beam"],"picked":"SKIP","floor":1.0},{"not_picked":["Melter","Beam Cell","Compile Driver"],"picked":"SKIP","floor":3.0},{"not_picked":["Melter","Beam Cell","Compile Driver"],"picked":"SKIP","floor":3.0},{"not_picked":["Undo","Glacier","Rip and Tear"],"picked":"SKIP","floor":4.0},{"not_picked":["Undo","Glacier","Rip and Tear"],"picked":"SKIP","floor":4.0},{"not_picked":["Steam","BasicCrystalCard","Leap"],"picked":"SKIP","floor":5.0},{"not_picked":["Streamline","Blizzard","Compile Driver"],"picked":"SKIP","floor":6.0},{"not_picked":["ReplaySort","Echo Form","BasicCrystalCard"],"picked":"SKIP","floor":8.0},{"not_picked":["BasicCrystalCard","Compile Driver"],"picked":"Sunder","floor":10.0},{"not_picked":["BasicCrystalCard","Doom and Gloom"],"picked":"ReplayGash","floor":12.0},{"not_picked":["Blizzard","Double Energy","Hologram"],"picked":"SKIP","floor":13.0},{"not_picked":["Stack","Leap","BasicCrystalCard"],"picked":"SKIP","floor":18.0},{"not_picked":["Fusion","Beam Cell","Consume+1"],"picked":"SKIP","floor":19.0},{"not_picked":["Go for the Eyes","ReplayGash","Cold Snap"],"picked":"SKIP","floor":20.0},{"not_picked":["Turbo","Panic Button","Hologram"],"picked":"SKIP","floor":22.0},{"not_picked":["Capacitor","Amplify","Beam Cell"],"picked":"SKIP","floor":24.0},{"not_picked":["Defragment+1","Fusion","ReplaySort"],"picked":"SKIP","floor":25.0},{"not_picked":["Undo","Redo","Compile Driver"],"picked":"SKIP","floor":29},{"not_picked":["Undo","Redo","Compile Driver"],"picked":"SKIP","floor":29},{"not_picked":["Redo","Go for the Eyes","Sweeping Beam"],"picked":"SKIP","floor":30},{"not_picked":["Steam Power","Cold Snap+1","ReplayRNGCard"],"picked":"SKIP","floor":31},{"not_picked":["Steam Power","Cold Snap+1","ReplayRNGCard"],"picked":"SKIP","floor":31},{"not_picked":["FIFO Queue","BasicCrystalCard","Barrage"],"picked":"SKIP","floor":35},{"not_picked":["conspire:SharedLibrary","ReplayTheSpireMod:Calculation Training","Panic Button+1"],"picked":"SKIP","floor":36},{"not_picked":["Leap","Undo","Redo"],"picked":"SKIP","floor":37},{"not_picked":["aspiration:Polymerization+1","Rebound+1","hubris:Ukulele+1"],"picked":"SKIP","floor":38}],"player_experience":33243,"relics_obtained":[{"floor":6.0,"key":"Replay:Mystery Machine"},{"floor":9.0,"key":"infinitespire:WardingShard"},{"floor":10.0,"key":"infinitespire:FocusingShard"},{"floor":13.0,"key":"aspiration:FaultyCoupler"},{"floor":26.0,"key":"Lantern"},{"floor":31,"key":"Mango"}],"event_choices":[{"damage_healed":0.0,"max_hp_gain":0.0,"max_hp_loss":0.0,"gold_gain":0.0,"event_name":"betterThird:BetterScrap","player_choice":"Relic ","floor":11.0,"gold_loss":0.0,"damage_taken":12.0,"cards_obtained":["Glass Knife"]},{"damage_healed":0.0,"max_hp_gain":0.0,"max_hp_loss":0.0,"gold_gain":0.0,"event_name":"FaceTrader","player_choice":"Trade","floor":14.0,"gold_loss":0.0,"damage_taken":0.0,"relics_obtained":["GremlinMask"]},{"damage_healed":0.0,"max_hp_gain":0.0,"max_hp_loss":0.0,"gold_gain":0.0,"event_name":"Cursed Tome","player_choice":"Ignored","floor":27.0,"gold_loss":0.0,"damage_taken":0.0},{"damage_healed":0.0,"max_hp_gain":0.0,"max_hp_loss":0.0,"gold_gain":0.0,"event_name":"Colosseum","player_choice":"Fight","floor":28.0,"gold_loss":0.0,"damage_taken":0.0},{"damage_healed":0.0,"max_hp_gain":0.0,"max_hp_loss":0.0,"gold_gain":0.0,"event_name":"Colosseum","player_choice":"Fought Nobs","floor":28.0,"gold_loss":0.0,"damage_taken":0.0},{"damage_healed":0,"gold_gain":0,"player_choice":"Portal","damage_taken":0,"max_hp_gain":0,"max_hp_loss":0,"event_name":"betterThird:BetterPortal","floor":39,"gold_loss":0}],"is_beta":false,"boss_relics":[{"not_picked":["aspiration:FutureDiary","Abe\u0027s Treasure"],"picked":"conspire:RoyalGoblet"},{"not_picked":["Runic Dome","Replay:Ancient Bell"],"picked":"hubris:Backtick"}],"items_purged_floors":[],"is_endless":false,"potions_floor_spawned":[1,10,13,18,20,25,28,28,35,38],"ascension_level":0}}