{"host":"sdlwqwiyrrfsdjmi","time":1611300966,"event":{"mods":["AchievementEnabler","BaseMod","Marisa????????","Minty Spire (QoL Compilation)","Prisma Mod","StSLib","The Exalted"],"gold_per_floor":[110,124,142,142,142,142,167,203,203,224,252,52,78,102,102,231,231,247,263,276,301,301,301,43,43,43,43,43,66,110,25,25,156,156,170,184,517,534,550,550,83,136,205,52,52,69,69,15,15,15,15],"floor_reached":50,"language":"ENG","playtime":93349,"items_purged":[],"score":562,"play_id":"cf4f1bed-fbe1-4a4d-946c-ad612323ed7a","local_time":"20210121233606","is_ascension_mode":false,"campfire_choices":[{"data":"Inflame","floor":6,"key":"SMITH"},{"floor":15,"key":"REST"},{"floor":23,"key":"REST"},{"data":"Armaments","floor":27,"key":"SMITH"},{"floor":32,"key":"REST"},{"floor":40,"key":"REST"},{"data":"Entrench","floor":45,"key":"SMITH"},{"data":"Apotheosis","floor":47,"key":"SMITH"},{"data":"Impervious","floor":49,"key":"SMITH"}],"circlet_count":0,"master_deck":["Strike_R","Strike_R","Strike_R","Strike_R","Strike_R","Defend_R","Defend_R","Defend_R","Defend_R","Bash","Inflame+1","Sentinel","Intimidate","Injury","Feel No Pain","Fire Breathing","Battle Trance","Impervious+1","Armaments+1","Anger","Bludgeon","Inflame+1","Armaments+1","Uppercut+1","Fire Breathing","Reaper","Warcry+1","Iron Wave+1","Immolate+1","Iron Wave+1","Uppercut+1","Rage+1","Ghostly Armor+1","Apotheosis+1","Entrench+1","OortCloud+1","Heavy Blade+1"],"relics":["Burning Blood","Girya","Meat on the Bone","Odd Mushroom","Orrery","Strawberry","Snecko Eye","Eternal Feather","Letter Opener","Red Skull","Molten Egg 2","Darkstone Periapt","Philosopher\u0027s Stone","Lee\u0027s Waffle","Lantern","Bird Faced Urn","Gremlin Horn","PrismaticShard"],"acts_visited":["Exordium","TheCity","TheBeyond"],"potions_floor_usage":[8,14,33,50,50],"damage_taken":[{"damage":10,"enemies":"Cultist","floor":1,"turns":4},{"damage":6,"enemies":"Jaw Worm","floor":2,"turns":3},{"damage":2,"enemies":"Small Slimes","floor":3,"turns":4},{"damage":19,"enemies":"3 Louse","floor":7,"turns":4},{"damage":32,"enemies":"Lagavulin","floor":8,"turns":9},{"damage":12,"enemies":"Blue Slaver","floor":10,"turns":5},{"damage":44,"enemies":"The Mushroom Lair","floor":11,"turns":6},{"damage":21,"enemies":"Gremlin Gang","floor":14,"turns":9},{"damage":49,"enemies":"Hexaghost","floor":16,"turns":11},{"damage":44,"enemies":"3 Byrds","floor":18,"turns":8},{"damage":5,"enemies":"Shell Parasite","floor":19,"turns":3},{"damage":27,"enemies":"Centurion and Healer","floor":20,"turns":10},{"damage":15,"enemies":"Snecko","floor":21,"turns":5},{"damage":37,"enemies":"Chosen and Byrds","floor":29,"turns":7},{"damage":61,"enemies":"Gremlin Leader","floor":30,"turns":6},{"damage":31,"enemies":"Champ","floor":33,"turns":11},{"damage":13,"enemies":"3 Darklings","floor":35,"turns":4},{"damage":92,"enemies":"3 Shapes","floor":36,"turns":3},{"damage":19,"enemies":"Spire Growth","floor":38,"turns":4},{"damage":34,"enemies":"3 Darklings","floor":39,"turns":5},{"damage":39,"enemies":"2 Orb Walkers","floor":42,"turns":4},{"damage":0,"enemies":"Transient","floor":46,"turns":5},{"damage":125,"enemies":"Donu and Deca","floor":50,"turns":10}],"seed_played":"7279777744030795254","potions_obtained":[{"floor":3,"key":"ColorlessPotion"},{"floor":8,"key":"BlessingOfTheForge"},{"floor":10,"key":"Block Potion"},{"floor":11,"key":"BlessingOfTheForge"},{"floor":21,"key":"Dexterity Potion"},{"floor":30,"key":"DistilledChaos"},{"floor":33,"key":"SteroidPotion"}],"is_trial":false,"path_per_floor":["M","M","M","?","?","R","M","E","T","M","?","$","T","M","R","B",null,"M","M","M","M","?","R","$","$","T","R","T","M","E","?","R","B",null,"M","M","?","M","M","R","$","?","T","$","R","M","R","$","R","B"],"character_chosen":"IRONCLAD","items_purchased":["Orrery","Armaments","Eternal Feather","Lee\u0027s Waffle","Lantern","Apotheosis","PrismaticShard","Heavy Blade+1"],"campfire_rested":4,"item_purchase_floors":[12,12,24,41,41,41,44,48],"current_hp_per_floor":[84,84,88,93,93,93,80,54,54,60,34,34,41,38,68,37,100,62,63,54,57,57,87,87,87,87,100,100,81,52,52,97,79,100,93,31,31,40,44,92,107,94,94,94,107,107,107,107,107,0,0],"gold":15,"neow_bonus":"TEN_PERCENT_HP_BONUS","is_daily":false,"chose_seed":false,"campfire_upgraded":5,"win_rate":0.0,"timestamp":1611300966,"path_taken":["M","M","?","?","?","R","M","E","T","M","?","$","?","M","R","BOSS","M","M","?","?","?","R","?","$","T","R","?","M","E","?","R","BOSS","M","M","?","M","M","R","$","?","T","?","R","?","R","?","R","BOSS"],"items_purchased_type":["Relic","Card","Relic","Relic","Relic","Card","Relic","Card"],"build_version":"2020-12-22","purchased_purges":0,"victory":false,"max_hp_per_floor":[88,88,88,93,93,93,93,93,93,93,93,93,100,100,100,100,100,100,100,100,100,100,100,100,100,100,100,100,100,100,100,100,100,100,100,100,100,100,100,100,107,107,107,107,107,107,107,107,107,107,107],"card_choices":[{"not_picked":["Pommel Strike","Headbutt"],"picked":"Inflame","floor":1},{"not_picked":["Body Slam","Spot Weakness"],"picked":"Sentinel","floor":2},{"not_picked":["Warcry","Body Slam"],"picked":"Intimidate","floor":3},{"not_picked":["Reckless Charge","Headbutt"],"picked":"Feel No Pain","floor":7},{"not_picked":["Shrug It Off","Combust"],"picked":"Fire Breathing","floor":8},{"not_picked":["Flex","Dropkick"],"picked":"Battle Trance","floor":10},{"not_picked":["Uppercut","Body Slam"],"picked":"Impervious","floor":11},{"not_picked":["Metallicize","Clothesline"],"picked":"Anger","floor":14},{"not_picked":["Double Tap","Reaper"],"picked":"Bludgeon","floor":16},{"not_picked":["Burning Pact","Bloodletting"],"picked":"Inflame+1","floor":18},{"not_picked":["Sword Boomerang","Anger"],"picked":"Armaments+1","floor":19},{"not_picked":["Sword Boomerang","Twin Strike"],"picked":"Uppercut+1","floor":20},{"not_picked":["Twin Strike","Havoc"],"picked":"Fire Breathing","floor":21},{"not_picked":["Pommel Strike+1","Hemokinesis"],"picked":"Warcry+1","floor":29},{"not_picked":["True Grit","Armaments"],"picked":"Iron Wave+1","floor":30},{"not_picked":["Exhume","Barricade"],"picked":"Immolate+1","floor":33},{"not_picked":["Armaments","Havoc"],"picked":"Iron Wave+1","floor":35},{"not_picked":["Warcry","Dark Embrace+1"],"picked":"Uppercut+1","floor":36},{"not_picked":["Cleave+1","Wild Strike+1"],"picked":"Rage+1","floor":38},{"not_picked":["Wild Strike+1","Cleave+1"],"picked":"Ghostly Armor+1","floor":39},{"not_picked":["Wild Strike+1","Clothesline+1"],"picked":"Entrench","floor":42},{"not_picked":["ThirdEye+1","Bromod:Thunderbolt"],"picked":"OortCloud+1","floor":46}],"player_experience":41021,"relics_obtained":[{"floor":8,"key":"Girya"},{"floor":9,"key":"Meat on the Bone"},{"floor":11,"key":"Odd Mushroom"},{"floor":13,"key":"Strawberry"},{"floor":26,"key":"Letter Opener"},{"floor":28,"key":"Red Skull"},{"floor":30,"key":"Molten Egg 2"},{"floor":42,"key":"Bird Faced Urn"},{"floor":43,"key":"Gremlin Horn"}],"event_choices":[{"damage_healed":0,"gold_gain":0,"player_choice":"Donut","damage_taken":0,"max_hp_gain":5,"max_hp_loss":0,"event_name":"Big Fish","floor":4,"gold_loss":0},{"damage_healed":0,"gold_gain":0,"player_choice":"Take Wound","damage_taken":0,"relics_obtained":["Golden Idol"],"max_hp_gain":0,"max_hp_loss":0,"event_name":"Golden Idol","floor":5,"gold_loss":0,"cards_obtained":["Injury"]},{"damage_healed":0,"gold_gain":0,"player_choice":"Fought Mushrooms","damage_taken":0,"max_hp_gain":0,"max_hp_loss":0,"event_name":"Mushrooms","floor":11,"gold_loss":0},{"damage_healed":0,"gold_gain":0,"player_choice":"Read","damage_taken":0,"max_hp_gain":0,"max_hp_loss":0,"event_name":"The Library","floor":22,"gold_loss":0,"cards_obtained":["Reaper"]},{"damage_healed":0,"gold_gain":0,"player_choice":"Obtained Relic","damage_taken":0,"relics_obtained":["Darkstone Periapt"],"max_hp_gain":0,"max_hp_loss":0,"event_name":"Addict","floor":31,"gold_loss":85},{"damage_healed":0,"gold_gain":333,"player_choice":"Gave Idol","damage_taken":0,"max_hp_gain":0,"max_hp_loss":0,"event_name":"The Moai Head","floor":37,"relics_lost":["Golden Idol"],"gold_loss":0},{"damage_healed":0,"gold_gain":0,"player_choice":"Fight","damage_taken":0,"max_hp_gain":0,"max_hp_loss":0,"event_name":"Mysterious Sphere","floor":42,"gold_loss":0}],"is_beta":false,"boss_relics":[{"not_picked":["Bromod:ArcaneGrace","Bromod:ArcaneEnergize"],"picked":"Snecko Eye"},{"not_picked":["Fusion Hammer","SlaversCollar"],"picked":"Philosopher\u0027s Stone"}],"items_purged_floors":[],"is_endless":false,"potions_floor_spawned":[3,8,10,11,21,30,33,35,39,42],"killed_by":"Donu and Deca","ascension_level":0}}