{"host":"y24pqu7jih1n8m3t","time":1611289403,"event":{"mods":["AchievementEnabler","BaseMod","Bestiary","Block Reminder","Colored Map","Colored Powertips","DeckTracker","Highlight Path","Minty Spire (QoL Compilation)","Permanent Neow","Quick Restart","Rare Cards Sparkle","Relic Stats"],"gold_per_floor":[15,25,35,45,45,45,45],"floor_reached":6,"language":"ENG","playtime":359,"items_purged":[],"score":42,"play_id":"e91dbb00-0fbe-4bde-b309-ca5bda5a87b0","local_time":"20210121232323","is_ascension_mode":true,"campfire_choices":[],"circlet_count":0,"master_deck":["Strike_R","Strike_R","Strike_R","Strike_R","Defend_R","Defend_R","Bash","Inflame","Flex","Perfected Strike","Ghostly Armor"],"relics":["Burning Blood"],"acts_visited":["Exordium"],"potions_floor_usage":[],"damage_taken":[{"damage":0,"enemies":"Small Slimes","floor":1,"turns":3},{"damage":2,"enemies":"2 Louse","floor":2,"turns":3},{"damage":5,"enemies":"Cultist","floor":3,"turns":4},{"damage":44,"enemies":"Exordium Thugs","floor":4,"turns":6},{"damage":42,"enemies":"3 Sentries","floor":6,"turns":7}],"seed_played":"4401812876888588493","potions_obtained":[{"floor":2,"key":"Dexterity Potion"}],"is_trial":false,"path_per_floor":["M","M","M","M","?","E"],"character_chosen":"IRONCLAD","items_purchased":[],"campfire_rested":0,"item_purchase_floors":[],"current_hp_per_floor":[80,80,80,42,42,0,0],"gold":45,"neow_bonus":"REMOVE_TWO","is_daily":false,"chose_seed":false,"campfire_upgraded":0,"win_rate":0.0,"timestamp":1611289403,"path_taken":["M","M","M","M","?","E"],"items_purchased_type":[],"build_version":"2020-12-22","purchased_purges":0,"victory":false,"max_hp_per_floor":[80,80,80,80,80,80,80],"relic_stats":{"counters":[5,23],"obtain_stats":[{"Burning Blood":0},{"Burning Blood":0},{"Burning Blood":0}],"Burning Blood":13},"card_choices":[{"not_picked":["Perfected Strike","Heavy Blade"],"picked":"Inflame","floor":1},{"not_picked":["Pommel Strike","Heavy Blade"],"picked":"Flex","floor":2},{"not_picked":["Clothesline","Dark Embrace"],"picked":"Perfected Strike","floor":3},{"not_picked":["Headbutt","Flex"],"picked":"Ghostly Armor","floor":4}],"player_experience":117877,"relics_obtained":[],"event_choices":[{"cards_removed":["Defend_R"],"damage_healed":0,"gold_gain":0,"player_choice":"Forget","damage_taken":0,"max_hp_gain":0,"max_hp_loss":0,"event_name":"Living Wall","floor":5,"gold_loss":0}],"is_beta":false,"boss_relics":[],"items_purged_floors":[],"is_endless":false,"potions_floor_spawned":[2],"killed_by":"3 Sentries","ascension_level":2}}