{"host":"t1puqh5lxz8sp6fn","time":1611356052,"event":{"mods":["AchievementEnabler","BaseMod","Colored Powertips","Minty Spire (QoL Compilation)","Rare Cards Sparkle","Relic Stats","StSLib"],"gold_per_floor":[115,127,302,318,318,352,19,19,19,32,32,60,60,7,7,137,137,156,174,174,174,194,194,209,209,209],"floor_reached":25,"playtime":1125,"items_purged":["Doubt"],"score":327,"play_id":"d86de55a-c3ef-4a0b-842b-cccfd1868dd6","local_time":"20210122195412","is_ascension_mode":true,"campfire_choices":[{"floor":8.0,"key":"REST"},{"data":"Sunder","floor":15.0,"key":"SMITH"},{"data":"Creative AI","floor":23,"key":"SMITH"}],"circlet_count":0,"master_deck":["AscendersBane","Strike_B","Strike_B","Defend_B","Defend_B","Defend_B","Zap","Dualcast","Sunder+1","Cold Snap","Force Field","Steam","Skim","Hologram","Beam Cell","Creative AI+1","Loop+1","Melter+1","Fusion+1","Conserve Battery+1","Chill","Conserve Battery+1","Sweeping Beam","Go for the Eyes"],"relics":["Cracked Core","WingedGreaves","FossilizedHelix","Cables","Torii","Potion Belt","Golden Idol","Astrolabe"],"acts_visited":["Exordium","TheCity"],"potions_floor_usage":[25,25,25],"damage_taken":[{"damage":2.0,"enemies":"Jaw Worm","floor":1.0,"turns":3.0},{"damage":0.0,"enemies":"Small Slimes","floor":2.0,"turns":3.0},{"damage":2.0,"enemies":"2 Louse","floor":4.0,"turns":2.0},{"damage":8.0,"enemies":"3 Sentries","floor":6.0,"turns":5.0},{"damage":0.0,"enemies":"Large Slime","floor":10.0,"turns":6.0},{"damage":25.0,"enemies":"Gremlin Nob","floor":12.0,"turns":5.0},{"damage":37.0,"enemies":"Hexaghost","floor":16.0,"turns":12.0},{"damage":17.0,"enemies":"Shell Parasite","floor":18.0,"turns":4.0},{"damage":9.0,"enemies":"Chosen","floor":19.0,"turns":5.0},{"damage":13,"enemies":"Centurion and Healer","floor":22,"turns":7},{"damage":14,"enemies":"Snake Plant","floor":24,"turns":5},{"damage":27,"enemies":"Slavers","floor":25,"turns":3}],"seed_played":"-5410815704694456432","potions_obtained":[{"floor":1.0,"key":"SpeedPotion"},{"floor":12.0,"key":"Explosive Potion"},{"floor":16.0,"key":"Fire Potion"},{"floor":18.0,"key":"Explosive Potion"}],"is_trial":false,"path_per_floor":["M","M","?","M","?","E","$","R","T","M","?","E","?","$","R","B",null,"M","M","?","?","M","R","M","E"],"character_chosen":"DEFECT","items_purchased":["Cables","Beam Cell"],"campfire_rested":1,"item_purchase_floors":[7,14],"current_hp_per_floor":[48,48,48,46,46,38,38,60,60,60,65,40,40,40,40,3,56,39,30,54,54,41,41,27,0,0],"gold":209,"neow_bonus":"ONE_RARE_RELIC","is_daily":false,"chose_seed":false,"campfire_upgraded":2,"win_rate":0.0,"timestamp":1611356052,"path_taken":["M","M","?","M","?","E","$","R","T","M","?","E","?","?","R","BOSS","M","?","?","?","M","R","?","E"],"items_purchased_type":["Relic","Card"],"build_version":"2020-12-13","purchased_purges":1,"victory":false,"max_hp_per_floor":[75,75,75,75,75,75,75,75,75,75,80,80,74,74,74,74,74,74,74,74,74,74,74,74,74,74],"relic_stats":{"Torii":13,"counters":[12,60],"Golden Idol":41,"Astrolabe":["Loop","Melter","Fusion"],"obtain_stats":[{"Potion Belt":12,"Torii":9,"Golden Idol":13,"Astrolabe":17,"WingedGreaves":0,"Cracked Core":0,"FossilizedHelix":6,"Cables":7},{"Potion Belt":6,"Torii":4,"Golden Idol":6,"Astrolabe":7,"WingedGreaves":0,"Cracked Core":0,"FossilizedHelix":4,"Cables":4},{"Potion Belt":24,"Torii":13,"Golden Idol":24,"Astrolabe":36,"WingedGreaves":0,"Cracked Core":0,"FossilizedHelix":13,"Cables":13}],"Cables":[42,35,6,0,1]},"card_choices":[{"not_picked":["Capacitor","Go for the Eyes"],"picked":"Sunder","floor":1.0},{"not_picked":["Lockon","Static Discharge"],"picked":"White Noise","floor":2.0},{"not_picked":["Tempest","Steam Power"],"picked":"Cold Snap","floor":4.0},{"not_picked":["Rip and Tear","Recycle"],"picked":"Steam","floor":6.0},{"not_picked":["Scrape","Heatsinks"],"picked":"Skim","floor":10.0},{"not_picked":["Auto Shields","Barrage"],"picked":"Hologram","floor":12.0},{"not_picked":["Meteor Strike","Multi-Cast"],"picked":"Creative AI","floor":16.0},{"not_picked":["Redo","Coolheaded"],"picked":"Conserve Battery+1","floor":18.0},{"not_picked":["Fusion","Cold Snap"],"picked":"Chill","floor":19.0},{"not_picked":["BootSequence+1","Undo"],"picked":"Sweeping Beam","floor":22},{"not_picked":["Streamline","Rip and Tear+1"],"picked":"Go for the Eyes","floor":24}],"player_experience":443359,"relics_obtained":[{"floor":6.0,"key":"FossilizedHelix"},{"floor":9.0,"key":"Torii"},{"floor":12.0,"key":"Potion Belt"}],"event_choices":[{"damage_healed":0.0,"max_hp_gain":0.0,"max_hp_loss":0.0,"gold_gain":175.0,"event_name":"Liars Game","player_choice":"AGREE","floor":3.0,"gold_loss":0.0,"damage_taken":0.0,"cards_obtained":["Doubt"]},{"damage_healed":0.0,"max_hp_gain":0.0,"max_hp_loss":0.0,"gold_gain":0.0,"cards_transformed":["Strike_B"],"event_name":"Living Wall","player_choice":"Change","floor":5.0,"gold_loss":0.0,"damage_taken":0.0,"cards_obtained":["Force Field"]},{"damage_healed":0.0,"max_hp_gain":5.0,"max_hp_loss":0.0,"gold_gain":0.0,"event_name":"Big Fish","player_choice":"Donut","floor":11.0,"gold_loss":0.0,"damage_taken":0.0},{"damage_healed":0.0,"max_hp_gain":0.0,"max_hp_loss":6.0,"gold_gain":0.0,"event_name":"Golden Idol","player_choice":"Lose Max HP","floor":13.0,"gold_loss":0.0,"damage_taken":0.0,"relics_obtained":["Golden Idol"]},{"damage_healed":24.0,"max_hp_gain":0.0,"max_hp_loss":0.0,"gold_gain":0.0,"event_name":"The Library","player_choice":"Heal","floor":20.0,"gold_loss":0.0,"damage_taken":0.0},{"damage_healed":0.0,"max_hp_gain":0.0,"max_hp_loss":0.0,"gold_gain":0.0,"event_name":"Duplicator","player_choice":"Copied","floor":21.0,"gold_loss":0.0,"damage_taken":0.0,"cards_obtained":["Conserve Battery"]}],"is_beta":false,"boss_relics":[{"not_picked":["FrozenCore","Inserter"],"picked":"Astrolabe"}],"items_purged_floors":[7],"is_endless":false,"potions_floor_spawned":[1,12,16,18],"killed_by":"Slavers","ascension_level":11}}