{"host":"f0gpob8hq9vgebej","time":1611292790,"event":{"mods":["AchievementEnabler","BaseMod","Minty Spire (QoL Compilation)","Quick Restart","SuperFastMode"],"gold_per_floor":[11,24,39,52,152,152,177,177,203,203,229,247,5,25,25,124,124,140,156,71,71,146,146,159,172,197,197,24,39,56,68,68,68,68],"floor_reached":33,"language":"KOR","playtime":1048,"items_purged":["Strike_G","Strike_G"],"score":388,"play_id":"5ece7a11-6956-47a0-b229-0b0e3eeda15f","local_time":"20210122141950","is_ascension_mode":true,"campfire_choices":[{"data":"Envenom","floor":6,"key":"SMITH"},{"data":"Cloak And Dagger","floor":8,"key":"SMITH"},{"data":"Finisher","floor":10,"key":"SMITH"},{"data":"Phantasmal Killer","floor":15,"key":"SMITH"},{"data":"Panache","floor":23,"key":"SMITH"},{"data":"Storm of Steel","floor":27,"key":"SMITH"},{"floor":32,"key":"REST"}],"circlet_count":0,"master_deck":["Strike_G+1","Strike_G+1","Strike_G","Defend_G","Defend_G","Defend_G","Defend_G","Defend_G","Survivor","Neutralize","Envenom+1","Finisher+1","Cloak And Dagger+1","Dagger Spray","Blur","Phantasmal Killer+1","Panache+1","Acrobatics","Adrenaline","Noxious Fumes+1","Storm of Steel+1","Accuracy","Concentrate+1","Cloak And Dagger"],"relics":["Ring of the Serpent","Bag of Preparation","Strawberry","Toy Ornithopter","Odd Mushroom","Tiny Chest","Whetstone"],"acts_visited":["Exordium","TheCity"],"potions_floor_usage":[11,14,14,16,29,31,33],"damage_taken":[{"damage":6,"enemies":"2 Louse","floor":1,"turns":3},{"damage":0,"enemies":"Cultist","floor":2,"turns":4},{"damage":0,"enemies":"Small Slimes","floor":3,"turns":3},{"damage":10,"enemies":"2 Fungi Beasts","floor":4,"turns":6},{"damage":18,"enemies":"3 Sentries","floor":7,"turns":8},{"damage":12,"enemies":"Lagavulin","floor":11,"turns":3},{"damage":0,"enemies":"Large Slime","floor":12,"turns":4},{"damage":0,"enemies":"The Mushroom Lair","floor":14,"turns":3},{"damage":17,"enemies":"Hexaghost","floor":16,"turns":10},{"damage":20,"enemies":"2 Thieves","floor":18,"turns":3},{"damage":0,"enemies":"Spheric Guardian","floor":19,"turns":3},{"damage":0,"enemies":"Centurion and Healer","floor":24,"turns":4},{"damage":6,"enemies":"3 Cultists","floor":25,"turns":4},{"damage":8,"enemies":"Snecko","floor":29,"turns":4},{"damage":2,"enemies":"Centurion and Healer","floor":30,"turns":3},{"damage":2,"enemies":"Cultist and Chosen","floor":31,"turns":4},{"damage":64,"enemies":"Automaton","floor":33,"turns":6}],"seed_played":"649984506115920217","potions_obtained":[{"floor":1,"key":"SteroidPotion"},{"floor":3,"key":"Strength Potion"},{"floor":4,"key":"SpeedPotion"},{"floor":14,"key":"Fruit Juice"},{"floor":25,"key":"SkillPotion"},{"floor":29,"key":"ColorlessPotion"},{"floor":31,"key":"Explosive Potion"}],"is_trial":false,"path_per_floor":["M","M","M","M","?","R","E","R","T","R","E","M","$","?","R","B",null,"M","M","?","?","?","R","M","M","T","R","$","M","M","M","R","B"],"character_chosen":"THE_SILENT","items_purchased":["Panache","Accuracy"],"campfire_rested":1,"item_purchase_floors":[13,28],"current_hp_per_floor":[57,57,57,47,47,47,29,29,36,36,24,24,24,39,39,27,68,48,48,48,32,24,24,24,18,18,18,18,15,13,16,42,0,0],"gold":68,"neow_bonus":"THREE_RARE_CARDS","is_daily":false,"chose_seed":false,"campfire_upgraded":6,"win_rate":0.0,"timestamp":1611292790,"path_taken":["M","M","M","M","?","R","E","R","T","R","E","?","$","?","R","BOSS","M","M","?","?","?","R","M","M","T","R","$","M","M","M","R","BOSS"],"items_purchased_type":["Card","Card"],"build_version":"2020-12-22","purchased_purges":2,"victory":false,"max_hp_per_floor":[70,70,70,70,70,70,70,70,77,77,77,77,77,82,82,82,82,82,82,82,87,87,87,87,87,87,87,87,87,87,87,87,87,87],"card_choices":[{"not_picked":["Doppelganger","Venomology"],"picked":"Envenom","floor":0},{"not_picked":["Slice","Dodge and Roll"],"picked":"Finisher","floor":1},{"not_picked":["Heel Hook","Concentrate","Dodge and Roll"],"picked":"SKIP","floor":2},{"not_picked":["Bouncing Flask","Dodge and Roll"],"picked":"Cloak And Dagger","floor":3},{"not_picked":["Bane","Outmaneuver"],"picked":"Dagger Spray","floor":4},{"not_picked":["Flechettes","Endless Agony"],"picked":"Blur","floor":7},{"not_picked":["Quick Slash","Underhanded Strike"],"picked":"Phantasmal Killer","floor":11},{"not_picked":["Choke","Underhanded Strike","Dodge and Roll"],"picked":"SKIP","floor":12},{"not_picked":["Deadly Poison","Sucker Punch"],"picked":"Acrobatics","floor":14},{"not_picked":["Burst","Corpse Explosion"],"picked":"Adrenaline","floor":16},{"not_picked":["Underhanded Strike","Sucker Punch+1","Quick Slash"],"picked":"SKIP","floor":18},{"not_picked":["Choke","Blur"],"picked":"Noxious Fumes+1","floor":19},{"not_picked":["Setup","Prepared"],"picked":"Storm of Steel","floor":24},{"not_picked":["Riddle With Holes+1","Backstab","Quick Slash"],"picked":"SKIP","floor":25},{"not_picked":["Endless Agony","Dodge and Roll+1"],"picked":"Concentrate+1","floor":29},{"not_picked":["Caltrops+1","Heel Hook","Dagger Spray+1"],"picked":"SKIP","floor":30},{"not_picked":["Dagger Throw","Dagger Spray"],"picked":"Cloak And Dagger","floor":31}],"player_experience":203857,"relics_obtained":[{"floor":7,"key":"Bag of Preparation"},{"floor":9,"key":"Strawberry"},{"floor":11,"key":"Toy Ornithopter"},{"floor":14,"key":"Odd Mushroom"},{"floor":26,"key":"Whetstone"}],"event_choices":[{"damage_healed":0,"gold_gain":100,"player_choice":"Pray","damage_taken":0,"max_hp_gain":0,"max_hp_loss":0,"event_name":"Golden Shrine","floor":5,"gold_loss":0},{"damage_healed":0,"gold_gain":0,"player_choice":"Fought Mushrooms","damage_taken":0,"max_hp_gain":0,"max_hp_loss":0,"event_name":"Mushrooms","floor":14,"gold_loss":0},{"damage_healed":0,"gold_gain":0,"player_choice":"Obtained Relic","damage_taken":0,"relics_obtained":["Tiny Chest"],"max_hp_gain":0,"max_hp_loss":0,"event_name":"Addict","floor":20,"gold_loss":85},{"damage_healed":0,"gold_gain":0,"player_choice":"Shed Blood","damage_taken":21,"max_hp_gain":5,"max_hp_loss":0,"event_name":"Forgotten Altar","floor":21,"gold_loss":0},{"damage_healed":0,"gold_gain":75,"player_choice":"Touch","damage_taken":8,"max_hp_gain":0,"max_hp_loss":0,"event_name":"FaceTrader","floor":22,"gold_loss":0}],"is_beta":false,"boss_relics":[{"not_picked":["Philosopher\u0027s Stone","Sozu"],"picked":"Ring of the Serpent"}],"items_purged_floors":[13,28],"is_endless":false,"potions_floor_spawned":[1,3,4,14,25,29,31],"killed_by":"Automaton","ascension_level":8}}