{"host":"54jr43vd79817238","time":1611331198,"event":{"mods":["100% Spire Juice","ATMod(°¢èªMod)","Act Like it!","Arknights The Spire","Aspiration","BaseMod","CapriCore","Dota2Spire","Friendly Minions","Gensokyo","Hallownest","Hermit","Jedi Mod","KinomotoSakuraMod(Ä¾Ö®±¾Ó£)","Koishi","Lobotomy","LobotomyExtend","Mari Mod (Legacy)","Mari\u0027s V1 Patch","Marisa£¨ìFÓê¡¡Ä§ÀíÉ³£©","Minty Spire (QoL Compilation)","MostiFishMod","Quarter Circle Forward PUNCH!","Replay The Spire","Robot Space Explorer","RumiaBox-Â¶Ã×æ«µÄÉñÃØºÐ×Ó","Spicy Shops","StSLib","TestMod","The Dragon Tamer","The Marked","WarShipGirlsR/Õ½½¢ÉÙÅ®R mod","Yakumo Yukari mod","Youmu£¨»êÆÇÑýÃÎ£©","vexMod","¡¾ÒÅÎï¿¨ÅÆ¡¿REMEMod"],"gold_per_floor":[113,113,133,147,158,172,172,185,185,185,210,210,210,222,222,323,323,337,350,59,75,4,29,29,63,90,90,101,113,132,132,132,230,230,240,215,215,231,244,244,277,277,330,330,363,383,402,420,420,420,420,420,420,45,73,73],"floor_reached":57,"language":"ZHS","playtime":2760,"items_purged":[],"score":1793,"play_id":"81e6ab47-0510-45c6-99f0-0066204c6320","local_time":"20210122235958","is_ascension_mode":true,"campfire_choices":[{"floor":7,"key":"RECALL"},{"data":"AT_FocusSwordFire","floor":10,"key":"SMITH"},{"data":"DoubleSpark","floor":12,"key":"SMITH"},{"data":"DoubleSpark","floor":15,"key":"SMITH"},{"data":"1","floor":24,"key":"LIFT"},{"data":"2","floor":27,"key":"LIFT"},{"data":"3","floor":32,"key":"LIFT"},{"data":"MillisecondPulsars","floor":40,"key":"SMITH"},{"data":"PropBag","floor":44,"key":"SMITH"},{"data":"CollectingQuirk","floor":49,"key":"SMITH"},{"data":"LuminesStrike","floor":53,"key":"SMITH"}],"circlet_count":0,"master_deck":["Strike_MRS+1","Strike_MRS+1","Strike_MRS+1","Strike_MRS+1","Defend_MRS+1","Defend_MRS+1","Defend_MRS+1","Defend_MRS+1","MasterSpark","UpSweep","AT_FocusSwordFire+1","OortCloud","DoubleSpark+1","MilkyWay+1","ShootTheMoon","PowerUp+1","PowerUp+1","DoubleSpark+1","LuminesStrike+1","PowerUp+1","MillisecondPulsars+1","SporeBomb+1","MilkyWay+1","PowerUp+1","DragonMeteor","GalacticHalo","PropBag+1","MilkyWay+1","Singularity","JA","MagicAbsorber","MilkyWay+1","6A+1","MilkyWay+1","CollectingQuirk+1","MeteoricShower","RefractionSpark","PropBag+1","MachineGunSpark"],"relics":["MiniHakkero","testmod-TestBox","DaveBox","REME_ComplimentaryCards","AT_ATBox","BionicSphere","testmod-TurbochargingSystem","SynthV:TestCard","Orichalcum","Mango","vexMod:CursedCompass","Girya","Lee\u0027s Waffle","GodSword3","vexMod:RetaliationKit","ReplayTheSpireMod:TigerMarble","aspiration:HummingbirdHeart","MariMod:MariFestivalBadge","Dota2Spire:UrnOfShadows","Ancient Tea Set","Dream Catcher","Toy Ornithopter","Pen Nib","Sling","testmod-OneHitWonder"],"acts_visited":["Gensokyo:Gensokyo","Hallownest:CityofTears","Hallownest:KingdomsEdge","TheEnding"],"potions_floor_usage":[16,33,33,33,50,56],"damage_taken":[{"damage":0,"enemies":"Gensokyo:Python","floor":1,"turns":3},{"damage":0,"enemies":"Gensokyo:3_Fairies","floor":3,"turns":3},{"damage":0,"enemies":"Gensokyo:2_Kodama","floor":4,"turns":3},{"damage":0,"enemies":"Gensokyo:Kitsune","floor":5,"turns":3},{"damage":0,"enemies":"Gensokyo:Gryphon_and_Rabbit","floor":6,"turns":4},{"damage":0,"enemies":"Gensokyo:VengefulSpirit","floor":8,"turns":3},{"damage":0,"enemies":"Gensokyo:Mamizou","floor":11,"turns":4},{"damage":0,"enemies":"Gensokyo:3_Kodama","floor":14,"turns":3},{"damage":35,"enemies":"Gensokyo:Reimu","floor":16,"turns":8},{"damage":0,"enemies":"Hallownest:2_Mistakes","floor":18,"turns":4},{"damage":0,"enemies":"Hallownest:Guard_and_Sentry","floor":19,"turns":4},{"damage":0,"enemies":"Hallownest:monsterShrumalOgre","floor":21,"turns":3},{"damage":0,"enemies":"Hallownest:eliteWatcherKnight","floor":23,"turns":10},{"damage":0,"enemies":"Hallownest:eliteSoulWarrior","floor":25,"turns":6},{"damage":0,"enemies":"Hallownest:Warrior_and_Youth","floor":28,"turns":2},{"damage":0,"enemies":"Hallownest:Master_and_Novice","floor":29,"turns":4},{"damage":0,"enemies":"Hallownest:2_Flukemon","floor":30,"turns":2},{"damage":0,"enemies":"Hallownest:BossMantisLord","floor":33,"turns":5},{"damage":0,"enemies":"Hallownest:3_Siblings","floor":35,"turns":2},{"damage":0,"enemies":"Hallownest:2_Littles","floor":38,"turns":3},{"damage":0,"enemies":"Hallownest:2_Soldiers_and_1_Guardian","floor":39,"turns":5},{"damage":0,"enemies":"Hallownest:eliteCollector","floor":41,"turns":5},{"damage":0,"enemies":"Hallownest:eliteHiveKnight","floor":45,"turns":4},{"damage":0,"enemies":"Hallownest:Slobbering_and_Violent","floor":46,"turns":6},{"damage":0,"enemies":"Hallownest:Shield_Sturdy","floor":47,"turns":2},{"damage":0,"enemies":"Hallownest:monsterPrimalAspid","floor":48,"turns":2},{"damage":0,"enemies":"Hallownest:Radiance","floor":50,"turns":5},{"damage":0,"enemies":"Shield and Spear","floor":55,"turns":4},{"damage":0,"enemies":"The Heart","floor":56,"turns":5}],"seed_played":"-4332164170054476579","potions_obtained":[{"floor":3,"key":"Dota2Spire:HealingSalve"},{"floor":11,"key":"Reflective Coating"},{"floor":16,"key":"PowerPotion"},{"floor":25,"key":"LifebloodPotion"},{"floor":28,"key":"Dexterity Potion"},{"floor":41,"key":"Flashbang"},{"floor":45,"key":"AttackPotion"},{"floor":47,"key":"jedi:holywater"},{"floor":55,"key":"REME_GoldPotion"}],"is_trial":false,"path_per_floor":["M","?","M","M","M","M","R","M","T","R","E","R","?","M","R","B",null,"M","M","$","M","$","E","R","E","T","R","M","M","M","T","R","B",null,"M","?","?","M","M","R","E","$","T","R","E","M","M","M","R","B",null,null,"R","$","E","B",null],"character_chosen":"MARISA","items_purchased":["Girya","Lee\u0027s Waffle","Toy Ornithopter","Pen Nib","Sling"],"campfire_rested":0,"item_purchase_floors":[20,22,54,54,54],"current_hp_per_floor":[75,75,75,75,75,75,75,75,75,75,75,75,68,68,68,36,89,89,89,89,89,96,96,96,96,96,96,96,96,96,96,96,96,96,96,96,96,96,96,96,96,96,96,96,96,96,96,96,96,96,96,96,96,96,96,96],"gold":73,"neow_bonus":"THREE_CARDS","is_daily":false,"chose_seed":false,"campfire_upgraded":7,"win_rate":0.0,"timestamp":1611331198,"path_taken":["M","?","M","?","?","M","R","M","T","R","E","R","?","M","R","BOSS","M","M","?","M","$","E","R","E","T","R","M","?","M","?","R","BOSS","M","?","?","?","M","R","E","$","T","R","E","M","M","M","R","BOSS","R","$","E","BOSS"],"items_purchased_type":["Relic","Relic","Relic","Relic","Relic"],"build_version":"2020-12-22","purchased_purges":0,"victory":true,"max_hp_per_floor":[75,75,75,75,75,75,75,75,75,75,75,75,89,89,89,89,89,89,89,89,89,96,96,96,96,96,96,96,96,96,96,96,96,96,96,96,96,96,96,96,96,96,96,96,96,96,96,96,96,96,96,96,96,96,96,96],"card_choices":[{"not_picked":["WitchLeyline","NonDirectionalLaser"],"picked":"OortCloud","floor":0},{"not_picked":["DC","GalacticHalo"],"picked":"DoubleSpark","floor":1},{"not_picked":["UnstableBomb","DoubleSpark","Robbery","IllusionStar"],"picked":"MilkyWay","floor":3},{"not_picked":["EventHorizon","OneTimeOff","6A","EnergyRecoil"],"picked":"ShootTheMoon","floor":4},{"not_picked":["WitchOfGreed","ShootTheMoon","AsteroidBelt","IllusionStar"],"picked":"PowerUp","floor":5},{"not_picked":["6A","BlazeAway","WitchLeyline","EnergyRecoil"],"picked":"PowerUp","floor":6},{"not_picked":["GalacticHalo","GasGiant","MeteoricShower","SatelliteIllusion"],"picked":"DoubleSpark","floor":8},{"not_picked":["OpenUniverse","WitchLeyline","UnstableBomb","AsteroidBelt"],"picked":"LuminesStrike","floor":11},{"not_picked":["ShootingEcho","SuperPerseids","MachineGunSpark","IllusionStar"],"picked":"PowerUp","floor":14},{"not_picked":["UltimateShortwave","AbsoluteMagnitude","StarDustReverie","BinaryStars"],"picked":"MillisecondPulsars","floor":16},{"not_picked":["6A","AsteroidBelt+1","WitchOfGreed","WitchLeyline"],"picked":"SporeBomb+1","floor":18},{"not_picked":["WitchLeyline","ChargingUp","StarlightTyphoon","Robbery"],"picked":"MilkyWay","floor":19},{"not_picked":["GalacticHalo","SporeBomb","ShootingEcho+1","MysteriousBeam"],"picked":"PowerUp","floor":21},{"not_picked":["SuperPerseids","AbsoluteMagnitude","EnergyFlow","GrandCross"],"picked":"DragonMeteor","floor":23},{"not_picked":["GasGiant","UnstableBomb","6A","DC"],"picked":"GalacticHalo","floor":25},{"not_picked":["AsteroidBelt","DoubleSpark+1","MagicAbsorber","NonDirectionalLaser"],"picked":"PropBag","floor":28},{"not_picked":["WitchOfGreed+1","DC+1","NonDirectionalLaser","DarkSpark"],"picked":"MilkyWay+1","floor":29},{"not_picked":["CollectingQuirk","GrandCross","SporeBomb+1","UnstableBomb"],"picked":"Singularity","floor":30},{"not_picked":["BinaryStars","SatelliteIllusion","TreasureHunter","AbsoluteMagnitude"],"picked":"JA","floor":33},{"not_picked":["NonDirectionalLaser+1","AsteroidBelt","AlicesGift","WitchLeyline"],"picked":"MagicAbsorber","floor":35},{"not_picked":["ChargingUp","PulseMagic","StarBarrage","WitchLeyline+1"],"picked":"MilkyWay","floor":38},{"not_picked":["MagicAbsorber","SporeBomb+1","ManaConvection","DarkMatter"],"picked":"6A+1","floor":39},{"not_picked":["NonDirectionalLaser","AsteroidBelt+1","GrandCross","6A"],"picked":"MilkyWay","floor":41},{"not_picked":["MachineGunSpark+1","WitchOfGreed+1","OpenUniverse+1","PropBag+1"],"picked":"CollectingQuirk","floor":45},{"not_picked":["PulseMagic+1","SporeBomb","EarthLightRay","WitchOfGreed+1"],"picked":"MeteoricShower","floor":46},{"not_picked":["BlazeAway+1","DoubleSpark+1","DeepEcoloBomb+1","EventHorizon"],"picked":"RefractionSpark","floor":47},{"not_picked":["EnergyRecoil","GasGiant","GravityBeat+1","IllusionStar"],"picked":"PropBag+1","floor":48},{"not_picked":["SatelliteIllusion","ShootingEcho","OortCloud","GravityBeat+1"],"picked":"MachineGunSpark","floor":55}],"player_experience":274383,"relics_obtained":[{"floor":1,"key":"SynthV:TestCard"},{"floor":11,"key":"Orichalcum"},{"floor":23,"key":"GodSword3"},{"floor":25,"key":"vexMod:RetaliationKit"},{"floor":26,"key":"ReplayTheSpireMod:TigerMarble"},{"floor":31,"key":"aspiration:HummingbirdHeart"},{"floor":41,"key":"Dota2Spire:UrnOfShadows"},{"floor":43,"key":"Ancient Tea Set"},{"floor":45,"key":"Dream Catcher"},{"floor":55,"key":"testmod-OneHitWonder"}],"event_choices":[],"is_beta":false,"boss_relics":[{"not_picked":["aspiration:RitualDagger","vexMod:DeviousBotling"],"picked":"vexMod:CursedCompass"},{"not_picked":["Painkiller Herb","vexMod:ImprovementManual"],"picked":"MariMod:MariFestivalBadge"}],"items_purged_floors":[],"is_endless":false,"potions_floor_spawned":[3,11,14,16,25,28,29,41,45,47,48,55],"ascension_level":1}}