{"host":"1mdoazogr9tl4b3g","time":1611323249,"event":{"mods":["Act Like it!","Aspiration","Bard","BaseMod","Beaked The Cultist","BetterRewards","Block Reminder","Conspire","Glutton Mod","Hubris","Infinite Spire","Marisa????????","Mimic Mod","Minty Spire (QoL Compilation)","Rare Cards Sparkle","Replay The Spire","Shop Mod","StSLib","The Bladedancer","The Construct","The Hierophant","The Runesmith","The Servant 0.9.4","Uncapped","Wandering Minibosses"],"gold_per_floor":[114,189,220,233,233,233,233,262,298,310,343,29,29,60,60,60,60],"floor_reached":16,"language":"ENG","playtime":938,"items_purged":["conspire:GhostlyStrike"],"score":163,"play_id":"94ad9517-f82f-46ea-9eea-b86b2931db39","local_time":"20210122074729","is_ascension_mode":true,"campfire_choices":[{"data":"White Noise","floor":6,"key":"SMITH"},{"data":"Double Energy","floor":13,"key":"SMITH"},{"data":"Fusion","floor":15,"key":"SMITH"}],"circlet_count":0,"master_deck":["conspire:GhostlyStrike","conspire:GhostlyStrike","conspire:GhostlyDefend","conspire:GhostlyDefend","conspire:GhostlyDefend","conspire:GhostlyDefend","Zap","Dualcast","White Noise+1","Static Discharge","Electrodynamics","Force Field","Leap","Echo Form","Double Energy+1","Fusion+1"],"relics":["Cracked Core","CaptainsWheel","Ice Cream","Runesmith:AutoHammer","Oddly Smooth Stone","aspiration:TomeofQuesting"],"acts_visited":["Exordium"],"potions_floor_usage":[8,14],"damage_taken":[{"damage":1,"enemies":"Jaw Worm","floor":1,"turns":4},{"damage":9,"enemies":"conspire:MimicChest","floor":3,"turns":3},{"damage":10,"enemies":"Small Slimes","floor":4,"turns":2},{"damage":26,"enemies":"3 Sentries","floor":8,"turns":8},{"damage":6,"enemies":"Cultist","floor":9,"turns":5},{"damage":1,"enemies":"Cultist","floor":10,"turns":3},{"damage":0,"enemies":"Blue Slaver","floor":11,"turns":4},{"damage":0,"enemies":"Lagavulin","floor":14,"turns":5},{"damage":11,"enemies":"Hexaghost","floor":16,"turns":10}],"seed_played":"2692825308714241765","potions_obtained":[{"floor":3,"key":"GamblersBrew"},{"floor":4,"key":"SteroidPotion"},{"floor":10,"key":"Languid Potion"},{"floor":14,"key":"GamblersBrew"}],"is_trial":false,"path_per_floor":["M","?","?","M","?","R","?","E","MIM","M","MIM","$","R","E","R","B"],"character_chosen":"DEFECT","items_purchased":["Echo Form","Double Energy"],"campfire_rested":0,"item_purchase_floors":[12,12],"current_hp_per_floor":[74,63,54,44,44,44,44,18,12,11,11,11,11,11,11,0,0],"gold":60,"neow_bonus":"RANDOM_EVENT","is_daily":false,"chose_seed":false,"campfire_upgraded":3,"win_rate":0.0,"timestamp":1611323249,"path_taken":["M","?","?","?","?","R","?","E","MIM","?","?","$","R","E","R","BOSS"],"items_purchased_type":["Card","Card"],"build_version":"2020-12-22","purchased_purges":1,"victory":false,"max_hp_per_floor":[75,75,75,75,75,75,75,75,75,75,75,75,75,75,75,75,75],"card_choices":[{"not_picked":["Streamline","Ball Lightning","Go for the Eyes"],"picked":"SKIP","floor":1},{"not_picked":["Undo","Rip and Tear","Streamline"],"picked":"SKIP","floor":4},{"not_picked":["Beam Cell","Sweeping Beam"],"picked":"Static Discharge","floor":8},{"not_picked":["Cold Snap","ReplaySort"],"picked":"Electrodynamics","floor":9},{"not_picked":["Leap","Cold Snap"],"picked":"Force Field","floor":10},{"not_picked":["FTL","Compile Driver"],"picked":"Leap","floor":11},{"not_picked":["Ball Lightning","conspire:Rain"],"picked":"Fusion","floor":14}],"player_experience":350326,"relics_obtained":[{"floor":3,"key":"CaptainsWheel"},{"floor":8,"key":"Ice Cream"},{"floor":9,"key":"Runesmith:AutoHammer"},{"floor":11,"key":"Oddly Smooth Stone"},{"floor":14,"key":"aspiration:TomeofQuesting"}],"event_choices":[{"damage_healed":0,"gold_gain":0,"cards_transformed":["Strike_B"],"player_choice":"Change","damage_taken":0,"max_hp_gain":0,"max_hp_loss":0,"event_name":"Living Wall","floor":0,"gold_loss":0,"cards_obtained":["White Noise"]},{"damage_healed":0,"gold_gain":75,"player_choice":"Gather Gold","damage_taken":11,"max_hp_gain":0,"max_hp_loss":0,"event_name":"World of Goop","floor":2,"gold_loss":0},{"damage_healed":0,"gold_gain":0,"player_choice":"Leave","damage_taken":0,"max_hp_gain":0,"max_hp_loss":0,"event_name":"conspire:Investor","floor":5,"gold_loss":0},{"damage_healed":0,"gold_gain":0,"player_choice":"Agree","damage_taken":0,"max_hp_gain":0,"max_hp_loss":0,"event_name":"conspire:LoneGhost","floor":7,"gold_loss":0}],"is_beta":false,"boss_relics":[],"items_purged_floors":[12],"is_endless":false,"potions_floor_spawned":[3,4,10,14],"killed_by":"Hexaghost","ascension_level":1}}