{"host":"g8ufh7m4frdlkxwv","time":1611302223,"event":{"mods":["AchievementEnabler","BaseMod","Colored Map","Dark Map","Minty Spire (QoL Compilation)","Relic Stats","StSLib","ojb\u0027s Info Mod"],"gold_per_floor":[116,116,116,140,65,106,106,140,140,184,184,208,208,283,283,377,377,390,390,410,424,349,389,403,434,434,474,488,523,544,567,567,662,662,680,680,699,699,718,718,758,758,758,774,788,813,846,144,144,144,144,144,144,93,126,126],"floor_reached":57,"language":"ENG","playtime":6297,"items_purged":["Defend_G","Strike_G"],"score":2999,"play_id":"d1ec0e8d-9180-41b4-87be-ab616ab0943c","local_time":"20210122085703","is_ascension_mode":true,"campfire_choices":[{"data":"Sucker Punch","floor":7.0,"key":"SMITH"},{"floor":11.0,"key":"REST"},{"data":"Terror","floor":13.0,"key":"SMITH"},{"floor":15.0,"key":"REST"},{"data":"Calculated Gamble","floor":32,"key":"SMITH"},{"data":"Blur","floor":40,"key":"SMITH"},{"floor":49,"key":"RECALL"},{"data":"Accuracy","floor":53,"key":"SMITH"}],"circlet_count":0,"master_deck":["AscendersBane","Strike_G","Strike_G","Defend_G","Defend_G","Defend_G","Survivor","Neutralize","All Out Attack","Tools of the Trade","Sucker Punch+1","Backflip","Calculated Gamble+1","Terror+1","Dagger Throw+1","After Image","Blade Dance+1","Dagger Throw","Reflex","PiercingWail+1","Backstab","Acrobatics","Blur+1","Well Laid Plans+1","Leg Sweep","Dash","Night Terror","CurseOfTheBell","Night Terror","After Image","Concentrate+1","Accuracy+1","Adrenaline","PiercingWail","Dodge and Roll+1"],"relics":["Ring of the Snake","Mango","Golden Idol","HornCleat","Pen Nib","Boot","Cursed Key","Bronze Scales","Whetstone","Nunchaku","Kunai","Calling Bell","Blood Vial","Meat on the Bone","Pocketwatch","Torii","Unceasing Top","ClockworkSouvenir","Mummified Hand","Bag of Marbles"],"acts_visited":["Exordium","TheCity","TheBeyond","TheEnding"],"potions_floor_usage":[44,46,55,56],"damage_taken":[{"damage":1.0,"enemies":"2 Louse","floor":1.0,"turns":5.0},{"damage":4.0,"enemies":"Cultist","floor":4.0,"turns":4.0},{"damage":24.0,"enemies":"Lagavulin","floor":6.0,"turns":8.0},{"damage":13.0,"enemies":"Gremlin Nob","floor":8.0,"turns":4.0},{"damage":23.0,"enemies":"Lagavulin","floor":10.0,"turns":8.0},{"damage":0.0,"enemies":"Jaw Worm","floor":12.0,"turns":3.0},{"damage":4.0,"enemies":"The Guardian","floor":16.0,"turns":14.0},{"damage":5.0,"enemies":"Spheric Guardian","floor":18.0,"turns":5.0},{"damage":1,"enemies":"3 Byrds","floor":20,"turns":4},{"damage":0,"enemies":"Cultist and Chosen","floor":21,"turns":4},{"damage":7,"enemies":"Gremlin Leader","floor":23,"turns":7},{"damage":1,"enemies":"Snake Plant","floor":24,"turns":3},{"damage":22,"enemies":"Slavers","floor":25,"turns":4},{"damage":3,"enemies":"Gremlin Leader","floor":27,"turns":4},{"damage":0,"enemies":"Centurion and Healer","floor":28,"turns":4},{"damage":5,"enemies":"Slavers","floor":29,"turns":4},{"damage":0,"enemies":"Snecko","floor":30,"turns":4},{"damage":0,"enemies":"Sentry and Sphere","floor":31,"turns":7},{"damage":0,"enemies":"Automaton","floor":33,"turns":11},{"damage":14,"enemies":"3 Darklings","floor":35,"turns":5},{"damage":6,"enemies":"Orb Walker","floor":37,"turns":4},{"damage":0,"enemies":"Maw","floor":39,"turns":8},{"damage":0,"enemies":"Nemesis","floor":41,"turns":7},{"damage":33,"enemies":"Spire Growth","floor":44,"turns":6},{"damage":1,"enemies":"Writhing Mass","floor":45,"turns":6},{"damage":0,"enemies":"Jaw Worm Horde","floor":46,"turns":6},{"damage":0,"enemies":"Giant Head","floor":47,"turns":6},{"damage":19,"enemies":"Donu and Deca","floor":50,"turns":11},{"damage":14,"enemies":"Awakened One","floor":51,"turns":16},{"damage":38,"enemies":"Shield and Spear","floor":55,"turns":9},{"damage":10,"enemies":"The Heart","floor":56,"turns":12}],"seed_played":"-1099342947589748254","potions_obtained":[{"floor":1.0,"key":"Strength Potion"},{"floor":4.0,"key":"ColorlessPotion"},{"floor":8.0,"key":"Energy Potion"},{"floor":10.0,"key":"Explosive Potion"},{"floor":24,"key":"GamblersBrew"},{"floor":25,"key":"AttackPotion"},{"floor":31,"key":"LiquidMemories"},{"floor":33,"key":"Regen Potion"},{"floor":44,"key":"Swift Potion"},{"floor":47,"key":"CunningPotion"}],"is_trial":false,"path_per_floor":["M","?","?","M","$","E","R","E","T","E","R","M","R","?","R","B",null,"M","?","M","M","?","E","M","E","T","E","M","E","M","M","R","B",null,"M","?","M","?","M","R","E","?","T","M","M","M","E","$","R","B","B",null,"R","$","E","B",null],"character_chosen":"THE_SILENT","items_purchased":["ClockworkSouvenir","Adrenaline","Mummified Hand","PiercingWail"],"campfire_rested":2,"item_purchase_floors":[48,48,48,54],"current_hp_per_floor":[72,67,67,63,63,39,39,26,26,3,23,23,23,12,32,28,57,52,67,66,66,66,59,58,36,36,33,33,28,28,28,28,28,57,45,45,41,41,43,43,45,45,45,41,42,44,46,46,46,41,41,61,61,61,37,41],"gold":126,"neow_bonus":"ONE_RARE_RELIC","is_daily":false,"chose_seed":false,"campfire_upgraded":5,"win_rate":0.0,"timestamp":1611302223,"path_taken":["M","?","?","M","$","E","R","E","T","E","R","?","R","?","R","BOSS","M","?","M","?","?","E","M","E","T","E","M","E","M","M","R","BOSS","M","?","M","?","M","R","E","?","T","?","M","M","E","$","R","BOSS","BOSS","R","$","E","BOSS"],"items_purchased_type":["Relic","Card","Relic","Card"],"build_version":"2020-12-22","purchased_purges":2,"victory":true,"max_hp_per_floor":[74,67,67,67,67,67,67,67,67,67,67,67,67,67,67,67,67,67,67,67,67,67,67,67,67,67,67,67,67,67,67,67,67,67,67,67,67,67,67,67,67,67,67,67,67,67,67,67,67,67,67,67,67,67,67,67],"relic_stats":{"Torii":14,"counters":[31,203],"Golden Idol":227,"Pen Nib":[72],"Whetstone":["Strike_G","Dagger Throw"],"Boot":[338],"Cursed Key":0,"Blood Vial":24,"Nunchaku":[55],"Mummified Hand":[37],"Bronze Scales":[531],"Kunai":[144],"obtain_stats":[{"Torii":41,"Golden Idol":2,"Mango":0,"Pen Nib":8,"Whetstone":25,"Boot":10,"Cursed Key":17,"ClockworkSouvenir":48,"Calling Bell":34,"Blood Vial":34,"Nunchaku":27,"HornCleat":6,"Mummified Hand":48,"Bronze Scales":23,"Bag of Marbles":55,"Kunai":29,"Unceasing Top":47,"Ring of the Snake":0,"Meat on the Bone":34,"Pocketwatch":34},{"Torii":23,"Golden Idol":1,"Mango":0,"Pen Nib":4,"Whetstone":13,"Boot":5,"Cursed Key":7,"ClockworkSouvenir":27,"Calling Bell":19,"Blood Vial":19,"Nunchaku":14,"HornCleat":3,"Mummified Hand":27,"Bronze Scales":11,"Bag of Marbles":30,"Kunai":16,"Unceasing Top":27,"Ring of the Snake":0,"Meat on the Bone":19,"Pocketwatch":19},{"Torii":131,"Golden Idol":5,"Mango":0,"Pen Nib":21,"Whetstone":73,"Boot":29,"Cursed Key":46,"ClockworkSouvenir":155,"Calling Bell":107,"Blood Vial":107,"Nunchaku":77,"HornCleat":17,"Mummified Hand":155,"Bronze Scales":66,"Bag of Marbles":191,"Kunai":85,"Unceasing Top":155,"Ring of the Snake":0,"Meat on the Bone":107,"Pocketwatch":107}],"Unceasing Top":[4],"Ring of the Snake":[62],"Meat on the Bone":60,"Pocketwatch":[26]},"card_choices":[{"not_picked":["Catalyst","Deflect"],"picked":"All Out Attack","floor":1.0},{"not_picked":["Blade Dance","Backflip"],"picked":"Sucker Punch","floor":4.0},{"not_picked":["Bane","Dodge and Roll"],"picked":"Backflip","floor":6.0},{"not_picked":["Quick Slash","Cloak And Dagger"],"picked":"Calculated Gamble","floor":8.0},{"not_picked":["Choke","Riddle With Holes"],"picked":"Terror","floor":10.0},{"not_picked":["Acrobatics","Quick Slash"],"picked":"Dagger Throw","floor":12.0},{"not_picked":["Adrenaline","Burst"],"picked":"After Image","floor":16.0},{"not_picked":["Calculated Gamble","Catalyst"],"picked":"Blade Dance+1","floor":18.0},{"not_picked":["Flying Knee","Bouncing Flask"],"picked":"Dagger Throw","floor":20},{"not_picked":["Backflip","Underhanded Strike"],"picked":"Reflex","floor":21},{"not_picked":["Bane","Predator","Outmaneuver"],"picked":"SKIP","floor":23},{"not_picked":["Backflip","Expertise"],"picked":"PiercingWail+1","floor":24},{"not_picked":["Dash","Backflip"],"picked":"Backstab","floor":25},{"not_picked":["Dash","Reflex"],"picked":"Acrobatics","floor":27},{"not_picked":["Deflect","Caltrops"],"picked":"Blur","floor":28},{"not_picked":["Blade Dance","Dagger Throw"],"picked":"Well Laid Plans+1","floor":29},{"not_picked":["PiercingWail","Bane"],"picked":"Leg Sweep","floor":30},{"not_picked":["Poisoned Stab","Dash","Footwork"],"picked":"SKIP","floor":31},{"not_picked":["Poisoned Stab","Footwork"],"picked":"Dash","floor":31},{"not_picked":["Bullet Time","A Thousand Cuts"],"picked":"Night Terror","floor":33},{"not_picked":["Poisoned Stab","Slice+1","Backstab"],"picked":"SKIP","floor":35},{"not_picked":["Outmaneuver","Leg Sweep+1","Distraction"],"picked":"SKIP","floor":37},{"not_picked":["Eviscerate","Poisoned Stab+1"],"picked":"Night Terror","floor":39},{"not_picked":["Sucker Punch","Glass Knife","Acrobatics+1"],"picked":"SKIP","floor":41},{"not_picked":["Bane","Crippling Poison"],"picked":"Concentrate+1","floor":44},{"not_picked":["Dagger Spray+1","Choke","Dash+1"],"picked":"SKIP","floor":45},{"not_picked":["Heel Hook","Noxious Fumes","Predator"],"picked":"SKIP","floor":46},{"not_picked":["Heel Hook","Noxious Fumes","Predator"],"picked":"SKIP","floor":46},{"not_picked":["Quick Slash","Well Laid Plans+1"],"picked":"Accuracy","floor":47},{"not_picked":["All Out Attack","Deadly Poison"],"picked":"Dodge and Roll+1","floor":55}],"player_experience":1071625,"relics_obtained":[{"floor":6.0,"key":"HornCleat"},{"floor":8.0,"key":"Pen Nib"},{"floor":10.0,"key":"Boot"},{"floor":23,"key":"Bronze Scales"},{"floor":25,"key":"Whetstone"},{"floor":27,"key":"Nunchaku"},{"floor":29,"key":"Kunai"},{"floor":34,"key":"Blood Vial"},{"floor":34,"key":"Meat on the Bone"},{"floor":34,"key":"Pocketwatch"},{"floor":41,"key":"Torii"},{"floor":47,"key":"Unceasing Top"},{"floor":55,"key":"Bag of Marbles"}],"event_choices":[{"damage_healed":0.0,"max_hp_gain":0.0,"max_hp_loss":7.0,"gold_gain":0.0,"event_name":"Golden Idol","player_choice":"Lose Max HP","floor":2.0,"gold_loss":0.0,"damage_taken":0.0,"relics_obtained":["Golden Idol"]},{"damage_healed":0.0,"max_hp_gain":0.0,"max_hp_loss":0.0,"gold_gain":0.0,"cards_transformed":["Strike_G"],"event_name":"Transmorgrifier","player_choice":"Transformed","floor":3.0,"gold_loss":0.0,"damage_taken":0.0,"cards_obtained":["Tools of the Trade"]},{"damage_healed":0.0,"max_hp_gain":0.0,"max_hp_loss":0.0,"gold_gain":75.0,"event_name":"World of Goop","player_choice":"Gather Gold","floor":14.0,"gold_loss":0.0,"damage_taken":11.0},{"damage_healed":15.0,"max_hp_gain":0.0,"max_hp_loss":0.0,"gold_gain":0.0,"event_name":"Wheel of Change","player_choice":"Full Heal","floor":19.0,"gold_loss":0.0,"damage_taken":0.0},{"cards_removed":["Defend_G"],"damage_healed":0,"gold_gain":0,"player_choice":"Gave Gold","damage_taken":0,"max_hp_gain":0,"max_hp_loss":0,"event_name":"Beggar","floor":22,"gold_loss":75},{"cards_removed":["Strike_G"],"damage_healed":0,"gold_gain":0,"player_choice":"Removed Attack","damage_taken":0,"max_hp_gain":0,"max_hp_loss":0,"event_name":"Falling","floor":36,"gold_loss":0},{"damage_healed":0,"gold_gain":0,"player_choice":"Ignored","damage_taken":0,"max_hp_gain":0,"max_hp_loss":0,"event_name":"Tomb of Lord Red Mask","floor":38,"gold_loss":0},{"damage_healed":0,"gold_gain":0,"player_choice":"Copied","damage_taken":0,"max_hp_gain":0,"max_hp_loss":0,"event_name":"Duplicator","floor":42,"gold_loss":0,"cards_obtained":["After Image"]}],"is_beta":false,"boss_relics":[{"not_picked":["Ectoplasm","Black Star"],"picked":"Cursed Key"},{"not_picked":["SacredBark","Runic Dome"],"picked":"Calling Bell"}],"items_purged_floors":[5,48],"is_endless":false,"potions_floor_spawned":[1,4,8,10,24,25,28,29,31,33,37,44,47],"ascension_level":20}}