{"host":"tpad8qsc9e0g0pa5","time":1611321684,"event":{"mods":["BaseMod","Minty Spire (QoL Compilation)","Quick Restart","StSLib","The Cursed"],"gold_per_floor":[116,66,66,66,66,66,66,66,89,89,104,169,169,244,244,339,339,358,457,457,3,3,3,278,12,39,39,39,53,53,53,53,158,158,175,192,242,242,262,262,305,327,380,389,389,389,419,445,445,445],"floor_reached":51,"language":"ZHS","playtime":2137,"items_purged":["Regret"],"score":858,"play_id":"bf143539-e9d2-44ee-84ef-e233ceb6ac94","local_time":"20210122212124","daily_mods":["Draft","Flight"],"is_ascension_mode":false,"campfire_choices":[{"floor":6.0,"key":"REST"},{"data":"Scrape","floor":8.0,"key":"SMITH"},{"data":"Double Energy","floor":10.0,"key":"SMITH"},{"data":"Double Energy","floor":13.0,"key":"SMITH"},{"data":"Aggregate","floor":15.0,"key":"SMITH"},{"data":"Turbo","floor":23.0,"key":"SMITH"},{"data":"Seek","floor":27.0,"key":"SMITH"},{"data":"Heatsinks","floor":28.0,"key":"SMITH"},{"data":"FTL","floor":32.0,"key":"SMITH"},{"data":"Skim","floor":40,"key":"SMITH"},{"data":"Seek","floor":45,"key":"SMITH"},{"data":"White Noise","floor":46,"key":"SMITH"},{"data":"All For One","floor":49,"key":"SMITH"}],"circlet_count":0,"master_deck":["Turbo","Go for the Eyes","Double Energy+1","Aggregate+1","Steam","Redo+1","FTL+1","Steam","Sweeping Beam","White Noise+1","Double Energy+1","Scrape+1","Turbo+1","Streamline+1","Stack","Electrodynamics","Beam Cell","Seek+1","Heatsinks+1","All For One+1","Beam Cell","White Noise+1","Hologram+1","Skim+1","Gash","Seek+1","Finesse","Scrape+1"],"relics":["Unceasing Top","Darkstone Periapt","Ice Cream","Oddly Smooth Stone","Symbiotic Virus","Nuclear Battery","MutagenicStrength","Medical Kit","Centennial Puzzle","Ancient Tea Set","Bag of Marbles","Bag of Preparation","Black Star","Gambling Chip","CeramicFish","DataDisk","Nunchaku","Potion Belt","Blood Vial"],"acts_visited":["Exordium","TheCity","TheBeyond"],"potions_floor_usage":[],"damage_taken":[{"damage":0.0,"enemies":"Cultist","floor":1.0,"turns":3.0},{"damage":0.0,"enemies":"Jaw Worm","floor":11.0,"turns":1.0},{"damage":13.0,"enemies":"3 Sentries","floor":12.0,"turns":5.0},{"damage":15.0,"enemies":"Hexaghost","floor":16.0,"turns":5.0},{"damage":0.0,"enemies":"Shell Parasite","floor":18.0,"turns":2.0},{"damage":0.0,"enemies":"Chosen","floor":29.0,"turns":1.0},{"damage":0.0,"enemies":"Collector","floor":33.0,"turns":1.0},{"damage":0,"enemies":"3 Shapes","floor":35,"turns":1},{"damage":0,"enemies":"Orb Walker","floor":36,"turns":1},{"damage":0,"enemies":"Mind Bloom Boss Battle","floor":37,"turns":2},{"damage":0,"enemies":"Writhing Mass","floor":39,"turns":1},{"damage":0,"enemies":"Giant Head","floor":41,"turns":1},{"damage":0,"enemies":"Jaw Worm Horde","floor":42,"turns":1},{"damage":0,"enemies":"Nemesis","floor":47,"turns":1},{"damage":0,"enemies":"Maw","floor":48,"turns":1},{"damage":64,"enemies":"Time Eater","floor":50,"turns":7}],"seed_played":"-1765205358667357385","potions_obtained":[{"floor":16.0,"key":"Swift Potion"},{"floor":33.0,"key":"Weak Potion"},{"floor":35,"key":"SteroidPotion"},{"floor":36,"key":"SpeedPotion"},{"floor":47,"key":"BlessingOfTheForge"}],"is_trial":true,"path_per_floor":["M","?","?","?","T","R","?","R","T","R","M","?","R","?","R","B",null,"M","?","?","$","?","R","?","$","T","R","R","M","?","$","R","B",null,"M","M","?","?","M","R","E","M","T","?","R","R","E","M","R","B",null],"character_chosen":"DEFECT","items_purchased":["Medical Kit","Centennial Puzzle","Ancient Tea Set","Seek","Heatsinks"],"campfire_rested":1,"item_purchase_floors":[21,21,21,25,25],"current_hp_per_floor":[75,75,60,35,35,57,62,62,62,62,62,49,49,38,38,23,75,75,75,75,75,81,81,87,87,87,87,87,87,87,87,87,87,87,87,87,87,83,83,83,83,83,83,83,83,83,83,83,83,19],"gold":445,"neow_bonus":"","is_daily":false,"chose_seed":false,"campfire_upgraded":12,"win_rate":0.0,"timestamp":1611321684,"path_taken":["M","?","?","?","?","R","?","R","T","R","?","?","R","?","R","BOSS","M","?","?","$","?","R","?","$","T","R","R","?","?","?","R","BOSS","M","?","?","?","M","R","E","M","T","?","R","R","E","M","R","BOSS"],"items_purchased_type":["Relic","Relic","Relic","Card","Card"],"build_version":"2020-12-22","purchased_purges":1,"victory":true,"max_hp_per_floor":[75,75,75,75,75,75,75,75,75,75,75,75,75,75,75,75,75,75,75,75,75,81,81,87,87,87,87,87,87,87,87,87,87,87,87,87,87,83,83,83,83,83,83,83,83,83,83,83,83,83],"card_choices":[{"not_picked":["Go for the Eyes","Beam Cell"],"picked":"Turbo","floor":0.0},{"not_picked":["BootSequence","Reinforced Body"],"picked":"Go for the Eyes","floor":0.0},{"not_picked":["Sweeping Beam","Reinforced Body"],"picked":"Double Energy","floor":0.0},{"not_picked":["Melter","Redo"],"picked":"Aggregate","floor":0.0},{"not_picked":["Ball Lightning","Streamline"],"picked":"Steam","floor":0.0},{"not_picked":["Leap","Darkness"],"picked":"Redo","floor":0.0},{"not_picked":["Auto Shields","Blizzard"],"picked":"FTL","floor":0.0},{"not_picked":["Barrage","Capacitor"],"picked":"Steam","floor":0.0},{"not_picked":["Compile Driver","Coolheaded"],"picked":"Sweeping Beam","floor":0.0},{"not_picked":["Barrage","Reinforced Body"],"picked":"White Noise","floor":0.0},{"not_picked":["Beam Cell","Go for the Eyes"],"picked":"Double Energy","floor":0.0},{"not_picked":["Consume","Rebound"],"picked":"Undo","floor":0.0},{"not_picked":["Stack","Defragment"],"picked":"Scrape","floor":0.0},{"not_picked":["Conserve Battery","Barrage"],"picked":"Turbo","floor":0.0},{"not_picked":["Ball Lightning","Rip and Tear"],"picked":"Streamline","floor":0.0},{"not_picked":["Ball Lightning","Stack"],"picked":"Go for the Eyes","floor":1.0},{"not_picked":["Blizzard","Ball Lightning","Conserve Battery"],"picked":"SKIP","floor":11.0},{"not_picked":["Glacier","Creative AI"],"picked":"Stack","floor":12.0},{"not_picked":["Echo Form","Core Surge"],"picked":"Electrodynamics","floor":16.0},{"not_picked":["Undo+1","Blizzard+1"],"picked":"Beam Cell","floor":18.0},{"not_picked":["Cold Snap","Doom and Gloom","Ball Lightning"],"picked":"SKIP","floor":29.0},{"not_picked":["Rainbow","Creative AI"],"picked":"All For One","floor":33.0},{"not_picked":["Aggregate+1","Go for the Eyes"],"picked":"Beam Cell","floor":35},{"not_picked":["Scrape+1","Gash+1"],"picked":"White Noise+1","floor":36},{"not_picked":["Steam+1","Rip and Tear"],"picked":"Hologram+1","floor":37},{"not_picked":["Echo Form","Sweeping Beam+1"],"picked":"Skim","floor":39},{"not_picked":["Redo","Stack+1"],"picked":"Gash","floor":41},{"not_picked":["Auto Shields+1","Cold Snap"],"picked":"Seek","floor":42},{"not_picked":["Secret Technique","Bandage Up"],"picked":"Finesse","floor":44},{"not_picked":["Aggregate+1","Streamline","Doom and Gloom"],"picked":"SKIP","floor":47},{"not_picked":["Coolheaded+1","Ball Lightning+1"],"picked":"Scrape+1","floor":48}],"player_experience":220025,"relics_obtained":[{"floor":5.0,"key":"Ice Cream"},{"floor":9.0,"key":"Oddly Smooth Stone"},{"floor":12.0,"key":"Symbiotic Virus"},{"floor":26.0,"key":"Bag of Preparation"},{"floor":37,"key":"Gambling Chip"},{"floor":41,"key":"CeramicFish"},{"floor":41,"key":"DataDisk"},{"floor":43,"key":"Nunchaku"},{"floor":47,"key":"Potion Belt"},{"floor":47,"key":"Blood Vial"}],"event_choices":[{"cards_removed":["Undo"],"damage_healed":0.0,"max_hp_gain":0.0,"max_hp_loss":0.0,"gold_gain":0.0,"event_name":"The Cleric","player_choice":"Card Removal","floor":2.0,"gold_loss":50.0,"damage_taken":0.0},{"damage_healed":0.0,"max_hp_gain":0.0,"max_hp_loss":0.0,"gold_gain":0.0,"event_name":"Shining Light","player_choice":"Entered Light","floor":3.0,"gold_loss":0.0,"damage_taken":15.0,"cards_upgraded":["Redo","Streamline"]},{"damage_healed":0.0,"max_hp_gain":0.0,"max_hp_loss":0.0,"gold_gain":0.0,"event_name":"Scrap Ooze","player_choice":"Success","floor":4.0,"gold_loss":0.0,"damage_taken":25.0,"relics_obtained":["Darkstone Periapt"]},{"cards_removed":["Go for the Eyes"],"damage_healed":5.0,"max_hp_gain":0.0,"max_hp_loss":0.0,"gold_gain":0.0,"event_name":"Bonfire Elementals","player_choice":"Offered Common","floor":7.0,"gold_loss":0.0,"damage_taken":0.0},{"cards_removed":["Go for the Eyes"],"damage_healed":5.0,"max_hp_gain":0.0,"max_hp_loss":0.0,"gold_gain":0.0,"event_name":"Bonfire Elementals","player_choice":"Offered Special","floor":7.0,"gold_loss":0.0,"damage_taken":0.0},{"damage_healed":0.0,"max_hp_gain":0.0,"max_hp_loss":0.0,"gold_gain":30.0,"event_name":"Dead Adventurer","player_choice":"Searched \u00272\u0027 times","floor":12.0,"gold_loss":0.0,"damage_taken":0.0},{"damage_healed":0.0,"max_hp_gain":0.0,"max_hp_loss":0.0,"gold_gain":75.0,"event_name":"World of Goop","player_choice":"Gather Gold","floor":14.0,"gold_loss":0.0,"damage_taken":11.0},{"damage_healed":0.0,"max_hp_gain":0.0,"max_hp_loss":0.0,"gold_gain":99.0,"event_name":"Nest","player_choice":"Stole From Cult","floor":19.0,"gold_loss":0.0,"damage_taken":0.0},{"damage_healed":0.0,"max_hp_gain":0.0,"max_hp_loss":0.0,"gold_gain":0.0,"event_name":"Drug Dealer","player_choice":"Inject Mutagens","floor":20.0,"gold_loss":0.0,"damage_taken":0.0,"relics_obtained":["MutagenicStrength"]},{"damage_healed":0.0,"max_hp_gain":0.0,"max_hp_loss":0.0,"gold_gain":0.0,"event_name":"The Mausoleum","player_choice":"Opened","floor":22.0,"gold_loss":0.0,"damage_taken":0.0,"relics_obtained":["Bag of Marbles"],"cards_obtained":["Writhe"]},{"damage_healed":0.0,"max_hp_gain":0.0,"max_hp_loss":0.0,"gold_gain":275.0,"event_name":"Golden Shrine","player_choice":"Desecrate","floor":24.0,"gold_loss":0.0,"damage_taken":0.0,"cards_obtained":["Regret"]},{"cards_removed":["Writhe"],"damage_healed":0.0,"max_hp_gain":0.0,"max_hp_loss":0.0,"gold_gain":0.0,"event_name":"Back to Basics","player_choice":"Elegance","floor":30.0,"gold_loss":0.0,"damage_taken":0.0},{"damage_healed":0,"gold_gain":0,"player_choice":"Fight","damage_taken":0,"max_hp_gain":0,"max_hp_loss":0,"event_name":"MindBloom","floor":37,"gold_loss":0},{"damage_healed":0,"gold_gain":0,"player_choice":"Max HP","damage_taken":0,"max_hp_gain":0,"max_hp_loss":4,"event_name":"Winding Halls","floor":38,"gold_loss":0},{"damage_healed":0,"gold_gain":0,"player_choice":"Memory 1","damage_taken":0,"max_hp_gain":0,"max_hp_loss":0,"event_name":"SensoryStone","floor":44,"gold_loss":0}],"is_beta":false,"boss_relics":[{"not_picked":["Cursed Key","Calling Bell"],"picked":"Nuclear Battery"},{"not_picked":["Snecko Eye","Coffee Dripper"],"picked":"Black Star"}],"items_purged_floors":[25],"is_endless":false,"potions_floor_spawned":[16,33,35,36,47],"ascension_level":0}}