{"host":"u7y9frlpoazak2mn","time":1611285628,"event":{"mods":["AchievementEnabler","Act Like it!","Alarm Clock","Aspiration","Astrologer","BaseMod","Beaked The Cultist","Better Altar","Better Match","Better Note","Better Sensory Stone","Better Skull","Better Third Choice","CCEM","Chen","Colored Map","Colored Powertips","Conspire","Curses Come First","Displayed Cursed Tome","Energized Spire","Fox Events","Friendly Minions","Gensokyo","GifTheSpireLib","Glutton Mod","Halation","Hallownest","Hermit","Hubris","Infinite Spire","Jedi Mod","KinomotoSakuraMod(????)","Koishi","Marisa????????","Mimic Mod","Minty Spire (QoL Compilation)","Pale of the Ancients","Prisma Mod","Quarter Circle Forward PUNCH!","Quick Restart","Random Character Button","Rare Cards Sparkle","Relic Stats","Remilia??????","Replay The Spire","Retaliation","Spicy Shops","Spikes Relics","StS++","StSLib","Stuff the Spire","TestMod","The Administrix","The Blue Laboratory","The Bug Knight","The Construct","The Cursed","The Factory","The Forsaken","The Juggle","The Jungle","The Marked","The Servant 0.9.4","Trackpad","Waifu the Spire","Wandering Minibosses","Wide Potions","Yuri Mod","vexMod"],"gold_per_floor":[117,67,67,142,217,217,231,229,229,239,248,29,829,863,863,958,958,968,983,701,701,721,721,732,732,732,732,732,547,132,142,142,237,237,254,202,212,212,212,212],"floor_reached":39,"language":"ENG","playtime":2087,"items_purged":["Defend_P","Strike_P"],"score":446,"play_id":"f1fd699d-45a5-4a11-b4d8-231d0f43fc3c","local_time":"20210121222028","is_ascension_mode":false,"campfire_choices":[{"floor":6,"key":"REST"},{"floor":15,"key":"REST"},{"data":"theForsaken:DarkBarrier","floor":23,"key":"SMITH"},{"data":"TheCursedMod:CircleOfCorruption","floor":25,"key":"SMITH"},{"data":"testmod-Illusory","floor":27,"key":"SMITH"},{"floor":32,"key":"REST"}],"circlet_count":0,"master_deck":["Strike_P","Strike_P","Eruption","Vigilance","StSpp:Chanting","Apotheosis+1","Meditate","Vengeance","StSpp:Chanting","LikeWater+1","hermit:HighNoon","testmod-Illusory+1","Blade Dance","Devotion+1","theForsaken:DarkBarrier+1","TheCursedMod:CircleOfCorruption+1","LikeWater","Secret Technique+1","yuri:TPose+1","construct:Construct_Overclock+1"],"relics":["HolyWater","testmod-TestBox","aspiration:Nostalgia","theMarked:ArtifactOfAir","StuffTheSpire:EmeraldSignet","PrismaticShard","wanderingMiniBosses:MasterThiefsPresence","vexMod:PaidLearning","Tiny Chest","theJungle:SpiritDisease","theJungle:Creamberry","Bronze Scales","Honey Jar","halation:Diary"],"acts_visited":["Exordium","Exordium","TheBeyond"],"potions_floor_usage":[11,11,19,39,39],"damage_taken":[{"damage":4,"enemies":"Jaw Worm","floor":1,"turns":5},{"damage":0,"enemies":"Small Slimes","floor":7,"turns":2},{"damage":6,"enemies":"Cultist","floor":8,"turns":6},{"damage":2,"enemies":"Blue Slaver","floor":10,"turns":3},{"damage":10,"enemies":"Exordium Thugs","floor":11,"turns":2},{"damage":14,"enemies":"3 Louse","floor":13,"turns":5},{"damage":0,"enemies":"2 Fungi Beasts","floor":14,"turns":3},{"damage":4,"enemies":"Slime Boss","floor":16,"turns":5},{"damage":0,"enemies":"theJungle:GiantWrat","floor":18,"turns":4},{"damage":6,"enemies":"theJungle:MUSHROOMGANG","floor":19,"turns":3},{"damage":3,"enemies":"theJungle:Lyon","floor":22,"turns":3},{"damage":8,"enemies":"Snake Plant","floor":24,"turns":3},{"damage":20,"enemies":"theJungle:JungleHuntersEncounter","floor":31,"turns":3},{"damage":0,"enemies":"theJungle:QueenSpyder","floor":33,"turns":6},{"damage":0,"enemies":"Orb Walker","floor":35,"turns":2},{"damage":4,"enemies":"3 Shapes","floor":37,"turns":2},{"damage":73,"enemies":"Replay:Hell Engine","floor":39,"turns":9}],"seed_played":"4232507204939313995","potions_obtained":[{"floor":7,"key":"blueLaboratory:BubblePotion"},{"floor":8,"key":"blueLaboratory:PressurePotion"},{"floor":11,"key":"blueLaboratory:NullPotion"},{"floor":24,"key":"blueLaboratory:HorrorPotion"},{"floor":31,"key":"Adrenaline Potion"}],"is_trial":false,"path_per_floor":["M","?","?","?","?","R","M","M","T","M","M","$","M","MIM","R","B",null,"M","M","$","?","M","R","M","R","T","R","?","?","$","M","R","B",null,"M","$","M","?","B"],"character_chosen":"WATCHER","items_purchased":["PrismaticShard","Devotion","vexMod:PaidLearning","LikeWater","Bronze Scales","halation:Diary"],"campfire_rested":3,"item_purchase_floors":[12,20,20,30,30,36],"current_hp_per_floor":[68,68,68,57,50,71,71,65,65,65,57,57,43,43,64,60,72,72,66,66,66,65,65,59,59,59,59,59,59,59,39,60,60,72,72,72,68,68,0,0],"gold":212,"neow_bonus":"NOSTALGIA","is_daily":false,"chose_seed":false,"campfire_upgraded":3,"win_rate":0.0,"timestamp":1611285628,"path_taken":["M","?","?","?","?","R","M","M","T","M","?","$","M","?","R","BOSS","M","M","$","?","?","R","M","R","T","R","?","?","$","M","R","BOSS","M","$","M","?","BOSS"],"items_purchased_type":["Relic","Card","Relic","Card","Relic","Relic"],"build_version":"2020-12-22","purchased_purges":2,"victory":false,"max_hp_per_floor":[72,72,72,72,72,72,72,72,72,72,72,72,72,72,72,72,72,72,72,72,72,72,72,72,72,72,72,72,72,72,72,72,72,72,72,72,72,72,72,72],"relic_stats":{"counters":[17,66],"Bronze Scales":[52],"Tiny Chest":0,"obtain_stats":[{"halation:Diary":36,"testmod-TestBox":0,"aspiration:Nostalgia":0,"wanderingMiniBosses:MasterThiefsPresence":13,"StuffTheSpire:EmeraldSignet":9,"vexMod:PaidLearning":20,"theJungle:SpiritDisease":28,"theJungle:Creamberry":29,"PrismaticShard":12,"theMarked:ArtifactOfAir":0,"Bronze Scales":30,"HolyWater":17,"Honey Jar":34,"Tiny Chest":26,"PureWater":0},{"halation:Diary":15,"testmod-TestBox":0,"aspiration:Nostalgia":0,"wanderingMiniBosses:MasterThiefsPresence":6,"StuffTheSpire:EmeraldSignet":3,"vexMod:PaidLearning":10,"theJungle:SpiritDisease":12,"theJungle:Creamberry":12,"PrismaticShard":5,"theMarked:ArtifactOfAir":0,"Bronze Scales":12,"HolyWater":8,"Honey Jar":14,"Tiny Chest":12,"PureWater":0},{"halation:Diary":55,"testmod-TestBox":0,"aspiration:Nostalgia":0,"wanderingMiniBosses:MasterThiefsPresence":23,"StuffTheSpire:EmeraldSignet":13,"vexMod:PaidLearning":38,"theJungle:SpiritDisease":44,"theJungle:Creamberry":44,"PrismaticShard":18,"theMarked:ArtifactOfAir":0,"Bronze Scales":44,"HolyWater":31,"Honey Jar":53,"Tiny Chest":44,"PureWater":0}]},"card_choices":[{"not_picked":["FlyingSleeves","ThirdEye"],"picked":"StSpp:Chanting","floor":1},{"not_picked":["JustLucky","StSpp:LatentStrike"],"picked":"Meditate","floor":7},{"not_picked":["Replay:ManipulateFuture","Fasting2"],"picked":"Vengeance","floor":8},{"not_picked":["StSpp:Renounce","Replay:AtTheReady"],"picked":"StSpp:Chanting","floor":10},{"not_picked":["Meditate","BowlingBash"],"picked":"LikeWater","floor":11},{"not_picked":["construct:Zapper","theMarked:Improvise","TheCursedMod:TroublousMinions"],"picked":"SKIP","floor":13},{"not_picked":["jedi:pocketpoison","Redo"],"picked":"hermit:HighNoon","floor":14},{"not_picked":["PrismaMod:IllyaInstallCaster","Mayhem"],"picked":"testmod-Illusory","floor":16},{"not_picked":["theForsaken:Preservation","Leap","construct:Forcefield"],"picked":"SKIP","floor":18},{"not_picked":["theForsaken:Preservation","Leap","construct:Forcefield"],"picked":"SKIP","floor":18},{"not_picked":["Redo","jugglermod: Cascade"],"picked":"Blade Dance","floor":19},{"not_picked":["jugglermod: ImpactWeight","StuffTheSpire:ClusterCrunch"],"picked":"theForsaken:DarkBarrier","floor":22},{"not_picked":["StSpp:Sprint","RefreshScreen"],"picked":"TheCursedMod:CircleOfCorruption","floor":24},{"not_picked":["construct:Reinforce","PrismaMod:IllyaGun"],"picked":"Secret Technique+1","floor":31},{"not_picked":["StuffTheSpire:RockThrow","AdministrixMod:DiversionaryTactic+1","ClowCardTheSweet+1"],"picked":"yuri:TPose+1","floor":35},{"not_picked":["theForsaken:ShieldCharge","theForsaken:PowerUp","TheCursedMod:CursedMace"],"picked":"construct:Construct_Overclock+1","floor":37}],"player_experience":343784,"relics_obtained":[{"floor":9,"key":"StuffTheSpire:EmeraldSignet"},{"floor":13,"key":"wanderingMiniBosses:MasterThiefsPresence"},{"floor":26,"key":"Tiny Chest"}],"event_choices":[{"cards_removed":["Strike_P"],"damage_healed":0,"gold_gain":0,"player_choice":"Card Removal","damage_taken":0,"max_hp_gain":0,"max_hp_loss":0,"event_name":"The Cleric","floor":2,"gold_loss":50},{"damage_healed":68,"gold_gain":0,"player_choice":"Embrace","damage_taken":0,"max_hp_gain":0,"max_hp_loss":72,"event_name":"betterThird:BetterShining","floor":3,"gold_loss":0},{"damage_healed":0,"gold_gain":75,"player_choice":"Gold","damage_taken":11,"max_hp_gain":0,"max_hp_loss":0,"event_name":"betterThird:BetterGoop","floor":4,"gold_loss":0},{"damage_healed":0,"gold_gain":75,"player_choice":"Touch","damage_taken":7,"max_hp_gain":0,"max_hp_loss":0,"event_name":"FaceTrader","floor":5,"gold_loss":0},{"damage_healed":0,"gold_gain":0,"player_choice":"Ignored","damage_taken":0,"max_hp_gain":0,"max_hp_loss":0,"event_name":"betterNote:BetterNote","floor":21,"gold_loss":0,"cards_obtained":["Potential"]},{"damage_healed":0,"gold_gain":0,"player_choice":"Portal","damage_taken":0,"max_hp_gain":0,"max_hp_loss":0,"event_name":"betterThird:BetterPortal","floor":38,"gold_loss":0}],"is_beta":false,"boss_relics":[{"not_picked":["Sozu","halation:PlatinumPhoenix"],"picked":"HolyWater"},{"not_picked":["construct:ClawGrip","CCEMRelics:GreenEgg"],"picked":"Honey Jar"}],"items_purged_floors":[12,30],"is_endless":false,"potions_floor_spawned":[7,8,11,24,31,33],"killed_by":"Replay:Hell Engine","ascension_level":0}}