{"host":"1tl36azeqm6yhdgj","time":1611282819,"event":{"mods":["AchievementEnabler","BaseMod","Minty Spire (QoL Compilation)","StSLib","The IronCluck","everything is the same but u backflip on backflip"],"gold_per_floor":[112,112,126,143,15,43,43,54,78,96,21,21,21,49,49,126,126,137,137,137,155,155,155,188,188,188,204,204,204],"floor_reached":28,"language":"ENG","playtime":741,"items_purged":["Pain"],"score":492,"play_id":"e2552dc2-a566-42b7-963b-1476c3ccc2d5","local_time":"20210121213339","is_ascension_mode":true,"campfire_choices":[{"data":"Headbutt","floor":7.0,"key":"SMITH"},{"floor":13.0,"key":"RECALL"},{"data":"Flame Barrier","floor":15.0,"key":"SMITH"},{"floor":23.0,"key":"REST"},{"floor":25.0,"key":"REST"}],"circlet_count":0,"master_deck":["AscendersBane","Strike_R","Defend_R","Defend_R","Defend_R","Bash","Flame Barrier+1","Anger","Headbutt+1","Carnage","Dropkick","Juggernaut","Flex","Feel No Pain","Demon Form","Burning Pact","Reaper","Double Tap","Disarm","Decay","Immolate"],"relics":["Burning Blood","WarpedTongs","MealTicket","Blood Vial","Empty Cage","Regal Pillow","Molten Egg 2"],"acts_visited":["Exordium","TheCity"],"potions_floor_usage":[],"damage_taken":[{"damage":5.0,"enemies":"2 Louse","floor":1.0,"turns":4.0},{"damage":3.0,"enemies":"Cultist","floor":3.0,"turns":2.0},{"damage":6.0,"enemies":"Jaw Worm","floor":4.0,"turns":3.0},{"damage":24.0,"enemies":"Lagavulin","floor":6.0,"turns":7.0},{"damage":0.0,"enemies":"Exordium Wildlife","floor":8.0,"turns":3.0},{"damage":3.0,"enemies":"Looter","floor":10.0,"turns":2.0},{"damage":29.0,"enemies":"3 Sentries","floor":14.0,"turns":8.0},{"damage":52.0,"enemies":"Hexaghost","floor":16.0,"turns":10.0},{"damage":18.0,"enemies":"2 Thieves","floor":18.0,"turns":4.0},{"damage":1.0,"enemies":"3 Byrds","floor":21.0,"turns":5.0},{"damage":73.0,"enemies":"Book of Stabbing","floor":24.0,"turns":6.0},{"damage":29.0,"enemies":"Snake Plant","floor":27.0,"turns":4.0},{"damage":46,"enemies":"Cultist and Chosen","floor":28,"turns":4}],"seed_played":"-6706208829148177048","potions_obtained":[{"floor":4.0,"key":"FairyPotion"},{"floor":14.0,"key":"Swift Potion"},{"floor":16.0,"key":"Energy Potion"}],"is_trial":false,"path_per_floor":["M","?","M","M","$","E","R","M","T","M","?","$","R","E","R","B",null,"M","?","?","M","?","R","E","R","T","M","M"],"character_chosen":"IRONCLAD","items_purchased":["Fire Potion"],"campfire_rested":2,"item_purchase_floors":[5],"current_hp_per_floor":[69,69,72,72,72,54,54,60,60,63,63,75,75,52,52,8,58,48,48,27,34,34,58,20,59,59,41,0,0],"gold":204,"neow_bonus":"THREE_CARDS","is_daily":false,"chose_seed":false,"campfire_upgraded":2,"win_rate":0.0,"timestamp":1611282819,"path_taken":["M","?","M","M","$","E","R","M","T","?","?","?","R","E","R","BOSS","M","?","?","M","?","R","E","R","T","M","?"],"items_purchased_type":["Potion"],"build_version":"2020-12-22","purchased_purges":1,"victory":false,"max_hp_per_floor":[75,75,75,75,75,75,75,75,75,75,75,75,75,75,75,75,75,75,75,80,80,80,80,80,80,80,80,80,80],"card_choices":[{"not_picked":["Anger","Headbutt"],"picked":"Flame Barrier","floor":0.0},{"not_picked":["Armaments","Wild Strike"],"picked":"Anger","floor":1.0},{"not_picked":["Twin Strike","Armaments"],"picked":"Headbutt","floor":3.0},{"not_picked":["Clothesline","Headbutt"],"picked":"Carnage","floor":4.0},{"not_picked":["Heavy Blade","Wild Strike"],"picked":"Dropkick","floor":6.0},{"not_picked":["Pummel","Flex"],"picked":"Juggernaut","floor":8.0},{"not_picked":["Havoc","Flame Barrier"],"picked":"Flex","floor":10.0},{"not_picked":["Iron Wave","Intimidate"],"picked":"Feel No Pain","floor":14.0},{"not_picked":["Limit Break","Exhume"],"picked":"Demon Form","floor":16.0},{"not_picked":["Clothesline","Blood for Blood"],"picked":"Burning Pact","floor":18.0},{"not_picked":["Armaments","Wild Strike"],"picked":"Disarm","floor":21.0},{"not_picked":["Heavy Blade","Clothesline"],"picked":"Immolate","floor":24.0},{"not_picked":["Anger+1","Headbutt+1","Burning Pact"],"picked":"SKIP","floor":27.0}],"player_experience":2015954,"relics_obtained":[{"floor":6.0,"key":"MealTicket"},{"floor":14.0,"key":"Blood Vial"},{"floor":24.0,"key":"Regal Pillow"},{"floor":26.0,"key":"Molten Egg 2"}],"event_choices":[{"damage_healed":0.0,"max_hp_gain":0.0,"max_hp_loss":0.0,"gold_gain":0.0,"event_name":"Accursed Blacksmith","player_choice":"Rummage","floor":2.0,"gold_loss":0.0,"damage_taken":0.0,"relics_obtained":["WarpedTongs"],"cards_obtained":["Pain"]},{"cards_removed":["Strike_R"],"damage_healed":0.0,"max_hp_gain":0.0,"max_hp_loss":0.0,"gold_gain":0.0,"event_name":"The Cleric","player_choice":"Card Removal","floor":11.0,"gold_loss":75.0,"damage_taken":0.0},{"damage_healed":0.0,"max_hp_gain":0.0,"max_hp_loss":0.0,"gold_gain":0.0,"cards_transformed":["Strike_R","Defend_R"],"event_name":"Drug Dealer","player_choice":"Became Test Subject","floor":19.0,"gold_loss":0.0,"damage_taken":0.0,"cards_obtained":["Reaper","Double Tap"]},{"damage_healed":0.0,"max_hp_gain":5.0,"max_hp_loss":0.0,"gold_gain":0.0,"event_name":"Forgotten Altar","player_choice":"Shed Blood","floor":20.0,"gold_loss":0.0,"damage_taken":26.0},{"damage_healed":0.0,"max_hp_gain":0.0,"max_hp_loss":0.0,"gold_gain":0.0,"event_name":"Wheel of Change","player_choice":"Cursed","floor":22.0,"gold_loss":0.0,"damage_taken":0.0,"cards_obtained":["Decay"]}],"is_beta":false,"boss_relics":[{"not_picked":["Runic Pyramid","Calling Bell"],"picked":"Empty Cage"}],"items_purged_floors":[5],"is_endless":false,"potions_floor_spawned":[4,14,16],"killed_by":"Cultist and Chosen","ascension_level":20}}