{"host":"eaiphzh066bwqdh7","time":1611334836,"event":{"mods":["BaseMod","Hubris","Minty Spire (QoL Compilation)","Replay The Spire","StSLib"],"gold_per_floor":[117,136,136,7,7,7,26,51,51,51,51,51,51,76,76,197,197,221,245,295,295,295],"floor_reached":21,"language":"ENG","playtime":636,"items_purged":["Strike_G"],"score":194,"play_id":"82c16152-2ea4-4db9-8c38-c97a3faee3bf","local_time":"20210122120036","is_ascension_mode":true,"campfire_choices":[{"data":"Dagger Spray","floor":6,"key":"SMITH"},{"data":"Glass Knife","floor":11,"key":"SMITH"},{"data":"All Out Attack","floor":13,"key":"SMITH"}],"circlet_count":0,"master_deck":["Survivor","Neutralize","All Out Attack+1","Dagger Spray+1","Noxious Fumes+1","Injury","Glass Knife+1","Flying Knee","Dagger Spray","Doppelganger","ReplayTheSpireMod:From All Sides","Infinite Blades+1","ReplayTheSpireMod:The Works","Leg Sweep","hubris:SlightOfHand","Glass Knife","Night Terror","Expertise","Slice","Outmaneuver","Looming Evil"],"relics":["Ring of the Snake","NeowsBlessing","Golden Idol","Frozen Egg 2","hubris:Towel","Pandora\u0027s Box","Ring of Fury","Ring of Greed","Replay:Wax Seal","Blue Doll"],"acts_visited":["Exordium","TheCity"],"potions_floor_usage":[16,19,19],"damage_taken":[{"damage":0,"enemies":"Cultist","floor":1,"turns":1},{"damage":0,"enemies":"Small Slimes","floor":2,"turns":1},{"damage":0,"enemies":"2 Louse","floor":7,"turns":1},{"damage":1,"enemies":"Large Slime","floor":8,"turns":4},{"damage":0,"enemies":"Blue Slaver","floor":14,"turns":2},{"damage":44,"enemies":"The Guardian","floor":16,"turns":9},{"damage":24,"enemies":"Spheric Guardian","floor":18,"turns":5},{"damage":4,"enemies":"Chosen","floor":19,"turns":4},{"damage":43,"enemies":"Shelled Parasite and Fungi","floor":21,"turns":3}],"seed_played":"3329477074627855837","potions_obtained":[{"floor":2,"key":"SteroidPotion"},{"floor":7,"key":"Venom Potion"},{"floor":14,"key":"Adrenaline Potion"},{"floor":18,"key":"Energy Potion"}],"is_trial":false,"path_per_floor":["M","M","?","$","?","R","M","M","T","$","R","?","R","M","R","B",null,"M","M","?","M"],"character_chosen":"THE_SILENT","items_purchased":["Noxious Fumes+1"],"campfire_rested":0,"item_purchase_floors":[4],"current_hp_per_floor":[70,70,70,70,70,70,70,69,69,69,69,69,69,69,69,25,70,46,42,42,0,0],"gold":295,"neow_bonus":"THREE_ENEMY_KILL","is_daily":false,"chose_seed":false,"campfire_upgraded":3,"win_rate":0.0,"timestamp":1611334836,"path_taken":["M","?","?","$","?","R","M","M","T","$","R","?","R","?","R","BOSS","M","M","?","M"],"items_purchased_type":["Card"],"build_version":"2020-12-22","purchased_purges":1,"victory":false,"max_hp_per_floor":[70,70,70,70,70,70,70,70,70,70,70,70,70,70,70,70,70,70,70,70,70,70],"card_choices":[{"not_picked":["hubris:SlightOfHand","Bane"],"picked":"All Out Attack","floor":1},{"not_picked":["Footwork","Masterful Stab"],"picked":"Dagger Spray","floor":2},{"not_picked":["Bane","Backflip"],"picked":"Glass Knife","floor":7},{"not_picked":["Sneak Up","Quick Slash"],"picked":"Flying Knee","floor":8},{"not_picked":["Prepared","Masterful Stab"],"picked":"Dagger Spray","floor":14},{"not_picked":["Burst","Grand Finale"],"picked":"ReplayTheSpireMod:From All Sides","floor":16},{"not_picked":["Draining Mist","Blade Dance"],"picked":"Slice","floor":18},{"not_picked":["Deflect","Quick Slash"],"picked":"Outmaneuver","floor":19}],"player_experience":163960,"relics_obtained":[{"floor":9,"key":"Frozen Egg 2"},{"floor":20,"key":"Ring of Fury"},{"floor":20,"key":"Ring of Greed"},{"floor":20,"key":"Replay:Wax Seal"},{"floor":20,"key":"Blue Doll"}],"event_choices":[{"damage_healed":0,"gold_gain":0,"player_choice":"Take Wound","damage_taken":0,"relics_obtained":["Golden Idol"],"max_hp_gain":0,"max_hp_loss":0,"event_name":"Golden Idol","floor":5,"gold_loss":0,"cards_obtained":["Injury"]}],"is_beta":false,"boss_relics":[{"not_picked":["WristBlade","Velvet Choker"],"picked":"Pandora\u0027s Box"}],"items_purged_floors":[4],"is_endless":false,"potions_floor_spawned":[2,7,14,18],"killed_by":"Shelled Parasite and Fungi","ascension_level":3}}