{"host":"wj6vwlg8bkoql3lv","time":1611344665,"event":{"mods":["AchievementEnabler","Bard","Bartender","BaseMod","Colored Map","Custom Start","Decade(???)","Downfall","Friendly Minions","Hermit","Hubris","Infinite Spire","JesterMod","Jorbs\u0027s Wanderer Trilogy","Marisa????????","Minty Spire (QoL Compilation)","Potionbrewer","Quick Restart","Replay The Spire","Robot Space Explorer","SIMod","Shade Mod","StSLib","The Blue Laboratory","The Bug Knight","The Construct","The Cursed","The Death Knight","The Disciple","The Gatherer","The Hayseed","The Hierophant","The Jungle","The Marked","The Mystic","The Runesmith","The Senshi","The Servant 0.9.4","TheFirefly","Transform Curses"],"gold_per_floor":[111,122,122,122,122,122,153,153,153,153,171,20,30,30,42,153,165,194,206,218,242,214,226,256,293,329,358,395,407,194,194,194,194,194],"floor_reached":33,"language":"ENG","playtime":2909,"items_purged":[],"score":331,"play_id":"82dadc43-cce7-40a1-99a8-bf69185bf6de","local_time":"20210122194425","daily_mods":["Draft"],"is_ascension_mode":false,"campfire_choices":[{"data":"HollowMod:ShadowDash","floor":6,"key":"SMITH"},{"data":"HollowMod:SiblingsSouls","floor":8,"key":"SMITH"},{"data":"HollowMod:SiblingsShadow","floor":10,"key":"SMITH"},{"floor":15,"key":"REST"},{"data":"infinitespire:Collect","floor":23,"key":"SMITH"},{"floor":32,"key":"REST"}],"circlet_count":0,"master_deck":["HollowMod:ShadowDash+1","HollowMod:SiblingsShadow+1","HollowMod:WraithStrike","HollowMod:BlackTendrils","HollowMod:HuntersJournal","HollowMod:GreatSlash","HollowMod:GrimmsGift","HollowMod:GreatSlash","HollowMod:DescendingDark","HollowMod:SiblingsSouls+1","HollowMod:ShadowDash+1","HollowMod:CycloneSlash","HollowMod:LifebloodCocoon","HollowMod:CloakDash","Replay:Fractal Strike","HollowMod:DoubleDash","HollowMod:SiblingsSouls","HollowMod:CloakDash","HollowMod:HerrahsAnger","AbeCurse","HollowMod:VengefulVoid","infinitespire:Collect+1","HollowMod:DashSlash","HollowMod:HuntersJournal","HollowMod:Weaversong","HollowMod:RecoilStrike+1","HollowMod:DoubleDash","hubris:DuctTapeCard","HollowMod:SharpenedShadows"],"relics":["HollowMod:VesselMask","Slimebound:StickyStick","potionbrewer:RamsHorn","Strange Spoon","MawBank","Abe\u0027s Treasure","Darkstone Periapt","Ginger","infinitespire:Lucky Rock","Replay:Arrowhead","hubris:DuctTape","Bronze Scales"],"acts_visited":["Exordium","TheCity"],"potions_floor_usage":[13,13,28],"damage_taken":[{"damage":10,"enemies":"Small Slimes","floor":1,"turns":2},{"damage":14,"enemies":"Jaw Worm","floor":2,"turns":3},{"damage":4,"enemies":"Lagavulin","floor":7,"turns":4},{"damage":0,"enemies":"2 Louse","floor":11,"turns":2},{"damage":3,"enemies":"Blue Slaver","floor":13,"turns":2},{"damage":0,"enemies":"Slime Boss","floor":16,"turns":5},{"damage":11,"enemies":"Chosen","floor":18,"turns":4},{"damage":23,"enemies":"Shell Parasite","floor":21,"turns":3},{"damage":0,"enemies":"3 Cultists","floor":24,"turns":3},{"damage":6,"enemies":"Book of Stabbing","floor":25,"turns":3},{"damage":0,"enemies":"Centurion and Healer","floor":27,"turns":5},{"damage":24,"enemies":"Slavers","floor":28,"turns":4},{"damage":38,"enemies":"Collector","floor":33,"turns":3}],"seed_played":"-736450247054095604","potions_obtained":[{"floor":1,"key":"blueLaboratory:EmptyBottle"},{"floor":11,"key":"LifebloodPotion"},{"floor":24,"key":"blueLaboratory:TrueEctoplasm"},{"floor":25,"key":"ColorlessPotion"}],"is_trial":true,"path_per_floor":["M","M","?","?","?","R","E","R","T","R","M","$","M","T","R","B",null,"M","?","AVR","M","?","R","M","E","T","M","E","T","$","?","R","B"],"character_chosen":"THE_BUGKNIGHT","items_purchased":["Strange Spoon","HollowMod:SharpenedShadows","Bronze Scales"],"campfire_rested":2,"item_purchase_floors":[12,30,30],"current_hp_per_floor":[65,54,54,35,35,35,31,31,31,31,31,31,28,28,50,61,75,64,64,64,41,41,41,41,39,39,44,20,20,20,14,36,0,0],"gold":194,"neow_bonus":"","is_daily":false,"chose_seed":false,"campfire_upgraded":4,"win_rate":0.0,"timestamp":1611344665,"path_taken":["M","M","?","?","?","R","E","R","T","R","M","?","?","?","R","BOSS","M","?","AVR","M","?","R","M","E","T","M","E","?","$","?","R","BOSS"],"items_purchased_type":["Relic","Card","Relic"],"build_version":"2020-12-22","purchased_purges":0,"victory":false,"max_hp_per_floor":[75,75,75,75,75,75,75,75,75,75,75,75,75,75,75,75,75,75,75,75,75,75,75,75,75,75,75,75,75,75,75,75,75,75],"card_choices":[{"not_picked":["HollowMod:VengefulVoid","HollowMod:NewJinnsSoul"],"picked":"HollowMod:ShadowDash","floor":0},{"not_picked":["HollowMod:VengefulVoid","HollowMod:SiblingsSouls"],"picked":"HollowMod:SiblingsShadow","floor":0},{"not_picked":["HollowMod:InfectedAttack","HollowMod:HowlingWraiths"],"picked":"HollowMod:VengefulVoid","floor":0},{"not_picked":["HollowMod:NewLittleFool","HollowMod:HowlingWraiths"],"picked":"HollowMod:WraithStrike","floor":0},{"not_picked":["HollowMod:SharpenedShadows","HollowMod:SoulStrike"],"picked":"HollowMod:BlackTendrils","floor":0},{"not_picked":["HollowMod:WraithStrike","HollowMod:LifebloodCocoon"],"picked":"HollowMod:VengefulVoid","floor":0},{"not_picked":["HollowMod:TaintedHusks","HollowMod:SoulStrike"],"picked":"HollowMod:HuntersJournal","floor":0},{"not_picked":["HollowMod:NewLittleFool","HollowMod:SoulSplash"],"picked":"HollowMod:GreatSlash","floor":0},{"not_picked":["HollowMod:WraithStrike","HollowMod:InfectedCysts"],"picked":"HollowMod:GrimmsGift","floor":0},{"not_picked":["HollowMod:SoulSplash","HollowMod:NewLittleFool"],"picked":"HollowMod:GreatSlash","floor":0},{"not_picked":["HollowMod:BrokenVessel","HollowMod:MonomonsArchive"],"picked":"HollowMod:DescendingDark","floor":0},{"not_picked":["HollowMod:SoulStrike","HollowMod:PerfectDash"],"picked":"HollowMod:SiblingsSouls","floor":0},{"not_picked":["HollowMod:CloakDash","HollowMod:CycloneSlash"],"picked":"HollowMod:ShadowDash","floor":0},{"not_picked":["HollowMod:PerfectDash","HollowMod:WraithStrike"],"picked":"HollowMod:CycloneSlash","floor":0},{"not_picked":["HollowMod:BaldurShell","HollowMod:NewLittleFool"],"picked":"HollowMod:LifebloodCocoon","floor":0},{"not_picked":["HollowMod:GoodIntentions","HollowMod:PerfectDash"],"picked":"HollowMod:CloakDash","floor":1},{"not_picked":["HollowMod:SoulStrike","HollowMod:SoulSplash","HollowMod:SoulEater"],"picked":"SKIP","floor":2},{"not_picked":["infinitespire:Punishment","hubris:Fate"],"picked":"Replay:Fractal Strike","floor":4},{"not_picked":["HollowMod:HowlingWraiths","HollowMod:InfectedAttack"],"picked":"HollowMod:DoubleDash","floor":7},{"not_picked":["HollowMod:SharpenedNail","HollowMod:NewGlowingWomb"],"picked":"HollowMod:SiblingsSouls","floor":11},{"not_picked":["HollowMod:Grubsong","HollowMod:ElderbugsWisdom"],"picked":"HollowMod:CloakDash","floor":13},{"not_picked":["HollowMod:AwokenDreamNail","HollowMod:HornetsHelp"],"picked":"HollowMod:HerrahsAnger","floor":16},{"not_picked":["HollowMod:DescendingDark","HollowMod:WraithStrike"],"picked":"HollowMod:VengefulVoid","floor":18},{"not_picked":["HollowMod:CornifersMapStart","HollowMod:SoulStrike"],"picked":"HollowMod:DashSlash","floor":21},{"not_picked":["HollowMod:CornifersMapStart","HollowMod:GreatSlash"],"picked":"HollowMod:HuntersJournal","floor":24},{"not_picked":["HollowMod:SoulShaman+1","HollowMod:GoodIntentions"],"picked":"HollowMod:Weaversong","floor":25},{"not_picked":["HollowMod:ChannelNail","HollowMod:MothsMistake+1"],"picked":"HollowMod:RecoilStrike+1","floor":27},{"not_picked":["HollowMod:CloakDash+1","HollowMod:InfectedAttack"],"picked":"HollowMod:DoubleDash","floor":28}],"player_experience":143796,"relics_obtained":[{"floor":7,"key":"Slimebound:StickyStick"},{"floor":9,"key":"potionbrewer:RamsHorn"},{"floor":14,"key":"MawBank"},{"floor":25,"key":"Ginger"},{"floor":26,"key":"infinitespire:Lucky Rock"},{"floor":28,"key":"Replay:Arrowhead"},{"floor":29,"key":"hubris:DuctTape"}],"event_choices":[{"damage_healed":0,"gold_gain":0,"player_choice":"Grow","damage_taken":0,"max_hp_gain":0,"max_hp_loss":0,"event_name":"Living Wall","floor":3,"gold_loss":0,"cards_upgraded":["HollowMod:ShadowDash"]},{"damage_healed":0,"gold_gain":0,"player_choice":"Ignored","damage_taken":0,"max_hp_gain":0,"max_hp_loss":0,"event_name":"Golden Idol","floor":5,"gold_loss":0},{"damage_healed":0,"gold_gain":0,"player_choice":"Ignored","damage_taken":0,"max_hp_gain":0,"max_hp_loss":0,"event_name":"Ghosts","floor":19,"gold_loss":0},{"damage_healed":0,"gold_gain":0,"player_choice":"","damage_taken":6,"max_hp_gain":0,"max_hp_loss":0,"event_name":"Knowing Skull","floor":31,"potions_obtained":[],"gold_loss":0,"cards_obtained":[]}],"is_beta":false,"boss_relics":[{"not_picked":["Kintsugi","Busted Crown"],"picked":"Abe\u0027s Treasure"}],"items_purged_floors":[],"is_endless":false,"potions_floor_spawned":[1,11,24,25],"killed_by":"Collector","ascension_level":0}}