{"host":"m5bsg12zcyqnofur","time":1611295948,"event":{"mods":["AchievementEnabler","BaseMod","BetterRewards","Colored Powertips","Hermit","Highlight Path","Minty Spire (QoL Compilation)","Quick Restart","Replay The Spire","Shop Mod","StSLib","The Bug Knight"],"gold_per_floor":[119,133,518,518,538,538,565,565,565,590,366,366,385,109,109,211,211,229,229,242,252,272,298,313,341,412,441,441,72,72,99,99,203,203,223,223,223,241,261,291,94,119,144,144,205,277,338,72,72,112,112,112,43,101,163],"floor_reached":56,"language":"ENG","playtime":2398,"items_purged":["Strike_G","Strike_G","Strike_G","Strike_G","Strike_G","Defend_G","Defend_G","Defend_G","Defend_G","Defend_G","m_Survivalism","Neutralize","Pot Of Greed+1"],"score":2855,"play_id":"2eaa6573-fc93-45ea-aa74-ce8d499c9d1f","local_time":"20210122001228","is_ascension_mode":true,"campfire_choices":[{"data":"Calculated Gamble","floor":6.0,"key":"SMITH"},{"data":"Pot Of Greed","floor":8.0,"key":"SMITH"},{"data":"Pot Of Greed","floor":15.0,"key":"SMITH"},{"data":"ReplayTheSpireMod:Scrap Shanks","floor":32,"key":"SMITH"},{"floor":49,"key":"RECALL"},{"data":"Accuracy","floor":52,"key":"SMITH"}],"circlet_count":0,"master_deck":["ReplayTheSpireMod:Scrap Shanks+1","Tactician+1","Blade Dance","Pot Of Greed+1","Calculated Gamble+1","Accuracy+1","Tactician","Impatience+1","ReplayTheSpireMod:Shiv Toss+1","Accuracy"],"relics":["Ring of the Serpent","Membership Card","Grinning Jar","Matryoshka","Shuriken","Darkstone Periapt","Gremlin Food","Replay:PocketPolymizer","Sling","Ninja Scroll","Divine Protection","Ice Cream","Onion Ring","Blue Candle","Runic Pyramid","ReplayTheSpireMod:Shallot","TheAbacus","Toxic Egg 2","Strawberry","Replay:Bandana","Bronze Scales","MerchantsRug","HollowMod:JonisBlessing","Durian","Ginger"],"acts_visited":["TheCity","TheBeyond","TheEnding"],"potions_floor_usage":[50,55,55,55],"damage_taken":[{"damage":0.0,"enemies":"Jaw Worm","floor":1.0,"turns":1.0},{"damage":0.0,"enemies":"Small Slimes","floor":2.0,"turns":1.0},{"damage":0.0,"enemies":"2 Louse","floor":5.0,"turns":1.0},{"damage":0.0,"enemies":"HollowMod:MossKnight","floor":7.0,"turns":2.0},{"damage":0.0,"enemies":"Gremlin Nob","floor":10.0,"turns":1.0},{"damage":0.0,"enemies":"Exordium Wildlife","floor":13.0,"turns":1.0},{"damage":0,"enemies":"Slime Boss","floor":16,"turns":1},{"damage":0,"enemies":"Spheric Guardian","floor":18,"turns":1},{"damage":0,"enemies":"Shell Parasite","floor":20,"turns":1},{"damage":0,"enemies":"Cultist and Chosen","floor":21,"turns":1},{"damage":0,"enemies":"Centurion and Healer","floor":22,"turns":1},{"damage":0,"enemies":"Replay:Snechameleon","floor":23,"turns":1},{"damage":0,"enemies":"Sentry and Sphere","floor":24,"turns":1},{"damage":0,"enemies":"HollowMod:Nosk","floor":25,"turns":1},{"damage":0,"enemies":"Book of Stabbing","floor":27,"turns":1},{"damage":0,"enemies":"Slavers","floor":31,"turns":1},{"damage":0,"enemies":"Automaton","floor":33,"turns":1},{"damage":16,"enemies":"3 Shapes","floor":35,"turns":1},{"damage":0,"enemies":"3 Darklings","floor":38,"turns":1},{"damage":0,"enemies":"Jaw Worm Horde","floor":39,"turns":1},{"damage":0,"enemies":"Nemesis","floor":40,"turns":1},{"damage":0,"enemies":"R_Hoarder","floor":42,"turns":4},{"damage":0,"enemies":"Nemesis","floor":45,"turns":1},{"damage":0,"enemies":"Writhing Mass","floor":46,"turns":1},{"damage":0,"enemies":"Reptomancer","floor":47,"turns":1},{"damage":29,"enemies":"Time Eater","floor":50,"turns":3},{"damage":0,"enemies":"Shield and Spear","floor":54,"turns":2},{"damage":65,"enemies":"The Heart","floor":55,"turns":4}],"seed_played":"-1783323215041545622","potions_obtained":[{"floor":5.0,"key":"DistilledChaos"},{"floor":16,"key":"Explosive Potion"},{"floor":22,"key":"GamblersBrew"},{"floor":23,"key":"SkillPotion"},{"floor":24,"key":"Strength Potion"},{"floor":40,"key":"Ancient Potion"}],"is_trial":false,"path_per_floor":["M","M","?","?","M","R","E","R","T","E","$","T","M","$","R","B",null,"M","?","M","M","M","E","M","E","T","E","?","$","?","E","R","B",null,"M","?","?","M","M","E","$","E","T","?","E","M","E","$","R","B",null,"R","$","E","B",null],"character_chosen":"THE_SILENT","items_purchased":["ReplayTheSpireMod:Scrap Shanks","Membership Card","Grinning Jar","Tactician","Blade Dance","Matryoshka","Calculated Gamble","Accuracy+1","Shuriken","Energy Potion","Sling","Accuracy","War Paint","WingedGreaves","Tactician","TheAbacus","Toxic Egg 2","ReplayTheSpireMod:Shiv Toss+1","Accuracy","MerchantsRug","HollowMod:JonisBlessing","Durian","BlessingOfTheForge"],"campfire_rested":0,"item_purchase_floors":[0,0,0,0,0,0,0,0,0,0,11,14,14,29,29,41,41,48,48,53,53,53,53],"current_hp_per_floor":[21,21,4,4,4,4,4,4,4,4,4,4,4,4,4,4,54,54,54,54,54,54,54,54,54,54,54,54,54,54,54,54,70,70,54,54,54,54,54,54,54,61,61,61,61,61,61,61,61,48,70,70,75,75,10],"gold":163,"neow_bonus":"","is_daily":false,"chose_seed":false,"campfire_upgraded":5,"win_rate":0.0,"timestamp":1611295948,"path_taken":["M","M","?","?","M","R","E","R","T","E","$","?","M","$","R","BOSS","M","?","?","M","M","E","M","E","T","E","?","$","?","E","R","BOSS","M","?","?","M","M","E","$","E","T","?","E","?","E","$","R","BOSS","R","$","E","BOSS"],"items_purchased_type":["Card","Relic","Relic","Card","Card","Relic","Card","Card","Relic","Potion","Relic","Card","Relic","Relic","Card","Relic","Relic","Card","Card","Relic","Relic","Relic","Potion"],"build_version":"2020-12-22","purchased_purges":13,"victory":true,"max_hp_per_floor":[70,70,70,70,70,70,70,70,70,70,70,70,70,70,70,70,70,70,70,70,70,70,70,70,70,70,70,70,70,70,70,70,70,70,70,70,70,70,70,70,70,77,77,77,77,77,77,77,77,77,77,77,82,82,82],"card_choices":[{"not_picked":["Noxious Fumes","Outmaneuver","All Out Attack"],"picked":"SKIP","floor":1.0},{"not_picked":["Crippling Poison","Poisoned Stab","Dagger Spray"],"picked":"SKIP","floor":2.0},{"not_picked":["Endless Agony","Cloak And Dagger","Sneak Up"],"picked":"SKIP","floor":5.0},{"not_picked":["Calculated Gamble","ReplayTheSpireMod:Exploit Weakness","Replay:Poison Smokescreen"],"picked":"SKIP","floor":7.0},{"not_picked":["Replay:Poison Smokescreen","Acrobatics","Wraith Form v2"],"picked":"SKIP","floor":10.0},{"not_picked":["Masterful Stab","ReplayTheSpireMod:Scrap Shanks"],"picked":"Reflex","floor":13.0},{"not_picked":["Slice","Poisoned Stab+1","Underhanded Strike"],"picked":"SKIP","floor":18},{"not_picked":["Underhanded Strike+1","Cloak And Dagger","ReplayTheSpireMod:Scrap Shanks"],"picked":"SKIP","floor":20},{"not_picked":["Underhanded Strike","Dodge and Roll","Leg Sweep+1"],"picked":"SKIP","floor":21},{"not_picked":["Calculated Gamble","Dagger Spray","Bane"],"picked":"SKIP","floor":22},{"not_picked":["Outmaneuver","Malaise","Concentrate"],"picked":"SKIP","floor":23},{"not_picked":["Deflect","ReplayTheSpireMod:Tripwire","Outmaneuver"],"picked":"SKIP","floor":24},{"not_picked":["Calculated Gamble","Backstab+1","Flechettes"],"picked":"SKIP","floor":25},{"not_picked":["Deadly Poison+1","Draining Mist","ReplayTheSpireMod:Speed Training"],"picked":"SKIP","floor":27},{"not_picked":["Outmaneuver","Backflip","Well Laid Plans"],"picked":"SKIP","floor":31},{"not_picked":["Setup","Bane+1","Quick Slash+1"],"picked":"SKIP","floor":35},{"not_picked":["ReplayTheSpireMod:Scrap Shanks","Dagger Spray","Sucker Punch"],"picked":"SKIP","floor":38},{"not_picked":["PiercingWail","Burst","Eviscerate"],"picked":"SKIP","floor":39},{"not_picked":["Flying Knee","Acrobatics","Deadly Poison"],"picked":"SKIP","floor":40},{"not_picked":["ReplayTheSpireMod:Exploit Weakness+1","Underhanded Strike","Wraith Form v2"],"picked":"SKIP","floor":42},{"not_picked":["Skewer","Reflex+1","Prepared+1"],"picked":"SKIP","floor":45},{"not_picked":["Fluid Movement+1","Draining Mist+1","Acrobatics+1"],"picked":"SKIP","floor":46},{"not_picked":["Slice","Setup+1","Concentrate+1"],"picked":"SKIP","floor":47},{"not_picked":["Phantasmal Killer+1","Choke","Blade Dance+1"],"picked":"SKIP","floor":54}],"player_experience":264775,"relics_obtained":[{"floor":7.0,"key":"Darkstone Periapt"},{"floor":9.0,"key":"Gremlin Food"},{"floor":10.0,"key":"Replay:PocketPolymizer"},{"floor":12.0,"key":"Ninja Scroll"},{"floor":23,"key":"Divine Protection"},{"floor":25,"key":"Ice Cream"},{"floor":26,"key":"Onion Ring"},{"floor":27,"key":"Girya"},{"floor":31,"key":"Blue Candle"},{"floor":40,"key":"ReplayTheSpireMod:Shallot"},{"floor":42,"key":"Strawberry"},{"floor":43,"key":"Replay:Bandana"},{"floor":45,"key":"Bronze Scales"},{"floor":47,"key":"HollowMod:PaleOreRelic"},{"floor":54,"key":"Ginger"}],"event_choices":[{"damage_healed":0,"gold_gain":0,"player_choice":"Gave Potion","damage_taken":0,"relics_obtained":["Pantograph"],"max_hp_gain":0,"max_hp_loss":0,"event_name":"WeMeetAgain","floor":19,"gold_loss":0},{"cards_removed":["Reflex"],"damage_healed":0,"gold_gain":0,"player_choice":"Elegance","damage_taken":0,"max_hp_gain":0,"max_hp_loss":0,"event_name":"Back to Basics","floor":28,"gold_loss":0},{"cards_removed":["Accuracy"],"damage_healed":0,"gold_gain":0,"player_choice":"Removed Power","damage_taken":0,"max_hp_gain":0,"max_hp_loss":0,"event_name":"Falling","floor":36,"gold_loss":0},{"damage_healed":0,"gold_gain":0,"player_choice":"1 cards matched","damage_taken":0,"max_hp_gain":0,"max_hp_loss":0,"event_name":"Match and Keep!","floor":44,"gold_loss":0,"cards_obtained":["Impatience"]}],"is_beta":false,"boss_relics":[{"not_picked":["Velvet Choker","Runic Dome"],"picked":"Ring of the Serpent"},{"not_picked":["Kintsugi","Pandora\u0027s Box"],"picked":"Runic Pyramid"}],"items_purged_floors":[0,0,0,0,0,0,0,0,0,11,14,29,48],"is_endless":false,"potions_floor_spawned":[5,16,18,22,23,24,39,40,42,46,54],"ascension_level":9}}