{"host":"fmwbmnqnrup981we","time":1611318808,"event":{"mods":["AchievementEnabler","Act Like it!","Alarm Clock","Arknights The Spire","Aspiration","Astrologer","Bard","Bartender","BaseMod","Better Altar","Better Match","Better Note","Better Sensory Stone","Better Skull","Better Synergies","Better Third Choice","Better Vampires","BetterRewards","Block Reminder","Curses Come First","Custom Start","DeckTracker","Displayed Cursed Tome","Downfall","Duelist Mod","Ekko","Elementarium","Energized Spire","Evolution","Fox Events","Gold Saver","Good Game Mod","GungeonMod","HexUI Lib","HornydragonMod","Infinite Spire","Kratos Character Expansion","Marked Mod","Minty Spire (QoL Compilation)","Permanent Neow","Pikachu Mod","Poor People Problems","Potionbrewer","Quick Restart","Relic Stats","Reorder Act Four","SIMod","Shop Mod","Small Relic Pack","StS++","StSLib","The Bug Knight","The Death Knight","The Forsaken","The Marked","The Necromancer","The Runesmith","The Servant 0.9.4","The Wild Card","TheHero","TheVacant","TheVelvet","Thieving Mod","Transform Curses","Uncapped","Unceasing Turn Reminder","Waifu the Spire","Yuri Mod","everything is the same but u backflip on backflip"],"gold_per_floor":[226,226,226,251,266,266,297,314,341,358,420,451,466,466,466,562,562,627,627,627,646,85,164,181,181,181],"floor_reached":25,"language":"ENG","playtime":1155,"items_purged":["Strike_P"],"score":243,"play_id":"0b5bee6d-e3fe-48d5-8cfc-97fe98e41a43","local_time":"20210122123328","is_ascension_mode":true,"campfire_choices":[{"floor":6,"key":"REST"},{"floor":15,"key":"REST"}],"circlet_count":0,"master_deck":["Strike_P","Strike_P","Strike_P","Defend_P","Defend_P","Defend_P","Eruption+1","Vigilance","Stare","JustLucky","TalkToTheHand","Alpha","Prostrate","MarkedMod:GentlePulse","FlurryOfBlows","Devotion","ForeignInfluence","Swift Strike+1","Devotion","PathToVictory","FlurryOfBlows","Jack Of All Trades","FlurryOfBlows+1","MarkedMod:GentlePulse+1"],"relics":["PureWater","EVO:Axolotl","REME:ComplimentaryCards","relicPack:DSword","DemoMod:WeirdEgg","Art of War","aspiration:AnachronicSnailShell","Bag of Marbles","relicPack:OneForAll","relicPack:KazumaCape","Vajra","StSpp:JackpotMachine","Cleaning_Rag"],"acts_visited":["Exordium","TheCity"],"potions_floor_usage":[16,23,23,25],"damage_taken":[{"damage":0,"enemies":"2 Louse","floor":1,"turns":2},{"damage":1,"enemies":"Jaw Worm","floor":5,"turns":2},{"damage":7,"enemies":"3 Sentries","floor":7,"turns":6},{"damage":0,"enemies":"Small Slimes","floor":8,"turns":3},{"damage":0,"enemies":"2 Fungi Beasts","floor":10,"turns":4},{"damage":17,"enemies":"Lagavulin Event","floor":11,"turns":5},{"damage":6,"enemies":"HollowMod:MossKnight","floor":12,"turns":6},{"damage":0,"enemies":"Gremlin Gang","floor":13,"turns":4},{"damage":5,"enemies":"Hexaghost","floor":16,"turns":8},{"damage":7,"enemies":"Shell Parasite","floor":18,"turns":5},{"damage":16,"enemies":"Sentry and Sphere","floor":21,"turns":5},{"damage":7,"enemies":"theDuelist:KaibaA2","floor":23,"turns":4},{"damage":29,"enemies":"Shelled Parasite and Fungi","floor":24,"turns":4},{"damage":14,"enemies":"Slavers","floor":25,"turns":1}],"seed_played":"6735506697242836715","potions_obtained":[{"floor":7,"key":"SkillPotion"},{"floor":10,"key":"ColorlessPotion"},{"floor":11,"key":"hexamod:SoulburnPotion"},{"floor":12,"key":"GamblersBrew"},{"floor":13,"key":"potionbrewer:CleansingPotion"},{"floor":18,"key":"FearPotion"},{"floor":23,"key":"Weak Potion"},{"floor":24,"key":"Ancient Potion"}],"is_trial":false,"path_per_floor":["M","?","?","T","M","R","E","M","T","M","?","E","M","?","R","B",null,"M","?","?","M","$","E","M","E"],"character_chosen":"WATCHER","items_purchased":["FlurryOfBlows","Vajra","StSpp:JackpotMachine","potionbrewer:ToxicPotion","Jack Of All Trades"],"campfire_rested":2,"item_purchase_floors":[22,22,22,22,22],"current_hp_per_floor":[72,65,30,30,29,50,43,43,43,43,26,20,20,20,41,36,72,65,65,65,49,49,42,13,0,0],"gold":181,"neow_bonus":"UPGRADE_CARD","is_daily":false,"chose_seed":false,"campfire_upgraded":0,"win_rate":0.0,"timestamp":1611318808,"path_taken":["M","?","?","?","?","R","E","M","T","M","?","E","M","?","R","BOSS","M","?","?","M","$","E","M","E"],"items_purchased_type":["Card","Relic","Relic","Potion","Card"],"build_version":"2020-12-22","purchased_purges":1,"victory":false,"max_hp_per_floor":[72,72,72,72,72,72,72,72,72,72,72,72,72,72,72,72,72,72,72,72,72,72,72,72,72,72],"relic_stats":{"counters":[14,59],"Art of War":[2],"obtain_stats":[{"relicPack:DSword":3,"StSpp:JackpotMachine":22,"DemoMod:WeirdEgg":4,"Vajra":22,"DemoMod:GlassGuonStoneRelic":5,"EVO:Axolotl":0,"Cleaning_Rag":23,"relicPack:OneForAll":14,"REME:ComplimentaryCards":0,"relicPack:KazumaCape":17,"aspiration:AnachronicSnailShell":11,"Art of War":7,"Bag of Marbles":12,"PureWater":0},{"relicPack:DSword":1,"StSpp:JackpotMachine":11,"DemoMod:WeirdEgg":1,"Vajra":11,"DemoMod:GlassGuonStoneRelic":2,"EVO:Axolotl":0,"Cleaning_Rag":12,"relicPack:OneForAll":8,"REME:ComplimentaryCards":0,"relicPack:KazumaCape":9,"aspiration:AnachronicSnailShell":5,"Art of War":3,"Bag of Marbles":7,"PureWater":0},{"relicPack:DSword":2,"StSpp:JackpotMachine":50,"DemoMod:WeirdEgg":2,"Vajra":50,"DemoMod:GlassGuonStoneRelic":4,"EVO:Axolotl":0,"Cleaning_Rag":54,"relicPack:OneForAll":32,"REME:ComplimentaryCards":0,"relicPack:KazumaCape":40,"aspiration:AnachronicSnailShell":17,"Art of War":10,"Bag of Marbles":28,"PureWater":0}]},"card_choices":[{"not_picked":["StSpp:Renounce","Protect"],"picked":"JustLucky","floor":1},{"not_picked":["MarkedMod:Acupuncture","Halt"],"picked":"TalkToTheHand","floor":5},{"not_picked":["CarveReality","BowlingBash","PathToVictory"],"picked":"SKIP","floor":7},{"not_picked":["Wallop","DeceiveReality"],"picked":"Alpha","floor":8},{"not_picked":["StSpp:LatentStrike","Evaluate","MarkedMod:OneThousandNeedles"],"picked":"SKIP","floor":10},{"not_picked":["ReachHeaven","MarkedMod:Acupuncture"],"picked":"Prostrate","floor":11},{"not_picked":["Conclude","SignatureMove"],"picked":"MarkedMod:GentlePulse","floor":12},{"not_picked":["Indignation","JustLucky"],"picked":"FlurryOfBlows","floor":13},{"not_picked":["Ragnarok","Omniscience"],"picked":"Devotion","floor":16},{"not_picked":["Sanctity","StSpp:Renounce"],"picked":"ForeignInfluence","floor":18},{"not_picked":["StSpp:Resilience+1","Jack Of All Trades+1"],"picked":"Swift Strike+1","floor":19},{"not_picked":["EmptyFist","Wish"],"picked":"PathToVictory","floor":21},{"not_picked":["Protect+1","MarkedMod:GracefulMovements"],"picked":"FlurryOfBlows+1","floor":23},{"not_picked":["PathToVictory","Evaluate"],"picked":"MarkedMod:GentlePulse+1","floor":24}],"player_experience":462868,"relics_obtained":[{"floor":4,"key":"DemoMod:WeirdEgg"},{"floor":7,"key":"Art of War"},{"floor":12,"key":"Bag of Marbles"},{"floor":23,"key":"Cleaning_Rag"}],"event_choices":[{"cards_removed":["Defend_P"],"damage_healed":0,"gold_gain":0,"player_choice":"Card Removal","damage_taken":7,"max_hp_gain":0,"max_hp_loss":0,"event_name":"Golden Wing","floor":2,"gold_loss":0},{"damage_healed":0,"gold_gain":30,"player_choice":"Searched \u00273\u0027 times","damage_taken":0,"relics_obtained":["aspiration:AnachronicSnailShell"],"max_hp_gain":0,"max_hp_loss":0,"event_name":"Dead Adventurer","floor":11,"gold_loss":0},{"damage_healed":0,"gold_gain":0,"player_choice":"2","damage_taken":0,"max_hp_gain":0,"max_hp_loss":0,"event_name":"betterMatch:BetterMatch","floor":19,"gold_loss":0,"cards_obtained":["betterMatch:ColorlessUncommonCard"]},{"cards_removed":["Stare"],"damage_healed":0,"gold_gain":0,"player_choice":"Take \u0026 Give","damage_taken":0,"max_hp_gain":0,"max_hp_loss":0,"event_name":"betterNote:BetterNote","floor":20,"gold_loss":0,"cards_obtained":["Devotion"]}],"is_beta":false,"boss_relics":[{"not_picked":["bronze:MakeshiftBattery","energizedSpire:RedRose"],"picked":"relicPack:KazumaCape"}],"items_purged_floors":[22],"is_endless":false,"potions_floor_spawned":[7,10,11,12,13,18,23,24],"killed_by":"Slavers","ascension_level":1}}