{"host":"sum4dy402bbv9y4o","time":1611279119,"event":{"mods":["Aspiration","BaseMod","Conspire","Highlight Path","Minty Spire (QoL Compilation)","StSLib"],"gold_per_floor":[119,139,8,0,20,51,51,85,85,85,114,114,147,163,163,163,163],"floor_reached":16,"language":"ENG","playtime":383,"items_purged":[],"score":356,"play_id":"1e36aef5-0a64-4c18-995c-59142d0ef9a7","local_time":"20210122043159","is_ascension_mode":true,"campfire_choices":[{"data":"Eruption","floor":7,"key":"SMITH"},{"data":"SashWhip","floor":10,"key":"SMITH"},{"data":"SashWhip","floor":15,"key":"SMITH"}],"circlet_count":0,"master_deck":["AscendersBane","Strike_P","Strike_P","Strike_P+1","Strike_P+1","Defend_P","Defend_P","Defend_P","Defend_P","Eruption+1","Vigilance","SashWhip+1","BowlingBash","FearNoEvil","SashWhip+1","FollowUp","Tantrum","FollowUp","ThirdEye"],"relics":["PureWater","aspiration:Nostalgia","Cracked Core","Turnip","StrikeDummy","The Courier","Omamori","Shuriken"],"acts_visited":["Exordium"],"potions_floor_usage":[6,6,11],"damage_taken":[{"damage":0,"enemies":"Cultist","floor":1,"turns":3},{"damage":2,"enemies":"Jaw Worm","floor":2,"turns":4},{"damage":0,"enemies":"2 Louse","floor":5,"turns":1},{"damage":12,"enemies":"3 Sentries","floor":6,"turns":5},{"damage":8,"enemies":"Gremlin Nob","floor":8,"turns":3},{"damage":0,"enemies":"Lagavulin","floor":11,"turns":4},{"damage":0,"enemies":"Gremlin Nob","floor":13,"turns":2},{"damage":0,"enemies":"Large Slime","floor":14,"turns":3},{"damage":19,"enemies":"The Guardian","floor":16,"turns":4}],"seed_played":"6178777040127202741","potions_obtained":[{"floor":2,"key":"EntropicBrew"},{"floor":5,"key":"Energy Potion"},{"floor":8,"key":"Energy Potion"}],"is_trial":false,"path_per_floor":["M","M","$","?","M","E","R","E","T","R","E","?","E","M","R","B"],"character_chosen":"WATCHER","items_purchased":["FearNoEvil","SashWhip"],"campfire_rested":0,"item_purchase_floors":[3,3],"current_hp_per_floor":[61,59,59,59,59,47,47,39,39,39,39,19,19,19,19,0,0],"gold":163,"neow_bonus":"NOSTALGIA","is_daily":false,"chose_seed":false,"campfire_upgraded":3,"win_rate":0.0,"timestamp":1611279119,"path_taken":["M","M","$","?","M","E","R","E","T","R","E","?","E","M","R","BOSS"],"items_purchased_type":["Card","Card"],"build_version":"2020-12-22","purchased_purges":0,"victory":false,"max_hp_per_floor":[68,68,68,68,68,68,68,68,68,68,68,68,68,68,68,68,68],"card_choices":[{"not_picked":["ThirdEye","FlyingSleeves"],"picked":"SashWhip","floor":1},{"not_picked":["Study","Protect"],"picked":"BowlingBash","floor":2},{"not_picked":["WindmillStrike","ClearTheMind"],"picked":"FollowUp","floor":5},{"not_picked":["ForeignInfluence","FollowUp"],"picked":"Tantrum","floor":6},{"not_picked":["WheelKick","Crescendo"],"picked":"FollowUp","floor":8},{"not_picked":["Tantrum","SashWhip"],"picked":"ThirdEye","floor":11},{"not_picked":["Vengeance","Devotion","Prostrate"],"picked":"SKIP","floor":13},{"not_picked":["Crescendo","PathToVictory","Prostrate"],"picked":"SKIP","floor":14}],"player_experience":2958906,"relics_obtained":[{"floor":6,"key":"Turnip"},{"floor":8,"key":"StrikeDummy"},{"floor":9,"key":"The Courier"},{"floor":11,"key":"Omamori"},{"floor":13,"key":"Shuriken"}],"event_choices":[{"damage_healed":0,"gold_gain":0,"player_choice":"Left Gold","damage_taken":0,"max_hp_gain":0,"max_hp_loss":0,"event_name":"World of Goop","floor":4,"gold_loss":8},{"damage_healed":0,"gold_gain":0,"player_choice":"Entered Light","damage_taken":20,"max_hp_gain":0,"max_hp_loss":0,"event_name":"Shining Light","floor":12,"gold_loss":0,"cards_upgraded":["Strike_P","Strike_P"]}],"is_beta":false,"boss_relics":[],"items_purged_floors":[],"is_endless":false,"potions_floor_spawned":[2,5,8],"killed_by":"The Guardian","ascension_level":20}}