{"host":"agbyy69nq62afhwx","time":1611347685,"event":{"mods":["BaseMod","Colored Map","DeckTracker","Highlight Path","Keyboard Shortcuts","Minty Spire (QoL Compilation)","Quick Restart","StSLib","SuperFastMode","everything is the same but u backflip on backflip"],"gold_per_floor":[135,60,94,94,113,113,191,191,239,264,264,300,363,58,58,182,182,221,221,227,241,48,48,87,87,87,157,157,157],"floor_reached":28,"language":"KOR","playtime":726,"items_purged":["Strike_B","Strike_B"],"score":374,"play_id":"92999428-df85-4d58-965d-17d55118c16a","local_time":"20210123053445","is_ascension_mode":true,"campfire_choices":[{"data":"HandOfGreed","floor":6.0,"key":"SMITH"},{"data":"Darkness","floor":8.0,"key":"SMITH"},{"floor":11.0,"key":"REST"},{"floor":15.0,"key":"REST"},{"data":"Defragment","floor":23.0,"key":"SMITH"},{"data":"White Noise","floor":25.0,"key":"SMITH"}],"circlet_count":0,"master_deck":["AscendersBane","Strike_B","Strike_B","Defend_B","Defend_B+1","Defend_B+1","Defend_B+1","Zap","Dualcast","HandOfGreed+1","FTL+1","Auto Shields","Defragment+1","Darkness+1","White Noise+1","Buffer+1","Reboot"],"relics":["Cracked Core","Odd Mushroom","MealTicket","War Paint","Mango","Runic Pyramid","Membership Card","Pantograph"],"acts_visited":["Exordium","TheCity"],"potions_floor_usage":[28],"damage_taken":[{"damage":0.0,"enemies":"2 Louse","floor":1.0,"turns":1.0},{"damage":12.0,"enemies":"Jaw Worm","floor":3.0,"turns":4.0},{"damage":0.0,"enemies":"Cultist","floor":5.0,"turns":3.0},{"damage":7.0,"enemies":"The Mushroom Lair","floor":7.0,"turns":4.0},{"damage":19.0,"enemies":"3 Sentries","floor":10.0,"turns":7.0},{"damage":9.0,"enemies":"Red Slaver","floor":12.0,"turns":2.0},{"damage":18.0,"enemies":"Exordium Thugs","floor":13.0,"turns":4.0},{"damage":19.0,"enemies":"Slime Boss","floor":16.0,"turns":12.0},{"damage":0.0,"enemies":"Chosen","floor":18.0,"turns":5.0},{"damage":14.0,"enemies":"2 Thieves","floor":20.0,"turns":4.0},{"damage":22.0,"enemies":"Snake Plant","floor":21.0,"turns":6.0},{"damage":9.0,"enemies":"Shelled Parasite and Fungi","floor":24.0,"turns":5.0},{"damage":0.0,"enemies":"Sentry and Sphere","floor":27.0,"turns":6.0},{"damage":29,"enemies":"Gremlin Leader","floor":28,"turns":5}],"seed_played":"-3111966311360330657","potions_obtained":[{"floor":1.0,"key":"Ancient Potion"},{"floor":5.0,"key":"LiquidMemories"},{"floor":16.0,"key":"Regen Potion"}],"is_trial":false,"path_per_floor":["M","$","M","?","M","R","?","R","T","E","R","M","M","$","R","B",null,"M","?","M","M","$","R","M","R","T","M","E"],"character_chosen":"DEFECT","items_purchased":["Mango","Membership Card"],"campfire_rested":2,"item_purchase_floors":[14,22],"current_hp_per_floor":[64,64,52,39,39,39,32,32,32,13,32,23,5,34,57,38,68,68,68,54,32,47,47,38,38,38,38,23,23],"gold":157,"neow_bonus":"RANDOM_COLORLESS_2","is_daily":false,"chose_seed":false,"campfire_upgraded":4,"win_rate":0.0,"timestamp":1611347685,"path_taken":["M","$","M","?","M","R","?","R","T","E","R","M","M","$","R","BOSS","M","?","M","?","?","R","M","R","T","M","E"],"items_purchased_type":["Relic","Relic"],"build_version":"2020-12-22","purchased_purges":2,"victory":false,"max_hp_per_floor":[64,64,64,64,64,64,64,64,64,64,64,64,64,78,78,78,78,78,78,78,78,78,78,78,78,78,78,78,78],"card_choices":[{"not_picked":["The Bomb","Mayhem"],"picked":"HandOfGreed","floor":0.0},{"not_picked":["Go for the Eyes","Glacier"],"picked":"FTL","floor":1.0},{"not_picked":["Defragment","Rip and Tear"],"picked":"Auto Shields","floor":3.0},{"not_picked":["Hologram","Streamline"],"picked":"Defragment","floor":5.0},{"not_picked":["Sunder","Redo"],"picked":"Darkness","floor":7.0},{"not_picked":["Hello World","Static Discharge"],"picked":"White Noise","floor":10.0},{"not_picked":["Scrape","Hologram","Ball Lightning"],"picked":"SKIP","floor":12.0},{"not_picked":["Machine Learning","Leap","Ball Lightning"],"picked":"SKIP","floor":13.0},{"not_picked":["Fission","Meteor Strike"],"picked":"Buffer","floor":16.0},{"not_picked":["Steam","Leap","Go for the Eyes"],"picked":"SKIP","floor":18.0},{"not_picked":["Steam+1","FTL","Genetic Algorithm"],"picked":"SKIP","floor":20.0},{"not_picked":["Reinforced Body","Beam Cell"],"picked":"Reboot","floor":21.0},{"not_picked":["Fusion","Consume","Rebound"],"picked":"SKIP","floor":24.0},{"not_picked":["Double Energy","Barrage","Lockon"],"picked":"SKIP","floor":27.0}],"player_experience":438389,"relics_obtained":[{"floor":7.0,"key":"Odd Mushroom"},{"floor":9.0,"key":"MealTicket"},{"floor":10.0,"key":"War Paint"},{"floor":26.0,"key":"Pantograph"}],"event_choices":[{"damage_healed":0.0,"max_hp_gain":0.0,"max_hp_loss":0.0,"gold_gain":0.0,"event_name":"Shining Light","player_choice":"Entered Light","floor":4.0,"gold_loss":0.0,"damage_taken":13.0,"cards_upgraded":["Defend_B","FTL"]},{"damage_healed":0.0,"max_hp_gain":0.0,"max_hp_loss":0.0,"gold_gain":0.0,"event_name":"Mushrooms","player_choice":"Fought Mushrooms","floor":7.0,"gold_loss":0.0,"damage_taken":0.0},{"damage_healed":0.0,"max_hp_gain":0.0,"max_hp_loss":0.0,"gold_gain":0.0,"event_name":"Accursed Blacksmith","player_choice":"Forge","floor":19.0,"gold_loss":0.0,"damage_taken":0.0,"cards_upgraded":["Buffer"]}],"is_beta":false,"boss_relics":[{"not_picked":["Busted Crown","SlaversCollar"],"picked":"Runic Pyramid"}],"items_purged_floors":[2,22],"is_endless":false,"potions_floor_spawned":[1,5,12,16,18,20],"killed_by":"Gremlin Leader","ascension_level":14}}