{"host":"w8jq41i5zn1fudf9","time":1611290100,"event":{"mods":["AchievementEnabler","Aspiration","Bartender","BaseMod","BetterRewards","Colored Map","Colored Powertips","Curses Come First","GifTheSpireLib","Googly Eyes","Hermit","Hubris","Infinite Spire","Jedi Mod","Koishi","Magitek Elite","Minty Spire (QoL Compilation)","Permanent Neow","Quick Restart","Rare Cards Sparkle","Relic Stats","Replay The Spire","Robot Space Explorer","Shop Mod","StSLib","Td1madao Mod","The Awakened One except there are too many feathers","The Edgeheg","The Servant 0.9.4","Wandering Minibosses","egg","everything is the same but u backflip on backflip","slay the spire mod where everything is the same but ironclad has a cowboy hat"],"gold_per_floor":[114,289,129,129,129,129,145,179,179,9,9,34,51,51,51,180,180,205,205,223,223,90,90,90,90,90,90,111,111,111,111,111,234,234,257,257,257,257,257,257,532,532,546,546,570,83,98,113,136,155,155,155],"floor_reached":53,"language":"ENG","playtime":2222,"items_purged":["Doubt","hermit:Roulette+1","hermit:Defend_Hermit"],"score":1002,"play_id":"7d76da68-66e6-42bc-a0ed-8f1f6cd41028","local_time":"20210121213500","is_ascension_mode":true,"campfire_choices":[{"data":"Dark Shackles","floor":6,"key":"SMITH"},{"data":"hermit:WideOpen","floor":11,"key":"SMITH"},{"floor":15,"key":"REST"},{"data":"hermit:FlashPowder","floor":23,"key":"SMITH"},{"data":"hermit:Covet","floor":25,"key":"SMITH"},{"data":"hermit:Snapshot","floor":30,"key":"SMITH"},{"data":"hermit:ItchyTrigger","floor":32,"key":"SMITH"},{"data":"hermit:Headshot","floor":42,"key":"SMITH"},{"data":"hermit:Horror","floor":44,"key":"SMITH"},{"floor":51,"key":"DIG"}],"circlet_count":0,"master_deck":["hermit:Strike_Hermit","hermit:Strike_Hermit","hermit:Defend_Hermit","hermit:Snapshot+1","hermit:Covet+1","hermit:ItchyTrigger+1","hermit:Horror+1","Dark Shackles+1","Regret","hermit:Headshot+1","hermit:FlashPowder+1","hermit:WideOpen+1","hermit:ShadowCloak+1","hermit:Enervate","hermit:Gambit+1","hermit:HeroicBravado+1","hermit:DeadMansHand+1","hermit:GhostlyPresence+1","hermit:CursedWeapon+1","hermit:Reprieve+1","hermit:BodyArmor+1","Writhe","Regret","hermit:Showdown+1","hermit:Glare+1","Parasite","hermit:ShadowCloak+1","hermit:Quickdraw+1"],"relics":["hermit:ClaspedLocket","MerchantsRug","jedi:kaleidoscope","Frozen Egg 2","Pantograph","PreservedInsect","Toxic Egg 2","Nunchaku","ReplayTheSpireMod:Lightbulb","Golden Idol","Juzu Bracelet","hubris:Icosahedron","hubris:ToyBattleship","aspiration:TomeofQuesting","Ring of Chaos","ReplayTheSpireMod:Ring of Addiction","Toy Ornithopter","hubris:EmptyBottle","ReplayFunnel","Durian","Bird Faced Urn"],"acts_visited":["Exordium","TheCity","TheBeyond"],"potions_floor_usage":[8,22,43,43,43,48,50,52,52,52],"damage_taken":[{"damage":5,"enemies":"Small Slimes","floor":1,"turns":3},{"damage":6,"enemies":"Jaw Worm","floor":7,"turns":2},{"damage":8,"enemies":"Gremlin Nob","floor":8,"turns":3},{"damage":9,"enemies":"3 Sentries","floor":12,"turns":4},{"damage":0,"enemies":"Cultist","floor":13,"turns":2},{"damage":0,"enemies":"Slime Boss","floor":16,"turns":6},{"damage":0,"enemies":"Chosen","floor":18,"turns":2},{"damage":0,"enemies":"Spheric Guardian","floor":20,"turns":2},{"damage":13,"enemies":"3 Cultists","floor":28,"turns":5},{"damage":16,"enemies":"Champ","floor":33,"turns":10},{"damage":9,"enemies":"3 Darklings","floor":35,"turns":6},{"damage":18,"enemies":"3 Shapes","floor":43,"turns":4},{"damage":17,"enemies":"Maw","floor":47,"turns":6},{"damage":3,"enemies":"Writhing Mass","floor":48,"turns":4},{"damage":29,"enemies":"4 Shapes","floor":49,"turns":5},{"damage":10,"enemies":"Jaw Worm Horde","floor":50,"turns":3},{"damage":57,"enemies":"Donu and Deca","floor":52,"turns":9}],"seed_played":"-7849329609645096340","potions_obtained":[{"floor":1,"key":"jedi:StrikingPotion"},{"floor":13,"key":"Languid Potion"},{"floor":16,"key":"Strength Potion"},{"floor":33,"key":"SpeedPotion"},{"floor":36,"key":"Explosive Potion"},{"floor":36,"key":"Swift Potion"},{"floor":47,"key":"Milkshake"},{"floor":48,"key":"Dexterity Potion"},{"floor":50,"key":"LiquidBronze"}],"is_trial":false,"path_per_floor":["M","?","$","?","T","R","M","E","T","$","R","E","M","?","R","B",null,"M","?","M","?","$","R","?","R","T","?","M","?","R","T","R","B",null,"M","?","?","PTL","PTL","?","?","R","M","R","T","$","M","M","M","M","R_BF","B",null],"character_chosen":"HERMIT","items_purchased":["MerchantsRug","Dark Shackles","Nunchaku","hermit:WideOpen","Fruit Juice","Durian","hermit:Glare+1"],"campfire_rested":1,"item_purchase_floors":[0,3,10,10,22,46,46],"current_hp_per_floor":[70,70,70,70,70,70,64,56,56,56,56,47,47,29,51,75,75,75,75,75,75,80,80,77,77,77,77,64,64,64,64,64,64,80,71,71,80,80,80,78,78,78,76,76,76,81,64,74,54,51,51,42],"gold":155,"neow_bonus":"","is_daily":false,"chose_seed":false,"campfire_upgraded":8,"win_rate":0.0,"timestamp":1611290100,"path_taken":["M","?","$","?","?","R","M","E","T","$","R","E","?","?","R","BOSS","M","?","M","?","$","R","?","R","T","?","M","?","R","?","R","BOSS","M","?","?","PTL","PTL","?","?","R","M","R","T","$","M","M","M","M","R_BF","BOSS"],"items_purchased_type":["Relic","Card","Relic","Card","Potion","Relic","Card"],"build_version":"2020-12-22","purchased_purges":3,"victory":true,"max_hp_per_floor":[75,75,75,75,75,75,75,75,75,75,75,75,75,75,75,75,75,75,75,75,75,80,80,80,80,80,80,80,80,80,80,80,80,80,80,80,80,80,80,78,78,78,76,76,76,81,79,79,79,79,79,79],"relic_stats":{"Nunchaku":[36],"counters":[60,267],"Golden Idol":113,"Pantograph":65,"Bird Faced Urn":[4],"PreservedInsect":30,"Juzu Bracelet":2,"obtain_stats":[{"Darkstone Periapt":17,"ReplayFunnel":45,"hermit:ClaspedLocket":34,"jedi:strikemanual":0,"Singing Bowl":43,"aspiration:TomeofQuesting":31,"Juzu Bracelet":26,"jedi:archwizardhat":20,"Replay:Mystery Machine":26,"hubris:EmptyBottle":36,"Boot":23,"Cursed Key":17,"Smiling Mask":9,"Pet Ghost":9,"Replay:Ringing Soul":0,"Nunchaku":7,"hubris:Icosahedron":48,"aspiration:DefectSkillbook":34,"Pantograph":5,"Replay:Wax Seal":7,"Toxic Egg 2":9,"MerchantsRug":0,"BargainBundle":45,"Golden Idol":14,"Guide Book":37,"Astrolabe":17,"ReplayTheSpireMod:Ring of Addiction":36,"jedi:gremlinknob":17,"Pen Nib":26,"infinitespire:Beetle Shell":27,"PreservedInsect":8,"Ring of Chaos":36,"Protect_Vest":0,"Replay:Ancient Bell":17,"hubris:Towel":7,"Frozen Egg 2":4,"WarpedTongs":25,"Anchor":17,"jedi:kaleidoscope":0,"jedi:hotpepper":19,"Bird Faced Urn":51,"Simple Rune":17,"hubris:ToyBattleship":29,"Durian":46,"ReplayTheSpireMod:Lightbulb":12,"hermit:Momento":0,"infinitespire:PuzzleCube":9,"Toy Ornithopter":36},{"Darkstone Periapt":27,"ReplayFunnel":55,"hermit:ClaspedLocket":53,"jedi:strikemanual":10,"Singing Bowl":39,"aspiration:TomeofQuesting":52,"Juzu Bracelet":51,"jedi:archwizardhat":17,"Replay:Mystery Machine":33,"hubris:EmptyBottle":54,"Boot":9,"Cursed Key":16,"Smiling Mask":24,"Pet Ghost":3,"Replay:Ringing Soul":20,"Nunchaku":23,"hubris:Icosahedron":42,"aspiration:DefectSkillbook":36,"Pantograph":44,"Replay:Wax Seal":3,"Toxic Egg 2":46,"MerchantsRug":43,"BargainBundle":40,"Golden Idol":48,"Guide Book":38,"Astrolabe":49,"ReplayTheSpireMod:Ring of Addiction":54,"jedi:gremlinknob":27,"Pen Nib":19,"infinitespire:Beetle Shell":19,"PreservedInsect":46,"Ring of Chaos":54,"Protect_Vest":0,"Replay:Ancient Bell":27,"hubris:Towel":14,"Frozen Egg 2":44,"WarpedTongs":19,"Anchor":27,"jedi:kaleidoscope":43,"jedi:hotpepper":7,"Bird Faced Urn":59,"Simple Rune":6,"hubris:ToyBattleship":52,"Durian":55,"ReplayTheSpireMod:Lightbulb":47,"hermit:Momento":0,"infinitespire:PuzzleCube":14,"Toy Ornithopter":54},{"Darkstone Periapt":113,"ReplayFunnel":240,"hermit:ClaspedLocket":230,"jedi:strikemanual":44,"Singing Bowl":172,"aspiration:TomeofQuesting":220,"Juzu Bracelet":215,"jedi:archwizardhat":70,"Replay:Mystery Machine":142,"hubris:EmptyBottle":236,"Boot":38,"Cursed Key":63,"Smiling Mask":94,"Pet Ghost":9,"Replay:Ringing Soul":83,"Nunchaku":90,"hubris:Icosahedron":183,"aspiration:DefectSkillbook":159,"Pantograph":194,"Replay:Wax Seal":9,"Toxic Egg 2":199,"MerchantsRug":191,"BargainBundle":175,"Golden Idol":205,"Guide Book":168,"Astrolabe":211,"ReplayTheSpireMod:Ring of Addiction":236,"jedi:gremlinknob":113,"Pen Nib":80,"infinitespire:Beetle Shell":80,"PreservedInsect":199,"Ring of Chaos":236,"Protect_Vest":0,"Replay:Ancient Bell":113,"hubris:Towel":53,"Frozen Egg 2":194,"WarpedTongs":80,"Anchor":113,"jedi:kaleidoscope":191,"jedi:hotpepper":28,"Bird Faced Urn":258,"Simple Rune":17,"hubris:ToyBattleship":220,"Durian":240,"ReplayTheSpireMod:Lightbulb":203,"hermit:Momento":0,"infinitespire:PuzzleCube":53,"Toy Ornithopter":236}],"Toy Ornithopter":35},"card_choices":[{"not_picked":["hermit:LowProfile","hermit:SprayPray"],"picked":"hermit:Horror","floor":1},{"not_picked":["hermit:Cheat","hermit:TakeCover"],"picked":"hermit:Headshot","floor":7},{"not_picked":["hermit:Malice","hermit:Gestalt"],"picked":"hermit:FlashPowder","floor":8},{"not_picked":["hermit:SprayPray","hermit:Snipe+1"],"picked":"hermit:ShadowCloak+1","floor":12},{"not_picked":["hermit:Shortfuse","hermit:TrackingShot"],"picked":"hermit:Enervate","floor":13},{"not_picked":["hermit:HighNoon+1","hermit:BlackWind"],"picked":"hermit:Gambit+1","floor":16},{"not_picked":["hermit:Vantage+1","hermit:ItchyTrigger"],"picked":"hermit:GhostlyPresence+1","floor":18},{"not_picked":["hermit:Quickdraw","hermit:Feint+1"],"picked":"hermit:CursedWeapon+1","floor":20},{"not_picked":["hermit:BodyArmor+1","hermit:Desperado+1","hermit:WideOpen+1"],"picked":"SKIP","floor":28},{"not_picked":["hermit:EternalForm+1","hermit:FatalDesire+1"],"picked":"hermit:Reprieve+1","floor":33},{"not_picked":["hermit:Glare+1","hermit:CalledShot"],"picked":"hermit:BodyArmor+1","floor":35},{"not_picked":["hermit:WideOpen","hermit:LowProfile+1"],"picked":"hermit:Showdown+1","floor":43},{"not_picked":["hermit:CursedWeapon+1","hermit:HighNoon+1","hermit:Snipe+1"],"picked":"SKIP","floor":47},{"not_picked":["hermit:SprayPray","hermit:LowProfile+1"],"picked":"hermit:ShadowCloak+1","floor":48},{"not_picked":["hermit:Feint+1","hermit:Determination+1","hermit:Misfire"],"picked":"SKIP","floor":49},{"not_picked":["hermit:Feint+1","hermit:Cheat+1"],"picked":"hermit:Quickdraw+1","floor":50}],"player_experience":277236,"relics_obtained":[{"floor":5,"key":"Pantograph"},{"floor":8,"key":"PreservedInsect"},{"floor":9,"key":"Toxic Egg 2"},{"floor":12,"key":"ReplayTheSpireMod:Lightbulb"},{"floor":26,"key":"Juzu Bracelet"},{"floor":29,"key":"hubris:ToyBattleship"},{"floor":31,"key":"aspiration:TomeofQuesting"},{"floor":36,"key":"Ring of Chaos"},{"floor":36,"key":"ReplayTheSpireMod:Ring of Addiction"},{"floor":36,"key":"Toy Ornithopter"},{"floor":36,"key":"hubris:EmptyBottle"},{"floor":45,"key":"ReplayFunnel"},{"floor":51,"key":"Bird Faced Urn"}],"event_choices":[{"damage_healed":0,"gold_gain":175,"player_choice":"AGREE","damage_taken":0,"max_hp_gain":0,"max_hp_loss":0,"event_name":"Liars Game","floor":2,"gold_loss":0,"cards_obtained":["Doubt"]},{"damage_healed":0,"gold_gain":0,"player_choice":"Box","damage_taken":0,"relics_obtained":["Frozen Egg 2"],"max_hp_gain":0,"max_hp_loss":0,"event_name":"Big Fish","floor":4,"gold_loss":0,"cards_obtained":["Regret"]},{"damage_healed":0,"gold_gain":0,"player_choice":"Take Damage","damage_taken":18,"relics_obtained":["Golden Idol"],"max_hp_gain":0,"max_hp_loss":0,"event_name":"Golden Idol","floor":14,"gold_loss":0},{"damage_healed":0,"gold_gain":0,"player_choice":"Ignored","damage_taken":0,"max_hp_gain":0,"max_hp_loss":0,"event_name":"Vampires","floor":19,"gold_loss":0},{"damage_healed":0,"gold_gain":0,"player_choice":"Ignored","damage_taken":0,"max_hp_gain":0,"max_hp_loss":0,"event_name":"Ghosts","floor":21,"gold_loss":0},{"damage_healed":0,"gold_gain":0,"player_choice":"Punched","damage_taken":3,"max_hp_gain":0,"max_hp_loss":0,"event_name":"Designer","floor":24,"gold_loss":0},{"damage_healed":20,"gold_gain":0,"player_choice":"Writhe","damage_taken":0,"max_hp_gain":0,"max_hp_loss":0,"event_name":"Winding Halls","floor":37,"gold_loss":0,"cards_obtained":["Writhe"]},{"damage_healed":0,"gold_gain":0,"player_choice":"Ignored","damage_taken":0,"max_hp_gain":0,"max_hp_loss":0,"event_name":"Tomb of Lord Red Mask","floor":40,"gold_loss":0},{"damage_healed":0,"gold_gain":275,"player_choice":"Desecrate","damage_taken":0,"max_hp_gain":0,"max_hp_loss":0,"event_name":"Golden Shrine","floor":41,"gold_loss":0,"cards_obtained":["Regret"]}],"is_beta":false,"boss_relics":[{"not_picked":["aspiration:FutureDiary","hubris:RunicObelisk"],"picked":"Astrolabe"},{"not_picked":["Painkiller Herb","Tiny House"],"picked":"hermit:ClaspedLocket"}],"items_purged_floors":[3,22,46],"is_endless":false,"potions_floor_spawned":[1,13,16,33,47,48,50],"ascension_level":1}}