{"host":"k7udt7atmcuzf6l0","time":1611302473,"event":{"mods":["AchievementEnabler","BaseMod","Colored Map","Colored Powertips","Highlight Path","Minty Spire (QoL Compilation)","Quick Restart","Rare Cards Sparkle","StSLib","UnlockEverythingMod"],"gold_per_floor":[116,116,134,147,164,164,190,190,272,272,11,11,27,56,56,159,159,178,191,208,208,224,224,240,240,263,288,288,315,315,349,349,448,448,459,476,108,160,180,205,205,205,205,222,22,40,67,80,80,80],"floor_reached":51,"language":"ZHT","playtime":1246,"items_purged":[],"score":807,"play_id":"e67ced7d-a024-465a-8540-0422218e4c1b","local_time":"20210122160113","is_ascension_mode":false,"campfire_choices":[{"data":"Pommel Strike","floor":6.0,"key":"SMITH"},{"data":"Clash","floor":8.0,"key":"SMITH"},{"data":"Clash","floor":10.0,"key":"SMITH"},{"data":"Double Tap","floor":12.0,"key":"SMITH"},{"data":"Shockwave","floor":15.0,"key":"SMITH"},{"data":"Flex","floor":23,"key":"SMITH"},{"data":"Warcry","floor":25,"key":"SMITH"},{"data":"Reaper","floor":28,"key":"SMITH"},{"data":"Sword Boomerang","floor":30,"key":"SMITH"},{"data":"Cleave","floor":32,"key":"SMITH"},{"floor":41,"key":"RECALL"},{"floor":49,"key":"REST"}],"circlet_count":0,"master_deck":["Strike_R","Strike_R","Strike_R","Strike_R","Strike_R","Defend_R","Defend_R","Defend_R","Bash","Pommel Strike+1","Dropkick","Clash+1","Headbutt","Clash+1","Double Tap+1","Cleave+1","Warcry+1","Shockwave+1","Reaper+1","Infernal Blade+1","Twin Strike+1","Flex+1","Armaments+1","Flex+1","Sword Boomerang+1","Berserk+1","Thunderclap+1","Iron Wave+1","Whirlwind","Seeing Red+1","Warcry+1","Transmutation","Parasite","Twin Strike+1","Flex+1","Dark Embrace+1","Pommel Strike+1","Cleave+1","Thunderclap+1","Clothesline+1"],"relics":["Burning Blood","NeowsBlessing","Lizard Tail","HornCleat","Brimstone","Nunchaku","Runic Pyramid","MutagenicStrength","Regal Pillow","Bag of Preparation","Frozen Egg 2","Charon\u0027s Ashes","Fusion Hammer","Vajra","Red Skull","Bird Faced Urn","Centennial Puzzle","Prayer Wheel","Anchor","Letter Opener"],"acts_visited":["Exordium","TheCity","TheBeyond"],"potions_floor_usage":[16,20,31,33,46,50,50],"damage_taken":[{"damage":0.0,"enemies":"Jaw Worm","floor":1.0,"turns":1.0},{"damage":0.0,"enemies":"Cultist","floor":3.0,"turns":1.0},{"damage":0.0,"enemies":"2 Louse","floor":4.0,"turns":1.0},{"damage":10.0,"enemies":"Looter","floor":5.0,"turns":2.0},{"damage":34.0,"enemies":"3 Sentries","floor":7.0,"turns":7.0},{"damage":5.0,"enemies":"2 Fungi Beasts","floor":13.0,"turns":2.0},{"damage":0.0,"enemies":"Gremlin Nob","floor":14.0,"turns":2.0},{"damage":27,"enemies":"Hexaghost","floor":16,"turns":5},{"damage":12,"enemies":"Chosen","floor":18,"turns":2},{"damage":3,"enemies":"Shell Parasite","floor":19,"turns":2},{"damage":0,"enemies":"Sentry and Sphere","floor":20,"turns":3},{"damage":0,"enemies":"3 Cultists","floor":22,"turns":3},{"damage":15,"enemies":"Centurion and Healer","floor":24,"turns":3},{"damage":6,"enemies":"Slavers","floor":29,"turns":2},{"damage":21,"enemies":"Gremlin Leader","floor":31,"turns":2},{"damage":59,"enemies":"Automaton","floor":33,"turns":7},{"damage":0,"enemies":"Orb Walker","floor":35,"turns":1},{"damage":0,"enemies":"3 Darklings","floor":36,"turns":2},{"damage":1,"enemies":"2 Orb Walkers","floor":38,"turns":3},{"damage":0,"enemies":"Transient","floor":39,"turns":5},{"damage":3,"enemies":"Giant Head","floor":40,"turns":3},{"damage":0,"enemies":"Writhing Mass","floor":44,"turns":2},{"damage":0,"enemies":"Jaw Worm Horde","floor":46,"turns":2},{"damage":20,"enemies":"Nemesis","floor":47,"turns":3},{"damage":0,"enemies":"3 Darklings","floor":48,"turns":2},{"damage":79,"enemies":"Awakened One","floor":50,"turns":6}],"seed_played":"771303347395975992","potions_obtained":[{"floor":5.0,"key":"BlessingOfTheForge"},{"floor":7.0,"key":"LiquidMemories"},{"floor":13.0,"key":"BloodPotion"},{"floor":16,"key":"Regen Potion"},{"floor":19,"key":"DuplicationPotion"},{"floor":24,"key":"BloodPotion"},{"floor":31,"key":"GamblersBrew"},{"floor":39,"key":"LiquidMemories"},{"floor":44,"key":"Swift Potion"},{"floor":47,"key":"Energy Potion"}],"is_trial":false,"path_per_floor":["M","?","M","M","M","R","E","R","T","R","$","R","M","E","R","B",null,"M","M","M","?","M","R","M","R","T","T","R","E","R","E","R","B",null,"M","M","$","?","M","E","R","?","T","M","$","M","E","M","R","B",null],"character_chosen":"IRONCLAD","items_purchased":["Brimstone","Double Tap","Cleave","Vajra","Whirlwind","Red Skull","Anchor","SteroidPotion"],"campfire_rested":1,"item_purchase_floors":[11,11,11,37,37,37,45,45],"current_hp_per_floor":[80,80,80,80,76,76,48,48,48,48,48,48,49,55,55,34,80,74,77,80,80,80,80,75,75,75,75,75,80,80,80,80,46,80,80,80,80,80,80,80,80,80,80,80,80,80,80,80,80,35],"gold":80,"neow_bonus":"THREE_ENEMY_KILL","is_daily":false,"chose_seed":false,"campfire_upgraded":10,"win_rate":0.0,"timestamp":1611302473,"path_taken":["M","?","M","?","M","R","E","R","T","R","$","R","M","E","R","BOSS","M","M","M","?","M","R","M","R","T","?","R","E","R","E","R","BOSS","M","M","$","?","M","E","R","?","T","M","$","M","E","M","R","BOSS"],"items_purchased_type":["Relic","Card","Card","Relic","Card","Relic","Relic","Potion"],"build_version":"2020-12-22","purchased_purges":0,"victory":true,"max_hp_per_floor":[80,80,80,80,80,80,80,80,80,80,80,80,80,80,80,80,80,80,80,80,80,80,80,80,80,80,80,80,80,80,80,80,80,80,80,80,80,80,80,80,80,80,80,80,80,80,80,80,80,80],"card_choices":[{"not_picked":["Anger","Metallicize"],"picked":"Pommel Strike","floor":1.0},{"not_picked":["Carnage","Havoc","Dropkick"],"picked":"SKIP","floor":3.0},{"not_picked":["Rupture","Perfected Strike"],"picked":"Clash","floor":4.0},{"not_picked":["Sever Soul","Second Wind"],"picked":"Headbutt","floor":5.0},{"not_picked":["Twin Strike","Bloodletting"],"picked":"Clash","floor":7.0},{"not_picked":["True Grit","Cleave"],"picked":"Warcry","floor":13.0},{"not_picked":["Rage","Clash"],"picked":"Shockwave","floor":14.0},{"not_picked":["Double Tap","Demon Form"],"picked":"Reaper","floor":16},{"not_picked":["Fire Breathing","Inflame"],"picked":"Infernal Blade+1","floor":18},{"not_picked":["True Grit+1","Entrench"],"picked":"Twin Strike+1","floor":19},{"not_picked":["Cleave","Reckless Charge"],"picked":"Flex","floor":20},{"not_picked":["Clash","Flame Barrier+1"],"picked":"Armaments+1","floor":22},{"not_picked":["Uppercut","Infernal Blade"],"picked":"Flex+1","floor":24},{"not_picked":["Flex","Warcry"],"picked":"Sword Boomerang","floor":29},{"not_picked":["Warcry","Armaments","Demon Form+1"],"picked":"SKIP","floor":31},{"not_picked":["Demon Form+1","Offering"],"picked":"Berserk+1","floor":33},{"not_picked":["Infernal Blade+1","Wild Strike"],"picked":"Thunderclap+1","floor":35},{"not_picked":["Power Through+1","Shrug It Off+1"],"picked":"Iron Wave+1","floor":36},{"not_picked":["Carnage","Iron Wave+1"],"picked":"Seeing Red+1","floor":38},{"not_picked":["Sword Boomerang+1","Flame Barrier"],"picked":"Warcry+1","floor":39},{"not_picked":["Perfected Strike+1","Clothesline","Seeing Red"],"picked":"SKIP","floor":40},{"not_picked":["Good Instincts","Dramatic Entrance"],"picked":"Transmutation","floor":42},{"not_picked":["Headbutt","Sword Boomerang"],"picked":"Twin Strike+1","floor":44},{"not_picked":["Hemokinesis","Clothesline"],"picked":"Flex+1","floor":44},{"not_picked":["Dropkick","Body Slam"],"picked":"Dark Embrace+1","floor":46},{"not_picked":["Feed","Shockwave+1"],"picked":"Pommel Strike+1","floor":46},{"not_picked":["Rampage+1","Shrug It Off"],"picked":"Cleave+1","floor":47},{"not_picked":["Clash","Clothesline"],"picked":"Thunderclap+1","floor":48},{"not_picked":["Body Slam","Cleave"],"picked":"Clothesline+1","floor":48}],"player_experience":96937,"relics_obtained":[{"floor":7.0,"key":"Lizard Tail"},{"floor":9.0,"key":"HornCleat"},{"floor":14.0,"key":"Nunchaku"},{"floor":26,"key":"Regal Pillow"},{"floor":27,"key":"Bag of Preparation"},{"floor":29,"key":"Frozen Egg 2"},{"floor":31,"key":"Charon\u0027s Ashes"},{"floor":38,"key":"Bird Faced Urn"},{"floor":40,"key":"Centennial Puzzle"},{"floor":43,"key":"Prayer Wheel"},{"floor":47,"key":"Letter Opener"}],"event_choices":[{"damage_healed":0.0,"max_hp_gain":0.0,"max_hp_loss":0.0,"gold_gain":0.0,"cards_transformed":["Defend_R"],"event_name":"Transmorgrifier","player_choice":"Transformed","floor":2.0,"gold_loss":0.0,"damage_taken":0.0,"cards_obtained":["Dropkick"]},{"damage_healed":0,"gold_gain":0,"player_choice":"Inject Mutagens","damage_taken":0,"relics_obtained":["MutagenicStrength"],"max_hp_gain":0,"max_hp_loss":0,"event_name":"Drug Dealer","floor":21,"gold_loss":0},{"damage_healed":0,"gold_gain":0,"player_choice":"Fight","damage_taken":0,"max_hp_gain":0,"max_hp_loss":0,"event_name":"Mysterious Sphere","floor":38,"gold_loss":0},{"damage_healed":0,"gold_gain":0,"player_choice":"Memory 1","damage_taken":0,"max_hp_gain":0,"max_hp_loss":0,"event_name":"SensoryStone","floor":42,"gold_loss":0}],"is_beta":false,"boss_relics":[{"not_picked":["Black Blood","Calling Bell"],"picked":"Runic Pyramid"},{"not_picked":["Velvet Choker","Runic Dome"],"picked":"Fusion Hammer"}],"items_purged_floors":[],"is_endless":false,"potions_floor_spawned":[5,7,13,16,19,24,29,31,39,44,47,48],"ascension_level":0}}