{"host":"bqe9lax0hk9c02ri","time":1611331928,"event":{"mods":["BaseMod","Better Altar","Better Match","Better Note","Better Sensory Stone","Better Skull","Better Third Choice","Minty Spire (QoL Compilation)","Quick Restart","RNG Fix","Reworked Bosses","StSLib"],"gold_per_floor":[113,131,131,149,149,149,180,180,207,221,232,232,157,170,170,266,266,284,184,199,199,46,73,73,73,126,126,126,145,214,224,224,224,224],"floor_reached":33,"language":"ENG","playtime":1548,"items_purged":["Strike_G","Strike_G"],"score":423,"play_id":"4995cf50-7439-4ef7-81f0-2ff547e0bf07","local_time":"20210122081208","is_ascension_mode":true,"campfire_choices":[{"data":"Skewer","floor":6.0,"key":"SMITH"},{"floor":8.0,"key":"REST"},{"data":"Terror","floor":12.0,"key":"SMITH"},{"data":"Prepared","floor":15.0,"key":"SMITH"},{"floor":24.0,"key":"REST"},{"data":"Survivor","floor":28,"key":"SMITH"},{"floor":32,"key":"REST"}],"circlet_count":0,"master_deck":["AscendersBane","Strike_G","Strike_G","Strike_G","Defend_G","Defend_G","Defend_G","Defend_G","Defend_G","Survivor+1","Neutralize","Flying Knee","Skewer+1","Terror+1","Prepared+1","Prepared+1","Flying Knee","Panache","Skewer+1","Well Laid Plans"],"relics":["Philosopher\u0027s Stone","FaceOfCleric","Darkstone Periapt","Pen Nib","Sozu","DollysMirror","Meat on the Bone","Tiny Chest","Pear"],"acts_visited":["Exordium","TheCity"],"potions_floor_usage":[],"damage_taken":[{"damage":5.0,"enemies":"2 Louse","floor":1.0,"turns":3.0},{"damage":3.0,"enemies":"Jaw Worm","floor":2.0,"turns":4.0},{"damage":0.0,"enemies":"Small Slimes","floor":4.0,"turns":4.0},{"damage":27.0,"enemies":"3 Sentries","floor":7.0,"turns":11.0},{"damage":2.0,"enemies":"2 Fungi Beasts","floor":10.0,"turns":3.0},{"damage":0.0,"enemies":"Looter","floor":11.0,"turns":1.0},{"damage":7.0,"enemies":"Exordium Thugs","floor":14.0,"turns":4.0},{"damage":7.0,"enemies":"The Guardian","floor":16.0,"turns":6.0},{"damage":2.0,"enemies":"Shell Parasite","floor":18.0,"turns":2.0},{"damage":11.0,"enemies":"3 Byrds","floor":20.0,"turns":6.0},{"damage":55.0,"enemies":"Book of Stabbing","floor":23.0,"turns":4.0},{"damage":26,"enemies":"Centurion and Healer","floor":29,"turns":4},{"damage":20,"enemies":"Cultist and Chosen","floor":31,"turns":5},{"damage":84,"enemies":"Automaton","floor":33,"turns":6}],"seed_played":"-8569929809592876341","potions_obtained":[{"floor":2.0,"key":"DistilledChaos"},{"floor":11.0,"key":"SneckoOil"},{"floor":14.0,"key":"Swift Potion"},{"floor":16.0,"key":"AttackPotion"}],"is_trial":false,"path_per_floor":["M","M","?","M","?","R","E","R","T","M","M","R","$","M","R","B",null,"M","$","M","?","$","E","R","?","T","?","R","M","T","M","R","B"],"character_chosen":"THE_SILENT","items_purchased":["DollysMirror"],"campfire_rested":3,"item_purchase_floors":[22],"current_hp_per_floor":[58,55,55,56,56,56,30,51,51,50,51,51,51,45,45,39,67,66,66,56,56,56,2,25,51,51,51,51,38,48,41,68,0,0],"gold":224,"neow_bonus":"BOSS_RELIC","is_daily":false,"chose_seed":false,"campfire_upgraded":4,"win_rate":0.0,"timestamp":1611331928,"path_taken":["M","M","?","M","?","R","E","R","T","?","?","R","$","M","R","BOSS","M","$","?","?","$","E","R","?","T","?","R","M","?","M","R","BOSS"],"items_purchased_type":["Relic"],"build_version":"2020-12-22","purchased_purges":2,"victory":false,"max_hp_per_floor":[70,70,70,71,71,71,72,72,72,73,74,74,74,75,75,76,76,77,77,78,78,78,79,79,79,79,79,79,80,90,91,91,91,91],"card_choices":[{"not_picked":["Expertise","Backflip"],"picked":"Flying Knee","floor":1.0},{"not_picked":["Underhanded Strike","Prepared"],"picked":"Skewer","floor":2.0},{"not_picked":["Slice","Acrobatics","Cloak And Dagger"],"picked":"SKIP","floor":4.0},{"not_picked":["Catalyst","Dagger Spray"],"picked":"Terror","floor":7.0},{"not_picked":["Poisoned Stab","Deflect","Deadly Poison"],"picked":"SKIP","floor":10.0},{"not_picked":["Poisoned Stab","After Image"],"picked":"Prepared","floor":11.0},{"not_picked":["Footwork","Noxious Fumes"],"picked":"Prepared","floor":14.0},{"not_picked":["Tactician","PiercingWail"],"picked":"Flying Knee","floor":18.0},{"not_picked":["Noxious Fumes","Prepared+1","Finisher"],"picked":"SKIP","floor":20.0},{"not_picked":["Master of Strategy","Metamorphosis"],"picked":"Panache","floor":21.0},{"not_picked":["Deadly Poison","Calculated Gamble+1","Cloak And Dagger"],"picked":"SKIP","floor":23.0},{"not_picked":["Flying Knee","Dagger Throw","Escape Plan"],"picked":"SKIP","floor":29},{"not_picked":["Bane+1","Poisoned Stab"],"picked":"Well Laid Plans","floor":31}],"player_experience":675834,"relics_obtained":[{"floor":7.0,"key":"Darkstone Periapt"},{"floor":9.0,"key":"Pen Nib"},{"floor":23.0,"key":"Meat on the Bone"},{"floor":26,"key":"Tiny Chest"},{"floor":30,"key":"Pear"}],"event_choices":[{"damage_healed":0.0,"max_hp_gain":0.0,"max_hp_loss":0.0,"gold_gain":0.0,"event_name":"FaceTrader","player_choice":"Trade","floor":3.0,"gold_loss":0.0,"damage_taken":0.0,"relics_obtained":["FaceOfCleric"]},{"damage_healed":0.0,"max_hp_gain":0.0,"max_hp_loss":0.0,"gold_gain":0.0,"event_name":"The Woman in Blue","player_choice":"Bought 0 Potions","floor":5.0,"gold_loss":0.0,"damage_taken":0.0},{"damage_healed":0.0,"max_hp_gain":0.0,"max_hp_loss":0.0,"gold_gain":2.0,"event_name":"betterStone:BetterStone","player_choice":"1","floor":21.0,"gold_loss":0.0,"damage_taken":0.0},{"damage_healed":26,"gold_gain":0,"player_choice":"Heal","damage_taken":0,"max_hp_gain":0,"max_hp_loss":0,"event_name":"The Library","floor":25,"gold_loss":0},{"damage_healed":0,"gold_gain":0,"player_choice":"Upgraded","damage_taken":0,"max_hp_gain":0,"max_hp_loss":0,"event_name":"Upgrade Shrine","floor":27,"gold_loss":0,"cards_upgraded":["Prepared"]}],"is_beta":false,"boss_relics":[{"not_picked":["Calling Bell","Velvet Choker"],"picked":"Sozu"}],"items_purged_floors":[13,19],"is_endless":false,"potions_floor_spawned":[2,11,14,16,18,20,23],"killed_by":"Automaton","ascension_level":10}}