{"host":"4cz9gr89nglr7k8k","time":1611356151,"event":{"mods":["BaseMod","Minty Spire (QoL Compilation)","Relic Stats","Slay-I"],"gold_per_floor":[110,110,180,5,5,30,30,50,50,50,60,60,89,8,8,82,132,148,148,34,46,46,79,90,107,107,107,122,122,122,135,135,135,135],"floor_reached":33,"language":"DEU","playtime":1093,"items_purged":[],"score":546,"play_id":"21aafe72-9871-4145-a4fd-dd1f381f8896","local_time":"20210122235551","is_ascension_mode":true,"campfire_choices":[{"floor":7,"key":"REST"},{"floor":10,"key":"REST"},{"data":"Inflame","floor":12,"key":"SMITH"},{"data":"Flame Barrier","floor":15,"key":"SMITH"},{"floor":27,"key":"REST"},{"floor":29,"key":"REST"},{"data":"Bludgeon","floor":32,"key":"SMITH"}],"circlet_count":0,"master_deck":["AscendersBane","Strike_R+1","Strike_R+1","Strike_R+1","Strike_R+1","Strike_R+1","Defend_R+1","Defend_R+1","Defend_R+1","Defend_R+1","Bash","Bludgeon+1","Anger","Inflame+1","Clash","Flame Barrier+1","Power Through","Rage","Twin Strike","Shockwave","Whirlwind","Impervious","Rampage","Cleave","Dropkick","Infernal Blade","Havoc+1","Disarm+1","Perfected Strike","Anger+1","Flame Barrier+1"],"relics":["Burning Blood","Unceasing Top","Bottled Tornado","Bag of Marbles","Magic Flower","Tiny House","MutagenicStrength","Letter Opener","Sundial"],"acts_visited":["Exordium","TheCity"],"potions_floor_usage":[16,16,23,25,33,33],"damage_taken":[{"damage":6,"enemies":"Small Slimes","floor":1,"turns":3},{"damage":40,"enemies":"3 Sentries","floor":6,"turns":10},{"damage":0,"enemies":"2 Louse","floor":8,"turns":2},{"damage":0,"enemies":"Jaw Worm","floor":11,"turns":4},{"damage":8,"enemies":"Gremlin Nob","floor":13,"turns":3},{"damage":11,"enemies":"Hexaghost","floor":16,"turns":7},{"damage":13,"enemies":"Spheric Guardian","floor":18,"turns":5},{"damage":15,"enemies":"Shell Parasite","floor":21,"turns":6},{"damage":56,"enemies":"Book of Stabbing","floor":23,"turns":6},{"damage":15,"enemies":"Sentry and Sphere","floor":24,"turns":7},{"damage":4,"enemies":"3 Cultists","floor":25,"turns":4},{"damage":24,"enemies":"Centurion and Healer","floor":28,"turns":6},{"damage":5,"enemies":"Snecko","floor":31,"turns":4},{"damage":86,"enemies":"Collector","floor":33,"turns":6}],"seed_played":"-3424010949908839465","potions_obtained":[{"floor":8,"key":"DistilledChaos"},{"floor":11,"key":"DuplicationPotion"},{"floor":13,"key":"Strength Potion"},{"floor":17,"key":"Strength Potion"},{"floor":23,"key":"BlessingOfTheForge"},{"floor":24,"key":"LiquidBronze"},{"floor":28,"key":"FearPotion"}],"is_trial":false,"path_per_floor":["M","?","?","$","?","E","R","M","T","R","M","R","E","$","R","B",null,"M","?","$","M","?","E","M","M","T","R","M","R","?","M","R","B"],"character_chosen":"IRONCLAD","items_purchased":["Inflame","Clash","Flame Barrier","Whirlwind","Dropkick","Infernal Blade"],"campfire_rested":4,"item_purchase_floors":[4,4,4,14,20,20],"current_hp_per_floor":[68,68,68,68,50,16,38,44,44,66,72,72,70,70,70,68,78,74,74,74,68,68,21,15,20,20,44,29,53,80,80,80,0,0],"gold":135,"neow_bonus":"ONE_RANDOM_RARE_CARD","is_daily":false,"chose_seed":false,"campfire_upgraded":3,"win_rate":0.0,"timestamp":1611356151,"path_taken":["M","?","?","$","?","E","R","M","T","R","?","R","E","?","R","BOSS","M","?","$","M","?","E","M","M","T","R","M","R","?","?","R","BOSS"],"items_purchased_type":["Card","Card","Card","Card","Card","Card"],"build_version":"2020-12-22","purchased_purges":0,"victory":false,"max_hp_per_floor":[75,75,75,75,75,75,75,75,75,75,75,75,75,75,75,75,80,80,80,80,80,80,80,80,80,80,80,80,80,80,80,80,80,80],"relic_stats":{"counters":[14,73],"Sundial":[0],"Magic Flower":[21],"Letter Opener":[27],"obtain_stats":[{"Tiny House":17,"Sundial":26,"MutagenicStrength":22,"Magic Flower":13,"Bag of Marbles":9,"Letter Opener":23,"Bottled Tornado":6,"Burning Blood":0,"Unceasing Top":5},{"Tiny House":6,"Sundial":11,"MutagenicStrength":8,"Magic Flower":5,"Bag of Marbles":3,"Letter Opener":9,"Bottled Tornado":2,"Burning Blood":0,"Unceasing Top":1},{"Tiny House":29,"Sundial":57,"MutagenicStrength":40,"Magic Flower":22,"Bag of Marbles":15,"Letter Opener":46,"Bottled Tornado":13,"Burning Blood":0,"Unceasing Top":3}],"Burning Blood":98,"Unceasing Top":[4]},"card_choices":[{"not_picked":["Warcry","Armaments"],"picked":"Anger","floor":1},{"not_picked":["Hemokinesis","Shrug It Off"],"picked":"Power Through","floor":6},{"not_picked":["Pommel Strike","Heavy Blade"],"picked":"Rage","floor":8},{"not_picked":["Exhume","Wild Strike"],"picked":"Twin Strike","floor":11},{"not_picked":["Barricade","Perfected Strike"],"picked":"Shockwave","floor":13},{"not_picked":["Juggernaut","Corruption"],"picked":"Impervious","floor":16},{"not_picked":["Havoc","Wild Strike"],"picked":"Rampage","floor":17},{"not_picked":["Warcry","Havoc"],"picked":"Cleave","floor":18},{"not_picked":["Wild Strike","Headbutt"],"picked":"Havoc+1","floor":21},{"not_picked":["Limit Break","Bludgeon"],"picked":"Disarm+1","floor":23},{"not_picked":["Searing Blow+1","Wild Strike"],"picked":"Sever Soul","floor":24},{"not_picked":["Warcry","Searing Blow"],"picked":"Perfected Strike","floor":25},{"not_picked":["Pommel Strike","Heavy Blade"],"picked":"Anger+1","floor":28},{"not_picked":["Burning Pact","Ghostly Armor"],"picked":"Flame Barrier+1","floor":31}],"player_experience":1516212,"relics_obtained":[{"floor":6,"key":"Bottled Tornado"},{"floor":9,"key":"Bag of Marbles"},{"floor":13,"key":"Magic Flower"},{"floor":23,"key":"Letter Opener"},{"floor":26,"key":"Sundial"}],"event_choices":[{"damage_healed":0,"gold_gain":0,"player_choice":"Leave","damage_taken":0,"max_hp_gain":0,"max_hp_loss":0,"event_name":"The Cleric","floor":2,"gold_loss":0},{"damage_healed":0,"gold_gain":70,"player_choice":"Gained Gold","damage_taken":0,"max_hp_gain":0,"max_hp_loss":0,"event_name":"Golden Wing","floor":3,"gold_loss":0},{"damage_healed":0,"gold_gain":0,"player_choice":"Success","damage_taken":18,"relics_obtained":["Unceasing Top"],"max_hp_gain":0,"max_hp_loss":0,"event_name":"Scrap Ooze","floor":5,"gold_loss":0},{"damage_healed":0,"gold_gain":0,"player_choice":"Simplicity","damage_taken":0,"max_hp_gain":0,"max_hp_loss":0,"event_name":"Back to Basics","floor":19,"gold_loss":0,"cards_upgraded":["Strike_R","Strike_R","Strike_R","Strike_R","Defend_R","Defend_R","Defend_R","Defend_R"]},{"damage_healed":0,"gold_gain":0,"player_choice":"Inject Mutagens","damage_taken":0,"relics_obtained":["MutagenicStrength"],"max_hp_gain":0,"max_hp_loss":0,"event_name":"Drug Dealer","floor":22,"gold_loss":0},{"cards_removed":["Sever Soul"],"damage_healed":27,"gold_gain":0,"player_choice":"Offered Uncommon","damage_taken":0,"max_hp_gain":0,"max_hp_loss":0,"event_name":"Bonfire Elementals","floor":30,"gold_loss":0}],"is_beta":false,"boss_relics":[{"not_picked":["Runic Pyramid","Coffee Dripper"],"picked":"Tiny House"}],"items_purged_floors":[],"is_endless":false,"potions_floor_spawned":[8,11,13,23,24,28],"killed_by":"Collector","ascension_level":20}}