{"host":"2se5dq1do2gp0x9k","time":1611297028,"event":{"mods":["AchievementEnabler","BaseMod","Block Reminder","Colored Map","Colored Powertips","Minty Spire (QoL Compilation)","Relic Stats","StSLib","SuperFastMode"],"gold_per_floor":[116,116,131,131,142,170,181,181,181,24,38,70,70,19,19,97,97,117,117,134,59,59,87,99,58,126,126,126],"floor_reached":27,"language":"ENG","playtime":926,"items_purged":[],"score":478,"play_id":"c4d72429-3d97-4c02-bac7-eda0b7758652","local_time":"20210121223028","is_ascension_mode":true,"campfire_choices":[{"data":"Sweeping Beam","floor":8.0,"key":"SMITH"},{"data":"Creative AI","floor":13.0,"key":"SMITH"},{"data":"Hologram","floor":15.0,"key":"SMITH"},{"data":"Hologram","floor":24,"key":"SMITH"}],"circlet_count":0,"master_deck":["AscendersBane","Strike_B+1","Strike_B","Strike_B+1","Defend_B","Defend_B","Defend_B","Defend_B","Zap","Dualcast","Sweeping Beam+1","Ball Lightning","Coolheaded","Hologram+1","Go for the Eyes","Glacier","Capacitor","Compile Driver","Creative AI+1","Hologram+1","Echo Form","Force Field","Decay","Conserve Battery+1","Turbo","Cold Snap"],"relics":["Cracked Core","PreservedInsect","Pear","Whetstone","Kunai","Coffee Dripper","MawBank","White Beast Statue"],"acts_visited":["Exordium","TheCity"],"potions_floor_usage":[16,23],"damage_taken":[{"damage":3.0,"enemies":"2 Louse","floor":1.0,"turns":3.0},{"damage":2.0,"enemies":"Cultist","floor":3.0,"turns":4.0},{"damage":4.0,"enemies":"Jaw Worm","floor":5.0,"turns":4.0},{"damage":6.0,"enemies":"Gremlin Nob","floor":6.0,"turns":3.0},{"damage":9.0,"enemies":"Large Slime","floor":7.0,"turns":5.0},{"damage":2.0,"enemies":"Blue Slaver","floor":11.0,"turns":4.0},{"damage":16.0,"enemies":"3 Sentries","floor":12.0,"turns":5.0},{"damage":28,"enemies":"Slime Boss","floor":16,"turns":11},{"damage":22,"enemies":"Shell Parasite","floor":18,"turns":10},{"damage":11,"enemies":"Spheric Guardian","floor":20,"turns":8},{"damage":10,"enemies":"Gremlin Leader","floor":23,"turns":7},{"damage":24,"enemies":"Book of Stabbing","floor":27,"turns":3}],"seed_played":"2373331895116895753","potions_obtained":[{"floor":1.0,"key":"AttackPotion"},{"floor":3.0,"key":"EssenceOfDarkness"},{"floor":7.0,"key":"Block Potion"},{"floor":16,"key":"FearPotion"},{"floor":18,"key":"SpeedPotion"}],"is_trial":false,"path_per_floor":["M","?","M","?","M","E","M","R","T","$","M","E","R","$","R","B",null,"M","?","M","?","$","E","R","$","T","E"],"character_chosen":"DEFECT","items_purchased":["Glacier","Capacitor","Hologram","Cold Snap"],"campfire_rested":0,"item_purchase_floors":[10,10,14,25],"current_hp_per_floor":[61,66,64,74,70,64,55,55,55,55,53,37,37,37,37,9,67,45,45,34,34,34,24,24,24,24,0,0],"gold":126,"neow_bonus":"RANDOM_COMMON_RELIC","is_daily":false,"chose_seed":false,"campfire_upgraded":4,"win_rate":0.0,"timestamp":1611297028,"path_taken":["M","?","M","?","M","E","M","R","T","$","M","E","R","$","R","BOSS","M","?","M","?","$","E","R","?","T","E"],"items_purchased_type":["Card","Card","Card","Card"],"build_version":"2020-12-22","purchased_purges":0,"victory":false,"max_hp_per_floor":[71,76,76,86,86,86,86,86,86,86,86,86,86,86,86,86,86,86,86,86,86,86,86,86,86,86,86,86],"relic_stats":{"counters":[12,67],"PreservedInsect":148,"Whetstone":["Strike_B","Strike_B"],"Kunai":[7],"MawBank":24,"obtain_stats":[{"Pear":4,"PreservedInsect":0,"Coffee Dripper":17,"Whetstone":6,"Kunai":9,"Cracked Core":0,"MawBank":23,"White Beast Statue":26},{"Pear":2,"PreservedInsect":0,"Coffee Dripper":8,"Whetstone":4,"Kunai":5,"Cracked Core":0,"MawBank":11,"White Beast Statue":11},{"Pear":7,"PreservedInsect":0,"Coffee Dripper":39,"Whetstone":14,"Kunai":19,"Cracked Core":0,"MawBank":64,"White Beast Statue":64}]},"card_choices":[{"not_picked":["Double Energy","Steam"],"picked":"Sweeping Beam","floor":1.0},{"not_picked":["Darkness","Genetic Algorithm"],"picked":"Ball Lightning","floor":3.0},{"not_picked":["Sweeping Beam","Force Field"],"picked":"Coolheaded","floor":5.0},{"not_picked":["Conserve Battery","Beam Cell"],"picked":"Hologram","floor":6.0},{"not_picked":["Stack","White Noise"],"picked":"Go for the Eyes","floor":7.0},{"not_picked":["Redo","Force Field"],"picked":"Compile Driver","floor":11.0},{"not_picked":["Compile Driver","Sunder"],"picked":"Creative AI","floor":12.0},{"not_picked":["All For One","Electrodynamics"],"picked":"Echo Form","floor":16},{"not_picked":["Hologram","Static Discharge"],"picked":"Force Field","floor":18},{"not_picked":["Sweeping Beam","Ball Lightning"],"picked":"Conserve Battery+1","floor":20},{"not_picked":["Creative AI","Go for the Eyes+1"],"picked":"Turbo","floor":23}],"player_experience":3934815,"relics_obtained":[{"floor":4.0,"key":"Pear"},{"floor":6.0,"key":"Whetstone"},{"floor":9.0,"key":"Kunai"},{"floor":23,"key":"MawBank"},{"floor":26,"key":"White Beast Statue"}],"event_choices":[{"damage_healed":0.0,"max_hp_gain":5.0,"max_hp_loss":0.0,"gold_gain":0.0,"event_name":"Big Fish","player_choice":"Donut","floor":2.0,"gold_loss":0.0,"damage_taken":0.0},{"damage_healed":0.0,"max_hp_gain":0.0,"max_hp_loss":0.0,"gold_gain":0.0,"event_name":"Wheel of Change","player_choice":"Relic","floor":4.0,"gold_loss":0.0,"damage_taken":0.0},{"damage_healed":0,"gold_gain":0,"player_choice":"Smashed Altar","damage_taken":0,"max_hp_gain":0,"max_hp_loss":0,"event_name":"Forgotten Altar","floor":19,"gold_loss":0,"cards_obtained":["Decay"]},{"cards_removed":["Strike_B"],"damage_healed":0,"gold_gain":0,"player_choice":"Gave Gold","damage_taken":0,"max_hp_gain":0,"max_hp_loss":0,"event_name":"Beggar","floor":21,"gold_loss":75}],"is_beta":false,"boss_relics":[{"not_picked":["Busted Crown","Velvet Choker"],"picked":"Coffee Dripper"}],"items_purged_floors":[],"is_endless":false,"potions_floor_spawned":[1,3,7,16,18,20],"killed_by":"Book of Stabbing","ascension_level":20}}