{"host":"dr5ef424til0p8zn","time":1611356319,"event":{"mods":["2.2 Compatiblity","Act Like it!","BaseMod","Better Skull","Downfall","Gremlin Skip","Hallownest","Hermit","Minty Spire (QoL Compilation)","Shade Mod","StSLib","Td1madao Mod","The Bug Knight","The Hierophant","The Marked"],"gold_per_floor":[99,119,131,146,162,162,162,162,162,162],"floor_reached":8,"language":"ENG","playtime":763,"items_purged":[],"score":53,"play_id":"0b69f4be-ad2b-4d93-a08e-cb42cbd01ff1","local_time":"20210122235839","is_ascension_mode":true,"campfire_choices":[{"data":"hexamod:FastForward","floor":1,"key":"SMITH"}],"circlet_count":0,"master_deck":["hexamod:Strike","hexamod:Strike","hexamod:Strike","hexamod:Defend","hexamod:Defend","hexamod:Defend","hexamod:Defend","hexamod:Float","Hallownest:curseDreamersLament","hexamod:WildfireWeapon","hexamod:FastForward+1","hexamod:FourthSeal","hexamod:HeatMetal","hexamod:AdvancingGuard"],"relics":["hexamod:SpiritBrand","Art of War"],"acts_visited":["Exordium"],"potions_floor_usage":[4,5,5,6],"damage_taken":[{"damage":1,"enemies":"Small Slimes","floor":2,"turns":5},{"damage":6,"enemies":"Cultist","floor":3,"turns":6},{"damage":1,"enemies":"Jaw Worm","floor":4,"turns":5},{"damage":17,"enemies":"Gremlin Gang","floor":5,"turns":5},{"damage":0,"enemies":"Exordium Thugs","floor":6,"turns":1},{"damage":70,"enemies":"Gremlin Nob","floor":8,"turns":5}],"seed_played":"8868700584872637677","potions_obtained":[{"floor":2,"key":"Fire Potion"},{"floor":3,"key":"SkillPotion"},{"floor":4,"key":"hexamod:DoubleChargePotion"},{"floor":5,"key":"SmokeBomb"}],"is_trial":false,"path_per_floor":["R","M","M","M","M","M","T","E"],"character_chosen":"THE_SPIRIT","items_purchased":[],"campfire_rested":0,"item_purchase_floors":[],"current_hp_per_floor":[70,69,63,62,45,45,45,0,0,0],"gold":162,"neow_bonus":"TRANSFORM_TWO_CARDS","is_daily":false,"chose_seed":false,"campfire_upgraded":1,"win_rate":0.0,"timestamp":1611356319,"path_taken":["R","M","M","M","M","M","T","E"],"items_purchased_type":[],"build_version":"2020-12-22","purchased_purges":0,"victory":false,"max_hp_per_floor":[70,70,70,70,70,70,70,70,70,70],"card_choices":[{"not_picked":["hexamod:BurningTouch","hexamod:NecessarySacrifice"],"picked":"hexamod:FourthSeal","floor":2},{"not_picked":["hexamod:Incineration","hexamod:RadiantFlame"],"picked":"hexamod:HeatMetal","floor":3},{"not_picked":["hexamod:BacktrackSmack","hexamod:PowerFromBeyond","hexamod:Firestarter"],"picked":"SKIP","floor":4},{"not_picked":["hexamod:FlamesFromBeyond","hexamod:DynamicBlow"],"picked":"hexamod:AdvancingGuard","floor":5}],"player_experience":514097,"relics_obtained":[{"floor":7,"key":"Art of War"}],"event_choices":[],"is_beta":false,"boss_relics":[],"items_purged_floors":[],"is_endless":false,"potions_floor_spawned":[2,5],"killed_by":"Gremlin Nob","ascension_level":1}}