{"host":"lnt5dzsuhru0aonl","time":1611320157,"event":{"mods":["2.2 Compatiblity","BaseMod","Colored Map","Colored Powertips","DeckTracker","Keyboard Shortcuts","Minty Spire (QoL Compilation)","Permanent Neow","Rare Cards Sparkle","StSLib","SuperFastMode","everything is the same but u backflip on backflip"],"gold_per_floor":[109,109,123,123,123,123,151,169,169,203,220,220,220],"floor_reached":12,"language":"KOR","playtime":265,"items_purged":[],"score":226,"play_id":"2081ebe9-7903-45bf-965d-f40cc7aedb5d","local_time":"20210122215557","is_ascension_mode":true,"campfire_choices":[{"data":"Bash","floor":6,"key":"SMITH"}],"circlet_count":0,"master_deck":["AscendersBane","Strike_R","Strike_R","Strike_R","Strike_R","Defend_R","Defend_R","Defend_R","Defend_R","Bash+1","Sentinel+1","Second Wind","Uppercut+1","Shrug It Off"],"relics":["Burning Blood","NeowsBlessing","Matryoshka","Self Forming Clay","Orichalcum","Ornamental Fan","Regal Pillow"],"acts_visited":["Exordium"],"potions_floor_usage":[],"damage_taken":[{"damage":0,"enemies":"2 Louse","floor":1,"turns":1},{"damage":0,"enemies":"Cultist","floor":3,"turns":1},{"damage":0,"enemies":"Lagavulin","floor":7,"turns":1},{"damage":8,"enemies":"Small Slimes","floor":8,"turns":4},{"damage":36,"enemies":"3 Sentries","floor":10,"turns":15},{"damage":8,"enemies":"3 Louse","floor":11,"turns":4},{"damage":28,"enemies":"Lagavulin","floor":12,"turns":10}],"seed_played":"-2649002333774626075","potions_obtained":[{"floor":1,"key":"PowerPotion"}],"is_trial":false,"path_per_floor":["M","?","M","?","?","R","E","M","T","E","M","E"],"character_chosen":"IRONCLAD","items_purchased":[],"campfire_rested":0,"item_purchase_floors":[],"current_hp_per_floor":[74,74,75,52,52,52,58,56,56,26,24,0,0],"gold":220,"neow_bonus":"THREE_ENEMY_KILL","is_daily":false,"chose_seed":false,"campfire_upgraded":1,"win_rate":0.0,"timestamp":1611320157,"path_taken":["M","?","?","?","?","R","E","M","T","E","M","E"],"items_purchased_type":[],"build_version":"2020-12-22","purchased_purges":0,"victory":false,"max_hp_per_floor":[75,75,75,75,75,75,75,75,75,75,75,75,75],"card_choices":[{"not_picked":["Perfected Strike","Havoc"],"picked":"Sentinel","floor":1},{"not_picked":["Spot Weakness","Blood for Blood"],"picked":"Uppercut","floor":3},{"not_picked":["Havoc","Seeing Red","Pummel"],"picked":"SKIP","floor":7},{"not_picked":["Headbutt","Sword Boomerang","Iron Wave"],"picked":"SKIP","floor":8},{"not_picked":["Wild Strike","Intimidate"],"picked":"Shrug It Off","floor":10},{"not_picked":["Intimidate","Anger","Clothesline"],"picked":"SKIP","floor":11}],"player_experience":726654,"relics_obtained":[{"floor":7,"key":"Self Forming Clay"},{"floor":9,"key":"Orichalcum"},{"floor":9,"key":"Ornamental Fan"},{"floor":10,"key":"Regal Pillow"}],"event_choices":[{"damage_healed":0,"gold_gain":0,"cards_transformed":["Strike_R"],"player_choice":"Transformed","damage_taken":0,"max_hp_gain":0,"max_hp_loss":0,"event_name":"Transmorgrifier","floor":2,"gold_loss":0,"cards_obtained":["Second Wind"]},{"damage_healed":0,"gold_gain":0,"player_choice":"Entered Light","damage_taken":23,"max_hp_gain":0,"max_hp_loss":0,"event_name":"Shining Light","floor":4,"gold_loss":0,"cards_upgraded":["Uppercut","Sentinel"]},{"damage_healed":0,"gold_gain":0,"player_choice":"Gave Potion","damage_taken":0,"relics_obtained":["Matryoshka"],"max_hp_gain":0,"max_hp_loss":0,"event_name":"WeMeetAgain","floor":5,"gold_loss":0}],"is_beta":false,"boss_relics":[],"items_purged_floors":[],"is_endless":false,"potions_floor_spawned":[1],"killed_by":"Lagavulin","ascension_level":20}}