{"host":"h9c2ptiayi21rmia","time":1611354017,"event":{"mods":["AchievementEnabler","Aspiration","BaseMod","Better Altar","Better Match","Better Note","Better Sensory Stone","Better Skull","Better Third Choice","Better Vampires","Block Reminder","ChefMod","Dio Mod","Evolution","Hermit","Hubris","JesterMod","Jorbs\u0027s Wanderer Trilogy","Kratos Character Expansion","Minty Spire (QoL Compilation)","Permanent Neow","Relic Stats","Replay The Spire","Shade Mod","Small Relic Pack","Spicy Shops","StS++","StSLib","The Dragon Tamer","The Marked","TheSwordswoman"],"gold_per_floor":[119,131,131,62,80,114,133,133,133,143,162,162,162],"floor_reached":12,"language":"ENG","playtime":1481,"items_purged":[],"score":82,"play_id":"41c940dc-5f29-4618-badd-f445cfbcad47","local_time":"20210122172017","is_ascension_mode":false,"campfire_choices":[{"floor":8,"key":"REST"}],"circlet_count":0,"master_deck":["jesterMod:Strike","jesterMod:Strike","jesterMod:Strike","jesterMod:Strike","jesterMod:Sickle","jesterMod:Defend","jesterMod:Defend","jesterMod:Defend","jesterMod:Defend","jesterMod:Dodge","stsjorbsmod:Amnesia","jesterMod:ButterflyDance","jesterMod:Inspiration","jesterMod:Contradiction","jesterMod:DanceOfChaos","jesterMod:Disposophobia","jesterMod:BouncingKnife","jesterMod:DaggerRain","jesterMod:Prankster"],"relics":["jesterMod:JesterCap","EVO:Axolotl","CultistMask","Anchor","ReplayTheSpireMod:TigerMarble"],"acts_visited":["Exordium"],"potions_floor_usage":[10,10,10,12],"damage_taken":[{"damage":0,"enemies":"Cultist","floor":1,"turns":3},{"damage":18,"enemies":"Jaw Worm","floor":2,"turns":3},{"damage":0,"enemies":"2 Louse","floor":5,"turns":3},{"damage":21,"enemies":"Gremlin Nob","floor":6,"turns":4},{"damage":3,"enemies":"Red Slaver","floor":7,"turns":5},{"damage":13,"enemies":"2 Fungi Beasts","floor":10,"turns":5},{"damage":0,"enemies":"Large Slime","floor":11,"turns":6},{"damage":37,"enemies":"Lagavulin","floor":12,"turns":6}],"seed_played":"-1705443750615042436","potions_obtained":[{"floor":2,"key":"Ancient Potion"},{"floor":5,"key":"Strength Potion"},{"floor":7,"key":"StSpp:ScatteredPotion"},{"floor":11,"key":"LiquidMemories"}],"is_trial":false,"path_per_floor":["M","M","?","$","M","E","M","R","T","M","M","E"],"character_chosen":"THE_JESTER","items_purchased":["jesterMod:DanceOfChaos"],"campfire_rested":1,"item_purchase_floors":[4],"current_hp_per_floor":[70,52,52,52,52,31,28,49,49,36,36,0,0],"gold":162,"neow_bonus":"THREE_RARE_CARDS","is_daily":false,"chose_seed":false,"campfire_upgraded":0,"win_rate":0.0,"timestamp":1611354017,"path_taken":["M","?","?","$","M","E","M","R","T","M","M","E"],"items_purchased_type":["Card"],"build_version":"2020-12-22","purchased_purges":0,"victory":false,"max_hp_per_floor":[70,70,70,70,70,70,70,70,70,70,70,70,70],"relic_stats":{"counters":[8,35],"obtain_stats":[{"Anchor":6,"jesterMod:JesterCap":0,"CultistMask":3,"ReplayTheSpireMod:TigerMarble":9,"EVO:Axolotl":0},{"Anchor":4,"jesterMod:JesterCap":0,"CultistMask":2,"ReplayTheSpireMod:TigerMarble":5,"EVO:Axolotl":0},{"Anchor":13,"jesterMod:JesterCap":0,"CultistMask":6,"ReplayTheSpireMod:TigerMarble":18,"EVO:Axolotl":0}]},"card_choices":[{"not_picked":["jesterMod:Squander","jesterMod:Finale"],"picked":"jesterMod:ButterflyDance","floor":0},{"not_picked":["jesterMod:Taunt","jesterMod:RecklessStrike"],"picked":"jesterMod:Inspiration","floor":1},{"not_picked":["jesterMod:QuickStrike","jesterMod:Rebuff"],"picked":"jesterMod:Contradiction","floor":2},{"not_picked":["jesterMod:SmokeScreen","jesterMod:Feint","jesterMod:Twirl"],"picked":"SKIP","floor":5},{"not_picked":["jesterMod:QuickStrike","jesterMod:Swiftness"],"picked":"jesterMod:Disposophobia","floor":6},{"not_picked":["jesterMod:QuickStrike","jesterMod:JugglerBlade"],"picked":"jesterMod:BouncingKnife","floor":7},{"not_picked":["jesterMod:Prankster","jesterMod:QuickStrike"],"picked":"jesterMod:DaggerRain","floor":10},{"not_picked":["jesterMod:Tinker","jesterMod:SmokeScreen"],"picked":"jesterMod:Prankster","floor":11}],"player_experience":296761,"relics_obtained":[{"floor":6,"key":"Anchor"},{"floor":9,"key":"ReplayTheSpireMod:TigerMarble"}],"event_choices":[{"damage_healed":0,"gold_gain":0,"player_choice":"Trade","damage_taken":0,"relics_obtained":["CultistMask"],"max_hp_gain":0,"max_hp_loss":0,"event_name":"FaceTrader","floor":3,"gold_loss":0}],"is_beta":false,"boss_relics":[],"items_purged_floors":[],"is_endless":false,"potions_floor_spawned":[2,5,7,11],"killed_by":"Lagavulin","ascension_level":0}}