{"host":"agbyy69nq62afhwx","time":1611337043,"event":{"mods":["BaseMod","Colored Map","DeckTracker","Highlight Path","Keyboard Shortcuts","Minty Spire (QoL Compilation)","Quick Restart","StSLib","SuperFastMode","everything is the same but u backflip on backflip"],"gold_per_floor":[111,28,128,146,71,71,97,97,167,180,199,199,199,230,230,230,230],"floor_reached":16,"language":"KOR","playtime":349,"items_purged":["Strike_P"],"score":200,"play_id":"af4ecdbc-1e59-49e9-9525-03fd01cfd8f8","local_time":"20210123023723","is_ascension_mode":true,"campfire_choices":[{"data":"Eruption","floor":6,"key":"SMITH"},{"data":"Prostrate","floor":8,"key":"SMITH"},{"data":"EmptyMind","floor":13,"key":"SMITH"},{"data":"Prostrate","floor":15,"key":"SMITH"}],"circlet_count":0,"master_deck":["AscendersBane","Strike_P","Strike_P","Strike_P","Defend_P","Defend_P","Defend_P","Defend_P","Eruption+1","Vigilance","Prostrate+1","Finesse","Halt","Consecrate","EmptyMind+1","Evaluate","Prostrate+1"],"relics":["PureWater","NeowsBlessing","Lantern","Shuriken","CloakClasp","Orichalcum"],"acts_visited":["Exordium"],"potions_floor_usage":[14],"damage_taken":[{"damage":0,"enemies":"Small Slimes","floor":1,"turns":1},{"damage":0,"enemies":"Cultist","floor":4,"turns":1},{"damage":0,"enemies":"Gremlin Nob","floor":7,"turns":1},{"damage":0,"enemies":"Jaw Worm","floor":10,"turns":3},{"damage":5,"enemies":"Looter","floor":11,"turns":4},{"damage":21,"enemies":"3 Sentries","floor":14,"turns":9},{"damage":19,"enemies":"The Guardian","floor":16,"turns":13}],"seed_played":"-3838832569631727232","potions_obtained":[{"floor":4,"key":"Energy Potion"},{"floor":7,"key":"Block Potion"}],"is_trial":false,"path_per_floor":["M","$","?","M","$","R","E","R","T","M","M","T","R","E","R","B"],"character_chosen":"WATCHER","items_purchased":["Finesse"],"campfire_rested":0,"item_purchase_floors":[2],"current_hp_per_floor":[65,65,65,65,65,65,65,65,65,65,60,60,60,39,39,20,20],"gold":230,"neow_bonus":"THREE_ENEMY_KILL","is_daily":false,"chose_seed":false,"campfire_upgraded":4,"win_rate":0.0,"timestamp":1611337043,"path_taken":["M","$","?","M","?","R","E","R","T","M","M","?","R","E","R","BOSS"],"items_purchased_type":["Card"],"build_version":"2020-12-22","purchased_purges":1,"victory":false,"max_hp_per_floor":[72,72,72,72,72,72,72,72,72,72,72,72,72,72,72,72,72],"card_choices":[{"not_picked":["FlyingSleeves","Conclude"],"picked":"Prostrate","floor":1},{"not_picked":["Protect","Crescendo"],"picked":"Halt","floor":4},{"not_picked":["Halt","ClearTheMind"],"picked":"Consecrate","floor":7},{"not_picked":["LikeWater","PathToVictory"],"picked":"EmptyMind","floor":10},{"not_picked":["PathToVictory","CrushJoints"],"picked":"Evaluate","floor":11},{"not_picked":["Omniscience","InnerPeace"],"picked":"Prostrate","floor":14}],"player_experience":434258,"relics_obtained":[{"floor":7,"key":"Lantern"},{"floor":9,"key":"Shuriken"},{"floor":12,"key":"CloakClasp"},{"floor":14,"key":"Orichalcum"}],"event_choices":[{"damage_healed":0,"gold_gain":100,"player_choice":"Pray","damage_taken":0,"max_hp_gain":0,"max_hp_loss":0,"event_name":"Golden Shrine","floor":3,"gold_loss":0}],"is_beta":false,"boss_relics":[],"items_purged_floors":[5],"is_endless":false,"potions_floor_spawned":[4,7],"killed_by":"The Guardian","ascension_level":10}}