{"host":"k7udt7atmcuzf6l0","time":1611310773,"event":{"mods":["AchievementEnabler","BaseMod","Colored Map","Colored Powertips","Highlight Path","Minty Spire (QoL Compilation)","Quick Restart","Rare Cards Sparkle","StSLib","UnlockEverythingMod"],"gold_per_floor":[119,119,139,91,91,91,107,107,107,107,35,56,56,132,132,256,256,281,380,403,422,422,422],"floor_reached":22,"language":"ZHT","playtime":470,"items_purged":[],"score":174,"play_id":"40e78160-a02d-49aa-8b68-ff1319dec072","local_time":"20210122181933","is_ascension_mode":false,"campfire_choices":[{"data":"Armaments","floor":6,"key":"SMITH"},{"data":"Warcry","floor":8,"key":"SMITH"},{"data":"Sword Boomerang","floor":10,"key":"SMITH"},{"data":"Berserk","floor":13,"key":"SMITH"},{"data":"Dual Wield","floor":15,"key":"SMITH"}],"circlet_count":0,"master_deck":["Strike_R","Strike_R","Strike_R","Strike_R","Strike_R","Defend_R","Defend_R","Defend_R","Defend_R","Bash","Clash+1","Warcry+1","Armaments+1","Sword Boomerang+1","Dual Wield+1","Berserk+1","Body Slam+1","Feed+1","Bloodletting","Flex","Anger+1"],"relics":["Burning Blood","NeowsBlessing","Golden Idol","Molten Egg 2","Blood Vial","Philosopher\u0027s Stone"],"acts_visited":["Exordium","TheCity"],"potions_floor_usage":[20,21,21],"damage_taken":[{"damage":0,"enemies":"2 Louse","floor":1,"turns":1},{"damage":0,"enemies":"Jaw Worm","floor":3,"turns":1},{"damage":0,"enemies":"Cultist","floor":7,"turns":1},{"damage":8,"enemies":"2 Fungi Beasts","floor":12,"turns":3},{"damage":28,"enemies":"Lagavulin Event","floor":14,"turns":4},{"damage":43,"enemies":"The Guardian","floor":16,"turns":10},{"damage":21,"enemies":"Chosen","floor":18,"turns":5},{"damage":27,"enemies":"Spheric Guardian","floor":20,"turns":5},{"damage":49,"enemies":"Centurion and Healer","floor":21,"turns":5},{"damage":21,"enemies":"3 Cultists","floor":22,"turns":2}],"seed_played":"-1708381703399887684","potions_obtained":[{"floor":7,"key":"BlessingOfTheForge"},{"floor":14,"key":"SneckoOil"},{"floor":18,"key":"Explosive Potion"}],"is_trial":false,"path_per_floor":["M","?","M","$","?","R","M","R","T","R","$","M","R","?","R","B",null,"M","?","M","M","M"],"character_chosen":"IRONCLAD","items_purchased":["Armaments","Dual Wield"],"campfire_rested":0,"item_purchase_floors":[4,11],"current_hp_per_floor":[80,80,80,80,60,60,66,66,66,66,66,64,64,42,42,7,80,69,69,54,13,0,0],"gold":422,"neow_bonus":"THREE_ENEMY_KILL","is_daily":false,"chose_seed":false,"campfire_upgraded":5,"win_rate":0.0,"timestamp":1611310773,"path_taken":["M","?","M","$","?","R","M","R","T","R","?","M","R","?","R","BOSS","M","?","M","M","M"],"items_purchased_type":["Card","Card"],"build_version":"2020-12-22","purchased_purges":0,"victory":false,"max_hp_per_floor":[80,80,80,80,80,80,80,80,80,80,80,80,80,80,80,80,80,84,84,88,88,88,88],"card_choices":[{"not_picked":["Warcry","Shrug It Off"],"picked":"Clash","floor":1},{"not_picked":["Uppercut","Bloodletting"],"picked":"Warcry","floor":3},{"not_picked":["Anger","True Grit"],"picked":"Sword Boomerang","floor":7},{"not_picked":["Wild Strike+1","Rage"],"picked":"Berserk","floor":12},{"not_picked":["Battle Trance","Warcry"],"picked":"Body Slam+1","floor":14},{"not_picked":["Corruption","Impervious"],"picked":"Feed+1","floor":16},{"not_picked":["Warcry","Feel No Pain"],"picked":"Bloodletting","floor":18},{"not_picked":["Headbutt+1","Second Wind"],"picked":"Flex","floor":20},{"not_picked":["Intimidate","Armaments"],"picked":"Anger+1","floor":21}],"player_experience":101347,"relics_obtained":[{"floor":9,"key":"Molten Egg 2"},{"floor":14,"key":"Blood Vial"}],"event_choices":[{"damage_healed":0,"gold_gain":0,"player_choice":"Grow","damage_taken":0,"max_hp_gain":0,"max_hp_loss":0,"event_name":"Living Wall","floor":2,"gold_loss":0,"cards_upgraded":["Clash"]},{"damage_healed":0,"gold_gain":0,"player_choice":"Take Damage","damage_taken":20,"relics_obtained":["Golden Idol"],"max_hp_gain":0,"max_hp_loss":0,"event_name":"Golden Idol","floor":5,"gold_loss":0},{"damage_healed":0,"gold_gain":0,"player_choice":"Searched \u00272\u0027 times","damage_taken":0,"max_hp_gain":0,"max_hp_loss":0,"event_name":"Dead Adventurer","floor":14,"gold_loss":0},{"damage_healed":0,"gold_gain":99,"player_choice":"Stole From Cult","damage_taken":0,"max_hp_gain":0,"max_hp_loss":0,"event_name":"Nest","floor":19,"gold_loss":0}],"is_beta":false,"boss_relics":[{"not_picked":["Astrolabe","Runic Dome"],"picked":"Philosopher\u0027s Stone"}],"items_purged_floors":[],"is_endless":false,"potions_floor_spawned":[7,14,18],"killed_by":"3 Cultists","ascension_level":0}}