{"host":"gobyjzz6xbwq9f9i","time":1611306771,"event":{"mods":["AchievementEnabler","BaseMod","Bestiary","Colored Map","Minty Spire (QoL Compilation)"],"gold_per_floor":[20,32,32,42,42,67,67,100,100,100,114,127,127,156,156,256,256,272,283,295,311,96,96,96,96,96,130,130,143,242,272,272,369,369,384,384,403,75,0,31,63,25,25,25,52,70,70,95,95,95],"floor_reached":51,"language":"ENG","playtime":3228,"items_purged":["Setup","Backstab","Dagger Throw"],"score":1315,"play_id":"53ad0135-d952-4b19-8583-a86878e77b77","local_time":"20210122011251","is_ascension_mode":true,"campfire_choices":[{"data":"Poisoned Stab","floor":7,"key":"SMITH"},{"data":"Predator","floor":10,"key":"SMITH"},{"data":"Neutralize","floor":13,"key":"SMITH"},{"data":"Survivor","floor":15,"key":"SMITH"},{"data":"Crippling Poison","floor":23,"key":"SMITH"},{"data":"Ghostly","floor":25,"key":"SMITH"},{"data":"Ghostly","floor":32,"key":"SMITH"},{"data":"Ghostly","floor":44,"key":"SMITH"},{"data":"Poisoned Stab+1","floor":47,"key":"PURGE"},{"floor":49,"key":"REST"}],"circlet_count":0,"master_deck":["AscendersBane","Survivor+1","Neutralize+1","Calculated Gamble","PiercingWail","Predator+1","PiercingWail+1","Bullet Time","Outmaneuver","Cloak And Dagger","Blade Dance","Crippling Poison+1","Cloak And Dagger","Well Laid Plans","Footwork+1","Crippling Poison","Corpse Explosion","Ghostly+1","Ghostly+1","Ghostly","Ghostly","Ghostly+1","Blade Dance","Bouncing Flask+1","Envenom","Footwork","Bouncing Flask+1","Catalyst+1","Catalyst","Well Laid Plans+1","Adrenaline"],"relics":["Ring of the Snake","Pocketwatch","Happy Flower","Sundial","Shuriken","War Paint","Pandora\u0027s Box","Smiling Mask","Strawberry","Peace Pipe","SlaversCollar","Membership Card","Frozen Egg 2","Red Mask","MawBank","Kunai","The Specimen","Mango"],"acts_visited":["Exordium","TheCity","TheBeyond"],"potions_floor_usage":[6,8,20,21,45,50,50],"damage_taken":[{"damage":1,"enemies":"2 Louse","floor":1,"turns":3},{"damage":0,"enemies":"Small Slimes","floor":2,"turns":3},{"damage":0,"enemies":"Cultist","floor":4,"turns":3},{"damage":14,"enemies":"Gremlin Nob","floor":6,"turns":4},{"damage":10,"enemies":"3 Sentries","floor":8,"turns":8},{"damage":2,"enemies":"Gremlin Gang","floor":11,"turns":5},{"damage":0,"enemies":"2 Fungi Beasts","floor":12,"turns":3},{"damage":3,"enemies":"Gremlin Nob","floor":14,"turns":3},{"damage":0,"enemies":"Hexaghost","floor":16,"turns":7},{"damage":9,"enemies":"Shell Parasite","floor":18,"turns":4},{"damage":8,"enemies":"Chosen","floor":19,"turns":3},{"damage":0,"enemies":"Snecko","floor":20,"turns":3},{"damage":3,"enemies":"Snake Plant","floor":21,"turns":4},{"damage":3,"enemies":"Book of Stabbing","floor":27,"turns":7},{"damage":4,"enemies":"Centurion and Healer","floor":29,"turns":4},{"damage":1,"enemies":"Gremlin Leader","floor":31,"turns":7},{"damage":9,"enemies":"Automaton","floor":33,"turns":9},{"damage":2,"enemies":"3 Darklings","floor":35,"turns":3},{"damage":1,"enemies":"3 Shapes","floor":37,"turns":3},{"damage":4,"enemies":"Nemesis","floor":40,"turns":7},{"damage":10,"enemies":"Writhing Mass","floor":41,"turns":4},{"damage":5,"enemies":"Reptomancer","floor":45,"turns":6},{"damage":0,"enemies":"3 Darklings","floor":46,"turns":1},{"damage":0,"enemies":"Giant Head","floor":48,"turns":5},{"damage":57,"enemies":"Time Eater","floor":50,"turns":7}],"seed_played":"-3255100643233594131","potions_obtained":[{"floor":2,"key":"DistilledChaos"},{"floor":6,"key":"GhostInAJar"},{"floor":11,"key":"Ancient Potion"},{"floor":16,"key":"Fruit Juice"},{"floor":19,"key":"GhostInAJar"},{"floor":21,"key":"Regen Potion"},{"floor":27,"key":"Weak Potion"},{"floor":33,"key":"Energy Potion"},{"floor":35,"key":"Swift Potion"},{"floor":45,"key":"GamblersBrew"}],"is_trial":false,"path_per_floor":["M","M","?","M","?","E","R","E","T","R","M","M","R","E","R","B",null,"M","M","M","M","$","R","?","R","T","E","?","M","?","E","R","B",null,"M","?","M","$","?","E","M","$","T","R","E","M","R","E","R","B",null],"character_chosen":"THE_SILENT","items_purchased":["Corpse Explosion","Membership Card","Frozen Egg 2"],"campfire_rested":1,"item_purchase_floors":[22,38,38],"current_hp_per_floor":[62,62,62,62,62,48,48,38,38,38,36,36,36,33,33,33,61,52,44,49,46,46,46,37,37,37,41,44,40,40,39,39,30,41,39,39,38,38,38,34,24,24,24,24,34,34,34,48,58,1],"gold":95,"neow_bonus":"ONE_RARE_RELIC","is_daily":false,"chose_seed":false,"campfire_upgraded":8,"win_rate":0.0,"timestamp":1611306771,"path_taken":["M","M","?","M","?","E","R","E","T","R","M","?","R","E","R","BOSS","M","M","M","?","$","R","?","R","T","E","?","?","?","E","R","BOSS","M","?","M","$","?","E","M","$","T","R","E","?","R","E","R","BOSS"],"items_purchased_type":["Card","Relic","Relic"],"build_version":"2020-12-22","purchased_purges":3,"victory":true,"max_hp_per_floor":[70,70,70,70,70,70,70,70,70,70,70,70,70,70,70,70,70,70,70,75,75,75,75,37,37,37,44,44,44,44,44,44,44,44,44,44,44,44,44,44,44,44,44,44,44,44,44,58,58,58],"card_choices":[{"not_picked":["Cloak And Dagger","Backflip"],"picked":"Poisoned Stab","floor":1},{"not_picked":["Bane","Quick Slash"],"picked":"Dagger Throw","floor":2},{"not_picked":["Deflect","Quick Slash"],"picked":"Poisoned Stab","floor":4},{"not_picked":["Cloak And Dagger","Infinite Blades"],"picked":"PiercingWail","floor":6},{"not_picked":["Dagger Spray","Distraction"],"picked":"Predator","floor":8},{"not_picked":["Dash","Distraction","Dagger Spray"],"picked":"SKIP","floor":11},{"not_picked":["Endless Agony","Distraction"],"picked":"PiercingWail","floor":12},{"not_picked":["Outmaneuver","Slice","Sucker Punch"],"picked":"SKIP","floor":14},{"not_picked":["Burst","Envenom"],"picked":"Bullet Time","floor":16},{"not_picked":["PiercingWail","Underhanded Strike"],"picked":"Footwork+1","floor":18},{"not_picked":["Prepared","Sucker Punch","Dagger Throw"],"picked":"SKIP","floor":19},{"not_picked":["Sucker Punch","Glass Knife","Flechettes"],"picked":"SKIP","floor":20},{"not_picked":["Endless Agony","Poisoned Stab"],"picked":"Crippling Poison","floor":21},{"not_picked":["Deflect","Phantasmal Killer"],"picked":"Blade Dance","floor":27},{"not_picked":["Acrobatics","Prepared","Cloak And Dagger"],"picked":"SKIP","floor":29},{"not_picked":["Tools of the Trade","Expertise"],"picked":"Bouncing Flask+1","floor":31},{"not_picked":["After Image","Unload"],"picked":"Envenom","floor":33},{"not_picked":["Bouncing Flask","Accuracy+1"],"picked":"Footwork","floor":35},{"not_picked":["Distraction+1","Backflip"],"picked":"Bouncing Flask+1","floor":37},{"not_picked":["Dash","Acrobatics"],"picked":"Catalyst+1","floor":40},{"not_picked":["Backflip+1","Escape Plan"],"picked":"Catalyst","floor":41},{"not_picked":["Poisoned Stab+1","Envenom+1","Flying Knee"],"picked":"SKIP","floor":45},{"not_picked":["Distraction+1","Expertise+1"],"picked":"Well Laid Plans+1","floor":46},{"not_picked":["Dagger Spray","PiercingWail"],"picked":"Adrenaline","floor":48}],"player_experience":1119895,"relics_obtained":[{"floor":6,"key":"Happy Flower"},{"floor":8,"key":"Sundial"},{"floor":9,"key":"Shuriken"},{"floor":14,"key":"War Paint"},{"floor":26,"key":"Smiling Mask"},{"floor":27,"key":"Strawberry"},{"floor":31,"key":"Peace Pipe"},{"floor":40,"key":"MawBank"},{"floor":43,"key":"Kunai"},{"floor":45,"key":"The Specimen"},{"floor":48,"key":"Mango"}],"event_choices":[{"damage_healed":0,"gold_gain":0,"player_choice":"Grow","damage_taken":0,"max_hp_gain":0,"max_hp_loss":0,"event_name":"Living Wall","floor":3,"gold_loss":0,"cards_upgraded":["Poisoned Stab"]},{"damage_healed":0,"gold_gain":0,"cards_transformed":["Strike_G"],"player_choice":"Transformed","damage_taken":0,"max_hp_gain":0,"max_hp_loss":0,"event_name":"Transmorgrifier","floor":5,"gold_loss":0,"cards_obtained":["Calculated Gamble"]},{"damage_healed":0,"gold_gain":0,"player_choice":"Became a Ghost","damage_taken":0,"max_hp_gain":0,"max_hp_loss":38,"event_name":"Ghosts","floor":24,"gold_loss":0,"cards_obtained":["Ghostly","Ghostly","Ghostly","Ghostly","Ghostly"]},{"cards_removed":["Setup"],"damage_healed":3,"gold_gain":0,"player_choice":"Offered Uncommon","damage_taken":0,"max_hp_gain":0,"max_hp_loss":0,"event_name":"Bonfire Elementals","floor":28,"gold_loss":0},{"damage_healed":0,"gold_gain":99,"player_choice":"Stole From Cult","damage_taken":0,"max_hp_gain":0,"max_hp_loss":0,"event_name":"Nest","floor":30,"gold_loss":0},{"cards_removed":["Poisoned Stab"],"damage_healed":0,"gold_gain":0,"player_choice":"Removed Attack","damage_taken":0,"max_hp_gain":0,"max_hp_loss":0,"event_name":"Falling","floor":36,"gold_loss":0},{"damage_healed":0,"gold_gain":0,"player_choice":"Paid","damage_taken":0,"relics_obtained":["Red Mask"],"max_hp_gain":0,"max_hp_loss":0,"event_name":"Tomb of Lord Red Mask","floor":39,"gold_loss":75}],"is_beta":false,"boss_relics":[{"not_picked":["Ring of the Serpent","Ectoplasm"],"picked":"Pandora\u0027s Box"},{"not_picked":["Calling Bell","HoveringKite"],"picked":"SlaversCollar"}],"items_purged_floors":[22,38,42],"is_endless":false,"potions_floor_spawned":[2,6,11,16,19,21,27,33,35,41,45,46],"ascension_level":10}}