{"host":"gobyjzz6xbwq9f9i","time":1611288906,"event":{"mods":["AchievementEnabler","BaseMod","Bestiary","Colored Map","Minty Spire (QoL Compilation)"],"gold_per_floor":[112,122,132,132,147,147,181,181,181,214,226,241,51,64,64,165,165,165,18,18,18,18,18,18,18,18,18,18,18,18,18,18,18,18,18,18,18,18,18,18,18,18,18,18,18,18,18,18,18,18],"floor_reached":51,"language":"ENG","playtime":3673,"items_purged":[],"score":1161,"play_id":"31d42099-264e-47da-9c94-f3e00d749abe","local_time":"20210121201506","is_ascension_mode":true,"campfire_choices":[{"data":"Dagger Spray","floor":6.0,"key":"SMITH"},{"data":"Neutralize","floor":8.0,"key":"SMITH"},{"data":"Noxious Fumes","floor":15.0,"key":"SMITH"},{"data":"Adrenaline","floor":24,"key":"SMITH"},{"data":"Well Laid Plans","floor":27,"key":"SMITH"},{"data":"Skewer","floor":32,"key":"SMITH"},{"data":"Backflip","floor":40,"key":"SMITH"},{"data":"Backflip","floor":42,"key":"SMITH"},{"data":"Blur","floor":45,"key":"SMITH"},{"data":"Footwork","floor":49,"key":"SMITH"}],"circlet_count":0,"master_deck":["AscendersBane","Strike_G","Strike_G","Strike_G","Strike_G","Strike_G","Defend_G","Defend_G","Defend_G","Defend_G","Defend_G","Survivor","Neutralize+1","Dash+1","Dagger Spray+1","Terror","PiercingWail","PiercingWail","Skewer+1","Well Laid Plans+1","Noxious Fumes+1","Adrenaline+1","Backflip+1","Adrenaline","Acrobatics+1","Prepared+1","Blur+1","Backflip+1","PiercingWail+1","Venomology","Footwork+1","Footwork+1","PiercingWail+1"],"relics":["Ring of the Snake","Vajra","Blue Candle","Ninja Scroll","Ectoplasm","Oddly Smooth Stone","Toy Ornithopter","Boot","Nilry\u0027s Codex","Anchor","Orichalcum","Coffee Dripper","Tingsha","Blood Vial","Ornamental Fan","MawBank"],"acts_visited":["Exordium","TheCity","TheBeyond"],"potions_floor_usage":[30,33,36,37,38,41,47,48,50,50],"damage_taken":[{"damage":6.0,"enemies":"Small Slimes","floor":1.0,"turns":7.0},{"damage":0.0,"enemies":"Cultist","floor":2.0,"turns":4.0},{"damage":0.0,"enemies":"2 Louse","floor":3.0,"turns":3.0},{"damage":1.0,"enemies":"Looter","floor":5.0,"turns":4.0},{"damage":4.0,"enemies":"Lagavulin","floor":7.0,"turns":6.0},{"damage":13.0,"enemies":"Gremlin Nob","floor":10.0,"turns":3.0},{"damage":0.0,"enemies":"Exordium Wildlife","floor":11.0,"turns":1.0},{"damage":0.0,"enemies":"Red Slaver","floor":12.0,"turns":2.0},{"damage":0.0,"enemies":"Looter","floor":14.0,"turns":2.0},{"damage":12.0,"enemies":"Hexaghost","floor":16.0,"turns":8.0},{"damage":0.0,"enemies":"3 Byrds","floor":18.0,"turns":4.0},{"damage":0.0,"enemies":"Shell Parasite","floor":20.0,"turns":2.0},{"damage":0,"enemies":"Centurion and Healer","floor":22,"turns":5},{"damage":7,"enemies":"Book of Stabbing","floor":23,"turns":6},{"damage":0,"enemies":"3 Cultists","floor":28,"turns":4},{"damage":0,"enemies":"Gremlin Leader","floor":30,"turns":6},{"damage":2,"enemies":"Automaton","floor":33,"turns":9},{"damage":0,"enemies":"3 Shapes","floor":35,"turns":4},{"damage":0,"enemies":"3 Darklings","floor":36,"turns":7},{"damage":0,"enemies":"Maw","floor":37,"turns":7},{"damage":0,"enemies":"Mind Bloom Boss Battle","floor":38,"turns":8},{"damage":0,"enemies":"Nemesis","floor":41,"turns":7},{"damage":0,"enemies":"Transient","floor":46,"turns":5},{"damage":21,"enemies":"Reptomancer","floor":47,"turns":6},{"damage":0,"enemies":"3 Darklings","floor":48,"turns":5},{"damage":7,"enemies":"Time Eater","floor":50,"turns":17}],"seed_played":"1647650764043060595","potions_obtained":[{"floor":0.0,"key":"DistilledChaos"},{"floor":0.0,"key":"Poison Potion"},{"floor":0.0,"key":"FearPotion"},{"floor":1.0,"key":"Regen Potion"},{"floor":2.0,"key":"Block Potion"},{"floor":14.0,"key":"SpeedPotion"},{"floor":23,"key":"Strength Potion"},{"floor":28,"key":"PowerPotion"},{"floor":33,"key":"GamblersBrew"}],"is_trial":false,"path_per_floor":["M","M","M","?","M","R","E","R","T","E","M","M","$","M","R","B",null,"M","$","M","?","M","E","R","?","T","R","M","$","E","$","R","B",null,"M","M","M","?","?","R","E","R","T","?","R","M","E","M","R","B",null],"character_chosen":"THE_SILENT","items_purchased":["Noxious Fumes","Adrenaline","Oddly Smooth Stone"],"campfire_rested":0,"item_purchase_floors":[13,13,19],"current_hp_per_floor":[57,69,69,69,68,68,64,64,64,51,51,51,51,51,51,39,62,62,62,62,62,62,55,55,39,39,39,39,39,44,44,44,47,64,64,69,70,70,70,70,70,70,70,70,70,70,49,56,56,61],"gold":18,"neow_bonus":"THREE_SMALL_POTIONS","is_daily":false,"chose_seed":false,"campfire_upgraded":10,"win_rate":0.0,"timestamp":1611288906,"path_taken":["M","M","M","?","?","R","E","R","T","E","M","M","$","M","R","BOSS","M","$","M","?","M","E","R","?","T","R","M","?","E","$","R","BOSS","M","M","M","?","?","R","E","R","T","?","R","M","E","M","R","BOSS"],"items_purchased_type":["Card","Card","Relic"],"build_version":"2020-12-22","purchased_purges":0,"victory":true,"max_hp_per_floor":[70,70,70,70,70,70,70,70,70,70,70,70,70,70,70,70,70,70,70,70,70,70,70,70,70,70,70,70,70,70,70,70,70,70,70,70,70,70,70,70,70,70,70,70,70,70,70,70,70,70],"card_choices":[{"not_picked":["Tactician","Dodge and Roll"],"picked":"Dash","floor":1.0},{"not_picked":["Quick Slash","Bane"],"picked":"Dagger Spray","floor":2.0},{"not_picked":["Infinite Blades","Sucker Punch"],"picked":"Terror","floor":3.0},{"not_picked":["Prepared","Acrobatics"],"picked":"Endless Agony","floor":5.0},{"not_picked":["Dagger Spray","Night Terror"],"picked":"PiercingWail","floor":7.0},{"not_picked":["Phantasmal Killer","Finisher"],"picked":"PiercingWail","floor":10.0},{"not_picked":["Acrobatics","Underhanded Strike"],"picked":"Skewer","floor":11.0},{"not_picked":["Dagger Spray","Poisoned Stab"],"picked":"Well Laid Plans","floor":12.0},{"not_picked":["Blade Dance","Dagger Spray"],"picked":"Backflip","floor":14.0},{"not_picked":["Tools of the Trade","Glass Knife"],"picked":"Adrenaline","floor":16.0},{"not_picked":["Noxious Fumes","Dodge and Roll"],"picked":"Acrobatics+1","floor":18.0},{"not_picked":["Sucker Punch","Acrobatics"],"picked":"Prepared+1","floor":20.0},{"not_picked":["Blade Dance","Sucker Punch"],"picked":"Blur","floor":22},{"not_picked":["Finisher","Poisoned Stab"],"picked":"Backflip","floor":23},{"not_picked":["Poisoned Stab","Choke"],"picked":"PiercingWail+1","floor":28},{"not_picked":["Cloak And Dagger","Dagger Spray","Dagger Throw"],"picked":"SKIP","floor":30},{"not_picked":["Storm of Steel","A Thousand Cuts"],"picked":"Venomology","floor":33},{"not_picked":["Underhanded Strike+1","Setup+1"],"picked":"Footwork+1","floor":35},{"not_picked":["Cloak And Dagger+1","Dagger Throw+1","Underhanded Strike"],"picked":"SKIP","floor":36},{"not_picked":["Cloak And Dagger+1","Acrobatics","Sucker Punch+1"],"picked":"SKIP","floor":37},{"not_picked":["Flechettes","Poisoned Stab","Dagger Spray+1"],"picked":"SKIP","floor":41},{"not_picked":["Die Die Die","Calculated Gamble"],"picked":"Footwork","floor":46},{"not_picked":["All Out Attack","Choke"],"picked":"PiercingWail+1","floor":47},{"not_picked":["Acrobatics+1","Blade Dance","Sucker Punch"],"picked":"SKIP","floor":48}],"player_experience":1109906,"relics_obtained":[{"floor":7.0,"key":"Vajra"},{"floor":9.0,"key":"Blue Candle"},{"floor":10.0,"key":"Ninja Scroll"},{"floor":23,"key":"Boot"},{"floor":25,"key":"Nilry\u0027s Codex"},{"floor":26,"key":"Anchor"},{"floor":30,"key":"Orichalcum"},{"floor":38,"key":"Tingsha"},{"floor":41,"key":"Blood Vial"},{"floor":43,"key":"Ornamental Fan"},{"floor":47,"key":"MawBank"}],"event_choices":[{"damage_healed":0.0,"max_hp_gain":0.0,"max_hp_loss":0.0,"gold_gain":0.0,"event_name":"Upgrade Shrine","player_choice":"Upgraded","floor":4.0,"gold_loss":0.0,"damage_taken":0.0,"cards_upgraded":["Dash"]},{"damage_healed":0.0,"max_hp_gain":0.0,"max_hp_loss":0.0,"gold_gain":0.0,"event_name":"The Mausoleum","player_choice":"Opened","floor":21.0,"gold_loss":0.0,"damage_taken":0.0,"relics_obtained":["Toy Ornithopter"]},{"damage_healed":0,"gold_gain":0,"player_choice":"Obtained Book","damage_taken":16,"max_hp_gain":0,"max_hp_loss":0,"event_name":"Cursed Tome","floor":25,"gold_loss":0},{"damage_healed":0,"gold_gain":0,"player_choice":"Fight","damage_taken":0,"max_hp_gain":0,"max_hp_loss":0,"event_name":"MindBloom","floor":38,"gold_loss":0},{"cards_removed":["Endless Agony"],"damage_healed":0,"gold_gain":0,"player_choice":"Removed Attack","damage_taken":0,"max_hp_gain":0,"max_hp_loss":0,"event_name":"Falling","floor":39,"gold_loss":0},{"damage_healed":0,"gold_gain":0,"player_choice":"0 cards matched","damage_taken":0,"max_hp_gain":0,"max_hp_loss":0,"event_name":"Match and Keep!","floor":44,"gold_loss":0,"cards_obtained":[]}],"is_beta":false,"boss_relics":[{"not_picked":["Tiny House","Velvet Choker"],"picked":"Ectoplasm"},{"not_picked":["Philosopher\u0027s Stone","Pandora\u0027s Box"],"picked":"Coffee Dripper"}],"items_purged_floors":[],"is_endless":false,"potions_floor_spawned":[1,2,3,7,14,23,28,33,35,37,41,47],"ascension_level":10}}