{"host":"ttx8tv95o5vka1nm","time":1611278046,"event":{"mods":["AchievementEnabler","BaseMod","Colored Map","Downfall","Infinite Spire","Minty Spire (QoL Compilation)","Shop Mod","StSLib","The Jungle"],"gold_per_floor":[117,127,127,202,69,96,112,140,195,195,214,214,248,265,265,364,364,348,367,367,385,399,429,175,175,201,221,258,289,308,328,328,455,455,467,467,467,480,30,30,81,125,202,220,220,220,263,100,100,100,100],"floor_reached":50,"language":"ENG","playtime":3374,"items_purged":["Strike_G","Strike_G","Defend_G","Strike_G","Defend_G"],"score":812,"play_id":"7b2f855d-40e6-446f-b1de-310bd3992a1a","local_time":"20210122111406","is_ascension_mode":true,"campfire_choices":[{"floor":15,"key":"REST"},{"floor":25,"key":"REST"},{"data":"Infinite Blades","floor":32,"key":"SMITH"},{"data":"Apotheosis","floor":40,"key":"SMITH"},{"floor":46,"key":"REST"},{"data":"infinitespire:NeuralNetwork","floor":49,"key":"SMITH"}],"circlet_count":0,"master_deck":["Strike_G+1","Strike_G+1","Defend_G","Survivor","Neutralize","Footwork","Dodge and Roll","Blade Dance","Bullet Time","Deflect","Finisher","Quick Slash+1","Slice+1","Phantasmal Killer","Cloak And Dagger","Masterful Stab+1","infinitespire:Oblivion+1","Predator+1","Infinite Blades+1","Adrenaline","Dramatic Entrance+1","Masterful Stab+1","HandOfGreed+1","Leg Sweep+1","Blur","Flying Knee+1","Sucker Punch+1","Blade Dance","Envenom","infinitespire:NeuralNetwork+1","Infinite Blades","Backstab+1","Apotheosis+1","Bane+1","Flying Knee+1","Caltrops","Quick Slash+1","Footwork"],"relics":["Cracked Core","NeowsBlessing","infinitespire:Cubic Diamond","MerchantsRug","Kunai","Oddly Smooth Stone","Molten Egg 2","Philosopher\u0027s Stone","infinitespire:PuzzleCube","Akabeko","Snake Skull","Black Star","Bag of Marbles","Toy Ornithopter","Art of War","infinitespire:BottledMercury","WristBlade","Shovel"],"acts_visited":["Exordium","TheCity","TheBeyond"],"potions_floor_usage":[13,47,47],"damage_taken":[{"damage":0,"enemies":"2 Louse","floor":1,"turns":1},{"damage":0,"enemies":"Jaw Worm","floor":2,"turns":1},{"damage":0,"enemies":"3 Sentries","floor":6,"turns":1},{"damage":0,"enemies":"Small Slimes","floor":7,"turns":3},{"damage":20,"enemies":"Lagavulin","floor":8,"turns":10},{"damage":15,"enemies":"Exordium Wildlife","floor":11,"turns":4},{"damage":25,"enemies":"3 Sentries","floor":13,"turns":10},{"damage":1,"enemies":"Exordium Thugs","floor":14,"turns":3},{"damage":21,"enemies":"Hexaghost","floor":16,"turns":12},{"damage":4,"enemies":"2 Thieves","floor":18,"turns":4},{"damage":5,"enemies":"Spheric Guardian","floor":19,"turns":6},{"damage":12,"enemies":"Snecko","floor":21,"turns":5},{"damage":22,"enemies":"Centurion and Healer","floor":22,"turns":5},{"damage":21,"enemies":"Nightmare","floor":23,"turns":7},{"damage":11,"enemies":"Shelled Parasite and Fungi","floor":27,"turns":2},{"damage":14,"enemies":"Cultist and Chosen","floor":28,"turns":3},{"damage":0,"enemies":"Gremlin Leader","floor":29,"turns":5},{"damage":0,"enemies":"Chosen and Byrds","floor":30,"turns":3},{"damage":0,"enemies":"Sentry and Sphere","floor":31,"turns":2},{"damage":7,"enemies":"Automaton","floor":33,"turns":9},{"damage":7,"enemies":"Orb Walker","floor":35,"turns":2},{"damage":6,"enemies":"3 Shapes","floor":38,"turns":2},{"damage":22,"enemies":"Giant Head","floor":41,"turns":6},{"damage":0,"enemies":"Sphere and 2 Shapes","floor":42,"turns":2},{"damage":0,"enemies":"4 Shapes","floor":44,"turns":1},{"damage":13,"enemies":"Writhing Mass","floor":47,"turns":2},{"damage":44,"enemies":"Awakened One","floor":50,"turns":2}],"seed_played":"-225272557902167678","potions_obtained":[{"floor":2,"key":"SteroidPotion"},{"floor":6,"key":"Energy Potion"},{"floor":11,"key":"Regen Potion"},{"floor":13,"key":"SneckoOil"},{"floor":16,"key":"DistilledChaos"},{"floor":27,"key":"Ancient Potion"},{"floor":28,"key":"Swift Potion"},{"floor":29,"key":"ColorlessPotion"},{"floor":42,"key":"Swift Potion"},{"floor":44,"key":"Regen Potion"}],"is_trial":false,"path_per_floor":["M","M","?","?","$","E","M","E","T","?","M","?","E","M","R","B",null,"M","M","AVR","M","M","NM","$","R","T","M","M","E","M","M","R","B",null,"M","?","?","M","$","R","E","M","T","M","AVR","R","M","$","R","B"],"character_chosen":"THE_SILENT","items_purchased":["MerchantsRug","Dramatic Entrance+1","Masterful Stab+1","HandOfGreed+1","Bag of Marbles","Backstab+1","Apotheosis","Footwork"],"campfire_rested":3,"item_purchase_floors":[5,24,24,24,39,39,39,48],"current_hp_per_floor":[63,63,63,52,52,52,52,32,39,39,24,24,14,13,36,15,62,58,53,84,72,50,29,29,54,54,43,29,29,29,29,29,22,69,62,62,40,34,34,34,12,12,12,12,12,37,39,39,39,0,0],"gold":100,"neow_bonus":"THREE_ENEMY_KILL","is_daily":false,"chose_seed":false,"campfire_upgraded":3,"win_rate":0.0,"timestamp":1611278046,"path_taken":["M","M","?","?","$","E","M","E","T","?","M","?","E","M","R","BOSS","M","M","AVR","M","M","NM","$","R","T","M","M","E","M","M","R","BOSS","M","?","?","M","$","R","E","M","T","M","AVR","R","M","?","R","BOSS"],"items_purchased_type":["Relic","Card","Card","Card","Relic","Card","Card","Card"],"build_version":"2020-12-22","purchased_purges":5,"victory":false,"max_hp_per_floor":[70,70,70,70,70,70,70,70,77,77,77,77,77,77,77,77,77,77,77,84,84,84,84,84,84,84,84,84,84,84,84,84,84,84,84,84,84,84,84,84,84,84,84,84,84,84,84,84,84,84,84],"card_choices":[{"not_picked":["Blade Dance","Dagger Throw"],"picked":"Footwork","floor":1},{"not_picked":["Bouncing Flask","Slice"],"picked":"Dodge and Roll","floor":2},{"not_picked":["Prepared","Outmaneuver"],"picked":"Blade Dance","floor":6},{"not_picked":["Quick Slash","Bouncing Flask"],"picked":"Bullet Time","floor":7},{"not_picked":["Skewer","Bane"],"picked":"Deflect","floor":8},{"not_picked":["Dagger Throw","Quick Slash"],"picked":"Finisher","floor":11},{"not_picked":["Predator+1","Noxious Fumes"],"picked":"Quick Slash+1","floor":13},{"not_picked":["Underhanded Strike+1","Outmaneuver"],"picked":"Slice+1","floor":14},{"not_picked":["Night Terror","Unload+1"],"picked":"Phantasmal Killer","floor":16},{"not_picked":["Finisher+1","Dodge and Roll"],"picked":"Cloak And Dagger","floor":18},{"not_picked":["PiercingWail+1","Deadly Poison"],"picked":"Masterful Stab+1","floor":19},{"not_picked":["Distraction","Quick Slash+1"],"picked":"Predator+1","floor":21},{"not_picked":["Backflip+1","Dagger Throw+1"],"picked":"Infinite Blades","floor":22},{"not_picked":["Acrobatics","All Out Attack+1"],"picked":"Adrenaline","floor":23},{"not_picked":["Acrobatics","Outmaneuver"],"picked":"Leg Sweep+1","floor":27},{"not_picked":["Dodge and Roll+1","Heel Hook+1"],"picked":"Blur","floor":28},{"not_picked":["PiercingWail","Bane+1"],"picked":"Flying Knee+1","floor":29},{"not_picked":["Endless Agony+1","Expertise+1"],"picked":"Sucker Punch+1","floor":30},{"not_picked":["Skewer+1","Dagger Spray+1"],"picked":"Blade Dance","floor":31},{"not_picked":["Storm of Steel","Night Terror"],"picked":"Envenom","floor":33},{"not_picked":["Skewer+1","Well Laid Plans","Endless Agony+1"],"picked":"SKIP","floor":35},{"not_picked":["infinitespire:Menacing","infinitespire:TheBestDefense"],"picked":"infinitespire:NeuralNetwork","floor":37},{"not_picked":["Prepared","Outmaneuver+1"],"picked":"Infinite Blades","floor":38},{"not_picked":["Riddle With Holes+1","Dagger Throw+1"],"picked":"Bane+1","floor":41},{"not_picked":["Phantasmal Killer","Riddle With Holes+1"],"picked":"Flying Knee+1","floor":42},{"not_picked":["Cloak And Dagger+1","Bane+1"],"picked":"Caltrops","floor":44},{"not_picked":["Bane+1","Concentrate"],"picked":"Quick Slash+1","floor":47}],"player_experience":791149,"relics_obtained":[{"floor":6,"key":"Kunai"},{"floor":8,"key":"Oddly Smooth Stone"},{"floor":9,"key":"Strawberry"},{"floor":13,"key":"Whetstone"},{"floor":23,"key":"infinitespire:PuzzleCube"},{"floor":26,"key":"Akabeko"},{"floor":29,"key":"Snake Skull"},{"floor":41,"key":"Toy Ornithopter"},{"floor":41,"key":"Art of War"},{"floor":43,"key":"infinitespire:BottledMercury"}],"event_choices":[{"damage_healed":0,"gold_gain":75,"player_choice":"Gather Gold","damage_taken":11,"max_hp_gain":0,"max_hp_loss":0,"event_name":"World of Goop","floor":4,"gold_loss":0},{"damage_healed":0,"gold_gain":0,"player_choice":"Ignored","damage_taken":0,"max_hp_gain":0,"max_hp_loss":0,"event_name":"Liars Game","floor":10,"gold_loss":0},{"damage_healed":0,"gold_gain":0,"player_choice":"Searched \u00271\u0027 times","damage_taken":0,"relics_obtained":["Molten Egg 2"],"max_hp_gain":0,"max_hp_loss":0,"event_name":"Dead Adventurer","floor":12,"gold_loss":0}],"is_beta":false,"boss_relics":[{"not_picked":["Fusion Hammer","Tiny House"],"picked":"Philosopher\u0027s Stone"},{"not_picked":["SacredBark","Pandora\u0027s Box"],"picked":"Black Star"}],"items_purged_floors":[20,24,39,45,48],"is_endless":true,"potions_floor_spawned":[2,6,11,13,16,18,27,28,29,30,31,35,42,44],"killed_by":"Awakened One","ascension_level":6}}