{"host":"dw8ij7emqco3quom","time":1611336912,"event":{"mods":["BaseMod","Minty Spire (QoL Compilation)"],"gold_per_floor":[119,119,135,135,156,156,196,212,235,260,22,46,46,46],"floor_reached":13,"language":"FRA","playtime":910,"items_purged":[],"score":113,"play_id":"512d82af-0659-449d-84a6-1f501b1b6c8a","local_time":"20210122183512","is_ascension_mode":true,"campfire_choices":[{"data":"Armaments","floor":6,"key":"SMITH"}],"circlet_count":0,"master_deck":["Strike_R","Strike_R","Strike_R","Strike_R","Strike_R","Defend_R","Defend_R","Defend_R","Defend_R","Bash","Shrug It Off","Armaments+1","Fire Breathing","Uppercut","Shrug It Off","Iron Wave"],"relics":["Burning Blood","Golden Idol","Orichalcum","MealTicket","Pantograph"],"acts_visited":["Exordium"],"potions_floor_usage":[7,10],"damage_taken":[{"damage":9,"enemies":"Jaw Worm","floor":1,"turns":5},{"damage":4,"enemies":"Small Slimes","floor":3,"turns":3},{"damage":0,"enemies":"Cultist","floor":5,"turns":3},{"damage":44,"enemies":"Gremlin Nob","floor":7,"turns":5},{"damage":4,"enemies":"3 Louse","floor":8,"turns":6},{"damage":23,"enemies":"Exordium Wildlife","floor":10,"turns":7},{"damage":37,"enemies":"Lots of Slimes","floor":12,"turns":7},{"damage":19,"enemies":"Lagavulin","floor":13,"turns":5}],"seed_played":"6194548576820091681","potions_obtained":[{"floor":5,"key":"PowerPotion"},{"floor":7,"key":"Weak Potion"}],"is_trial":false,"path_per_floor":["M","?","M","?","M","R","E","M","T","M","$","M","E"],"character_chosen":"IRONCLAD","items_purchased":["Pantograph"],"campfire_rested":0,"item_purchase_floors":[11],"current_hp_per_floor":[77,77,79,79,85,85,47,49,49,32,47,16,0,0],"gold":46,"neow_bonus":"TEN_PERCENT_HP_BONUS","is_daily":false,"chose_seed":false,"campfire_upgraded":1,"win_rate":0.0,"timestamp":1611336912,"path_taken":["M","?","M","?","M","R","E","M","T","M","$","M","E"],"items_purchased_type":["Relic"],"build_version":"2020-12-22","purchased_purges":0,"victory":false,"max_hp_per_floor":[88,88,88,88,88,88,88,88,88,88,88,88,88,88],"card_choices":[{"not_picked":["Pummel","Hemokinesis"],"picked":"Shrug It Off","floor":1},{"not_picked":["Wild Strike","Power Through"],"picked":"Armaments","floor":3},{"not_picked":["Havoc","Sentinel"],"picked":"Fire Breathing","floor":5},{"not_picked":["Perfected Strike","Disarm"],"picked":"Uppercut","floor":7},{"not_picked":["Hemokinesis","True Grit","Battle Trance"],"picked":"SKIP","floor":8},{"not_picked":["Thunderclap","Anger"],"picked":"Shrug It Off","floor":10},{"not_picked":["Carnage","Anger"],"picked":"Iron Wave","floor":12}],"player_experience":668428,"relics_obtained":[{"floor":7,"key":"Orichalcum"},{"floor":9,"key":"MealTicket"}],"event_choices":[{"damage_healed":0,"gold_gain":0,"player_choice":"Take Wound","damage_taken":0,"relics_obtained":["Golden Idol"],"max_hp_gain":0,"max_hp_loss":0,"event_name":"Golden Idol","floor":2,"gold_loss":0,"cards_obtained":["Injury"]},{"cards_removed":["Injury"],"damage_healed":0,"gold_gain":0,"player_choice":"Removed Curses","damage_taken":0,"max_hp_gain":0,"max_hp_loss":0,"event_name":"Fountain of Cleansing","floor":4,"gold_loss":0}],"is_beta":false,"boss_relics":[],"items_purged_floors":[],"is_endless":false,"potions_floor_spawned":[5,7],"killed_by":"Lagavulin","ascension_level":6}}