{"host":"r6jigiblrojhp6xe","time":1611274640,"event":{"mods":["AchievementEnabler","BaseMod","DeckTracker","Hermit","Minty Spire (QoL Compilation)","Quick Restart","Rare Cards Sparkle","Relic Stats","StSLib","SuperFastMode","everything is the same but u backflip on backflip"],"gold_per_floor":[362,537,557,557,382,382,68,83,83,83,114,131,131,147,147,246,246,258,36,80,99,54,54,77,77,77,77,104,133,133,207,207,385,385,407,422,644,382,439,510,510,543,543,543,580,580,613,635,635,635,635,635,79,104,104,104],"floor_reached":55,"language":"KOR","playtime":3681,"items_purged":["hermit:Defend_Hermit","hermit:Defend_Hermit","hermit:Defend_Hermit+1"],"score":955,"play_id":"55626383-a634-41ba-ba31-513fea105b40","local_time":"20210122091720","is_ascension_mode":true,"campfire_choices":[{"data":"hermit:CalledShot","floor":6.0,"key":"SMITH"},{"data":"hermit:Showdown","floor":10.0,"key":"SMITH"},{"data":"hermit:HighCaliber","floor":13.0,"key":"SMITH"},{"data":"hermit:Snapshot","floor":15.0,"key":"SMITH"},{"data":"1","floor":23,"key":"LIFT"},{"data":"2","floor":25,"key":"LIFT"},{"data":"3","floor":27,"key":"LIFT"},{"floor":30,"key":"REST"},{"floor":32,"key":"REST"},{"floor":41,"key":"RECALL"},{"floor":44,"key":"REST"},{"floor":49,"key":"REST"},{"data":"hermit:Strike_Hermit","floor":52,"key":"SMITH"}],"circlet_count":0,"master_deck":["hermit:Strike_Hermit+1","hermit:Strike_Hermit","hermit:Strike_Hermit","hermit:Strike_Hermit","hermit:Defend_Hermit+1","hermit:Snapshot+1","hermit:Covet","hermit:Showdown+1","hermit:CalledShot+1","hermit:HighCaliber+1","hermit:GhostlyPresence+1","hermit:Virtue+1","hermit:BodyArmor+1","hermit:DeadOrAlive","CurseOfTheBell","Finesse+1","hermit:Scavenge+1","hermit:GhostlyPresence+1","hermit:Glare+1","hermit:LuckOfTheDraw+1","hermit:EyeOfTheStorm+1","hermit:TakeCover+1","hermit:FromBeyond+1","hermit:HighCaliber+1","hermit:HighCaliber+1","hermit:HighCaliber+1","Thinking Ahead+1","hermit:CalledShot+1"],"relics":["hermit:Momento","Vajra","Toxic Egg 2","War Paint","Boot","Calling Bell","PreservedInsect","Pear","Girya","Red Mask","Molten Egg 2","Ginger","Cursed Key","StrikeDummy","Dead Branch","Prayer Wheel","hermit:CharredGlove","hermit:RyeStalk","Membership Card","Letter Opener","Blood Vial","Lantern"],"acts_visited":["Exordium","TheCity","TheBeyond","TheEnding"],"potions_floor_usage":[16,20,33,50,50,55],"damage_taken":[{"damage":5.0,"enemies":"Small Slimes","floor":1.0,"turns":4.0},{"damage":1.0,"enemies":"2 Louse","floor":3.0,"turns":3.0},{"damage":0.0,"enemies":"Cultist","floor":8.0,"turns":2.0},{"damage":20.0,"enemies":"Lagavulin","floor":11.0,"turns":4.0},{"damage":0.0,"enemies":"Blue Slaver","floor":12.0,"turns":2.0},{"damage":0.0,"enemies":"2 Fungi Beasts","floor":14.0,"turns":2.0},{"damage":0,"enemies":"Slime Boss","floor":16,"turns":7},{"damage":3,"enemies":"Spheric Guardian","floor":18,"turns":3},{"damage":20,"enemies":"Masked Bandits","floor":20,"turns":6},{"damage":13,"enemies":"Chosen","floor":21,"turns":5},{"damage":14,"enemies":"Snake Plant","floor":24,"turns":5},{"damage":20,"enemies":"3 Cultists","floor":28,"turns":6},{"damage":0,"enemies":"Centurion and Healer","floor":29,"turns":4},{"damage":7,"enemies":"Gremlin Leader","floor":31,"turns":4},{"damage":21,"enemies":"Automaton","floor":33,"turns":15},{"damage":14,"enemies":"3 Darklings","floor":35,"turns":5},{"damage":0,"enemies":"3 Shapes","floor":36,"turns":5},{"damage":0,"enemies":"Mind Bloom Boss Battle","floor":39,"turns":5},{"damage":1,"enemies":"Reptomancer","floor":40,"turns":6},{"damage":7,"enemies":"Giant Head","floor":42,"turns":7},{"damage":0,"enemies":"Sphere and 2 Shapes","floor":45,"turns":3},{"damage":0,"enemies":"Reptomancer","floor":47,"turns":3},{"damage":32,"enemies":"Transient","floor":48,"turns":5},{"damage":56,"enemies":"Time Eater","floor":50,"turns":10},{"damage":18,"enemies":"Shield and Spear","floor":54,"turns":3},{"damage":91,"enemies":"The Heart","floor":55,"turns":5}],"seed_played":"-5174199563294191703","potions_obtained":[{"floor":1.0,"key":"CultistPotion"},{"floor":12.0,"key":"ColorlessPotion"},{"floor":14.0,"key":"EssenceOfSteel"},{"floor":16,"key":"SneckoOil"},{"floor":20,"key":"Explosive Potion"},{"floor":24,"key":"Dexterity Potion"},{"floor":29,"key":"hermit:BlackBile"},{"floor":35,"key":"Swift Potion"}],"is_trial":false,"path_per_floor":["M","?","M","?","$","R","$","M","T","R","E","M","R","M","R","B",null,"M","$","?","M","$","R","M","R","T","R","M","M","R","E","R","B",null,"M","M","?","$","?","E","R","E","T","R","M","?","E","M","R","B",null,"R","$","E","B"],"character_chosen":"HERMIT","items_purchased":["Vajra","hermit:CalledShot","Toxic Egg 2","hermit:FullyLoaded+1","Finesse+1","hermit:Glare+1","StrikeDummy","Membership Card","Letter Opener","Blood Vial","BlessingOfTheForge","ColorlessPotion","Thinking Ahead+1"],"campfire_rested":4,"item_purchase_floors":[5,5,7,19,19,22,38,53,53,53,53,53,53],"current_hp_per_floor":[49,49,48,48,48,48,48,48,48,48,28,28,28,28,28,28,85,82,82,62,49,49,49,35,35,35,35,15,15,40,33,58,37,85,71,71,71,71,71,70,70,63,63,85,85,85,85,53,78,22,85,85,85,67,0,0],"gold":104,"neow_bonus":"TWO_FIFTY_GOLD","is_daily":false,"chose_seed":false,"campfire_upgraded":5,"win_rate":0.0,"timestamp":1611274640,"path_taken":["M","?","M","?","$","R","$","M","T","R","E","M","R","M","R","BOSS","M","?","?","M","$","R","M","R","T","R","M","M","R","E","R","BOSS","M","M","?","$","?","E","R","E","T","R","M","?","E","M","R","BOSS","R","$","E","BOSS"],"items_purchased_type":["Relic","Card","Relic","Card","Card","Card","Relic","Relic","Relic","Relic","Potion","Potion","Card"],"build_version":"2020-12-22","purchased_purges":3,"victory":false,"max_hp_per_floor":[75,75,75,75,75,75,75,75,75,75,75,75,75,75,75,75,85,85,85,85,85,85,85,85,85,85,85,85,85,85,85,85,85,85,85,85,85,85,85,85,85,85,85,85,85,85,85,85,85,85,85,85,85,85,85,85],"relic_stats":{"Blood Vial":2,"counters":[26,129],"Dead Branch":[82],"Prayer Wheel":2,"PreservedInsect":358,"Ginger":[7],"Letter Opener":[55],"War Paint":["hermit:Defend_Hermit","hermit:Defend_Hermit"],"Boot":[14],"Cursed Key":0,"obtain_stats":[{"Girya":17,"Lantern":54,"Pear":17,"Dead Branch":39,"Vajra":5,"PreservedInsect":17,"Ginger":31,"Letter Opener":53,"War Paint":9,"Boot":11,"Cursed Key":34,"Calling Bell":17,"Blood Vial":53,"hermit:RyeStalk":47,"hermit:CharredGlove":42,"Molten Egg 2":26,"Prayer Wheel":40,"Red Mask":20,"Membership Card":53,"Toxic Egg 2":7,"StrikeDummy":38,"hermit:Momento":0},{"Girya":7,"Lantern":25,"Pear":7,"Dead Branch":18,"Vajra":2,"PreservedInsect":7,"Ginger":14,"Letter Opener":24,"War Paint":3,"Boot":4,"Cursed Key":15,"Calling Bell":7,"Blood Vial":24,"hermit:RyeStalk":22,"hermit:CharredGlove":20,"Molten Egg 2":11,"Prayer Wheel":19,"Red Mask":9,"Membership Card":24,"Toxic Egg 2":2,"StrikeDummy":17,"hermit:Momento":0},{"Girya":24,"Lantern":124,"Pear":24,"Dead Branch":87,"Vajra":7,"PreservedInsect":24,"Ginger":57,"Letter Opener":121,"War Paint":9,"Boot":13,"Cursed Key":72,"Calling Bell":24,"Blood Vial":121,"hermit:RyeStalk":106,"hermit:CharredGlove":100,"Molten Egg 2":43,"Prayer Wheel":93,"Red Mask":33,"Membership Card":121,"Toxic Egg 2":7,"StrikeDummy":82,"hermit:Momento":0}]},"card_choices":[{"not_picked":["hermit:HighCaliber","hermit:Dive"],"picked":"hermit:Showdown","floor":1.0},{"not_picked":["hermit:TakeAim","hermit:LoneWolf","hermit:Quickdraw"],"picked":"SKIP","floor":3.0},{"not_picked":["hermit:BodyArmor+1","hermit:LowProfile+1"],"picked":"hermit:HighCaliber","floor":8.0},{"not_picked":["hermit:GoldenBullet","hermit:Misfire"],"picked":"hermit:GhostlyPresence+1","floor":11.0},{"not_picked":["hermit:Combo","hermit:Quickdraw"],"picked":"hermit:Virtue+1","floor":12.0},{"not_picked":["hermit:CursedWeapon","hermit:PistolWhip"],"picked":"hermit:BodyArmor+1","floor":14.0},{"not_picked":["hermit:RoundhouseKick","hermit:FinalCanter"],"picked":"hermit:DeadOrAlive","floor":16},{"not_picked":["hermit:Feint+1","hermit:Coalescence+1","hermit:Ricochet+1"],"picked":"SKIP","floor":18},{"not_picked":["hermit:Snipe+1","hermit:Desperado"],"picked":"hermit:Scavenge+1","floor":20},{"not_picked":["hermit:Brawl","hermit:WideOpen"],"picked":"hermit:GhostlyPresence+1","floor":21},{"not_picked":["hermit:Determination","hermit:Coalescence+1","hermit:LowProfile+1"],"picked":"SKIP","floor":24},{"not_picked":["hermit:Coalescence+1","hermit:Glare+1"],"picked":"hermit:LuckOfTheDraw+1","floor":28},{"not_picked":["hermit:Quickdraw+1","hermit:DeadMansHand+1","hermit:Snipe+1"],"picked":"SKIP","floor":29},{"not_picked":["hermit:Ricochet+1","hermit:Horror+1","hermit:Snipe+1"],"picked":"SKIP","floor":31},{"not_picked":["hermit:BodyArmor+1","hermit:Spite+1"],"picked":"hermit:EyeOfTheStorm+1","floor":35},{"not_picked":["hermit:Misfire+1","hermit:CursedWeapon+1","hermit:Headshot+1"],"picked":"SKIP","floor":36},{"not_picked":["hermit:Midnight+1","hermit:LuckOfTheDraw+1"],"picked":"hermit:TakeCover+1","floor":40},{"not_picked":["hermit:Vantage+1","hermit:GoldenBullet+1"],"picked":"hermit:FromBeyond+1","floor":42},{"not_picked":["hermit:WideOpen+1","hermit:ItchyTrigger+1"],"picked":"hermit:HighCaliber+1","floor":45},{"not_picked":["hermit:Midnight+1","hermit:Misfire+1"],"picked":"hermit:HighCaliber+1","floor":45},{"not_picked":["hermit:Desperado+1","hermit:ItchyTrigger+1"],"picked":"hermit:HighCaliber+1","floor":47},{"not_picked":["hermit:Headshot+1","hermit:OverwhelmingPower","hermit:LowProfile+1"],"picked":"SKIP","floor":48},{"not_picked":["hermit:Manifest+1","hermit:Showdown+1","hermit:CursedWeapon+1"],"picked":"SKIP","floor":48},{"not_picked":["hermit:Roulette+1","hermit:ItchyTrigger+1"],"picked":"hermit:CalledShot+1","floor":54}],"player_experience":578415,"relics_obtained":[{"floor":9.0,"key":"War Paint"},{"floor":11.0,"key":"Boot"},{"floor":17,"key":"PreservedInsect"},{"floor":17,"key":"Pear"},{"floor":17,"key":"Girya"},{"floor":20,"key":"Red Mask"},{"floor":26,"key":"Molten Egg 2"},{"floor":31,"key":"Ginger"},{"floor":39,"key":"Dead Branch"},{"floor":40,"key":"Prayer Wheel"},{"floor":42,"key":"hermit:CharredGlove"},{"floor":47,"key":"hermit:RyeStalk"},{"floor":54,"key":"Lantern"}],"event_choices":[{"damage_healed":0.0,"max_hp_gain":0.0,"max_hp_loss":0.0,"gold_gain":175.0,"event_name":"Liars Game","player_choice":"AGREE","floor":2.0,"gold_loss":0.0,"damage_taken":0.0,"cards_obtained":["Doubt"]},{"cards_removed":["Doubt"],"damage_healed":0.0,"max_hp_gain":0.0,"max_hp_loss":0.0,"gold_gain":0.0,"event_name":"Fountain of Cleansing","player_choice":"Removed Curses","floor":4.0,"gold_loss":0.0,"damage_taken":0.0},{"damage_healed":0,"gold_gain":0,"player_choice":"Fought Bandits","damage_taken":0,"max_hp_gain":0,"max_hp_loss":0,"event_name":"Masked Bandits","floor":20,"gold_loss":0},{"damage_healed":0,"gold_gain":222,"player_choice":"Wore Mask","damage_taken":0,"max_hp_gain":0,"max_hp_loss":0,"event_name":"Tomb of Lord Red Mask","floor":37,"gold_loss":0},{"damage_healed":0,"gold_gain":0,"player_choice":"Fight","damage_taken":0,"max_hp_gain":0,"max_hp_loss":0,"event_name":"MindBloom","floor":39,"gold_loss":0},{"cards_removed":["hermit:FullyLoaded"],"damage_healed":0,"gold_gain":0,"player_choice":"Removed Skill","damage_taken":0,"max_hp_gain":0,"max_hp_loss":0,"event_name":"Falling","floor":46,"gold_loss":0}],"is_beta":false,"boss_relics":[{"not_picked":["Empty Cage","hermit:DentedPlate"],"picked":"Calling Bell"},{"not_picked":["hermit:ClaspedLocket","Tiny House"],"picked":"Cursed Key"}],"items_purged_floors":[7,19,53],"is_endless":false,"potions_floor_spawned":[1,12,14,16,20,24,29,35,47,54],"killed_by":"The Heart","ascension_level":2}}