{"host":"f0gpob8hq9vgebej","time":1611293525,"event":{"mods":["AchievementEnabler","BaseMod","Minty Spire (QoL Compilation)","Quick Restart","SuperFastMode"],"gold_per_floor":[111,111,123,133,153,153,185,185,185,196,39,56,72,32,32,132,132,150,50,61,80,80,80,93,93,120,151,151,151],"floor_reached":28,"language":"KOR","playtime":559,"items_purged":["Strike_G","Strike_G"],"score":311,"play_id":"bb0cb4d3-e046-4a6b-aa00-736f88dad6d7","local_time":"20210122143205","is_ascension_mode":true,"campfire_choices":[{"data":"Prepared","floor":6,"key":"SMITH"},{"data":"Blade Dance","floor":8,"key":"SMITH"},{"data":"Accuracy","floor":15,"key":"SMITH"},{"data":"Tactician","floor":23,"key":"SMITH"},{"floor":25,"key":"REST"}],"circlet_count":0,"master_deck":["Strike_G","Strike_G","Defend_G","Defend_G","Defend_G","Defend_G","Defend_G","Survivor","Neutralize","Infinite Blades","Blade Dance+1","Prepared+1","Backflip","Malaise","Bandage Up","Tactician+1","Accuracy+1","Acrobatics","Footwork"],"relics":["Ring of the Snake","NeowsBlessing","PreservedInsect","Shuriken","Ancient Tea Set","Red Mask"],"acts_visited":["Exordium","TheCity"],"potions_floor_usage":[7,20,27,27,27,28],"damage_taken":[{"damage":0,"enemies":"Small Slimes","floor":1,"turns":1},{"damage":0,"enemies":"Cultist","floor":3,"turns":1},{"damage":0,"enemies":"Jaw Worm","floor":4,"turns":1},{"damage":0,"enemies":"Large Slime","floor":5,"turns":6},{"damage":29,"enemies":"Lagavulin","floor":7,"turns":8},{"damage":0,"enemies":"Red Slaver","floor":10,"turns":3},{"damage":5,"enemies":"Exordium Wildlife","floor":12,"turns":4},{"damage":0,"enemies":"Large Slime","floor":13,"turns":4},{"damage":30,"enemies":"The Guardian","floor":16,"turns":10},{"damage":9,"enemies":"Shell Parasite","floor":18,"turns":5},{"damage":2,"enemies":"2 Thieves","floor":20,"turns":3},{"damage":19,"enemies":"Centurion and Healer","floor":21,"turns":6},{"damage":17,"enemies":"Shelled Parasite and Fungi","floor":24,"turns":5},{"damage":42,"enemies":"Masked Bandits","floor":27,"turns":5},{"damage":7,"enemies":"Slavers","floor":28,"turns":3}],"seed_played":"-9090691874728542598","potions_obtained":[{"floor":5,"key":"CunningPotion"},{"floor":7,"key":"Energy Potion"},{"floor":10,"key":"Energy Potion"},{"floor":16,"key":"Strength Potion"},{"floor":20,"key":"Weak Potion"},{"floor":27,"key":"Swift Potion"}],"is_trial":false,"path_per_floor":["M","?","M","M","M","R","E","R","T","M","$","M","M","$","R","B",null,"M","$","M","M","$","R","M","R","T","?","E"],"character_chosen":"THE_SILENT","items_purchased":["Bandage Up","Accuracy"],"campfire_rested":1,"item_purchase_floors":[11,14],"current_hp_per_floor":[63,63,63,63,63,63,34,34,34,34,34,33,37,37,37,11,55,50,50,52,37,37,37,24,45,45,7,4,4],"gold":151,"neow_bonus":"THREE_ENEMY_KILL","is_daily":false,"chose_seed":false,"campfire_upgraded":4,"win_rate":0.0,"timestamp":1611293525,"path_taken":["M","?","?","M","M","R","E","R","T","M","$","M","?","?","R","BOSS","M","?","M","M","$","R","?","R","T","?","E"],"items_purchased_type":["Card","Card"],"build_version":"2020-12-22","purchased_purges":2,"victory":false,"max_hp_per_floor":[70,70,70,70,70,70,70,70,70,70,70,70,70,70,70,70,70,70,70,70,70,70,70,70,70,70,70,70,70],"card_choices":[{"not_picked":["Underhanded Strike","Dodge and Roll","Slice"],"picked":"SKIP","floor":1},{"not_picked":["Reflex","Choke"],"picked":"Infinite Blades","floor":3},{"not_picked":["Endless Agony","Deadly Poison"],"picked":"Blade Dance","floor":4},{"not_picked":["Dagger Spray","Noxious Fumes"],"picked":"Prepared","floor":5},{"not_picked":["PiercingWail","Expertise"],"picked":"Backflip","floor":7},{"not_picked":["Underhanded Strike","Flying Knee"],"picked":"Malaise","floor":10},{"not_picked":["Finisher","Quick Slash"],"picked":"Tactician","floor":12},{"not_picked":["Quick Slash","Riddle With Holes","Eviscerate"],"picked":"SKIP","floor":13},{"not_picked":["Underhanded Strike","Backflip"],"picked":"Acrobatics","floor":18},{"not_picked":["Dagger Spray","Distraction","Flechettes"],"picked":"SKIP","floor":20},{"not_picked":["Heel Hook","Predator+1","Dodge and Roll"],"picked":"SKIP","floor":21},{"not_picked":["PiercingWail","Expertise+1","Flechettes+1"],"picked":"SKIP","floor":24},{"not_picked":["Dash","Acrobatics+1"],"picked":"Footwork","floor":27}],"player_experience":203857,"relics_obtained":[{"floor":7,"key":"PreservedInsect"},{"floor":9,"key":"Shuriken"},{"floor":26,"key":"Ancient Tea Set"},{"floor":27,"key":"Red Mask"}],"event_choices":[{"cards_removed":["Strike_G"],"damage_healed":0,"gold_gain":0,"player_choice":"Offered Basic","damage_taken":0,"max_hp_gain":0,"max_hp_loss":0,"event_name":"Bonfire Elementals","floor":2,"gold_loss":0},{"damage_healed":0,"gold_gain":0,"player_choice":"Fought Bandits","damage_taken":0,"max_hp_gain":0,"max_hp_loss":0,"event_name":"Masked Bandits","floor":27,"gold_loss":0}],"is_beta":false,"boss_relics":[{"not_picked":[]}],"items_purged_floors":[11,19],"is_endless":false,"potions_floor_spawned":[5,7,10,16,20,21,27],"killed_by":"Slavers","ascension_level":8}}