{"host":"jt62yzdgnrkmwwqv","time":1611288866,"event":{"mods":["AchievementEnabler","Arknights The Spire","BaseMod","CapriCore","Colored Map","Colored Powertips","GungeonMod","Lobotomy","LobotomyExtend","Minty Spire (QoL Compilation)","Replay The Spire","StSLib","SuperFastMode","The Dragon Tamer"],"gold_per_floor":[119,119,44,61,76,102,113,113,140,157,186,186,203,221,221,317,317,335,59,77,88,88,88,88],"floor_reached":23,"language":"KOR","playtime":808,"items_purged":["ats:Strike S"],"score":215,"play_id":"8f41b705-75df-462a-9505-60fae98cda3a","local_time":"20210122131425","is_ascension_mode":true,"campfire_choices":[{"floor":8,"key":"REST"},{"floor":12,"key":"REST"},{"floor":15,"key":"REST"}],"circlet_count":0,"master_deck":["ats:Strike C","ats:Strike G","ats:Armor Crushing Shot","ats:Defend","ats:Defend","ats:Defend","ats:Defend","ats:Emotion Absorption","ats:Support Order+1","ats:Sword Rain+1","ats:Hammer On+1","ats:Closed Bolt Burst Fire","ats:Calcification","ats:Leaping Hammer","ats:Chain Hook","ats:Revitalization","ats:Wolf Pack","ats:Closed Bolt Burst Fire","ats:Shadow Assault","ats:Shell Defense","ats:Leaping Hammer","ats:Leaping Hammer"],"relics":["ats:Sanity","LetterFromLob","ats:Originium","Gremlin Food","ats:Ability Aura","Replay:Baseball","Cursed Key"],"acts_visited":["Exordium","TheCity"],"potions_floor_usage":[16],"damage_taken":[{"damage":1,"enemies":"2 Louse","floor":1,"turns":4},{"damage":5,"enemies":"Jaw Worm","floor":4,"turns":4},{"damage":10,"enemies":"Small Slimes","floor":5,"turns":2},{"damage":34,"enemies":"Gremlin Nob","floor":6,"turns":5},{"damage":0,"enemies":"Exordium Thugs","floor":7,"turns":4},{"damage":1,"enemies":"Lots of Slimes","floor":10,"turns":3},{"damage":32,"enemies":"3 Sentries","floor":11,"turns":9},{"damage":0,"enemies":"Exordium Wildlife","floor":13,"turns":2},{"damage":0,"enemies":"Large Slime","floor":14,"turns":4},{"damage":35,"enemies":"Hexaghost","floor":16,"turns":12},{"damage":5,"enemies":"2 Thieves","floor":18,"turns":3},{"damage":0,"enemies":"3 Byrds","floor":20,"turns":5},{"damage":25,"enemies":"Snecko","floor":21,"turns":5},{"damage":69,"enemies":"Gremlin Leader","floor":23,"turns":6}],"seed_played":"-4249538723361083770","potions_obtained":[{"floor":5,"key":"Fire Potion"},{"floor":6,"key":"EssenceOfSteel"},{"floor":16,"key":"Swift Potion"},{"floor":18,"key":"Elixir"},{"floor":21,"key":"DemoMod:LeadSkinPotion"}],"is_trial":false,"path_per_floor":["M","M","$","M","M","E","M","R","T","M","E","R","M","M","R","B",null,"M","$","M","M","?","E"],"character_chosen":"DOCTOR_CLASS","items_purchased":["ats:Sword Rain","ats:Shadow Assault","ats:Shell Defense"],"campfire_rested":3,"item_purchase_floors":[3,19,19],"current_hp_per_floor":[71,71,71,66,56,22,22,43,43,42,12,33,33,34,55,24,72,67,67,71,49,49,0,0],"gold":88,"neow_bonus":"REMOVE_CARD","is_daily":false,"chose_seed":false,"campfire_upgraded":0,"win_rate":0.0,"timestamp":1611288865,"path_taken":["M","M","$","M","M","E","M","R","T","M","E","R","M","M","R","BOSS","M","$","M","M","?","E"],"items_purchased_type":["Card","Card","Card"],"build_version":"2020-12-22","purchased_purges":1,"victory":false,"max_hp_per_floor":[72,72,72,72,72,72,72,72,72,72,72,72,72,72,72,72,72,72,72,72,72,72,72,72],"card_choices":[{"not_picked":["ats:Very Hot Blade","ats:Cat Scratch"],"picked":"ats:Support Order","floor":1},{"not_picked":["ats:Neurotoxin","ats:Spore Proliferation"],"picked":"ats:Hammer On","floor":4},{"not_picked":["ats:Support Order","ats:Beaten Up","ats:Ignite"],"picked":"SKIP","floor":5},{"not_picked":["ats:Cat Scratch","ats:Curse Doll"],"picked":"ats:Closed Bolt Burst Fire","floor":6},{"not_picked":["ats:Blood Oath","ats:Charging Defense"],"picked":"ats:Calcification","floor":7},{"not_picked":["ats:Ignite","ats:Cat Scratch","ats:Poison Spread"],"picked":"SKIP","floor":10},{"not_picked":["ats:Curse Doll","ats:Automatic Cover"],"picked":"ats:Leaping Hammer","floor":11},{"not_picked":["ats:Powerful Strike","ats:Encircling Forest"],"picked":"ats:Chain Hook","floor":13},{"not_picked":["ats:Curse Doll","ats:Assault Order"],"picked":"ats:Revitalization","floor":14},{"not_picked":["ats:Disruption Kick","ats:Dogmatic Field"],"picked":"ats:Wolf Pack","floor":16},{"not_picked":["ats:Collapsing Strike+1","ats:Automatic Cover"],"picked":"ats:Closed Bolt Burst Fire","floor":18},{"not_picked":["ats:Closed Bolt Burst Fire","ats:Consecutive Shot Auto+1"],"picked":"ats:Leaping Hammer","floor":20},{"not_picked":["ats:Dogmatic Field","ats:Encircling Forest","ats:Very Hot Blade"],"picked":"SKIP","floor":21}],"player_experience":180190,"relics_obtained":[{"floor":1,"key":"LetterFromLob"},{"floor":6,"key":"ats:Originium"},{"floor":6,"key":"Gremlin Food"},{"floor":9,"key":"ats:Ability Aura"},{"floor":11,"key":"ats:Originium"},{"floor":11,"key":"Replay:Baseball"}],"event_choices":[{"damage_healed":0,"gold_gain":0,"player_choice":"Read","damage_taken":0,"max_hp_gain":0,"max_hp_loss":0,"event_name":"The Library","floor":22,"gold_loss":0,"cards_obtained":["ats:Leaping Hammer"]}],"is_beta":false,"boss_relics":[{"not_picked":["Astrolabe","SlaversCollar"],"picked":"Cursed Key"}],"items_purged_floors":[19],"is_endless":false,"potions_floor_spawned":[5,6,16,18,21],"killed_by":"Gremlin Leader","ascension_level":1}}