{"host":"ux8r2oyej5019q8x","time":1611279025,"event":{"mods":["AchievementEnabler","BaseMod","Colored Map","Colored Powertips","GifTheSpireLib","HexUI Lib","Highlight Path","Minty Spire (QoL Compilation)","Rare Cards Sparkle","Relic Stats","StSLib","everything is the same but u backflip on backflip"],"gold_per_floor":[110,121,135,64,64,64,83,83,83,103,137,152,186,203,203,308,308,327,602,126,139,149,149,149,149],"floor_reached":24,"language":"ENG","playtime":1764,"items_purged":["Regret"],"score":277,"play_id":"ac46d606-bcd5-4035-b367-ac1c233c9728","local_time":"20210122023025","is_ascension_mode":true,"campfire_choices":[{"data":"Anger","floor":6,"key":"SMITH"},{"data":"Feed","floor":8,"key":"SMITH"},{"floor":15,"key":"REST"},{"data":"Demon Form","floor":23,"key":"SMITH"}],"circlet_count":0,"master_deck":["Strike_R","Strike_R","Strike_R","Strike_R","Defend_R","Defend_R","Defend_R","Defend_R","Bash","Sword Boomerang","Anger+1","Feed+1","Evolve","Power Through","Warcry","Dual Wield","Demon Form+1","Offering","True Grit+1","Pommel Strike","Battle Trance"],"relics":["Burning Blood","Charon\u0027s Ashes","Ice Cream","Bottled Tornado","Sozu","Shuriken","HandDrill"],"acts_visited":["Exordium","TheCity"],"potions_floor_usage":[13,16,16,22],"damage_taken":[{"damage":1,"enemies":"Cultist","floor":1,"turns":3},{"damage":2,"enemies":"Jaw Worm","floor":2,"turns":3},{"damage":2,"enemies":"2 Louse","floor":3,"turns":3},{"damage":40,"enemies":"Gremlin Gang","floor":7,"turns":5},{"damage":0,"enemies":"Large Slime","floor":10,"turns":3},{"damage":23,"enemies":"Gremlin Nob","floor":11,"turns":5},{"damage":15,"enemies":"2 Fungi Beasts","floor":12,"turns":3},{"damage":25,"enemies":"Lagavulin","floor":13,"turns":7},{"damage":16,"enemies":"Blue Slaver","floor":14,"turns":3},{"damage":38,"enemies":"The Guardian","floor":16,"turns":7},{"damage":32,"enemies":"Spheric Guardian","floor":18,"turns":6},{"damage":3,"enemies":"Chosen","floor":21,"turns":3},{"damage":16,"enemies":"Shelled Parasite and Fungi","floor":22,"turns":3},{"damage":68,"enemies":"Slavers","floor":24,"turns":5}],"seed_played":"8861649657373706404","potions_obtained":[{"floor":3,"key":"LiquidBronze"},{"floor":10,"key":"PowerPotion"},{"floor":11,"key":"LiquidMemories"},{"floor":16,"key":"Fire Potion"}],"is_trial":false,"path_per_floor":["M","M","M","$","?","R","M","R","T","M","E","M","E","M","R","B",null,"M","?","$","M","M","R","E"],"character_chosen":"IRONCLAD","items_purchased":["Evolve","Shuriken","HandDrill"],"campfire_rested":1,"item_purchase_floors":[4,20,20],"current_hp_per_floor":[88,88,88,88,88,88,57,57,57,67,50,45,26,16,45,13,99,73,73,73,76,66,66,0,0],"gold":149,"neow_bonus":"TEN_PERCENT_HP_BONUS","is_daily":false,"chose_seed":false,"campfire_upgraded":3,"win_rate":0.0,"timestamp":1611279025,"path_taken":["M","M","M","$","?","R","M","R","T","M","E","?","E","M","R","BOSS","M","?","?","M","?","R","E"],"items_purchased_type":["Card","Relic","Relic"],"build_version":"2020-12-22","purchased_purges":1,"victory":false,"max_hp_per_floor":[88,88,88,88,88,88,91,91,91,95,95,99,99,99,99,99,99,99,99,99,99,99,99,99,99],"relic_stats":{"Sozu":1,"counters":[14,59],"Shuriken":[5],"Charon\u0027s Ashes":[66],"HandDrill":[2],"obtain_stats":[{"Ice Cream":11,"Sozu":17,"Shuriken":20,"Charon\u0027s Ashes":9,"HandDrill":20,"Bottled Tornado":13,"Burning Blood":0},{"Ice Cream":6,"Sozu":10,"Shuriken":11,"Charon\u0027s Ashes":4,"HandDrill":11,"Bottled Tornado":8,"Burning Blood":0},{"Ice Cream":22,"Sozu":42,"Shuriken":48,"Charon\u0027s Ashes":14,"HandDrill":48,"Bottled Tornado":32,"Burning Blood":0}],"Burning Blood":65},"card_choices":[{"not_picked":["Clothesline","Iron Wave"],"picked":"Sword Boomerang","floor":1},{"not_picked":["Armaments","Flex"],"picked":"Anger","floor":2},{"not_picked":["Burning Pact","Disarm"],"picked":"Feed","floor":3},{"not_picked":["Wild Strike","Pommel Strike"],"picked":"Power Through","floor":7},{"not_picked":["Thunderclap","Anger"],"picked":"Warcry","floor":10},{"not_picked":["Anger","Armaments","Power Through"],"picked":"SKIP","floor":11},{"not_picked":["Reckless Charge","Bloodletting"],"picked":"Dual Wield","floor":12},{"not_picked":["Perfected Strike","Dropkick","Dual Wield"],"picked":"SKIP","floor":13},{"not_picked":["Perfected Strike","Heavy Blade"],"picked":"Demon Form","floor":14},{"not_picked":["Juggernaut","Demon Form"],"picked":"Offering","floor":16},{"not_picked":["Cleave+1","Havoc"],"picked":"True Grit+1","floor":18},{"not_picked":["Body Slam","Iron Wave"],"picked":"Pommel Strike","floor":21},{"not_picked":["Twin Strike+1","Clothesline"],"picked":"Battle Trance","floor":22}],"player_experience":193980,"relics_obtained":[{"floor":9,"key":"Charon\u0027s Ashes"},{"floor":11,"key":"Ice Cream"},{"floor":13,"key":"Bottled Tornado"}],"event_choices":[{"cards_removed":["Strike_R"],"damage_healed":0,"gold_gain":0,"player_choice":"Purged","damage_taken":0,"max_hp_gain":0,"max_hp_loss":0,"event_name":"Purifier","floor":5,"gold_loss":0},{"damage_healed":0,"gold_gain":275,"player_choice":"Desecrate","damage_taken":0,"max_hp_gain":0,"max_hp_loss":0,"event_name":"Golden Shrine","floor":19,"gold_loss":0,"cards_obtained":["Regret"]}],"is_beta":false,"boss_relics":[{"not_picked":["Tiny House","Busted Crown"],"picked":"Sozu"}],"items_purged_floors":[20],"is_endless":false,"potions_floor_spawned":[3,10,11,16,21],"killed_by":"Slavers","ascension_level":4}}