{"host":"foq4mrde4mssg7vt","time":1611295513,"event":{"mods":["AchievementEnabler","BaseMod","Colored Map","Colored Powertips","Highlight Path","Minty Spire (QoL Compilation)","Relic Stats","everything is the same but u backflip on backflip"],"gold_per_floor":[111,131,144,157,173,173,173,173],"floor_reached":7,"language":"ENG","playtime":289,"items_purged":[],"score":90,"play_id":"a11da997-20ce-432d-8861-7b1636202d7a","local_time":"20210122140513","is_ascension_mode":true,"campfire_choices":[{"data":"Bash","floor":6,"key":"SMITH"}],"circlet_count":0,"master_deck":["AscendersBane","Strike_R","Strike_R","Strike_R","Strike_R","Strike_R","Defend_R","Defend_R","Defend_R","Defend_R","Bash+1","Heavy Blade","Twin Strike","Battle Trance","Thunderclap"],"relics":["Burning Blood"],"acts_visited":["Exordium"],"potions_floor_usage":[7],"damage_taken":[{"damage":6.0,"enemies":"Cultist","floor":1.0,"turns":3.0},{"damage":7.0,"enemies":"Small Slimes","floor":2.0,"turns":3.0},{"damage":9.0,"enemies":"Jaw Worm","floor":3.0,"turns":3.0},{"damage":10.0,"enemies":"Lots of Slimes","floor":4.0,"turns":5.0},{"damage":27,"enemies":"Exordium Wildlife","floor":5,"turns":5},{"damage":45,"enemies":"3 Sentries","floor":7,"turns":7}],"seed_played":"8846633893597249234","potions_obtained":[{"floor":0.0,"key":"HeartOfIron"},{"floor":0.0,"key":"PowerPotion"},{"floor":5,"key":"SneckoOil"}],"is_trial":false,"path_per_floor":["M","M","M","M","M","R","E"],"character_chosen":"IRONCLAD","items_purchased":[],"campfire_rested":0,"item_purchase_floors":[],"current_hp_per_floor":[68,67,64,60,39,39,0,0],"gold":173,"neow_bonus":"THREE_SMALL_POTIONS","is_daily":false,"chose_seed":false,"campfire_upgraded":1,"win_rate":0.0,"timestamp":1611295513,"path_taken":["M","M","M","M","?","R","E"],"items_purchased_type":[],"build_version":"2020-12-22","purchased_purges":0,"victory":false,"max_hp_per_floor":[75,75,75,75,75,75,75,75],"relic_stats":{"counters":[6,26],"obtain_stats":[{"Burning Blood":0},{"Burning Blood":0},{"Burning Blood":0}],"Burning Blood":30},"card_choices":[{"not_picked":["Clash","Flex"],"picked":"Heavy Blade","floor":1.0},{"not_picked":["Sword Boomerang","True Grit"],"picked":"Twin Strike","floor":2.0},{"not_picked":["Clothesline","Perfected Strike"],"picked":"Battle Trance","floor":3.0},{"not_picked":["Flex","Pummel"],"picked":"Thunderclap","floor":4.0},{"not_picked":["Clash","Headbutt","Perfected Strike"],"picked":"SKIP","floor":5}],"player_experience":536008,"relics_obtained":[],"event_choices":[],"is_beta":false,"boss_relics":[],"items_purged_floors":[],"is_endless":false,"potions_floor_spawned":[2,5],"killed_by":"3 Sentries","ascension_level":20}}