{"host":"f0gpob8hq9vgebej","time":1611289523,"event":{"mods":["AchievementEnabler","BaseMod","Minty Spire (QoL Compilation)","Quick Restart","SuperFastMode"],"gold_per_floor":[366,378,395,169,169,169,200,218,269,269,286,299,299,312,312,416,416,436,436,449,95,108,108,136,152,152,152,185,200,211,231,231,328,328,346,147,164,183,93,93,119,119,119,37,62,81,91,111,111,111],"floor_reached":51,"language":"KOR","playtime":1349,"items_purged":["Strike_G","Strike_G","Strike_G"],"score":1154,"play_id":"4e00c212-b454-471c-8ce7-c27a0eafbabb","local_time":"20210122132523","is_ascension_mode":true,"campfire_choices":[{"data":"Accuracy","floor":6,"key":"SMITH"},{"data":"Blade Dance","floor":10,"key":"SMITH"},{"data":"Calculated Gamble","floor":15,"key":"SMITH"},{"data":"Blade Dance","floor":23,"key":"SMITH"},{"data":"Adrenaline","floor":27,"key":"SMITH"},{"data":"Footwork","floor":32,"key":"SMITH"},{"data":"Accuracy","floor":40,"key":"SMITH"},{"data":"Acrobatics","floor":42,"key":"SMITH"},{"data":"Accuracy","floor":49,"key":"SMITH"}],"circlet_count":0,"master_deck":["Defend_G","Defend_G","Defend_G","Defend_G","Survivor","Neutralize","Clumsy","Deadly Poison","Blade Dance+1","Reflex","Accuracy+1","Acrobatics+1","Backflip","Backstab","PiercingWail","Calculated Gamble+1","Unload","Adrenaline+1","Adrenaline","Acrobatics+1","Blade Dance+1","Adrenaline","Concentrate+1","Prepared+1","Footwork+1","Adrenaline","Accuracy+1","Finisher+1","Prepared+1","Reflex+1","Well Laid Plans","Escape Plan+1","Accuracy+1"],"relics":["Ring of the Snake","Sundial","Bag of Marbles","SacredBark","Question Card","Ancient Tea Set","Prayer Wheel","Darkstone Periapt","SlaversCollar","Orichalcum","Letter Opener","HornCleat"],"acts_visited":["Exordium","TheCity","TheBeyond"],"potions_floor_usage":[24,24,24,28,30,31,33,33,50],"damage_taken":[{"damage":0,"enemies":"2 Louse","floor":1,"turns":4},{"damage":0,"enemies":"Cultist","floor":2,"turns":3},{"damage":0,"enemies":"Small Slimes","floor":3,"turns":3},{"damage":20,"enemies":"3 Sentries","floor":7,"turns":6},{"damage":4,"enemies":"Looter","floor":8,"turns":3},{"damage":0,"enemies":"Red Slaver","floor":11,"turns":1},{"damage":0,"enemies":"Blue Slaver","floor":12,"turns":1},{"damage":0,"enemies":"Large Slime","floor":14,"turns":5},{"damage":12,"enemies":"The Guardian","floor":16,"turns":9},{"damage":0,"enemies":"Spheric Guardian","floor":18,"turns":3},{"damage":4,"enemies":"Shell Parasite","floor":20,"turns":4},{"damage":18,"enemies":"Snake Plant","floor":22,"turns":3},{"damage":0,"enemies":"Gremlin Leader","floor":24,"turns":2},{"damage":1,"enemies":"Centurion and Healer","floor":25,"turns":2},{"damage":0,"enemies":"Slavers","floor":28,"turns":1},{"damage":0,"enemies":"Snecko","floor":29,"turns":1},{"damage":5,"enemies":"Shelled Parasite and Fungi","floor":30,"turns":2},{"damage":0,"enemies":"Sentry and Sphere","floor":31,"turns":3},{"damage":72,"enemies":"Collector","floor":33,"turns":9},{"damage":0,"enemies":"3 Darklings","floor":35,"turns":1},{"damage":0,"enemies":"Orb Walker","floor":37,"turns":1},{"damage":0,"enemies":"Jaw Worm Horde","floor":38,"turns":1},{"damage":0,"enemies":"Giant Head","floor":41,"turns":1},{"damage":0,"enemies":"Reptomancer","floor":45,"turns":2},{"damage":0,"enemies":"Spire Growth","floor":46,"turns":2},{"damage":4,"enemies":"3 Darklings","floor":47,"turns":2},{"damage":0,"enemies":"Maw","floor":48,"turns":1},{"damage":21,"enemies":"Time Eater","floor":50,"turns":6}],"seed_played":"2973213277943324705","potions_obtained":[{"floor":2,"key":"Regen Potion"},{"floor":8,"key":"EntropicBrew"},{"floor":12,"key":"SteroidPotion"},{"floor":24,"key":"AttackPotion"},{"floor":28,"key":"Regen Potion"},{"floor":30,"key":"Regen Potion"},{"floor":41,"key":"DistilledChaos"},{"floor":48,"key":"Explosive Potion"}],"is_trial":false,"path_per_floor":["M","M","M","$","?","R","E","M","T","R","M","M","?","M","R","B",null,"M","?","M","$","M","R","E","M","T","R","E","M","M","M","R","B",null,"M","$","M","M","?","R","E","R","T","$","E","M","M","M","R","B",null],"character_chosen":"THE_SILENT","items_purchased":["Accuracy","Acrobatics","Backflip","Question Card","Accuracy","Well Laid Plans"],"campfire_rested":0,"item_purchase_floors":[4,4,4,21,36,44],"current_hp_per_floor":[63,63,63,63,63,63,43,39,39,39,39,39,39,39,39,27,59,59,43,39,39,21,21,31,30,30,30,30,30,25,25,25,69,70,70,70,70,70,70,70,70,70,70,70,70,70,66,66,66,45],"gold":111,"neow_bonus":"TWO_FIFTY_GOLD","is_daily":false,"chose_seed":false,"campfire_upgraded":9,"win_rate":0.0,"timestamp":1611289523,"path_taken":["M","M","M","$","?","R","E","M","T","R","M","M","?","?","R","BOSS","M","?","M","$","M","R","E","M","T","R","E","M","M","M","R","BOSS","M","$","M","M","?","R","E","R","T","$","E","M","M","M","R","BOSS"],"items_purchased_type":["Card","Card","Card","Relic","Card","Card"],"build_version":"2020-12-22","purchased_purges":3,"victory":true,"max_hp_per_floor":[70,70,70,70,70,70,70,70,70,70,70,70,70,70,70,70,70,70,70,70,70,70,70,70,70,70,70,70,70,70,70,70,70,70,70,70,70,70,70,70,70,70,70,70,70,70,70,70,70,70],"card_choices":[{"not_picked":["Noxious Fumes","Infinite Blades"],"picked":"Deadly Poison","floor":1},{"not_picked":["Backflip","Dodge and Roll"],"picked":"Blade Dance","floor":2},{"not_picked":["Flying Knee","Setup"],"picked":"Reflex","floor":3},{"not_picked":["Backstab","Slice","Underhanded Strike"],"picked":"SKIP","floor":7},{"not_picked":["Slice","Underhanded Strike"],"picked":"Backstab","floor":7},{"not_picked":["Setup","Deadly Poison","Dodge and Roll"],"picked":"SKIP","floor":8},{"not_picked":["Flechettes","Quick Slash"],"picked":"PiercingWail","floor":11},{"not_picked":["Expertise","Dagger Throw"],"picked":"Calculated Gamble","floor":12},{"not_picked":["Sucker Punch","PiercingWail"],"picked":"Adrenaline","floor":14},{"not_picked":["A Thousand Cuts","Bullet Time"],"picked":"Adrenaline","floor":16},{"not_picked":["Sucker Punch+1","Backstab"],"picked":"Acrobatics+1","floor":18},{"not_picked":["Sucker Punch","Quick Slash+1","Expertise"],"picked":"SKIP","floor":20},{"not_picked":["Quick Slash","Bane","Expertise"],"picked":"Blade Dance","floor":22},{"not_picked":["Bane","Outmaneuver","Backstab+1","Expertise"],"picked":"SKIP","floor":24},{"not_picked":["Flechettes+1","Blur+1","Leg Sweep"],"picked":"Adrenaline","floor":25},{"not_picked":["Choke","Underhanded Strike","Dagger Spray","Predator"],"picked":"SKIP","floor":28},{"not_picked":["Heel Hook+1","Bane","Reflex+1"],"picked":"Concentrate","floor":29},{"not_picked":["Predator","Flechettes","Leg Sweep+1","PiercingWail"],"picked":"SKIP","floor":29},{"not_picked":["Finisher","Backflip+1","Blade Dance"],"picked":"Prepared+1","floor":30},{"not_picked":["PiercingWail","Dagger Spray","Expertise","Outmaneuver+1"],"picked":"SKIP","floor":30},{"not_picked":["Cloak And Dagger","Dagger Throw","Prepared"],"picked":"Footwork","floor":31},{"not_picked":["Underhanded Strike","Eviscerate+1","Choke+1","Noxious Fumes"],"picked":"SKIP","floor":31},{"not_picked":["Tools of the Trade","Night Terror","Doppelganger"],"picked":"Adrenaline","floor":33},{"not_picked":["Flechettes+1","Deadly Poison","Quick Slash","Riddle With Holes"],"picked":"SKIP","floor":35},{"not_picked":["Bane","Outmaneuver+1","Poisoned Stab+1","Endless Agony"],"picked":"SKIP","floor":35},{"not_picked":["Underhanded Strike+1","Outmaneuver","Caltrops+1"],"picked":"Finisher+1","floor":37},{"not_picked":["Quick Slash","Calculated Gamble","Crippling Poison+1","Cloak And Dagger+1"],"picked":"SKIP","floor":37},{"not_picked":["Sucker Punch+1","Outmaneuver+1","Deadly Poison+1"],"picked":"Prepared+1","floor":38},{"not_picked":["Quick Slash+1","Storm of Steel","Masterful Stab","Deflect+1"],"picked":"SKIP","floor":38},{"not_picked":["Die Die Die","Skewer+1","Outmaneuver"],"picked":"Reflex+1","floor":41},{"not_picked":["Outmaneuver+1","Deflect","Backflip"],"picked":"Escape Plan+1","floor":45},{"not_picked":["Acrobatics","Poisoned Stab","Dagger Throw","Catalyst"],"picked":"SKIP","floor":46},{"not_picked":["Escape Plan","Dodge and Roll","Distraction+1","Flechettes"],"picked":"SKIP","floor":46},{"not_picked":["Slice+1","Endless Agony","Escape Plan+1","Masterful Stab"],"picked":"SKIP","floor":47},{"not_picked":["Bouncing Flask","Deflect+1","Escape Plan+1","Flechettes+1"],"picked":"SKIP","floor":47},{"not_picked":["Slice","Dagger Spray","Deadly Poison","All Out Attack"],"picked":"SKIP","floor":48},{"not_picked":["Prepared","Dagger Throw+1","Accuracy","Setup"],"picked":"SKIP","floor":48},{"not_picked":["Prepared","Dagger Throw+1","Setup"],"picked":"Accuracy","floor":48},{"not_picked":["Slice","Dagger Spray","Deadly Poison","All Out Attack"],"picked":"SKIP","floor":48}],"player_experience":200917,"relics_obtained":[{"floor":7,"key":"Sundial"},{"floor":9,"key":"Bag of Marbles"},{"floor":24,"key":"Ancient Tea Set"},{"floor":26,"key":"Prayer Wheel"},{"floor":28,"key":"Darkstone Periapt"},{"floor":41,"key":"Orichalcum"},{"floor":43,"key":"Letter Opener"},{"floor":45,"key":"HornCleat"}],"event_choices":[{"cards_removed":["Defend_G"],"damage_healed":0,"gold_gain":0,"player_choice":"Forget","damage_taken":0,"max_hp_gain":0,"max_hp_loss":0,"event_name":"Living Wall","floor":5,"gold_loss":0},{"damage_healed":0,"gold_gain":0,"cards_transformed":["Strike_G"],"player_choice":"Transformed","damage_taken":0,"max_hp_gain":0,"max_hp_loss":0,"event_name":"Transmorgrifier","floor":13,"gold_loss":0,"cards_obtained":["Unload"]},{"damage_healed":0,"gold_gain":0,"player_choice":"Obtained Book","damage_taken":16,"max_hp_gain":0,"max_hp_loss":0,"event_name":"Cursed Tome","floor":19,"gold_loss":0},{"cards_removed":["Strike_G"],"damage_healed":0,"gold_gain":0,"player_choice":"Upgrade and Remove","damage_taken":0,"max_hp_gain":0,"max_hp_loss":0,"event_name":"Designer","floor":39,"gold_loss":90,"cards_upgraded":["Concentrate"]}],"is_beta":false,"boss_relics":[{"not_picked":["Cursed Key","Sozu"],"picked":"SacredBark"},{"not_picked":["Runic Pyramid","Velvet Choker"],"picked":"SlaversCollar"}],"items_purged_floors":[4,21,36],"is_endless":false,"potions_floor_spawned":[2,8,12,20,24,25,28,30,41,48],"ascension_level":6}}