{"host":"Ringo","time":1611305409,"event":{"mods":["BaseMod","Colored Map","Conspire","Dota2Spire","Minty Spire (QoL Compilation)","Replay The Spire","StSLib","[IsaacMod]ÒÔÈö¼âËþ","¡¾ÒÅÎï¿¨ÅÆ¡¿REMEMod"],"gold_per_floor":[119,131,206,223,66,94,121,154,154,189,218,252,282,300,300,377,386,402,481,497,525,119,149,177,207,207,207,234,66,66,95,95,169,187,206,219,219,247,247,279,313,345,345,374,32,94,94,123,123,123,153],"floor_reached":52,"language":"ZHS","playtime":1768,"items_purged":[],"score":3377,"play_id":"7bbe79d4-b478-46c2-b7ce-8c00baa6a4ce","local_time":"20210122165009","daily_mods":["SealedDeck","Vintage","Heirloom","Time Dilation","Flight","DeadlyEvents","Elite Swarm","Lethality","Binary"],"is_ascension_mode":true,"campfire_choices":[{"data":"Footwork","floor":15,"key":"SMITH"},{"data":"Footwork+1","floor":27,"key":"SMITH"},{"data":"Footwork+2","floor":30,"key":"SMITH"},{"data":"Footwork+3","floor":32,"key":"SMITH"},{"data":"Footwork+4","floor":47,"key":"SMITH"},{"data":"Footwork+5","floor":49,"key":"SMITH"}],"circlet_count":0,"master_deck":["AscendersBane","ReplayTheSpireMod:Speed Training+1","Well Laid Plans","Quick Slash","Backflip","Footwork+6","Acrobatics","Prepared","Underhanded Strike+1","Masterful Stab+1","Offering","Eviscerate","ReplayTheSpireMod:Scrap Shanks","Dash","Escape Plan","Deflect","Sadistic Nature","Madness"],"relics":["Ring of the Snake","Busted Crown","HushsDoor","REME_ComplimentaryCards","Vampiric Spirits","GuppysPaw","Mirror","REME_HourglassOfDeath","CeramicFish","Whetstone","TuHaoJin","conspire:InfiniteJournal","Dota2Spire:DrumOfEndurance","Replay:Bottled Eggs","Dota2Spire:LinkenSphere","Mercury Hourglass","BlankCard","Mummified Hand","Replay:Bottled Steam","SacredBark","Gremlin Food","Chameleon Ring","Void","ReplayFunnel","Strawberry","Du-Vu Doll","Omamori","conspire:Boomerang","Question Card","TheBean","Dota2Spire:EchoSabre","Replay:Ringing Soul","SlaversCollar","GuppysHead","Anchor","Art of War","Snake Skull","Dota2Spire:MonkeyKingBar","Boot","Pet Ghost","Iron Hammer","Dota2Spire:HandOfMidas","Dota2Spire:AghanimScepter","Replay:WaspNest"],"acts_visited":["Exordium","TheCity","TheBeyond"],"potions_floor_usage":[7,18,23,33,50,51],"damage_taken":[{"damage":0,"enemies":"Small Slimes","floor":1,"turns":1},{"damage":0,"enemies":"2 Louse","floor":2,"turns":1},{"damage":0,"enemies":"Cultist","floor":4,"turns":1},{"damage":0,"enemies":"3 Sentries","floor":6,"turns":3},{"damage":0,"enemies":"Lagavulin","floor":7,"turns":1},{"damage":16,"enemies":"3 Sentries","floor":8,"turns":3},{"damage":6,"enemies":"Gremlin Nob","floor":10,"turns":1},{"damage":6,"enemies":"Lagavulin","floor":11,"turns":1},{"damage":6,"enemies":"Gremlin Nob","floor":12,"turns":1},{"damage":6,"enemies":"Lagavulin","floor":13,"turns":1},{"damage":6,"enemies":"Exordium Wildlife","floor":14,"turns":1},{"damage":6,"enemies":"Slime Boss","floor":16,"turns":1},{"damage":6,"enemies":"3 Byrds","floor":18,"turns":1},{"damage":6,"enemies":"2 Thieves","floor":20,"turns":1},{"damage":6,"enemies":"Book of Stabbing","floor":21,"turns":1},{"damage":0,"enemies":"Replay:Snechameleon","floor":23,"turns":1},{"damage":0,"enemies":"Slavers","floor":24,"turns":2},{"damage":0,"enemies":"Replay:Snechameleon","floor":25,"turns":1},{"damage":6,"enemies":"Slavers","floor":28,"turns":1},{"damage":6,"enemies":"Book of Stabbing","floor":31,"turns":1},{"damage":6,"enemies":"Collector","floor":33,"turns":2},{"damage":6,"enemies":"3 Darklings","floor":35,"turns":2},{"damage":6,"enemies":"3 Shapes","floor":36,"turns":1},{"damage":6,"enemies":"R_Hoarder","floor":38,"turns":2},{"damage":6,"enemies":"Reptomancer","floor":40,"turns":1},{"damage":0,"enemies":"Nemesis","floor":41,"turns":1},{"damage":6,"enemies":"R_Hoarder","floor":42,"turns":3},{"damage":0,"enemies":"Nemesis","floor":44,"turns":1},{"damage":6,"enemies":"Reptomancer","floor":46,"turns":1},{"damage":0,"enemies":"R_Hoarder","floor":48,"turns":3},{"damage":6,"enemies":"Replay:Hell Engine","floor":50,"turns":1},{"damage":21,"enemies":"conspire:OrnateMirror","floor":51,"turns":2}],"seed_played":"1603834793440074096","potions_obtained":[{"floor":6,"key":"FearPotion"},{"floor":11,"key":"BlessingOfTheForge"},{"floor":12,"key":"GamblersBrew"},{"floor":18,"key":"Swift Potion"},{"floor":24,"key":"PowerPotion"},{"floor":35,"key":"Doom Potion"}],"is_trial":true,"path_per_floor":["M","M","?","M","$","E","E","E","T","E","E","E","E","M","R","B",null,"M","?","M","E","$","E","E","E","T","R","E","$","R","E","R","B",null,"M","M","?","E","?","E","E","E","T","E","$","E","R","E","R","B","B",null],"character_chosen":"THE_SILENT","items_purchased":["Whetstone","Eviscerate","ReplayFunnel","ReplayTheSpireMod:Scrap Shanks","Strawberry","Dota2Spire:EchoSabre","GuppysHead","Dash","Escape Plan","Deflect","Sadistic Nature","Madness"],"campfire_rested":0,"item_purchase_floors":[5,17,22,22,22,29,34,34,34,45,45,45],"current_hp_per_floor":[60,60,49,60,60,60,60,50,50,60,60,60,60,60,60,60,57,57,42,52,57,64,64,61,61,61,61,61,61,61,61,61,55,48,48,48,48,42,42,48,48,48,48,48,51,51,51,51,51,51,27],"gold":153,"neow_bonus":"","is_daily":false,"chose_seed":false,"campfire_upgraded":6,"win_rate":0.0,"timestamp":1611305409,"path_taken":["M","M","?","M","$","E","E","E","T","E","E","E","E","M","R","BOSS","M","?","?","?","$","E","E","E","T","R","E","$","R","E","R","BOSS","M","M","?","?","?","E","E","E","T","E","$","?","R","E","R","BOSS","BOSS"],"items_purchased_type":["Relic","Card","Relic","Card","Relic","Relic","Relic","Card","Card","Card","Card","Card"],"build_version":"2020-12-18","purchased_purges":0,"victory":true,"max_hp_per_floor":[60,60,60,60,60,60,60,60,60,60,60,60,60,60,60,60,57,57,57,57,57,64,64,61,61,61,61,61,61,61,61,61,61,48,48,48,48,48,48,48,48,48,48,48,51,51,51,51,51,51,48],"card_choices":[{"not_picked":["Wraith Form v2"],"picked":"SKIP","floor":28},{"not_picked":["REME_LeechingPoison"],"picked":"SKIP","floor":31},{"not_picked":["Venomology"],"picked":"SKIP","floor":38},{"not_picked":["Replay:Bag of Tricks"],"picked":"SKIP","floor":40},{"not_picked":["Atom Bomb"],"picked":"SKIP","floor":41},{"not_picked":["Replay:Bag of Tricks"],"picked":"SKIP","floor":42},{"not_picked":["Corpse Explosion"],"picked":"SKIP","floor":44},{"not_picked":["Bullet Time"],"picked":"SKIP","floor":46},{"not_picked":["ReplayTheSpireMod:From All Sides"],"picked":"SKIP","floor":48}],"player_experience":545989,"relics_obtained":[{"floor":1,"key":"Mirror"},{"floor":2,"key":"REME_HourglassOfDeath"},{"floor":4,"key":"CeramicFish"},{"floor":6,"key":"TuHaoJin"},{"floor":7,"key":"conspire:InfiniteJournal"},{"floor":8,"key":"Dota2Spire:DrumOfEndurance"},{"floor":9,"key":"Replay:Bottled Eggs"},{"floor":10,"key":"Dota2Spire:LinkenSphere"},{"floor":11,"key":"Mercury Hourglass"},{"floor":12,"key":"BlankCard"},{"floor":13,"key":"Mummified Hand"},{"floor":14,"key":"Replay:Bottled Steam"},{"floor":18,"key":"Gremlin Food"},{"floor":20,"key":"Chameleon Ring"},{"floor":21,"key":"Void"},{"floor":23,"key":"Du-Vu Doll"},{"floor":24,"key":"Omamori"},{"floor":25,"key":"conspire:Boomerang"},{"floor":26,"key":"Question Card"},{"floor":28,"key":"TheBean"},{"floor":31,"key":"Replay:Ringing Soul"},{"floor":35,"key":"Anchor"},{"floor":36,"key":"Art of War"},{"floor":38,"key":"Snake Skull"},{"floor":40,"key":"Dota2Spire:MonkeyKingBar"},{"floor":41,"key":"Boot"},{"floor":42,"key":"Pet Ghost"},{"floor":43,"key":"Iron Hammer"},{"floor":44,"key":"Dota2Spire:HandOfMidas"},{"floor":46,"key":"Dota2Spire:AghanimScepter"},{"floor":48,"key":"Replay:WaspNest"}],"event_choices":[{"damage_healed":0,"gold_gain":75,"player_choice":"Gather Gold","damage_taken":11,"max_hp_gain":0,"max_hp_loss":0,"event_name":"World of Goop","floor":3,"gold_loss":0},{"damage_healed":0,"gold_gain":0,"player_choice":"Ignored","damage_taken":0,"max_hp_gain":0,"max_hp_loss":0,"event_name":"Purifier","floor":37,"gold_loss":0},{"cards_removed":["Flying Knee"],"damage_healed":0,"gold_gain":0,"player_choice":"Removed Attack","damage_taken":0,"max_hp_gain":0,"max_hp_loss":0,"event_name":"Falling","floor":39,"gold_loss":0}],"is_beta":true,"boss_relics":[{"not_picked":["Runic Pyramid","Snecko Scales"],"picked":"SacredBark"},{"not_picked":[]},{"not_picked":["Replay:Wanted Poster","Tiny House"],"picked":"SlaversCollar"},{"not_picked":[]}],"items_purged_floors":[],"is_endless":false,"potions_floor_spawned":[6,11,12,13,14,18,21,24,28,35,38,46],"ascension_level":20}}