{"host":"yuhibl5o0ay6idau","time":1611275557,"event":{"mods":["Act Like it!","Aspiration","BaseMod","Better Altar","Better Match","Better Note","Better Sensory Stone","Better Skull","Better Third Choice","CCEM","Colored Map","Colored Powertips","Conspire","DeckTracker","GifTheSpireLib","Highlight Path","Jedi Mod","Minty Spire (QoL Compilation)","Permanent Neow","Quick Restart","Random Character Button","Replay The Spire","StSLib","Stuff the Spire","SuperFastMode","vexMod"],"gold_per_floor":[119,138,158,171,189,221,238,286,313,60,93,112,141,157,157,260,260,274,199,55,55,67,97,97,129,129,163,17,59,76,106,106,215,215,242,270,330,98,98,98,98,141,165,165,189,189,208,0,0,6],"floor_reached":51,"language":"ENG","playtime":6385,"items_purged":["ReplayTheSpireMod:Doomed"],"score":984,"play_id":"51d27f95-b576-487f-9394-8116d8778e00","local_time":"20210121163237","is_ascension_mode":true,"campfire_choices":[{"data":"Parasite","floor":15,"key":"PURGE"},{"data":"DevaForm","floor":24,"key":"SMITH"},{"data":"DeceiveReality","floor":32,"key":"SMITH"},{"floor":40,"key":"RECALL"},{"floor":46,"key":"REST"},{"floor":49,"key":"REST"}],"circlet_count":0,"master_deck":["Strike_P","Strike_P","Defend_P","Defend_P","Defend_P","Defend_P","Eruption","Vigilance","FollowUp","DeceiveReality+1","ReachHeaven","DevaForm+1","ReachHeaven","BattleHymn","Replay:LoomingThreat","Sickly","Evaluate","Perseverance+1","Evaluate","Perseverance+1","BootSequence+1","ThirdEye+1","Swivel","Sanctity+1","Replay:Hysterical Blindness","Evaluate+1"],"relics":["Cursed Key","MealTicket","Quantum Egg","CCEMRelics:Barrel","Replay:Bottled Flurry","StuffTheSpire:Gunfinga","aspiration:FetidBarrel","jedi:hotpepper","StuffTheSpire:Experiment12","Ring of Peace","Bottled Tornado","conspire:DecoderRing","Ornamental Fan","Replay:Bandana","Pet Ghost","jedi:shrinkray","Replay:Grab Bag","Fusion Hammer","Philosopher\u0027s Stone","aspiration:DefectSkillbook","aspiration:AnachronicSnailShell","vexMod:Cooldron","CCEMRelics:OldTooth","Centennial Puzzle","Red Mask"],"acts_visited":["Exordium","TheCity","TheBeyond"],"potions_floor_usage":[6,13,14,16,25,25,33,33,33,50,50,50],"damage_taken":[{"damage":0,"enemies":"2 Louse","floor":1,"turns":2},{"damage":5,"enemies":"Jaw Worm","floor":2,"turns":5},{"damage":0,"enemies":"Cultist","floor":3,"turns":3},{"damage":2,"enemies":"Looter","floor":4,"turns":4},{"damage":2,"enemies":"2 Fungi Beasts","floor":5,"turns":4},{"damage":28,"enemies":"Lagavulin","floor":6,"turns":8},{"damage":0,"enemies":"3 Louse","floor":7,"turns":4},{"damage":22,"enemies":"Gremlin Nob","floor":11,"turns":4},{"damage":12,"enemies":"Exordium Wildlife","floor":12,"turns":4},{"damage":0,"enemies":"Lagavulin","floor":13,"turns":4},{"damage":0,"enemies":"Large Slime","floor":14,"turns":1},{"damage":0,"enemies":"Slime Boss","floor":16,"turns":4},{"damage":0,"enemies":"Chosen","floor":18,"turns":4},{"damage":0,"enemies":"3 Byrds","floor":22,"turns":5},{"damage":0,"enemies":"conspire:SneckoGhost","floor":23,"turns":7},{"damage":11,"enemies":"Slavers","floor":25,"turns":5},{"damage":4,"enemies":"Replay:Snechameleon","floor":27,"turns":7},{"damage":0,"enemies":"Book of Stabbing","floor":29,"turns":5},{"damage":0,"enemies":"conspire:HollyBat","floor":30,"turns":5},{"damage":0,"enemies":"Snecko","floor":31,"turns":5},{"damage":7,"enemies":"conspire:MysteriousRune","floor":33,"turns":9},{"damage":0,"enemies":"3 Shapes","floor":35,"turns":4},{"damage":0,"enemies":"Orb Walker","floor":36,"turns":4},{"damage":0,"enemies":"Mind Bloom Boss Battle","floor":37,"turns":6},{"damage":0,"enemies":"R_Hoarder","floor":42,"turns":7},{"damage":0,"enemies":"Writhing Mass","floor":45,"turns":4},{"damage":0,"enemies":"Spire Growth","floor":47,"turns":4},{"damage":0,"enemies":"Replay:Hell Engine","floor":50,"turns":10}],"seed_played":"8142539985381404220","potions_obtained":[{"floor":1,"key":"Dexterity Potion"},{"floor":2,"key":"SpeedPotion"},{"floor":6,"key":"Dexterity Potion"},{"floor":11,"key":"FearPotion"},{"floor":13,"key":"AttackPotion"},{"floor":14,"key":"Adrenaline Potion"},{"floor":22,"key":"LiquidMemories"},{"floor":25,"key":"Adrenaline Potion"},{"floor":29,"key":"jedi:StrikingPotion"},{"floor":45,"key":"EntropicBrew"}],"is_trial":false,"path_per_floor":["M","M","M","M","M","E","M","?","T","$","E","M","E","M","R_BF","B",null,"M","?","$","?","M","E","R","E","T","E","$","E","M","M","R","B",null,"M","M","?","$","?","R","?","E","T","?","M","R","M","?","R","B",null],"character_chosen":"WATCHER","items_purchased":["Replay:Bottled Flurry","StuffTheSpire:Experiment12","Pet Ghost","vexMod:Cooldron"],"campfire_rested":2,"item_purchase_floors":[10,20,28,38],"current_hp_per_floor":[72,67,67,65,63,35,35,35,35,50,28,16,16,16,16,16,42,42,42,51,51,51,51,51,40,40,36,51,51,51,51,51,44,49,49,49,49,51,51,51,51,51,51,51,51,51,51,51,51,51],"gold":6,"neow_bonus":"BOSS_RELIC","is_daily":false,"chose_seed":false,"campfire_upgraded":2,"win_rate":0.0,"timestamp":1611275557,"path_taken":["M","M","M","M","M","E","M","?","T","$","E","M","E","M","R_BF","BOSS","M","?","$","?","?","E","R","E","T","E","?","E","M","M","R","BOSS","M","M","?","$","?","R","?","E","T","?","?","R","M","?","R","BOSS"],"items_purchased_type":["Relic","Relic","Relic","Relic"],"build_version":"2020-12-22","purchased_purges":1,"victory":true,"max_hp_per_floor":[72,72,72,72,72,72,72,72,72,72,72,72,72,72,69,69,51,51,51,51,51,51,51,51,51,51,51,51,51,51,51,51,51,51,51,51,51,51,51,51,51,51,51,51,51,51,51,51,51,51],"card_choices":[{"not_picked":["SignatureMove","InnerPeace","PathToVictory"],"picked":"SKIP","floor":1},{"not_picked":["Replay:BluntJabs","ClearTheMind","SashWhip"],"picked":"SKIP","floor":2},{"not_picked":["EmptyBody","Crescendo","EmptyFist"],"picked":"SKIP","floor":3},{"not_picked":["Meditate","Replay:BluntJabs"],"picked":"FollowUp","floor":4},{"not_picked":["FlurryOfBlows","CrushJoints"],"picked":"DeceiveReality","floor":5},{"not_picked":["LikeWater","ClearTheMind","ThirdEye"],"picked":"SKIP","floor":6},{"not_picked":["WheelKick","SignatureMove"],"picked":"ReachHeaven","floor":7},{"not_picked":["Pray","FlurryOfBlows"],"picked":"DevaForm","floor":8},{"not_picked":["WheelKick","Replay:Cycle"],"picked":"ReachHeaven","floor":11},{"not_picked":["Vengeance","Replay:BluntJabs","FollowUp"],"picked":"SKIP","floor":12},{"not_picked":["CrushJoints","Replay:Anticipation","Replay:Battleflow"],"picked":"SKIP","floor":13},{"not_picked":["Fasting2","FollowUp"],"picked":"BattleHymn","floor":14},{"not_picked":["jedi:nirvanicrebirth","Brilliance"],"picked":"Replay:LoomingThreat","floor":16},{"not_picked":["Replay:AtTheReady","FollowUp","LikeWater+1"],"picked":"SKIP","floor":18},{"not_picked":["Crescendo+1","MentalFortress"],"picked":"Evaluate","floor":22},{"not_picked":["Collect+1","Adaptation"],"picked":"Perseverance+1","floor":23},{"not_picked":["Nirvana","CrushJoints","FlurryOfBlows+1"],"picked":"SKIP","floor":25},{"not_picked":["SashWhip","CarveReality","Replay:Vibes"],"picked":"SKIP","floor":27},{"not_picked":["Adaptation+1","Replay:Battleflow+1","Blasphemy"],"picked":"SKIP","floor":29},{"not_picked":["Halt+1","Replay:Battleflow"],"picked":"Evaluate","floor":30},{"not_picked":["Prostrate","Halt+1"],"picked":"Perseverance+1","floor":31},{"not_picked":["Leap+1","ReplayGash+1","Tempest+1"],"picked":"BootSequence+1","floor":35},{"not_picked":["Rebound+1","WreathOfFlame+1","StuffTheSpire:LoadUp"],"picked":"ThirdEye+1","floor":36},{"not_picked":["WindmillStrike","BasicCrystalCard","ReplayTheSpireMod:Dual Polarity+1"],"picked":"Swivel","floor":37},{"not_picked":["Replay:Anticipation+1","Barrage","Aggregate"],"picked":"Sanctity+1","floor":42},{"not_picked":["Chaos+1","Melter","FlurryOfBlows+1"],"picked":"Evaluate+1","floor":45},{"not_picked":["Hello World+1","BasicCrystalCard+1","Recycle","CutThroughFate+1"],"picked":"SKIP","floor":47}],"player_experience":449362,"relics_obtained":[{"floor":6,"key":"MealTicket"},{"floor":8,"key":"Quantum Egg"},{"floor":9,"key":"CCEMRelics:Barrel"},{"floor":11,"key":"StuffTheSpire:Gunfinga"},{"floor":13,"key":"aspiration:FetidBarrel"},{"floor":21,"key":"Ring of Peace"},{"floor":23,"key":"Bottled Tornado"},{"floor":25,"key":"conspire:DecoderRing"},{"floor":26,"key":"Ornamental Fan"},{"floor":27,"key":"Replay:Bandana"},{"floor":29,"key":"jedi:shrinkray"},{"floor":37,"key":"aspiration:AnachronicSnailShell"},{"floor":42,"key":"CCEMRelics:OldTooth"},{"floor":43,"key":"Centennial Puzzle"}],"event_choices":[{"cards_removed":["Strike_P"],"damage_healed":0,"gold_gain":0,"player_choice":"Gave Gold","damage_taken":0,"max_hp_gain":0,"max_hp_loss":0,"event_name":"Beggar","floor":19,"gold_loss":75},{"damage_healed":0,"gold_gain":0,"player_choice":"Fight","damage_taken":0,"max_hp_gain":0,"max_hp_loss":0,"event_name":"MindBloom","floor":37,"gold_loss":0},{"damage_healed":0,"gold_gain":0,"player_choice":"Leave","damage_taken":0,"max_hp_gain":0,"max_hp_loss":0,"event_name":"conspire:Investor","floor":41,"gold_loss":0},{"cards_removed":["Strike_P"],"damage_healed":0,"gold_gain":0,"player_choice":"Removed Attack","damage_taken":0,"max_hp_gain":0,"max_hp_loss":0,"event_name":"Falling","floor":44,"gold_loss":0},{"damage_healed":0,"gold_gain":0,"player_choice":"Paid","damage_taken":0,"relics_obtained":["Red Mask"],"max_hp_gain":0,"max_hp_loss":0,"event_name":"Tomb of Lord Red Mask","floor":48,"gold_loss":208}],"is_beta":false,"boss_relics":[{"not_picked":["Honey Jar","CCEMRelics:TransientCore"],"picked":"jedi:hotpepper"},{"not_picked":["vexMod:MysteryBossChallenge","Ring of Chaos"],"picked":"Replay:Grab Bag"},{"not_picked":["conspire:SeveredTorchhead","Painkiller Herb"],"picked":"Fusion Hammer"},{"not_picked":["Replay:Bronze Core","ChewingGum"],"picked":"Philosopher\u0027s Stone"},{"not_picked":["Runic Pyramid","vexMod:BigBerry"],"picked":"aspiration:DefectSkillbook"}],"items_purged_floors":[38],"is_endless":false,"potions_floor_spawned":[1,2,6,11,13,14,22,25,29,31,45],"ascension_level":5}}