{"host":"0av13bfd5y1jedv9","time":1611309905,"event":{"mods":["AchievementEnabler","Act Like it!","Aspiration","BaseMod","Bestiary","Challenge The Spire","Colored Map","Conspire","Downfall","Energized Spire","GifTheSpireLib","GungeonMod","Highlight Path","Hubris","Infinite Spire","Minty Spire (QoL Compilation)","Relic Sorter","Spicy Shops","Spikes Relics","StSLib","Stuff the Spire","Synergy Search","vexMod"],"gold_per_floor":[99,99,99,99,99,99,122,22,35,485,6,23,41,74,87,188,854,854,854,868,247,265,265,265,265],"floor_reached":23,"language":"ENG","playtime":1921,"items_purged":["downfall:Icky"],"score":237,"play_id":"7eb27f76-7f41-4e0f-9d50-61fb4a95de64","local_time":"20210122100505","is_ascension_mode":false,"campfire_choices":[{"floor":1.0,"key":"RECALL"},{"data":"bronze:Return","floor":8.0,"key":"SMITH"},{"data":"bronze:SpaghettiCode","floor":18,"key":"SMITH"}],"circlet_count":0,"master_deck":["bronze:Strike","bronze:Strike","bronze:Strike","bronze:Strike","bronze:Defend","bronze:Defend","bronze:Defend","bronze:Defend","bronze:Replicate","bronze:Goto","bronze:CutThrough+1","Iron Wave+1","bronze:Return+1","bronze:ClassDefault","bronze:WhirlingStrike+1","downfall:Icky","downfall:Icky","bronze:NullPointer+1","bronze:Branch+1","bronze:DarkDash+1","bronze:Flail+1","bronze:DelayedSlice+1","bronze:SpaghettiCode+1","bronze:Boost","bronze:Branch+1"],"relics":["bronze:BronzeCore","downfall:HeartsMalice","Molten Egg 2","RollingBoulder","downfall:HeartBlessingRed","Mango","Regal Pillow","StuffTheSpire:EmeraldSignet","Bronze Scales","vexMod:RockOfEvil","PreservedInsect","StuffTheSpire:NeowsTribute"],"acts_visited":["Exordium","TheCity"],"potions_floor_usage":[16],"damage_taken":[{"damage":0.0,"enemies":"downfall:FleeingMerchant","floor":3.0,"turns":1.0},{"damage":0.0,"enemies":"2 Louse","floor":5.0,"turns":1.0},{"damage":0.0,"enemies":"Jaw Worm","floor":6.0,"turns":1.0},{"damage":0.0,"enemies":"Cultist","floor":9.0,"turns":2.0},{"damage":0.0,"enemies":"downfall:FleeingMerchant","floor":11.0,"turns":4.0},{"damage":3.0,"enemies":"Large Slime","floor":12.0,"turns":5.0},{"damage":0,"enemies":"Exordium Wildlife","floor":13,"turns":3},{"damage":0,"enemies":"Gremlin Nob","floor":14,"turns":3},{"damage":0,"enemies":"Gremlin Gang","floor":15,"turns":2},{"damage":37,"enemies":"DF_ARCHETYPE_STREAMLINE","floor":16,"turns":12},{"damage":31,"enemies":"Chosen","floor":20,"turns":7},{"damage":0,"enemies":"downfall:FleeingMerchant","floor":21,"turns":4},{"damage":47,"enemies":"conspire:FuzzyDice","floor":22,"turns":6},{"damage":10,"enemies":"downfall:Augmenter","floor":23,"turns":3}],"seed_played":"-720343619004592963","potions_obtained":[{"floor":9.0,"key":"hexamod:SoulburnPotion"},{"floor":13,"key":"SteroidPotion"},{"floor":16,"key":"Ancient Potion"}],"is_trial":false,"path_per_floor":["R","?","$","?","M","M","T","R","M","?","$","M","M","E","M","B",null,"R","?","M","$","M","?"],"character_chosen":"THE_AUTOMATON","items_purchased":["Mango","Regal Pillow","StuffTheSpire:EmeraldSignet","bronze:Branch+1","PreservedInsect","StuffTheSpire:NeowsTribute"],"campfire_rested":0,"item_purchase_floors":[11,11,11,21,21,21],"current_hp_per_floor":[70,70,70,70,70,70,70,70,70,70,84,84,84,84,84,47,84,84,84,53,53,10,0,0,0],"gold":265,"neow_bonus":"THREE_ENEMY_KILL","is_daily":false,"chose_seed":false,"campfire_upgraded":2,"win_rate":0.0,"timestamp":1611309905,"path_taken":["R","?","$","?","M","?","T","R","M","?","$","M","M","E","M","BOSS","R","?","?","?","?","?"],"items_purchased_type":["Relic","Relic","Relic","Card","Relic","Relic"],"build_version":"2020-12-22","purchased_purges":1,"victory":false,"max_hp_per_floor":[70,70,70,70,70,70,70,70,70,70,84,84,84,84,84,84,84,84,84,84,84,84,84,84,84],"card_choices":[{"not_picked":["bronze:Frontload","bronze:Boost"],"picked":"bronze:CutThrough+1","floor":3.0},{"not_picked":["bronze:Frontload","bronze:Turbo"],"picked":"bronze:Return","floor":5.0},{"not_picked":["bronze:FineTuning","bronze:ItsAFeature"],"picked":"bronze:ClassDefault","floor":6.0},{"not_picked":["bronze:Branch+1","bronze:DelayedGuard"],"picked":"bronze:WhirlingStrike+1","floor":9.0},{"not_picked":["bronze:Frontload","bronze:DelayedSlice+1"],"picked":"bronze:NullPointer+1","floor":11.0},{"not_picked":["bronze:Repair","bronze:WhirlingStrike+1"],"picked":"bronze:Branch+1","floor":12.0},{"not_picked":["bronze:Frontload","bronze:DelayedSlice+1"],"picked":"bronze:DarkDash+1","floor":13},{"not_picked":["bronze:Iterate+1","bronze:Branch+1"],"picked":"bronze:Flail+1","floor":14},{"not_picked":["bronze:BitShift","bronze:Frontload"],"picked":"bronze:DelayedSlice+1","floor":15},{"not_picked":["bronze:ThunderWave+1","bronze:Verify"],"picked":"bronze:SpaghettiCode","floor":16},{"not_picked":["bronze:BitShift","bronze:Iterate+1"],"picked":"bronze:Boost","floor":20},{"not_picked":["bronze:NullPointer+1","bronze:Boost","bronze:Optimize"],"picked":"SKIP","floor":21},{"not_picked":["bronze:DarkDash+1","bronze:Optimize","bronze:ChildClass"],"picked":"SKIP","floor":22}],"player_experience":202414,"relics_obtained":[{"floor":7.0,"key":"RollingBoulder"},{"floor":14,"key":"Bronze Scales"}],"event_choices":[{"cards_removed":["Injury"],"damage_healed":0.0,"max_hp_gain":0.0,"max_hp_loss":0.0,"gold_gain":0.0,"event_name":"NoteForYourself","player_choice":"Took Card","floor":4.0,"gold_loss":0.0,"damage_taken":0.0,"cards_obtained":["Iron Wave"]}],"is_beta":false,"boss_relics":[{"not_picked":["hubris:HollowSoul","hubris:VirtuousBlindfold"],"picked":"vexMod:RockOfEvil"}],"items_purged_floors":[21],"is_endless":false,"potions_floor_spawned":[9,13,15,16],"killed_by":"downfall:Augmenter","ascension_level":0}}