{"host":"22ezjknwheybwqtz","time":1611303158,"event":{"mods":["BaseMod","Downfall","Minty Spire (QoL Compilation)","StSLib"],"gold_per_floor":[99,99,52,52,63,80,105,120,137,122,141,41,56,69,86,86,86,86],"floor_reached":16,"language":"ENG","playtime":680,"items_purged":[],"score":96,"play_id":"9f895dc0-bf26-47c9-89c3-00c79aa0eebf","local_time":"20210122161238","is_ascension_mode":false,"campfire_choices":[{"data":"Guardian:TwinSlam","floor":1,"key":"SMITH"},{"data":"Guardian:DonusPower","floor":12,"key":"SMITH"}],"circlet_count":0,"master_deck":["Guardian:Strike_Guardian","Guardian:Strike_Guardian","Guardian:Strike_Guardian","Guardian:Strike_Guardian","Guardian:Defend_Guardian","Guardian:Defend_Guardian","Guardian:Defend_Guardian","Guardian:Defend_Guardian","Guardian:CurlUp","Guardian:TwinSlam+1","Guardian:SpikerProtocol","Guardian:RollAttack","Guardian:Emergency","Guardian:ChargeCore","Guardian:ArmoredProtocol","Guardian:DonusPower+1","Guardian:CrystalBeam","Guardian:EvasiveProtocol","Guardian:TimeBomb","Guardian:Harden"],"relics":["Guardian:ModeShifter","downfall:HeartsMalice","downfall:HeartBlessingBlue"],"acts_visited":["Exordium"],"potions_floor_usage":[16,16,16],"damage_taken":[{"damage":0,"enemies":"Cultist","floor":2,"turns":1},{"damage":0,"enemies":"downfall:FleeingMerchant","floor":3,"turns":1},{"damage":0,"enemies":"Jaw Worm","floor":4,"turns":1},{"damage":6,"enemies":"2 Louse","floor":5,"turns":2},{"damage":2,"enemies":"Blue Slaver","floor":6,"turns":3},{"damage":8,"enemies":"Lots of Slimes","floor":8,"turns":3},{"damage":11,"enemies":"Large Slime","floor":9,"turns":6},{"damage":5,"enemies":"downfall:FleeingMerchant","floor":10,"turns":4},{"damage":6,"enemies":"Exordium Wildlife","floor":11,"turns":5},{"damage":26,"enemies":"Gremlin Gang","floor":13,"turns":4},{"damage":8,"enemies":"Lots of Slimes","floor":14,"turns":2},{"damage":7,"enemies":"Blue Slaver","floor":15,"turns":4},{"damage":17,"enemies":"DF_ARCHETYPE_STREAMLINE","floor":16,"turns":4}],"seed_played":"-4387569841597187310","potions_obtained":[{"floor":5,"key":"SpeedPotion"},{"floor":6,"key":"Fire Potion"},{"floor":8,"key":"EssenceOfSteel"},{"floor":14,"key":"hexamod:SoulburnPotion"},{"floor":15,"key":"champ:CounterPotion"}],"is_trial":false,"path_per_floor":["R","M","$","M","M","M","T","M","M","$","M","R","M","M","M","B"],"character_chosen":"GUARDIAN","items_purchased":["Guardian:RollAttack"],"campfire_rested":0,"item_purchase_floors":[3],"current_hp_per_floor":[80,80,80,80,74,72,72,64,53,48,42,52,26,18,11,0,0,0],"gold":86,"neow_bonus":"THREE_ENEMY_KILL","is_daily":false,"chose_seed":false,"campfire_upgraded":2,"win_rate":0.0,"timestamp":1611303158,"path_taken":["R","M","?","M","M","M","T","M","M","?","?","R","?","M","M","BOSS"],"items_purchased_type":["Card"],"build_version":"2020-12-22","purchased_purges":0,"victory":false,"max_hp_per_floor":[80,80,80,80,80,80,80,80,80,80,80,90,90,90,90,90,90,90],"card_choices":[{"not_picked":["Guardian:ChargeCore","Guardian:CrystalBeam"],"picked":"Guardian:SpikerProtocol","floor":2},{"not_picked":["Guardian:Repulse","Guardian:CrystalBeam"],"picked":"Guardian:Gem_Fragmented","floor":3},{"not_picked":["Guardian:Clone","Guardian:BronzeOrb"],"picked":"Guardian:Emergency","floor":4},{"not_picked":["Guardian:TemporalShield","Guardian:Preprogram"],"picked":"Guardian:ChargeCore","floor":5},{"not_picked":["Guardian:TemporalStrike","Guardian:PiercingHide"],"picked":"Guardian:Gem_Orange","floor":6},{"not_picked":["Guardian:PiercingHide","Guardian:GuardianWhirl"],"picked":"Guardian:ArmoredProtocol","floor":8},{"not_picked":["Guardian:Emergency","Guardian:Reroute"],"picked":"Guardian:DonusPower","floor":9},{"not_picked":["Guardian:Reroute","Guardian:PolyBeam"],"picked":"Guardian:CrystalBeam","floor":10},{"not_picked":["Guardian:SentryBeam","Guardian:TemporalShield"],"picked":"Guardian:Gem_Purple","floor":11},{"not_picked":["Guardian:RollAttack","Guardian:CrystalBeam"],"picked":"Guardian:EvasiveProtocol","floor":13},{"not_picked":["Guardian:Reroute","Guardian:TemporalShield"],"picked":"Guardian:TimeBomb","floor":14},{"not_picked":["Guardian:Planning","Guardian:Suspension"],"picked":"Guardian:Harden","floor":15}],"player_experience":62529,"relics_obtained":[],"event_choices":[],"is_beta":false,"boss_relics":[],"items_purged_floors":[],"is_endless":false,"potions_floor_spawned":[5,6,8,9,14,15],"killed_by":"DF_ARCHETYPE_STREAMLINE","ascension_level":0}}