{"host":"yfdtuf6ojcxn06xg","time":1611297819,"event":{"mods":["2.2 Compatiblity","AchievementEnabler","BaseMod","Colored Map","Colored Powertips","Curses Come First","Hermit","JesterMod","Jorbs\u0027s Wanderer Trilogy","Minty Spire (QoL Compilation)","Quick Restart","Rare Cards Sparkle","Relic Stats","Replay The Spire","StSLib","The Cursed","The Disciple","The Hierophant","The Jungle","The Marked","The Necromancer","The Servant 0.9.4"],"gold_per_floor":[119,119,139,63,75,101,120,120,120,120,171,201,228,228,228],"floor_reached":14,"language":"ENG","playtime":351,"items_purged":[],"score":118,"play_id":"b86adcc9-26f4-4e59-8d02-f3aaf42098ac","local_time":"20210122014339","is_ascension_mode":true,"campfire_choices":[{"data":"Noxious Fumes","floor":10,"key":"SMITH"}],"circlet_count":0,"master_deck":["Strike_G","Strike_G","Strike_G","Strike_G","Defend_G","Defend_G","Defend_G","Defend_G","Defend_G","Survivor","Neutralize","Deflect","Poisoned Stab","Replay:Poison Smokescreen","Noxious Fumes+1","Bane","Venomology","Caltrops"],"relics":["Ring of the Snake","NeowsBlessing","ReplayTheSpireMod:Ninjato","MealTicket","Omamori","Odd Mushroom"],"acts_visited":["Exordium"],"potions_floor_usage":[6,7,7,12,12,13,14],"damage_taken":[{"damage":0,"enemies":"Small Slimes","floor":1,"turns":1},{"damage":0,"enemies":"Cultist","floor":3,"turns":1},{"damage":0,"enemies":"2 Louse","floor":5,"turns":1},{"damage":12,"enemies":"Gremlin Nob","floor":6,"turns":4},{"damage":0,"enemies":"2 Fungi Beasts","floor":7,"turns":4},{"damage":25,"enemies":"Lagavulin","floor":12,"turns":7},{"damage":22,"enemies":"The Mushroom Lair","floor":13,"turns":4},{"damage":15,"enemies":"3 Sentries","floor":14,"turns":2}],"seed_played":"-7517014364470667615","potions_obtained":[{"floor":3,"key":"Block Potion"},{"floor":5,"key":"Swift Potion"},{"floor":6,"key":"SpeedPotion"},{"floor":12,"key":"Weak Potion"}],"is_trial":false,"path_per_floor":["M","?","M","$","M","E","M","PTL","PTL","R","T","E","?","E"],"character_chosen":"THE_SILENT","items_purchased":["Noxious Fumes"],"campfire_rested":0,"item_purchase_floors":[4],"current_hp_per_floor":[70,70,70,70,70,58,58,58,58,58,58,33,11,0,0],"gold":228,"neow_bonus":"THREE_ENEMY_KILL","is_daily":false,"chose_seed":false,"campfire_upgraded":1,"win_rate":0.0,"timestamp":1611297819,"path_taken":["M","?","?","?","?","E","M","PTL","PTL","R","T","E","?","E"],"items_purchased_type":["Card"],"build_version":"2020-12-22","purchased_purges":0,"victory":false,"max_hp_per_floor":[70,70,70,70,70,70,70,70,70,70,70,70,70,70,70],"relic_stats":{"counters":[8,24],"MealTicket":0,"obtain_stats":[{"ReplayTheSpireMod:Ninjato":6,"NeowsBlessing":0,"MealTicket":11,"Omamori":12,"Odd Mushroom":13,"Ring of the Snake":0},{"ReplayTheSpireMod:Ninjato":4,"NeowsBlessing":0,"MealTicket":5,"Omamori":6,"Odd Mushroom":7,"Ring of the Snake":0},{"ReplayTheSpireMod:Ninjato":7,"NeowsBlessing":0,"MealTicket":11,"Omamori":18,"Odd Mushroom":22,"Ring of the Snake":0}],"Ring of the Snake":[16]},"card_choices":[{"not_picked":["Flying Knee","Underhanded Strike"],"picked":"Deflect","floor":1},{"not_picked":["Flying Knee","Setup"],"picked":"Replay:Poison Smokescreen","floor":3},{"not_picked":["PiercingWail","Blade Dance"],"picked":"Bane","floor":5},{"not_picked":["Masterful Stab","Deadly Poison"],"picked":"Venomology","floor":6},{"not_picked":["Dagger Spray","PiercingWail"],"picked":"Caltrops","floor":7},{"not_picked":["Calculated Gamble","Choke","All Out Attack"],"picked":"SKIP","floor":12}],"player_experience":217235,"relics_obtained":[{"floor":6,"key":"ReplayTheSpireMod:Ninjato"},{"floor":11,"key":"MealTicket"},{"floor":12,"key":"Omamori"},{"floor":13,"key":"Odd Mushroom"}],"event_choices":[{"damage_healed":0,"gold_gain":0,"cards_transformed":["Strike_G"],"player_choice":"Transformed","damage_taken":0,"max_hp_gain":0,"max_hp_loss":0,"event_name":"Transmorgrifier","floor":2,"gold_loss":0,"cards_obtained":["Poisoned Stab"]},{"damage_healed":0,"gold_gain":0,"player_choice":"Fought Mushrooms","damage_taken":0,"max_hp_gain":0,"max_hp_loss":0,"event_name":"Mushrooms","floor":13,"gold_loss":0}],"is_beta":false,"boss_relics":[],"items_purged_floors":[],"is_endless":false,"potions_floor_spawned":[3,5,6,12],"killed_by":"3 Sentries","ascension_level":4}}