{"host":"2yhbarjh4s9lrrzt","time":1611294857,"event":{"mods":["BaseMod","Better Third Choice","Minty Spire (QoL Compilation)","Replay The Spire","StSLib"],"gold_per_floor":[113,113,113,131,149,181,197,0,0,29,29,44,44,54,54,153,153,163,214,214,129,129,129,139,139,139,24,24,41,3,20,20,20,20],"floor_reached":33,"language":"ENG","playtime":2211,"items_purged":[],"score":305,"play_id":"eb11abdc-aadb-4e4c-98ac-e38953de85af","local_time":"20210122005417","is_ascension_mode":false,"campfire_choices":[{"data":"Wallop","floor":13,"key":"SMITH"},{"floor":23,"key":"REST"},{"floor":25,"key":"RECALL"}],"circlet_count":0,"master_deck":["Strike_P","Strike_P","Strike_P","Defend_P","Defend_P","Defend_P","Eruption","Vigilance","Conclude","PathToVictory","Consecrate","CrushJoints","Protect","Replay:Anticipation","DeusExMachina","Conclude","Conclude","Prostrate","FlurryOfBlows","Replay:AtTheReady","Wallop+1","ReachHeaven","Replay:Hum","DevaForm","DeceiveReality","ReplayTheSpireMod:Splinters","Pot Of Greed","Pot Of Greed","Pot Of Greed","MentalFortress","EmptyFist","WreathOfFlame","WheelKick","Bandage Up","RitualDagger","FearNoEvil","ForeignInfluence","EmptyFist","Pot Of Greed","Pain"],"relics":["PureWater","MealTicket","Happy Flower","Mummified Hand","Runic Pyramid","Grinning Jar","Replay:Towering Pillar of Hats","Question Card"],"acts_visited":["Exordium","TheCity"],"potions_floor_usage":[6,10,16,16,31,33],"damage_taken":[{"damage":0,"enemies":"2 Louse","floor":1,"turns":3},{"damage":6,"enemies":"Jaw Worm","floor":4,"turns":3},{"damage":0,"enemies":"Cultist","floor":5,"turns":3},{"damage":14,"enemies":"Lagavulin","floor":6,"turns":6},{"damage":0,"enemies":"Red Slaver","floor":7,"turns":3},{"damage":12,"enemies":"Replay:BlueRogue","floor":10,"turns":7},{"damage":1,"enemies":"Exordium Wildlife","floor":12,"turns":4},{"damage":5,"enemies":"Looter","floor":14,"turns":2},{"damage":10,"enemies":"Slime Boss","floor":16,"turns":9},{"damage":16,"enemies":"Spheric Guardian","floor":18,"turns":6},{"damage":11,"enemies":"Shell Parasite","floor":24,"turns":5},{"damage":34,"enemies":"3 Cultists","floor":29,"turns":7},{"damage":21,"enemies":"Sentry and Sphere","floor":31,"turns":5},{"damage":104,"enemies":"Collector","floor":33,"turns":5}],"seed_played":"7437940501716640794","potions_obtained":[{"floor":5,"key":"FearPotion"},{"floor":6,"key":"SteroidPotion"},{"floor":12,"key":"SkillPotion"},{"floor":15,"key":"LiquidBronze"},{"floor":15,"key":"Regen Potion"},{"floor":19,"key":"Ambrosia"},{"floor":29,"key":"SteroidPotion"}],"is_trial":false,"path_per_floor":["M","?","?","M","M","E","M","$","T","E","$","M","R","M","R","B",null,"M","?","?","?","T","R","M","R","T","$","?","M","$","M","R","B"],"character_chosen":"WATCHER","items_purchased":["Conclude","Prostrate","FlurryOfBlows","Replay:AtTheReady","WheelKick","Bandage Up","ForeignInfluence"],"campfire_rested":1,"item_purchase_floors":[8,8,8,8,27,27,30],"current_hp_per_floor":[72,72,72,66,66,52,52,67,67,55,70,69,69,64,64,54,72,56,56,56,56,56,72,61,61,61,72,66,36,51,34,34,0,0],"gold":20,"neow_bonus":"TRANSFORM_CARD","is_daily":false,"chose_seed":false,"campfire_upgraded":1,"win_rate":0.0,"timestamp":1611294857,"path_taken":["M","?","?","M","?","E","M","?","T","E","$","M","R","M","R","BOSS","M","?","?","?","?","R","?","R","T","?","?","M","$","M","R","BOSS"],"items_purchased_type":["Card","Card","Card","Card","Card","Card","Card"],"build_version":"2020-12-22","purchased_purges":0,"victory":false,"max_hp_per_floor":[72,72,72,72,72,72,72,72,72,72,72,72,72,72,72,72,72,72,72,72,72,72,72,72,72,72,72,72,72,72,72,72,72,72],"card_choices":[{"not_picked":["Replay:BluntJabs","CrushJoints"],"picked":"PathToVictory","floor":1},{"not_picked":["Consecrate","Halt"],"picked":"CrushJoints","floor":4},{"not_picked":["Omniscience","BowlingBash"],"picked":"Protect","floor":5},{"not_picked":["Prostrate","EmptyBody"],"picked":"Replay:Anticipation","floor":6},{"not_picked":["Indignation","BowlingBash"],"picked":"DeusExMachina","floor":7},{"not_picked":["Sanctity","FlyingSleeves"],"picked":"Wallop","floor":10},{"not_picked":["CutThroughFate","SandsOfTime"],"picked":"ReachHeaven","floor":12},{"not_picked":["Prostrate","SignatureMove"],"picked":"Replay:Hum","floor":14},{"not_picked":["Alpha","Vault"],"picked":"DevaForm","floor":16},{"not_picked":["Protect","Replay:BluntJabs"],"picked":"DeceiveReality","floor":18},{"not_picked":["Sanctity","Replay:Hum"],"picked":"MentalFortress","floor":19},{"not_picked":["FollowUp","Protect"],"picked":"EmptyFist","floor":19},{"not_picked":["FlyingSleeves","BowlingBash"],"picked":"WreathOfFlame","floor":24},{"not_picked":["Replay:AtTheReady","PathToVictory","SandsOfTime"],"picked":"FearNoEvil","floor":29},{"not_picked":["Replay:Vibes","JustLucky","CarveReality"],"picked":"EmptyFist","floor":31}],"player_experience":230389,"relics_obtained":[{"floor":6,"key":"MealTicket"},{"floor":9,"key":"Happy Flower"},{"floor":10,"key":"Mummified Hand"},{"floor":19,"key":"Grinning Jar"},{"floor":26,"key":"Question Card"}],"event_choices":[{"damage_healed":0,"gold_gain":0,"player_choice":"Leave","damage_taken":0,"max_hp_gain":0,"max_hp_loss":0,"event_name":"The Cleric","floor":2,"gold_loss":0},{"damage_healed":0,"gold_gain":0,"cards_transformed":["Defend_P"],"player_choice":"Transformed","damage_taken":0,"max_hp_gain":0,"max_hp_loss":0,"event_name":"Transmorgrifier","floor":3,"gold_loss":0,"cards_obtained":["Consecrate"]},{"damage_healed":0,"gold_gain":0,"player_choice":"Smashed Altar","damage_taken":0,"max_hp_gain":0,"max_hp_loss":0,"event_name":"Forgotten Altar","floor":20,"gold_loss":0,"cards_obtained":["Decay"]},{"damage_healed":0,"gold_gain":0,"player_choice":"Obtained Relic","damage_taken":0,"relics_obtained":["Replay:Towering Pillar of Hats"],"max_hp_gain":0,"max_hp_loss":0,"event_name":"Addict","floor":21,"gold_loss":85},{"damage_healed":0,"gold_gain":0,"player_choice":"Dagger","damage_taken":6,"max_hp_gain":0,"max_hp_loss":0,"event_name":"betterThird:BetterNest","floor":28,"gold_loss":0,"cards_obtained":["RitualDagger"]}],"is_beta":false,"boss_relics":[{"not_picked":["Ectoplasm","Runic Dome"],"picked":"Runic Pyramid"}],"items_purged_floors":[],"is_endless":false,"potions_floor_spawned":[5,6,12,29],"killed_by":"Collector","ascension_level":0}}