{"host":"5c1rfni4ms1ztn71","time":1611294729,"event":{"mods":["100% Spire Juice","AchievementEnabler","BaseMod","ChefMod","Duelist Mod","Hermit","Hubris","Infinite Spire","Jorbs\u0027s Wanderer Trilogy","Marisa????????","Minty Spire (QoL Compilation)","Potionbrewer","Replay The Spire","Robot Space Explorer","SOS???????","Somnambulant","StSLib","Td1madao Mod","The Administrix","The Animator","The Bladedancer","The Bug Knight","The Construct","The Cursed","The Death Knight","The Disciple","The Forsaken","The Hierophant","The Mystic","The Necromancer","The Poker Player","The Runesmith","The Saiyan","The Senshi","The Servant 0.9.4","The Wild Card"],"gold_per_floor":[141,159,177,177,22,22,37,37,37,37,67,67,80,141,141,141,141],"floor_reached":16,"language":"ENG","playtime":1039,"items_purged":[],"score":90,"play_id":"f3770098-f00d-423a-905d-61914438420c","local_time":"20210122005209","is_ascension_mode":false,"campfire_choices":[{"data":"theDuelist:ToonDarkMagician","floor":6,"key":"SMITH"},{"data":"theDuelist:ToonBriefcase","floor":10,"key":"SMITH"},{"data":"theDuelist:ToonSummonedSkull","floor":12,"key":"SMITH"},{"floor":15,"key":"REST"}],"circlet_count":0,"master_deck":["theDuelist:CastleWalls+1","theDuelist:CastleWalls","theDuelist:MangaRyuRan","theDuelist:Sparks","theDuelist:Sparks","theDuelist:Sparks","theDuelist:ToonAncientGear","theDuelist:ToonMermaid","theDuelist:ToonSummonedSkull+1","theDuelist:ToonWorld","theDuelist:BlueBloodedOni+1","theDuelist:ToonMask","theDuelist:ToonMermaid+1","theDuelist:ToonDarkMagician+1","theDuelist:ToonBriefcase+1","theDuelist:ToonAncientGear","theDuelist:ToonAncientGear","theDuelist:ToonMermaid","theDuelist:ShadowToon"],"relics":["theDuelist:MillenniumPuzzle","theDuelist:CardPoolRelic","theDuelist:CardPoolBasicRelic","theDuelist:BoosterPackPoolRelic","theDuelist:CardPoolAddRelic","theDuelist:CardPoolMinusRelic","theDuelist:CardPoolSaveRelic","theDuelist:CardPoolOptionsRelic","Shuriken"],"acts_visited":["Exordium"],"potions_floor_usage":[16,16],"damage_taken":[{"damage":2,"enemies":"2 Louse","floor":1,"turns":3},{"damage":6,"enemies":"Cultist","floor":2,"turns":4},{"damage":2,"enemies":"Small Slimes","floor":3,"turns":2},{"damage":14,"enemies":"Exordium Thugs","floor":7,"turns":4},{"damage":5,"enemies":"Red Slaver","floor":13,"turns":5},{"damage":37,"enemies":"The Guardian","floor":16,"turns":5}],"seed_played":"-5959717743165063798","potions_obtained":[{"floor":3,"key":"BlessingOfTheForge"},{"floor":7,"key":"DeathKnight:RimePotion"}],"is_trial":false,"path_per_floor":["M","M","M","?","$","R","M","?","T","R","?","R","M","?","R","B"],"character_chosen":"THE_DUELIST","items_purchased":["theDuelist:ToonDarkMagician","theDuelist:ToonBriefcase"],"campfire_rested":1,"item_purchase_floors":[5,5],"current_hp_per_floor":[86,80,78,60,60,60,46,46,46,46,46,46,41,6,32,0,0],"gold":141,"neow_bonus":"TEN_PERCENT_HP_BONUS","is_daily":false,"chose_seed":false,"campfire_upgraded":3,"win_rate":0.0,"timestamp":1611294729,"path_taken":["M","M","M","?","$","R","M","?","T","R","?","R","M","?","R","BOSS"],"items_purchased_type":["Card","Card"],"build_version":"2020-12-22","purchased_purges":0,"victory":false,"max_hp_per_floor":[88,88,88,88,88,88,88,88,88,88,88,88,88,88,88,88,88],"card_choices":[{"not_picked":["theDuelist:BattleguardKing","theDuelist:GreenGraveOni","theDuelist:MagicalStone","theDuelist:GemElephant"],"picked":"theDuelist:BlueBloodedOni","floor":1},{"not_picked":["theDuelist:SpellShatteringArrow","theDuelist:MangaRyuRan","theDuelist:RedEyesToon","theDuelist:ToonMermaid"],"picked":"theDuelist:ToonMask","floor":2},{"not_picked":["theDuelist:MangaRyuRan","theDuelist:RedEyesToon","theDuelist:ToonBarrelDragon","theDuelist:SpellShatteringArrow"],"picked":"theDuelist:ToonMermaid","floor":3},{"not_picked":["theDuelist:MangaRyuRan","theDuelist:FlyingSaucer","theDuelist:SpellShatteringArrow","theDuelist:RedEyesToon"],"picked":"theDuelist:ToonAncientGear","floor":7},{"not_picked":["theDuelist:RedEyesToon","theDuelist:FlyingSaucer","theDuelist:MangaRyuRan","theDuelist:BlueEyesToon"],"picked":"theDuelist:ToonAncientGear","floor":13},{"not_picked":["theDuelist:MangaRyuRan","theDuelist:RedEyesToon","theDuelist:ToonBarrelDragon","theDuelist:ToonSummonedSkull"],"picked":"theDuelist:ToonMermaid","floor":14},{"not_picked":["theDuelist:ToonMermaid","theDuelist:TributeDoomed","theDuelist:ToonBarrelDragon","theDuelist:ToonGeminiElf"],"picked":"theDuelist:ShadowToon","floor":14}],"player_experience":68553,"relics_obtained":[{"floor":14,"key":"Shuriken"}],"event_choices":[{"damage_healed":0,"gold_gain":0,"player_choice":"Entered Light","damage_taken":18,"max_hp_gain":0,"max_hp_loss":0,"event_name":"Shining Light","floor":4,"gold_loss":0,"cards_upgraded":["theDuelist:CastleWalls","theDuelist:ToonMermaid"]},{"damage_healed":0,"gold_gain":30,"player_choice":"Searched \u00271\u0027 times","damage_taken":0,"max_hp_gain":0,"max_hp_loss":0,"event_name":"Dead Adventurer","floor":11,"gold_loss":0}],"is_beta":false,"boss_relics":[],"items_purged_floors":[],"is_endless":false,"potions_floor_spawned":[3,7],"killed_by":"The Guardian","ascension_level":0}}