{"host":"bf9sa99gaumonoeu","time":1611328071,"event":{"mods":["AchievementEnabler","Act Like it!","Aspiration","BaseMod","Bestiary","Block Reminder","Colored Map","Colored Powertips","Friendly Minions","Gensokyo","GifTheSpireLib","Googly Eyes","Hallownest","Hermit","Highlight Path","Jorbs\u0027s Wanderer Trilogy","KinomotoSakuraMod(????)","Koishi","Marisa????????","Minty Spire (QoL Compilation)","Rare Cards Sparkle","Relic Stats","Spire Arcade","StSLib","The Administrix","The Animator","The Bug Knight","The Construct","The Cursed","The Hierophant","The Mystic","The Necromancer","The Poker Player","The Runesmith","The Senshi","The Servant 0.9.4","ojb\u0027s Info Mod"],"gold_per_floor":[114,127,141,13,33,61,87,87,87,162,190,190,190,204,204,293,293,318,4,18,36,36,36,54,54,81,116,12,30,30,70,70,169,169,194,219,219,239,259,278,278,317,370,370,383,383,399,419,419,419,419,419,419,31,67,67,67],"floor_reached":56,"language":"ENG","playtime":5440,"items_purged":["Strike_G"],"score":1933,"play_id":"f6f228d4-ed84-4d2f-9db3-5b8f075864c4","local_time":"20210122130751","is_ascension_mode":true,"campfire_choices":[{"floor":8.0,"key":"REST"},{"data":"Caltrops","floor":13.0,"key":"SMITH"},{"data":"Glass Knife","floor":15.0,"key":"SMITH"},{"data":"Wraith Form v2","floor":23.0,"key":"SMITH"},{"floor":25.0,"key":"DIG"},{"data":"Phantasmal Killer","floor":30.0,"key":"SMITH"},{"data":"Calculated Gamble","floor":32.0,"key":"SMITH"},{"floor":41,"key":"DIG"},{"floor":44,"key":"DIG"},{"floor":46,"key":"DIG"},{"floor":49,"key":"RECALL"},{"floor":53,"key":"DIG"}],"circlet_count":0,"master_deck":["AscendersBane","Strike_G","Strike_G","Strike_G","Defend_G","Defend_G","Defend_G","Defend_G","Defend_G","Survivor","Neutralize","Dagger Throw","Deadly Poison","Calculated Gamble+1","Dash","Backstab","Endless Agony","Glass Knife+1","Caltrops+1","aspiration:Lunge","Blur","Wraith Form v2+1","Backflip","Catalyst","Terror","Phantasmal Killer+1","Backflip","Sucker Punch+1","Crippling Poison","Night Terror","Predator","Leg Sweep","Catalyst","Skewer+1","PiercingWail","Phantasmal Killer","Predator"],"relics":["Ring of the Snake","Mango","Odd Mushroom","aspiration:Nostalgia","Vampire_Amulet","aspiration:FetidBarrel","Golden Idol","Coffee Dripper","Shovel","aspiration:DSix","Gambling Chip","Paper Crane","TungstenRod","Fusion Hammer","PreservedInsect","Gremlin Horn","Ice Cream","Blue Candle","Eternal Feather","Akabeko","aspiration:Lifesprig"],"acts_visited":["Exordium","TheCity","TheBeyond","TheEnding"],"potions_floor_usage":[51,51,55,56],"damage_taken":[{"damage":2.0,"enemies":"Cultist","floor":1.0,"turns":5.0},{"damage":0.0,"enemies":"Small Slimes","floor":2.0,"turns":4.0},{"damage":0.0,"enemies":"2 Louse","floor":3.0,"turns":3.0},{"damage":2.0,"enemies":"2 Fungi Beasts","floor":5.0,"turns":4.0},{"damage":51.0,"enemies":"Lagavulin","floor":6.0,"turns":8.0},{"damage":6.0,"enemies":"The Mushroom Lair","floor":7.0,"turns":3.0},{"damage":7.0,"enemies":"3 Sentries","floor":11.0,"turns":6.0},{"damage":1.0,"enemies":"Exordium Thugs","floor":14.0,"turns":3.0},{"damage":29.0,"enemies":"The Guardian","floor":16.0,"turns":9.0},{"damage":0.0,"enemies":"3 Byrds","floor":18.0,"turns":2.0},{"damage":8.0,"enemies":"2 Thieves","floor":20.0,"turns":4.0},{"damage":3.0,"enemies":"Snake Plant","floor":21.0,"turns":3.0},{"damage":2.0,"enemies":"Centurion and Healer","floor":24.0,"turns":4.0},{"damage":11.0,"enemies":"Book of Stabbing","floor":27.0,"turns":5.0},{"damage":9.0,"enemies":"Chosen and Byrds","floor":29.0,"turns":4.0},{"damage":6.0,"enemies":"Gremlin Leader","floor":31.0,"turns":5.0},{"damage":11.0,"enemies":"Collector","floor":33.0,"turns":8.0},{"damage":9.0,"enemies":"3 Darklings","floor":35.0,"turns":4.0},{"damage":0,"enemies":"3 Shapes","floor":38,"turns":8},{"damage":8,"enemies":"Spire Growth","floor":39,"turns":4},{"damage":1,"enemies":"Writhing Mass","floor":40,"turns":5},{"damage":7,"enemies":"Nemesis","floor":42,"turns":5},{"damage":14,"enemies":"Transient","floor":45,"turns":6},{"damage":0,"enemies":"4 Shapes","floor":47,"turns":5},{"damage":0,"enemies":"Sphere and 2 Shapes","floor":48,"turns":3},{"damage":31,"enemies":"Time Eater","floor":50,"turns":12},{"damage":30,"enemies":"Donu and Deca","floor":51,"turns":11},{"damage":0,"enemies":"Shield and Spear","floor":55,"turns":6},{"damage":79,"enemies":"The Heart","floor":56,"turns":10}],"seed_played":"-7564019005205828997","potions_obtained":[{"floor":3.0,"key":"Energy Potion"},{"floor":5.0,"key":"Block Potion"},{"floor":6.0,"key":"Strength Potion"},{"floor":11.0,"key":"Poison Potion"},{"floor":16.0,"key":"Fire Potion"},{"floor":20.0,"key":"DuplicationPotion"},{"floor":21.0,"key":"Block Potion"},{"floor":27.0,"key":"FearPotion"},{"floor":29.0,"key":"Weak Potion"},{"floor":36,"key":"PowerPotion"},{"floor":48,"key":"GhostInAJar"},{"floor":55,"key":"Swift Potion"}],"is_trial":false,"path_per_floor":["M","M","M","$","M","E","?","R","T","?","E","?","R","M","R","B",null,"M","$","M","M","?","R","M","R","T","E","$","M","R","E","R","B",null,"M","?","?","M","M","M","R","E","T","R","M","R","M","M","R","B","B",null,"R","$","E","B"],"character_chosen":"THE_SILENT","items_purchased":["Dash","Backstab","Shovel","Backflip","PiercingWail","Akabeko","Regen Potion","Phantasmal Killer"],"campfire_rested":1,"item_purchase_floors":[4,4,19,28,54,54,54,54],"current_hp_per_floor":[63,63,63,63,61,24,18,43,43,32,31,31,31,34,34,7,60,66,66,62,61,55,55,57,57,57,48,48,43,43,45,45,44,70,63,63,63,69,63,64,64,59,59,59,47,47,55,61,61,32,6,60,60,60,78,0,0],"gold":67,"neow_bonus":"TEN_PERCENT_HP_BONUS","is_daily":false,"chose_seed":false,"campfire_upgraded":5,"win_rate":0.0,"timestamp":1611328071,"path_taken":["M","M","M","$","M","E","?","R","T","?","E","?","R","M","R","BOSS","M","$","M","M","?","R","M","R","T","E","?","M","R","E","R","BOSS","M","?","?","M","M","M","R","E","T","R","M","R","M","M","R","BOSS","BOSS","R","$","E","BOSS"],"items_purchased_type":["Card","Card","Relic","Card","Card","Relic","Potion","Card"],"build_version":"2020-12-22","purchased_purges":1,"victory":false,"max_hp_per_floor":[72,72,72,72,72,86,86,86,86,86,86,78,78,78,78,78,78,78,78,78,78,78,78,78,78,78,78,78,78,78,78,78,78,78,78,78,78,78,78,78,78,78,78,78,78,78,78,78,78,78,78,78,78,78,78,78,78],"relic_stats":{"Shovel":5,"Gremlin Horn":[7,7],"counters":[29,159],"Golden Idol":161,"Gambling Chip":[79],"Blue Candle":[0],"Eternal Feather":0,"PreservedInsect":127,"obtain_stats":[{"Ice Cream":44,"aspiration:Lifesprig":55,"Gremlin Horn":42,"aspiration:Nostalgia":9,"aspiration:FetidBarrel":11,"Golden Idol":12,"Blue Candle":46,"Mango":6,"Eternal Feather":53,"PreservedInsect":41,"Odd Mushroom":7,"Paper Crane":27,"Akabeko":54,"Shovel":19,"Gambling Chip":26,"Vampire_Amulet":9,"Fusion Hammer":34,"Coffee Dripper":17,"aspiration:DSix":25,"TungstenRod":31,"Ring of the Snake":0},{"Ice Cream":22,"aspiration:Lifesprig":28,"Gremlin Horn":22,"aspiration:Nostalgia":6,"aspiration:FetidBarrel":7,"Golden Idol":7,"Blue Candle":23,"Mango":5,"Eternal Feather":27,"PreservedInsect":21,"Odd Mushroom":6,"Paper Crane":14,"Akabeko":27,"Shovel":10,"Gambling Chip":13,"Vampire_Amulet":6,"Fusion Hammer":17,"Coffee Dripper":9,"aspiration:DSix":13,"TungstenRod":16,"Ring of the Snake":0},{"Ice Cream":106,"aspiration:Lifesprig":149,"Gremlin Horn":106,"aspiration:Nostalgia":27,"aspiration:FetidBarrel":33,"Golden Idol":33,"Blue Candle":112,"Mango":24,"Eternal Feather":143,"PreservedInsect":101,"Odd Mushroom":27,"Paper Crane":63,"Akabeko":143,"Shovel":47,"Gambling Chip":58,"Vampire_Amulet":27,"Fusion Hammer":80,"Coffee Dripper":45,"aspiration:DSix":58,"TungstenRod":72,"Ring of the Snake":0}],"TungstenRod":94,"Ring of the Snake":[60]},"card_choices":[{"not_picked":["Concentrate","Sucker Punch"],"picked":"Dagger Throw","floor":1.0},{"not_picked":["Quick Slash","Caltrops"],"picked":"Deadly Poison","floor":2.0},{"not_picked":["Slice","Poisoned Stab"],"picked":"Calculated Gamble","floor":3.0},{"not_picked":["Deflect","Slice"],"picked":"Endless Agony","floor":5.0},{"not_picked":["Well Laid Plans","Crippling Poison"],"picked":"Glass Knife","floor":6.0},{"not_picked":["Cloak And Dagger","Quick Slash"],"picked":"Caltrops","floor":7.0},{"not_picked":["Dagger Throw","Prepared"],"picked":"aspiration:Lunge","floor":11.0},{"not_picked":["Skewer","Riddle With Holes"],"picked":"Blur","floor":14.0},{"not_picked":["A Thousand Cuts","Grand Finale"],"picked":"Wraith Form v2","floor":16.0},{"not_picked":["Eviscerate","Underhanded Strike"],"picked":"Backflip","floor":18.0},{"not_picked":["Heel Hook","Leg Sweep"],"picked":"Catalyst","floor":20.0},{"not_picked":["Setup+1","Finisher","Flechettes"],"picked":"SKIP","floor":21.0},{"not_picked":["Cloak And Dagger","Dagger Throw+1"],"picked":"Terror","floor":24.0},{"not_picked":["Prepared","Quick Slash+1"],"picked":"Phantasmal Killer","floor":27.0},{"not_picked":["Finisher","Eviscerate+1"],"picked":"Sucker Punch+1","floor":29.0},{"not_picked":["Glass Knife","Escape Plan"],"picked":"Crippling Poison","floor":31.0},{"not_picked":["Malaise","Envenom"],"picked":"Night Terror","floor":33.0},{"not_picked":["Heel Hook","PiercingWail+1"],"picked":"Predator","floor":35.0},{"not_picked":["Dodge and Roll+1","Poisoned Stab"],"picked":"Leg Sweep","floor":38},{"not_picked":["Cloak And Dagger","Noxious Fumes+1"],"picked":"Catalyst","floor":39},{"not_picked":["Choke+1","Outmaneuver","Deflect"],"picked":"SKIP","floor":40},{"not_picked":["Well Laid Plans","Flying Knee+1"],"picked":"Skewer+1","floor":42},{"not_picked":["Eviscerate+1","Cloak And Dagger+1","Prepared"],"picked":"SKIP","floor":45},{"not_picked":["Choke","Skewer","Infinite Blades"],"picked":"SKIP","floor":47},{"not_picked":["Underhanded Strike+1","Riddle With Holes","Slice"],"picked":"SKIP","floor":48},{"not_picked":["Prepared","Corpse Explosion"],"picked":"Predator","floor":55}],"player_experience":1109912,"relics_obtained":[{"floor":6.0,"key":"Mango"},{"floor":7.0,"key":"Odd Mushroom"},{"floor":9.0,"key":"aspiration:Nostalgia"},{"floor":11.0,"key":"aspiration:FetidBarrel"},{"floor":25.0,"key":"aspiration:DSix"},{"floor":26.0,"key":"Gambling Chip"},{"floor":27.0,"key":"Paper Crane"},{"floor":31.0,"key":"TungstenRod"},{"floor":41,"key":"PreservedInsect"},{"floor":42,"key":"Gremlin Horn"},{"floor":44,"key":"Ice Cream"},{"floor":46,"key":"Blue Candle"},{"floor":53,"key":"Eternal Feather"},{"floor":55,"key":"aspiration:Lifesprig"}],"event_choices":[{"damage_healed":0.0,"max_hp_gain":0.0,"max_hp_loss":0.0,"gold_gain":0.0,"event_name":"Mushrooms","player_choice":"Fought Mushrooms","floor":7.0,"gold_loss":0.0,"damage_taken":0.0},{"damage_healed":0.0,"max_hp_gain":0.0,"max_hp_loss":0.0,"gold_gain":75.0,"event_name":"World of Goop","player_choice":"Gather Gold","floor":10.0,"gold_loss":0.0,"damage_taken":11.0},{"damage_healed":0.0,"max_hp_gain":0.0,"max_hp_loss":8.0,"gold_gain":0.0,"event_name":"Golden Idol","player_choice":"Lose Max HP","floor":12.0,"gold_loss":0.0,"damage_taken":0.0,"relics_obtained":["Golden Idol"]},{"damage_healed":0.0,"max_hp_gain":0.0,"max_hp_loss":0.0,"gold_gain":0.0,"event_name":"Knowing Skull","player_choice":"","floor":22.0,"potions_obtained":[],"gold_loss":0.0,"damage_taken":6.0,"cards_obtained":[]},{"cards_removed":["Strike_G"],"damage_healed":0,"gold_gain":0,"player_choice":"Purged","damage_taken":0,"max_hp_gain":0,"max_hp_loss":0,"event_name":"Purifier","floor":37,"gold_loss":0}],"is_beta":false,"boss_relics":[{"not_picked":["Astrolabe","aspiration:SecretTechniqueScroll"],"picked":"Coffee Dripper"},{"not_picked":["aspiration:FutureDiary","WristBlade"],"picked":"Fusion Hammer"}],"items_purged_floors":[28],"is_endless":false,"potions_floor_spawned":[3,5,6,11,16,20,21,27,29,31,38,39,45,48,55],"killed_by":"The Heart","ascension_level":20}}