{"host":"t7mx8yfj1no5p62f","time":1611274013,"event":{"mods":["BaseMod","Bestiary","Colored Map","Colored Powertips","Minty Spire (QoL Compilation)","Relic Stats","StSLib"],"gold_per_floor":[117,133,150,150,150,150,189,203,203,203,223,223,238,276,276,372,372,392,392,416,51,51,90,111,125,125,148,148,148],"floor_reached":28,"language":"ENG","playtime":1065,"items_purged":["Flying Knee"],"score":554,"play_id":"5619c75b-f09d-474b-b9de-8347cd686a82","local_time":"20210121190653","is_ascension_mode":true,"campfire_choices":[{"data":"Dagger Spray","floor":6.0,"key":"SMITH"},{"data":"Dash","floor":10.0,"key":"SMITH"},{"data":"Envenom","floor":12.0,"key":"SMITH"},{"data":"Calculated Gamble","floor":15.0,"key":"SMITH"}],"circlet_count":0,"master_deck":["AscendersBane","Survivor","Neutralize","Sucker Punch","Calculated Gamble+1","Dagger Spray+1","Slice","Dash+1","Envenom+1","Eviscerate","Backstab","After Image","Choke","Doppelganger","Bullet Time","Flying Knee","Grand Finale","Calculated Gamble","Masterful Stab","Setup","Expertise","Backflip","Backflip","Acrobatics","Master of Strategy","Reflex","Backflip"],"relics":["Ring of the Snake","Golden Idol","Oddly Smooth Stone","Sundial","Pantograph","Pandora\u0027s Box","Centennial Puzzle","Prayer Wheel"],"acts_visited":["Exordium","TheCity"],"potions_floor_usage":[25,28],"damage_taken":[{"damage":0.0,"enemies":"2 Louse","floor":1.0,"turns":3.0},{"damage":3.0,"enemies":"Small Slimes","floor":2.0,"turns":4.0},{"damage":3.0,"enemies":"Cultist","floor":3.0,"turns":4.0},{"damage":0.0,"enemies":"3 Sentries","floor":7.0,"turns":8.0},{"damage":6.0,"enemies":"Exordium Wildlife","floor":8.0,"turns":5.0},{"damage":0.0,"enemies":"Exordium Thugs","floor":11.0,"turns":3.0},{"damage":2.0,"enemies":"Looter","floor":13.0,"turns":3.0},{"damage":15.0,"enemies":"Lagavulin","floor":14.0,"turns":7.0},{"damage":42.0,"enemies":"Slime Boss","floor":16.0,"turns":11.0},{"damage":12.0,"enemies":"3 Byrds","floor":18.0,"turns":5.0},{"damage":10.0,"enemies":"2 Thieves","floor":20.0,"turns":4.0},{"damage":6.0,"enemies":"Gremlin Leader","floor":23.0,"turns":5.0},{"damage":0.0,"enemies":"3 Cultists","floor":24.0,"turns":2.0},{"damage":5,"enemies":"Centurion and Healer","floor":25,"turns":5},{"damage":1,"enemies":"Snecko","floor":27,"turns":3},{"damage":10,"enemies":"Book of Stabbing","floor":28,"turns":2}],"seed_played":"-6160050517027937149","potions_obtained":[{"floor":3.0,"key":"EssenceOfSteel"},{"floor":11.0,"key":"SteroidPotion"},{"floor":14.0,"key":"Swift Potion"},{"floor":16.0,"key":"CultistPotion"},{"floor":18.0,"key":"ColorlessPotion"},{"floor":27,"key":"Swift Potion"}],"is_trial":false,"path_per_floor":["M","M","M","?","?","R","E","M","T","R","M","R","M","E","R","B",null,"M","?","M","$","?","E","M","M","T","M","E"],"character_chosen":"THE_SILENT","items_purchased":["Backflip","Acrobatics","Master of Strategy"],"campfire_rested":0,"item_purchase_floors":[21,21,21],"current_hp_per_floor":[59,56,53,53,53,53,53,47,47,47,47,47,45,30,30,12,44,32,32,22,22,22,16,16,11,11,10,0,0],"gold":148,"neow_bonus":"TRANSFORM_TWO_CARDS","is_daily":false,"chose_seed":false,"campfire_upgraded":4,"win_rate":0.0,"timestamp":1611274013,"path_taken":["M","M","M","?","?","R","E","M","T","R","?","R","M","E","R","BOSS","M","?","M","$","?","E","M","M","T","M","E"],"items_purchased_type":["Card","Card","Card"],"build_version":"2020-12-22","purchased_purges":1,"victory":false,"max_hp_per_floor":[60,60,60,54,54,54,54,54,54,54,54,54,54,54,54,54,54,54,54,54,54,54,54,54,54,54,54,54,54],"relic_stats":{"Centennial Puzzle":[9],"counters":[16,74],"Golden Idol":74,"Sundial":[10],"Pantograph":24,"Pandora\u0027s Box":["Choke","Doppelganger","Bullet Time","Flying Knee","Grand Finale","Calculated Gamble","Masterful Stab","Setup"],"Prayer Wheel":1,"obtain_stats":[{"Centennial Puzzle":23,"Golden Idol":4,"Sundial":7,"Pantograph":9,"Oddly Smooth Stone":5,"Pandora\u0027s Box":17,"Prayer Wheel":26,"Ring of the Snake":0},{"Centennial Puzzle":12,"Golden Idol":3,"Sundial":4,"Pantograph":5,"Oddly Smooth Stone":3,"Pandora\u0027s Box":9,"Prayer Wheel":14,"Ring of the Snake":0},{"Centennial Puzzle":62,"Golden Idol":11,"Sundial":19,"Pantograph":24,"Oddly Smooth Stone":11,"Pandora\u0027s Box":48,"Prayer Wheel":69,"Ring of the Snake":0}],"Ring of the Snake":[32]},"card_choices":[{"not_picked":["Poisoned Stab","Heel Hook"],"picked":"Flying Knee","floor":1.0},{"not_picked":["Deflect","Outmaneuver"],"picked":"Dagger Spray","floor":2.0},{"not_picked":["Outmaneuver","Sucker Punch"],"picked":"Slice","floor":3.0},{"not_picked":["All Out Attack","Quick Slash","Heel Hook"],"picked":"SKIP","floor":7.0},{"not_picked":["Backflip","Choke"],"picked":"Dash","floor":8.0},{"not_picked":["Deadly Poison","Reflex"],"picked":"Envenom","floor":11.0},{"not_picked":["Underhanded Strike","Endless Agony"],"picked":"Eviscerate","floor":13.0},{"not_picked":["Escape Plan","Sucker Punch"],"picked":"Backstab","floor":14.0},{"not_picked":["Envenom","Phantasmal Killer"],"picked":"After Image","floor":16.0},{"not_picked":["Backstab","Flechettes"],"picked":"Expertise","floor":18.0},{"not_picked":["Sucker Punch","Poisoned Stab"],"picked":"Backflip","floor":20.0},{"not_picked":["Catalyst","Dodge and Roll","Quick Slash"],"picked":"SKIP","floor":23.0},{"not_picked":["Cloak And Dagger","Setup"],"picked":"Reflex","floor":24.0},{"not_picked":["Predator","PiercingWail","Dagger Throw"],"picked":"SKIP","floor":25},{"not_picked":["Caltrops","Catalyst"],"picked":"Backflip","floor":27},{"not_picked":["Quick Slash","Riddle With Holes+1","Setup"],"picked":"SKIP","floor":27}],"player_experience":1804568,"relics_obtained":[{"floor":5.0,"key":"Oddly Smooth Stone"},{"floor":7.0,"key":"Sundial"},{"floor":9.0,"key":"Pantograph"},{"floor":23.0,"key":"Centennial Puzzle"},{"floor":26,"key":"Prayer Wheel"}],"event_choices":[{"damage_healed":0.0,"max_hp_gain":0.0,"max_hp_loss":6.0,"gold_gain":0.0,"event_name":"Golden Idol","player_choice":"Lose Max HP","floor":4.0,"gold_loss":0.0,"damage_taken":0.0,"relics_obtained":["Golden Idol"]},{"damage_healed":0.0,"max_hp_gain":0.0,"max_hp_loss":0.0,"gold_gain":0.0,"event_name":"Wheel of Change","player_choice":"Relic","floor":5.0,"gold_loss":0.0,"damage_taken":0.0},{"damage_healed":0.0,"max_hp_gain":0.0,"max_hp_loss":0.0,"gold_gain":0.0,"event_name":"The Mausoleum","player_choice":"Ignored","floor":19.0,"gold_loss":0.0,"damage_taken":0.0},{"damage_healed":0.0,"max_hp_gain":0.0,"max_hp_loss":0.0,"gold_gain":0.0,"event_name":"Vampires","player_choice":"Ignored","floor":22.0,"gold_loss":0.0,"damage_taken":0.0}],"is_beta":false,"boss_relics":[{"not_picked":["Coffee Dripper","Runic Pyramid"],"picked":"Pandora\u0027s Box"}],"items_purged_floors":[21],"is_endless":false,"potions_floor_spawned":[3,11,14,16,18,24,27],"killed_by":"Book of Stabbing","ascension_level":20}}