{"host":"sc0o2qwpf9j16a4i","time":1611330975,"event":{"mods":["AchievementEnabler","BaseMod","BetterRewards","Block Reminder","Colored Map","Colored Powertips","Custom Start","Highlight Path","Minty Spire (QoL Compilation)","Relic Stats"],"gold_per_floor":[117,392,406,23,35,66,66,96,96,126,139,150,150,167,167,238,238,253,253,270,270,270,270,270],"floor_reached":23,"language":"ENG","playtime":733,"items_purged":[],"score":597,"play_id":"0c405204-7f8e-42b4-94da-80020113ea1c","local_time":"20210122175615","daily_mods":["Chimera","Hoarder","Night Terrors"],"is_ascension_mode":true,"campfire_choices":[{"data":"Combust","floor":7,"key":"SMITH"},{"data":"Armaments","floor":15,"key":"SMITH"}],"circlet_count":0,"master_deck":["AscendersBane","Bash+1","Survivor","Zap","Eruption","Defend_R","Defend_G","Defend_P","Headbutt","Headbutt","Headbutt","Regret","Regret","Combust+1","Combust","Combust","Shrug It Off","Shrug It Off","Shrug It Off","Blood for Blood","Blood for Blood","Blood for Blood","True Grit","True Grit","True Grit","Inflame","Inflame","Inflame","Disarm","Disarm+1","Disarm","Armaments","Armaments","Armaments+1","Impervious","Impervious","Impervious","Uppercut","Uppercut","Uppercut","Bite","Bite","Bite","Bite","Bite","Bite","Bite","Bite","Bite","Bite","Bite","Bite","Bite","Bite","Bite","Shockwave","Shockwave","Shockwave","Necronomicurse","Necronomicurse","Necronomicurse"],"relics":["Burning Blood","Gambling Chip","Boot","Meat on the Bone","Red Skull","Whetstone","Black Star","Necronomicon"],"acts_visited":["Exordium","TheCity"],"potions_floor_usage":[10,11,14,23],"damage_taken":[{"damage":0,"enemies":"Small Slimes","floor":1,"turns":4},{"damage":10,"enemies":"Cultist","floor":3,"turns":4},{"damage":9,"enemies":"Jaw Worm","floor":5,"turns":4},{"damage":18,"enemies":"3 Sentries","floor":6,"turns":4},{"damage":42,"enemies":"Gremlin Nob","floor":8,"turns":4},{"damage":13,"enemies":"3 Sentries","floor":10,"turns":4},{"damage":18,"enemies":"Exordium Thugs","floor":11,"turns":3},{"damage":7,"enemies":"3 Louse","floor":12,"turns":3},{"damage":2,"enemies":"Blue Slaver","floor":14,"turns":6},{"damage":26,"enemies":"Slime Boss","floor":16,"turns":5},{"damage":21,"enemies":"Chosen","floor":18,"turns":4},{"damage":23,"enemies":"Shell Parasite","floor":20,"turns":8},{"damage":48,"enemies":"Sentry and Sphere","floor":23,"turns":7}],"seed_played":"-1493927776375398665","potions_obtained":[{"floor":8,"key":"DuplicationPotion"},{"floor":10,"key":"Explosive Potion"},{"floor":11,"key":"LiquidMemories"},{"floor":12,"key":"FearPotion"},{"floor":18,"key":"SmokeBomb"},{"floor":20,"key":"DistilledChaos"}],"is_trial":true,"path_per_floor":["M","?","M","$","M","E","R","E","T","E","M","M","?","M","R","B",null,"M","?","M","?","?","M"],"character_chosen":"IRONCLAD","items_purchased":["Gambling Chip","Shrug It Off"],"campfire_rested":0,"item_purchase_floors":[4,4],"current_hp_per_floor":[74,74,70,70,67,55,55,19,19,24,24,35,12,28,28,20,61,46,46,46,25,25,0,0],"gold":270,"neow_bonus":"","is_daily":false,"chose_seed":false,"campfire_upgraded":2,"win_rate":0.0,"timestamp":1611330975,"path_taken":["M","?","M","$","M","E","R","E","T","E","M","?","?","M","R","BOSS","M","?","M","?","?","M"],"items_purchased_type":["Relic","Card"],"build_version":"2020-12-22","purchased_purges":0,"victory":false,"max_hp_per_floor":[75,75,75,75,75,75,75,75,75,75,75,75,75,75,75,75,75,75,52,52,52,52,52,52],"relic_stats":{"counters":[13,60],"Gambling Chip":[39],"Black Star":0,"Necronomicon":[1],"Whetstone":["Strike_R","Strike_B"],"Boot":[3],"obtain_stats":[{"Gambling Chip":4,"Black Star":17,"Necronomicon":21,"Whetstone":10,"Boot":6,"Burning Blood":0,"Red Skull":9,"Meat on the Bone":8},{"Gambling Chip":2,"Black Star":10,"Necronomicon":12,"Whetstone":6,"Boot":4,"Burning Blood":0,"Red Skull":5,"Meat on the Bone":5},{"Gambling Chip":8,"Black Star":41,"Necronomicon":53,"Whetstone":24,"Boot":16,"Burning Blood":0,"Red Skull":20,"Meat on the Bone":20}],"Burning Blood":72,"Meat on the Bone":60},"card_choices":[{"not_picked":["Bloodletting","Feel No Pain"],"picked":"Headbutt","floor":1},{"not_picked":["Clothesline","Twin Strike"],"picked":"Combust","floor":3},{"not_picked":["Headbutt","Body Slam","Shrug It Off"],"picked":"SKIP","floor":5},{"not_picked":["Pummel","Cleave"],"picked":"Blood for Blood","floor":6},{"not_picked":["Rampage","Sword Boomerang"],"picked":"True Grit","floor":8},{"not_picked":["Heavy Blade","Headbutt","Cleave"],"picked":"SKIP","floor":10},{"not_picked":["Dropkick","Brutality"],"picked":"Inflame","floor":11},{"not_picked":["Heavy Blade","Twin Strike"],"picked":"Disarm","floor":12},{"not_picked":["Headbutt","Burning Pact"],"picked":"Armaments","floor":14},{"not_picked":["Berserk","Offering"],"picked":"Impervious","floor":16},{"not_picked":["Pommel Strike","Perfected Strike"],"picked":"Uppercut","floor":18},{"not_picked":["Sentinel","True Grit"],"picked":"Shockwave","floor":20}],"player_experience":890709,"relics_obtained":[{"floor":6,"key":"Boot"},{"floor":8,"key":"Meat on the Bone"},{"floor":9,"key":"Red Skull"},{"floor":10,"key":"Whetstone"},{"floor":21,"key":"Necronomicon"}],"event_choices":[{"damage_healed":0,"gold_gain":275,"player_choice":"Desecrate","damage_taken":0,"max_hp_gain":0,"max_hp_loss":0,"event_name":"Golden Shrine","floor":2,"gold_loss":0,"cards_obtained":["Regret"]},{"damage_healed":0,"gold_gain":0,"player_choice":"Entered Light","damage_taken":23,"max_hp_gain":0,"max_hp_loss":0,"event_name":"Shining Light","floor":13,"gold_loss":0,"cards_upgraded":["Disarm","Bash"]},{"damage_healed":0,"gold_gain":0,"player_choice":"Became a vampire","damage_taken":0,"max_hp_gain":0,"max_hp_loss":23,"event_name":"Vampires","floor":19,"gold_loss":0,"cards_obtained":["Bite","Bite","Bite","Bite","Bite"]},{"damage_healed":0,"gold_gain":0,"player_choice":"Obtained Book","damage_taken":21,"max_hp_gain":0,"max_hp_loss":0,"event_name":"Cursed Tome","floor":21,"gold_loss":0},{"cards_removed":["Regret"],"damage_healed":0,"gold_gain":0,"player_choice":"Elegance","damage_taken":0,"max_hp_gain":0,"max_hp_loss":0,"event_name":"Back to Basics","floor":22,"gold_loss":0}],"is_beta":false,"boss_relics":[{"not_picked":["Fusion Hammer","SacredBark"],"picked":"Black Star"}],"items_purged_floors":[],"is_endless":false,"potions_floor_spawned":[8,10,11,12,18,20],"killed_by":"Sentry and Sphere","ascension_level":20}}