{"host":"5jzx1090woovszu4","time":1611352715,"event":{"mods":["BaseMod","Hermit","Minty Spire (QoL Compilation)","Shade Mod","Spicy Shops","StSLib","The Marked"],"gold_per_floor":[19,32,32,55,55,55,88,88,88,88,88,88,101,119,119,249,312,330,330,345,345,345,380,380,413,464,140,140,158,158,498,498,498,498],"floor_reached":33,"language":"ENG","playtime":2166,"items_purged":["theMarked:Strike","theMarked:Defend"],"score":316,"play_id":"23d7aefe-7525-4c79-ab51-712bf6179239","local_time":"20210122225835","is_ascension_mode":true,"campfire_choices":[{"data":"theMarked:BanishingStrike","floor":6,"key":"SMITH"},{"floor":8,"key":"REST"},{"data":"theMarked:WardOff","floor":11,"key":"SMITH"},{"floor":12,"key":"REST"},{"data":"theMarked:WardOff","floor":15,"key":"SMITH"},{"data":"theMarked:Abjuration","floor":24,"key":"SMITH"},{"floor":28,"key":"REST"},{"floor":30,"key":"REST"},{"floor":32,"key":"REST"}],"circlet_count":0,"master_deck":["theMarked:Strike","theMarked:Strike+1","theMarked:Strike","theMarked:Defend","theMarked:Defend","theMarked:Defend","theMarked:SoldierOfQuellstein","theMarked:SwordAndMagic","theMarked:WardOff+1","theMarked:BanishingStrike+1","theMarked:Static","theMarked:WardOff+1","theMarked:TurnInvisible","theMarked:BanishingStrike","theMarked:BanishingStrike","theMarked:Abjuration+1","Writhe","theMarked:Seal+1","theMarked:EternalStudent","theMarked:Abjuration+1"],"relics":["theMarked:ArtifactOfAir","Du-Vu Doll","Golden Idol","WingedGreaves","Gambling Chip","Tiny House","Art of War","Potion Belt","Juzu Bracelet","DollysMirror","Old Coin"],"acts_visited":["Exordium","TheCity"],"potions_floor_usage":[13,23,31,33,33],"damage_taken":[{"damage":3,"enemies":"2 Louse","floor":1,"turns":3},{"damage":1,"enemies":"Jaw Worm","floor":2,"turns":2},{"damage":1,"enemies":"Cultist","floor":4,"turns":4},{"damage":23,"enemies":"Gremlin Nob","floor":7,"turns":4},{"damage":0,"enemies":"Blue Slaver","floor":13,"turns":3},{"damage":2,"enemies":"3 Louse","floor":14,"turns":4},{"damage":36,"enemies":"Hexaghost","floor":16,"turns":9},{"damage":0,"enemies":"Chosen","floor":18,"turns":3},{"damage":10,"enemies":"3 Byrds","floor":20,"turns":5},{"damage":22,"enemies":"Gremlin Leader","floor":23,"turns":4},{"damage":21,"enemies":"Slavers","floor":25,"turns":4},{"damage":11,"enemies":"Snake Plant","floor":29,"turns":2},{"damage":26,"enemies":"Gremlin Leader","floor":31,"turns":4},{"damage":53,"enemies":"Champ","floor":33,"turns":9}],"seed_played":"4253145343135401150","potions_obtained":[{"floor":1,"key":"Energy Potion"},{"floor":7,"key":"SmokeBomb"},{"floor":16,"key":"theMarked:ChargePotion"},{"floor":17,"key":"GamblersBrew"},{"floor":18,"key":"AttackPotion"},{"floor":23,"key":"theMarked:ChargePotion"},{"floor":31,"key":"SkillPotion"}],"is_trial":false,"path_per_floor":["M","M","?","M","?","R","E","R","T","T","R","R","M","M","R","B",null,"M","?","M","?","?","E","R","E","T","$","R","M","R","E","R","B"],"character_chosen":"THE_DEFAULT","items_purchased":["DollysMirror"],"campfire_rested":5,"item_purchase_floors":[27],"current_hp_per_floor":[67,66,49,48,41,41,18,39,39,39,39,60,60,58,58,22,75,75,75,65,65,65,43,43,22,22,22,44,33,55,29,51,0,0],"gold":498,"neow_bonus":"ONE_RARE_RELIC","is_daily":false,"chose_seed":false,"campfire_upgraded":4,"win_rate":0.0,"timestamp":1611352715,"path_taken":["M","M","?","M","?","R","E","R","T","?","R","R","M","?","R","BOSS","M","?","M","?","?","E","R","E","T","$","R","M","R","E","R","BOSS"],"items_purchased_type":["Relic"],"build_version":"2020-12-22","purchased_purges":2,"victory":false,"max_hp_per_floor":[70,70,70,70,70,70,70,70,70,70,70,70,70,70,70,70,75,75,75,75,75,75,75,75,75,75,75,75,75,75,75,75,75,75],"card_choices":[{"not_picked":["theMarked:SelfDefenseTraining","theMarked:ElectricStrings"],"picked":"theMarked:SwordAndMagic","floor":1},{"not_picked":["theMarked:RepellingDischarge","theMarked:WastefulDefense"],"picked":"theMarked:WardOff","floor":2},{"not_picked":["theMarked:Improvise","theMarked:Static"],"picked":"theMarked:BanishingStrike","floor":4},{"not_picked":["theMarked:PowerFlow","theMarked:EmpowerWeapon"],"picked":"theMarked:Static","floor":7},{"not_picked":["theMarked:WastefulAttack","theMarked:LightningStrikesTwice"],"picked":"theMarked:WardOff","floor":13},{"not_picked":["theMarked:RepellingDischarge","theMarked:ChainLightning","theMarked:TakeCover"],"picked":"SKIP","floor":14},{"not_picked":["theMarked:ThrowWeapon","theMarked:Snap"],"picked":"theMarked:TurnInvisible","floor":16},{"not_picked":["theMarked:ElectricStrings","theMarked:Parry"],"picked":"theMarked:BanishingStrike","floor":17},{"not_picked":["theMarked:Standoff","theMarked:WastefulAttack"],"picked":"theMarked:BanishingStrike","floor":18},{"not_picked":["theMarked:Aftermath+1","theMarked:RepellingDischarge","theMarked:Frustration"],"picked":"SKIP","floor":20},{"not_picked":["theMarked:Parkour","theMarked:EmpowerWeapon"],"picked":"theMarked:Seal+1","floor":23},{"not_picked":["theMarked:SummonStrength","theMarked:Indomitable+1"],"picked":"theMarked:EternalStudent","floor":25},{"not_picked":["theMarked:Electrify","theMarked:Indomitable","theMarked:Static"],"picked":"SKIP","floor":29},{"not_picked":["theMarked:Aftermath+1","theMarked:WastefulDefense","theMarked:Improvise+1"],"picked":"SKIP","floor":31}],"player_experience":662290,"relics_obtained":[{"floor":7,"key":"WingedGreaves"},{"floor":9,"key":"Gambling Chip"},{"floor":25,"key":"Potion Belt"},{"floor":26,"key":"Juzu Bracelet"},{"floor":31,"key":"Old Coin"}],"event_choices":[{"damage_healed":0,"gold_gain":0,"player_choice":"Take Damage","damage_taken":17,"relics_obtained":["Golden Idol"],"max_hp_gain":0,"max_hp_loss":0,"event_name":"Golden Idol","floor":3,"gold_loss":0},{"cards_removed":["theMarked:Strike"],"damage_healed":0,"gold_gain":0,"player_choice":"Card Removal","damage_taken":7,"max_hp_gain":0,"max_hp_loss":0,"event_name":"Golden Wing","floor":5,"gold_loss":0},{"damage_healed":0,"gold_gain":0,"player_choice":"Read","damage_taken":0,"max_hp_gain":0,"max_hp_loss":0,"event_name":"The Library","floor":19,"gold_loss":0,"cards_obtained":["theMarked:Abjuration"]},{"damage_healed":0,"gold_gain":0,"player_choice":"Opened","damage_taken":0,"relics_obtained":["Art of War"],"max_hp_gain":0,"max_hp_loss":0,"event_name":"The Mausoleum","floor":21,"gold_loss":0,"cards_obtained":["Writhe"]},{"damage_healed":0,"gold_gain":0,"player_choice":"Ignored","damage_taken":0,"max_hp_gain":0,"max_hp_loss":0,"event_name":"Vampires","floor":22,"gold_loss":0}],"is_beta":false,"boss_relics":[{"not_picked":["Cursed Key","Calling Bell"],"picked":"Tiny House"}],"items_purged_floors":[27,27],"is_endless":false,"potions_floor_spawned":[1,7,16,18,23,31],"killed_by":"Champ","ascension_level":1}}