{"host":"3jjxuhjpio8e4zkv","time":1611355226,"event":{"mods":["BaseMod","Colored Map","Highlight Path","Minty Spire (QoL Compilation)","Permanent Neow","Relic Stats","StSLib"],"gold_per_floor":[113,113,113,38,50,79,79,79,79,105,105,150,175,4,16,16,29,29,29,108,108,124,24,24,35,85,120,139,139,189,189,204,239,251,263,263,341,341,356,356,43,43,53,53,93,93,93,113,146,180,190,67,67,67,67,67,67,13,13,13],"floor_reached":58,"language":"ENG","playtime":2541,"items_purged":["Defend_R","Strike_R","Bash"],"score":1996,"play_id":"87132074-b9f0-48b7-b86e-3cf8d428bea8","local_time":"20210122174026","is_ascension_mode":true,"campfire_choices":[{"floor":8.0,"key":"REST"},{"data":"Uppercut","floor":15.0,"key":"SMITH"},{"data":"Intimidate","floor":18.0,"key":"SMITH"},{"data":"Evolve","floor":28.0,"key":"SMITH"},{"data":"Inflame","floor":30.0,"key":"SMITH"},{"data":"Sword Boomerang","floor":35.0,"key":"SMITH"},{"data":"Limit Break","floor":43.0,"key":"SMITH"},{"floor":45.0,"key":"RECALL"},{"data":"True Grit","floor":52.0,"key":"SMITH"},{"data":"Rage","floor":56,"key":"SMITH"}],"circlet_count":0,"master_deck":["AscendersBane","Defend_R","Defend_R","Defend_R","Twin Strike","Anger","Battle Trance","Uppercut+1","Dropkick","Thunderclap","Intimidate+1","Brutality","Inflame+1","Second Wind+1","Evolve+1","Sword Boomerang+1","Limit Break+1","Power Through","Offering","Dual Wield","Shrug It Off+1","Rage+1","True Grit+1"],"relics":["Burning Blood","NeowsBlessing","Oddly Smooth Stone","Shuriken","Gremlin Horn","Pen Nib","Tiny Chest","HandDrill","Red Skull","Empty Cage","Centennial Puzzle","Potion Belt","Calling Bell","Happy Flower","Pantograph","Turnip","Molten Egg 2","CeramicFish","Self Forming Clay","Juzu Bracelet","Ginger"],"acts_visited":["Exordium","TheCity","TheBeyond","TheEnding"],"potions_floor_usage":[53,53,53,58],"damage_taken":[{"damage":0.0,"enemies":"2 Louse","floor":1.0,"turns":1.0},{"damage":0.0,"enemies":"Small Slimes","floor":5.0,"turns":1.0},{"damage":0.0,"enemies":"Lagavulin","floor":6.0,"turns":1.0},{"damage":75.0,"enemies":"Jaw Worm","floor":7.0,"turns":7.0},{"damage":8.0,"enemies":"Gremlin Nob","floor":9.0,"turns":3.0},{"damage":28.0,"enemies":"Lagavulin","floor":12.0,"turns":6.0},{"damage":7.0,"enemies":"Blue Slaver","floor":14.0,"turns":2.0},{"damage":2.0,"enemies":"Looter","floor":16.0,"turns":2.0},{"damage":8.0,"enemies":"Hexaghost","floor":19.0,"turns":5.0},{"damage":4.0,"enemies":"Chosen","floor":21.0,"turns":3.0},{"damage":12.0,"enemies":"3 Byrds","floor":24.0,"turns":3.0},{"damage":6.0,"enemies":"Book of Stabbing","floor":26.0,"turns":4.0},{"damage":2.0,"enemies":"Centurion and Healer","floor":27.0,"turns":3.0},{"damage":17.0,"enemies":"Shelled Parasite and Fungi","floor":31.0,"turns":3.0},{"damage":8.0,"enemies":"Slavers","floor":32.0,"turns":4.0},{"damage":21.0,"enemies":"Snecko","floor":33.0,"turns":4.0},{"damage":0.0,"enemies":"3 Cultists","floor":34.0,"turns":3.0},{"damage":18.0,"enemies":"Champ","floor":36.0,"turns":6.0},{"damage":18.0,"enemies":"3 Darklings","floor":38.0,"turns":4.0},{"damage":10.0,"enemies":"Orb Walker","floor":42.0,"turns":4.0},{"damage":17.0,"enemies":"Nemesis","floor":44.0,"turns":3.0},{"damage":17.0,"enemies":"Sphere and 2 Shapes","floor":47.0,"turns":3.0},{"damage":8.0,"enemies":"Reptomancer","floor":48.0,"turns":3.0},{"damage":10.0,"enemies":"Mind Bloom Boss Battle","floor":49.0,"turns":5.0},{"damage":34.0,"enemies":"4 Shapes","floor":50.0,"turns":6.0},{"damage":37,"enemies":"Awakened One","floor":53,"turns":11},{"damage":116,"enemies":"Time Eater","floor":54,"turns":17},{"damage":64,"enemies":"Shield and Spear","floor":58,"turns":5}],"seed_played":"3122107625237143985","potions_obtained":[{"floor":5.0,"key":"Energy Potion"},{"floor":9.0,"key":"BloodPotion"},{"floor":12.0,"key":"LiquidBronze"},{"floor":19.0,"key":"ColorlessPotion"},{"floor":24.0,"key":"SkillPotion"},{"floor":27.0,"key":"Explosive Potion"},{"floor":36.0,"key":"BloodPotion"},{"floor":38.0,"key":"Energy Potion"},{"floor":47.0,"key":"BloodPotion"},{"floor":48.0,"key":"BlessingOfTheForge"}],"is_trial":false,"path_per_floor":["M","?","?","$","M","E","M","R","E","T","T","E","$","M","R","M","T","R","B",null,"M","$","?","M","?","E","M","R","T","R","M","E","M","M","R","B",null,"M","T","$","?","M","R","E","R","T","M","E","?","M","$","R","B","B",null,"R","$","E"],"character_chosen":"IRONCLAD","items_purchased":["HandDrill","FairyPotion","Power Through","True Grit","Regen Potion","PowerPotion"],"campfire_rested":1,"item_purchase_floors":[13,40,40,51,51,57],"current_hp_per_floor":[74,67,67,67,73,75,0,0,22,20,20,20,13,13,12,12,16,16,16,14,60,62,62,62,56,49,49,53,53,53,53,42,40,25,31,31,19,61,49,49,49,49,45,45,34,34,34,23,21,42,14,29,29,53,8,58,58,58,0,0],"gold":13,"neow_bonus":"THREE_ENEMY_KILL","is_daily":false,"chose_seed":false,"campfire_upgraded":8,"win_rate":0.0,"timestamp":1611355226,"path_taken":["M","?","?","?","M","E","M","R","E","T","T","E","$","M","R","M","?","R","BOSS","M","$","?","M","?","E","M","R","T","R","M","E","M","M","R","BOSS","M","?","$","?","M","R","E","R","T","M","E","?","M","$","R","BOSS","BOSS","R","$","E"],"items_purchased_type":["Relic","Potion","Card","Card","Potion","Potion"],"build_version":"2020-12-22","purchased_purges":3,"victory":false,"max_hp_per_floor":[75,75,75,75,75,75,75,75,75,75,75,75,75,75,75,75,75,75,75,75,75,75,75,75,75,75,75,75,75,75,75,75,75,75,75,75,75,75,75,75,75,75,75,75,75,75,75,75,75,75,75,75,75,75,75,75,75,75,75,75],"relic_stats":{"Gremlin Horn":[11,20],"Happy Flower":[20],"counters":[28,122],"Self Forming Clay":[156],"CeramicFish":36,"Pen Nib":[26],"Juzu Bracelet":1,"Ginger":[3],"Burning Blood":152,"Centennial Puzzle":[45],"Shuriken":[58],"Pantograph":72,"Tiny Chest":1,"Turnip":[8],"HandDrill":[24],"obtain_stats":[{"Potion Belt":32,"NeowsBlessing":0,"Gremlin Horn":10,"Happy Flower":37,"Self Forming Clay":46,"CeramicFish":44,"Oddly Smooth Stone":6,"Pen Nib":11,"Juzu Bracelet":48,"Ginger":49,"Empty Cage":20,"Burning Blood":0,"Calling Bell":37,"Centennial Puzzle":26,"Shuriken":9,"Pantograph":37,"Tiny Chest":12,"Molten Egg 2":39,"Turnip":37,"HandDrill":13,"Red Skull":17},{"Potion Belt":15,"NeowsBlessing":0,"Gremlin Horn":5,"Happy Flower":18,"Self Forming Clay":21,"CeramicFish":21,"Oddly Smooth Stone":3,"Pen Nib":5,"Juzu Bracelet":23,"Ginger":24,"Empty Cage":9,"Burning Blood":0,"Calling Bell":18,"Centennial Puzzle":12,"Shuriken":5,"Pantograph":18,"Tiny Chest":6,"Molten Egg 2":19,"Turnip":18,"HandDrill":6,"Red Skull":8},{"Potion Belt":48,"NeowsBlessing":0,"Gremlin Horn":13,"Happy Flower":61,"Self Forming Clay":72,"CeramicFish":72,"Oddly Smooth Stone":3,"Pen Nib":13,"Juzu Bracelet":78,"Ginger":83,"Empty Cage":28,"Burning Blood":0,"Calling Bell":61,"Centennial Puzzle":38,"Shuriken":13,"Pantograph":61,"Tiny Chest":19,"Molten Egg 2":65,"Turnip":61,"HandDrill":19,"Red Skull":23}]},"card_choices":[{"not_picked":["Clash","Body Slam"],"picked":"Twin Strike","floor":1.0},{"not_picked":["Combust","Wild Strike"],"picked":"Battle Trance","floor":5.0},{"not_picked":["Anger","Reckless Charge","Havoc"],"picked":"SKIP","floor":6.0},{"not_picked":["Ghostly Armor","Cleave"],"picked":"Uppercut","floor":9.0},{"not_picked":["Dark Embrace","Sentinel"],"picked":"Dropkick","floor":12.0},{"not_picked":["Feel No Pain","Anger"],"picked":"Thunderclap","floor":14.0},{"not_picked":["Flex","Dual Wield"],"picked":"Intimidate","floor":16.0},{"not_picked":["Barricade","Juggernaut"],"picked":"Brutality","floor":19.0},{"not_picked":["Shrug It Off","Thunderclap"],"picked":"Inflame","floor":21.0},{"not_picked":["Anger","Body Slam"],"picked":"Second Wind+1","floor":24.0},{"not_picked":["Iron Wave","Blood for Blood"],"picked":"Evolve","floor":26.0},{"not_picked":["Second Wind","Bloodletting","Shockwave"],"picked":"SKIP","floor":27.0},{"not_picked":["Flex","Anger","Brutality"],"picked":"SKIP","floor":31.0},{"not_picked":["Combust","Warcry","Sword Boomerang"],"picked":"SKIP","floor":32.0},{"not_picked":["Combust","Warcry"],"picked":"Sword Boomerang","floor":32.0},{"not_picked":["Rupture","Flex","Perfected Strike"],"picked":"SKIP","floor":33.0},{"not_picked":["Carnage","Flex","Headbutt"],"picked":"SKIP","floor":34.0},{"not_picked":["Feed","Juggernaut"],"picked":"Limit Break","floor":36.0},{"not_picked":["Iron Wave","Armaments","Shrug It Off"],"picked":"SKIP","floor":38.0},{"not_picked":["Headbutt+1","Evolve"],"picked":"Offering","floor":42.0},{"not_picked":["Shockwave","Impervious"],"picked":"Dual Wield","floor":44.0},{"not_picked":["Thunderclap+1","Clash+1"],"picked":"Shrug It Off+1","floor":47.0},{"not_picked":["Bludgeon+1","Sword Boomerang+1","Twin Strike+1"],"picked":"SKIP","floor":48.0},{"not_picked":["Metallicize","Sword Boomerang+1"],"picked":"Rage","floor":49.0},{"not_picked":["Armaments+1","Sword Boomerang+1","Thunderclap+1"],"picked":"SKIP","floor":50.0}],"player_experience":1225478,"relics_obtained":[{"floor":6.0,"key":"Oddly Smooth Stone"},{"floor":9.0,"key":"Shuriken"},{"floor":10.0,"key":"Gremlin Horn"},{"floor":11.0,"key":"Pen Nib"},{"floor":12.0,"key":"Tiny Chest"},{"floor":17.0,"key":"Red Skull"},{"floor":26.0,"key":"Centennial Puzzle"},{"floor":32.0,"key":"Potion Belt"},{"floor":37.0,"key":"Happy Flower"},{"floor":37.0,"key":"Pantograph"},{"floor":37.0,"key":"Turnip"},{"floor":39.0,"key":"Molten Egg 2"},{"floor":44.0,"key":"CeramicFish"},{"floor":46.0,"key":"Self Forming Clay"},{"floor":48.0,"key":"Juzu Bracelet"},{"floor":49.0,"key":"Ginger"}],"event_choices":[{"cards_removed":["Strike_R"],"damage_healed":0.0,"max_hp_gain":0.0,"max_hp_loss":0.0,"gold_gain":0.0,"event_name":"Golden Wing","player_choice":"Card Removal","floor":2.0,"gold_loss":0.0,"damage_taken":7.0},{"damage_healed":0.0,"max_hp_gain":0.0,"max_hp_loss":0.0,"gold_gain":0.0,"cards_transformed":["Strike_R"],"event_name":"Living Wall","player_choice":"Change","floor":3.0,"gold_loss":0.0,"damage_taken":0.0,"cards_obtained":["Anger"]},{"damage_healed":0.0,"max_hp_gain":0.0,"max_hp_loss":0.0,"gold_gain":0.0,"event_name":"The Mausoleum","player_choice":"Ignored","floor":23.0,"gold_loss":0.0,"damage_taken":0.0},{"damage_healed":0.0,"max_hp_gain":0.0,"max_hp_loss":0.0,"gold_gain":50.0,"event_name":"FaceTrader","player_choice":"Touch","floor":25.0,"gold_loss":0.0,"damage_taken":7.0},{"damage_healed":0.0,"max_hp_gain":0.0,"max_hp_loss":0.0,"gold_gain":0.0,"event_name":"WeMeetAgain","player_choice":"Ignored","floor":41.0,"gold_loss":0.0,"damage_taken":0.0},{"damage_healed":0.0,"max_hp_gain":0.0,"max_hp_loss":0.0,"gold_gain":0.0,"event_name":"MindBloom","player_choice":"Fight","floor":49.0,"gold_loss":0.0,"damage_taken":0.0}],"is_beta":false,"boss_relics":[{"not_picked":["Sozu","Runic Pyramid"],"picked":"Empty Cage"},{"not_picked":["Fusion Hammer","Black Star"],"picked":"Calling Bell"}],"items_purged_floors":[4,22,40],"is_endless":false,"potions_floor_spawned":[5,9,12,19,24,27,36,38,47,48],"killed_by":"Shield and Spear","ascension_level":20}}