{"host":"ydg0vn0pu4pubmdt","time":1611331721,"event":{"mods":["AchievementEnabler","BaseMod","Colored Map","Gold Saver","Minty Spire (QoL Compilation)","Quick Restart","SuperFastMode"],"gold_per_floor":[118,118,8,18,18,45,56,56,134,134,34,48,64,76,76,179,179,198,211,11,11,84,84,114,114,114,213,213,213,230,241,241,343,343,362,374,374,150,168,182,208,258,258,286,301,301,301,316,316,316,316],"floor_reached":50,"language":"KOR","playtime":4351,"items_purged":["Defend_B","Strike_B","Defend_B"],"score":887,"play_id":"4c217c5c-8ad7-4b97-b518-daede9e2bf0d","local_time":"20210123010841","is_ascension_mode":true,"campfire_choices":[{"data":"Dualcast","floor":10.0,"key":"SMITH"},{"data":"Zap","floor":15.0,"key":"SMITH"},{"data":"Defragment","floor":23.0,"key":"SMITH"},{"data":"Genetic Algorithm","floor":25.0,"key":"SMITH"},{"floor":28.0,"key":"REST"},{"data":"Auto Shields","floor":32.0,"key":"SMITH"},{"data":"Bandage Up+1","floor":46,"key":"PURGE"},{"data":"Doom and Gloom","floor":49,"key":"SMITH"}],"circlet_count":0,"master_deck":["AscendersBane","Zap+1","Dualcast+1","Streamline","Doom and Gloom+1","Genetic Algorithm+1","Auto Shields+1","Defragment+1","Reboot+1","Coolheaded+1","Compile Driver+1","Reboot+1","Turbo+1","Darkness+1","Self Repair+1","Multi-Cast+1","Heatsinks+1","White Noise+1","Multi-Cast+1","Defragment+1","White Noise+1","Leap+1","Flash of Steel","Panacea+1","Double Energy+1","Machine Learning+1","Madness+1","Madness+1","Buffer+1"],"relics":["Cracked Core","NeowsBlessing","Omamori","DataDisk","Toxic Egg 2","Runic Pyramid","Frozen Egg 2","Bottled Flame","Orichalcum","Pandora\u0027s Box","Strawberry","Thread and Needle","Peace Pipe","InkBottle","Juzu Bracelet"],"acts_visited":["Exordium","TheCity","TheBeyond"],"potions_floor_usage":[],"damage_taken":[{"damage":0.0,"enemies":"Jaw Worm","floor":1.0,"turns":1.0},{"damage":0.0,"enemies":"Cultist","floor":4.0,"turns":1.0},{"damage":0.0,"enemies":"3 Sentries","floor":6.0,"turns":1.0},{"damage":0.0,"enemies":"2 Louse","floor":7.0,"turns":4.0},{"damage":11.0,"enemies":"Exordium Wildlife","floor":12.0,"turns":4.0},{"damage":0.0,"enemies":"3 Louse","floor":13.0,"turns":2.0},{"damage":0.0,"enemies":"Large Slime","floor":14.0,"turns":4.0},{"damage":34.0,"enemies":"Hexaghost","floor":16.0,"turns":9.0},{"damage":0.0,"enemies":"Spheric Guardian","floor":18.0,"turns":3.0},{"damage":13.0,"enemies":"2 Thieves","floor":19.0,"turns":3.0},{"damage":16.0,"enemies":"Gremlin Leader","floor":24.0,"turns":5.0},{"damage":0.0,"enemies":"3 Cultists","floor":30.0,"turns":3.0},{"damage":0.0,"enemies":"Snake Plant","floor":31.0,"turns":3.0},{"damage":25.0,"enemies":"Champ","floor":33.0,"turns":7.0},{"damage":15.0,"enemies":"3 Shapes","floor":35.0,"turns":3.0},{"damage":17.0,"enemies":"3 Darklings","floor":36.0,"turns":3.0},{"damage":0.0,"enemies":"Maw","floor":39.0,"turns":4.0},{"damage":1.0,"enemies":"Spire Growth","floor":40.0,"turns":4.0},{"damage":7,"enemies":"Reptomancer","floor":41,"turns":4},{"damage":0,"enemies":"Mind Bloom Boss Battle","floor":42,"turns":3},{"damage":8,"enemies":"Nemesis","floor":44,"turns":3},{"damage":0,"enemies":"Writhing Mass","floor":45,"turns":2},{"damage":0,"enemies":"Maw","floor":48,"turns":4},{"damage":86,"enemies":"Awakened One","floor":50,"turns":9}],"seed_played":"3914992027003895403","potions_obtained":[{"floor":6.0,"key":"LiquidMemories"},{"floor":7.0,"key":"SteroidPotion"},{"floor":16.0,"key":"AttackPotion"},{"floor":24.0,"key":"Explosive Potion"},{"floor":44,"key":"PowerPotion"}],"is_trial":false,"path_per_floor":["M","?","$","M","$","E","M","?","T","R","$","M","M","M","R","B",null,"M","M","$","?","T","R","E","R","T","?","R","?","M","M","R","B",null,"M","M","?","$","M","M","E","?","T","E","M","R","?","M","R","B"],"character_chosen":"DEFECT","items_purchased":["Doom and Gloom","Reboot+1","Double Energy+1","Strawberry"],"campfire_rested":1,"item_purchase_floors":[3,20,38,38],"current_hp_per_floor":[68,68,68,68,68,68,68,50,50,50,50,39,39,39,39,5,58,58,45,45,45,45,45,29,29,29,29,51,37,37,47,47,32,68,63,56,46,53,69,84,87,87,87,87,87,87,76,86,86,0,0],"gold":316,"neow_bonus":"THREE_ENEMY_KILL","is_daily":false,"chose_seed":false,"campfire_upgraded":6,"win_rate":0.0,"timestamp":1611331721,"path_taken":["M","?","$","M","?","E","M","?","T","R","$","M","M","M","R","BOSS","M","M","$","?","?","R","E","R","T","?","R","?","M","M","R","BOSS","M","M","?","$","M","M","E","?","T","E","M","R","?","M","R","BOSS"],"items_purchased_type":["Card","Card","Card","Relic"],"build_version":"2020-12-22","purchased_purges":3,"victory":false,"max_hp_per_floor":[75,75,75,75,75,75,75,75,75,75,75,75,75,75,75,75,75,75,75,75,75,75,75,75,75,75,75,75,80,80,80,80,80,80,80,80,80,87,87,87,87,87,87,87,87,87,87,87,87,87,87],"card_choices":[{"not_picked":["Consume","Gash"],"picked":"Streamline","floor":1.0},{"not_picked":["Sweeping Beam","Double Energy"],"picked":"Genetic Algorithm","floor":4.0},{"not_picked":["Cold Snap","Coolheaded"],"picked":"Auto Shields","floor":6.0},{"not_picked":["Consume","Steam Power"],"picked":"Defragment","floor":7.0},{"not_picked":["Sweeping Beam","Stack+1","Auto Shields+1"],"picked":"SKIP","floor":12.0},{"not_picked":["Hello World","Steam+1","Go for the Eyes"],"picked":"SKIP","floor":13.0},{"not_picked":["Sweeping Beam","Force Field+1","Rebound"],"picked":"SKIP","floor":14.0},{"not_picked":["Rainbow+1","Biased Cognition"],"picked":"Reboot+1","floor":16.0},{"not_picked":["Heatsinks","Chaos+1"],"picked":"Coolheaded+1","floor":18.0},{"not_picked":["Coolheaded+1","Tempest+1"],"picked":"Compile Driver+1","floor":19.0},{"not_picked":["Force Field+1","Defragment+1"],"picked":"Darkness+1","floor":24.0},{"not_picked":["Reinforced Body+1","Streamline"],"picked":"Self Repair+1","floor":30.0},{"not_picked":["Go for the Eyes","Hello World+1","Consume+1"],"picked":"SKIP","floor":31.0},{"not_picked":["Echo Form+1","Creative AI+1"],"picked":"Multi-Cast+1","floor":33.0},{"not_picked":["Doom and Gloom","Aggregate+1"],"picked":"White Noise+1","floor":35.0},{"not_picked":["Self Repair+1","Capacitor+1"],"picked":"Leap+1","floor":36.0},{"not_picked":["Blind+1","Good Instincts+1"],"picked":"Bandage Up+1","floor":37.0},{"not_picked":["Panacea+1","Forethought+1"],"picked":"Flash of Steel","floor":37.0},{"not_picked":["Purity+1","Panache+1"],"picked":"Panacea+1","floor":37.0},{"not_picked":["Rip and Tear","Gash+1","Hello World+1"],"picked":"SKIP","floor":39.0},{"not_picked":["Sweeping Beam+1","Cold Snap","Redo+1"],"picked":"SKIP","floor":40.0},{"not_picked":["Go for the Eyes","Auto Shields+1","Genetic Algorithm+1"],"picked":"SKIP","floor":41},{"not_picked":["Stack+1","Conserve Battery+1"],"picked":"Machine Learning+1","floor":44},{"not_picked":["Steam+1","Loop+1","Sweeping Beam+1"],"picked":"SKIP","floor":45},{"not_picked":["Genetic Algorithm+1","Steam Power+1"],"picked":"Buffer+1","floor":48}],"player_experience":534867,"relics_obtained":[{"floor":6.0,"key":"Omamori"},{"floor":9.0,"key":"Toxic Egg 2"},{"floor":22.0,"key":"Frozen Egg 2"},{"floor":24.0,"key":"Bottled Flame"},{"floor":26.0,"key":"Orichalcum"},{"floor":41,"key":"Thread and Needle"},{"floor":42,"key":"Peace Pipe"},{"floor":43,"key":"InkBottle"},{"floor":44,"key":"Juzu Bracelet"}],"event_choices":[{"cards_removed":["Strike_B"],"damage_healed":0.0,"max_hp_gain":0.0,"max_hp_loss":0.0,"gold_gain":0.0,"event_name":"Bonfire Elementals","player_choice":"Offered Basic","floor":2.0,"gold_loss":0.0,"damage_taken":0.0},{"damage_healed":0.0,"max_hp_gain":0.0,"max_hp_loss":0.0,"gold_gain":0.0,"event_name":"Scrap Ooze","player_choice":"Success","floor":8.0,"gold_loss":0.0,"damage_taken":18.0,"relics_obtained":["DataDisk"]},{"damage_healed":0.0,"max_hp_gain":0.0,"max_hp_loss":0.0,"gold_gain":0.0,"event_name":"The Library","player_choice":"Read","floor":21.0,"gold_loss":0.0,"damage_taken":0.0,"cards_obtained":["Turbo"]},{"damage_healed":0.0,"max_hp_gain":0.0,"max_hp_loss":0.0,"gold_gain":99.0,"event_name":"Nest","player_choice":"Stole From Cult","floor":27.0,"gold_loss":0.0,"damage_taken":0.0},{"damage_healed":0.0,"max_hp_gain":5.0,"max_hp_loss":0.0,"gold_gain":0.0,"event_name":"Forgotten Altar","player_choice":"Shed Blood","floor":29.0,"gold_loss":0.0,"damage_taken":19.0},{"damage_healed":0.0,"max_hp_gain":0.0,"max_hp_loss":0.0,"gold_gain":0.0,"event_name":"SensoryStone","player_choice":"Memory 3","floor":37.0,"gold_loss":0.0,"damage_taken":10.0},{"damage_healed":0,"gold_gain":0,"player_choice":"Fight","damage_taken":0,"max_hp_gain":0,"max_hp_loss":0,"event_name":"MindBloom","floor":42,"gold_loss":0},{"damage_healed":0,"gold_gain":0,"player_choice":"Embrace Madness","damage_taken":11,"max_hp_gain":0,"max_hp_loss":0,"event_name":"Winding Halls","floor":47,"gold_loss":0,"cards_obtained":["Madness","Madness"]}],"is_beta":false,"boss_relics":[{"not_picked":["Black Star","Tiny House"],"picked":"Runic Pyramid"},{"not_picked":["FrozenCore","Calling Bell"],"picked":"Pandora\u0027s Box"}],"items_purged_floors":[3,11,20],"is_endless":false,"potions_floor_spawned":[6,7,16,18,24,33,39,40,44],"killed_by":"Awakened One","ascension_level":11}}