{"host":"abhbgv41bhc6niu2","time":1611323491,"event":{"mods":["AchievementEnabler","Act Like it!","Aspiration","BaseMod","Colored Map","Colored Powertips","Dota2Spire","Friendly Minions","Gensokyo","GifTheSpireLib","Hallownest","Hermit","Highlight Path","Infinite Spire","KinomotoSakuraMod(木之本樱)","Koishi","Lobotomy","LobotomyExtend","Marisa（F雨　魔理沙）","Minty Spire (QoL Compilation)","Quick Restart","Rare Cards Sparkle","Relic Stats","Remilia（蕾米莉亚）","Replay The Spire","RumiaBox-露米娅的神秘盒子","Spicy Shops","StSLib","The Administrix","The Animator","The Blackbeard","The Bug Knight","The Cursed","The Hierophant","The Mystic","The Runesmith","The Servant 0.9.4","Yakumo Yukari mod","Youmu（魂魄妖梦）","Yuyuko","vexMod","【功能Mod】混沌之环修复补丁","【功能Mod】聪明的最终Boss"],"gold_per_floor":[133,143,143,143,153,153,153],"floor_reached":6,"language":"ZHS","playtime":800,"items_purged":[],"score":36,"play_id":"934b676c-ad92-4bdf-b41f-c18d2920caed","local_time":"20210122215131","is_ascension_mode":false,"campfire_choices":[],"circlet_count":0,"master_deck":["AT_purpleEX","AT_purpleEX","AT_purpleEX","AT_purpleEX","Defend_purpleEX","Defend_purpleEX","Defend_purpleEX","Defend_purpleEX","Observe_purple_1","Observe_purple_2","Mirror_FormAndEmptin_purple","Laetitia","FairyFestival","RuptureOfTimeAndSpace_purple","MHz","Mirror_FormAndEmptin_purple"],"relics":["Boundary_crack","Memoryfragments_purpleEX","CogitoBucket","AddBug","SecretRecord","Baka","SecretRecord"],"acts_visited":["Gensokyo:Gensokyo"],"potions_floor_usage":[],"damage_taken":[{"damage":1,"enemies":"Gensokyo:2_Kodama","floor":1,"turns":5},{"damage":6,"enemies":"Gensokyo:Python","floor":2,"turns":4},{"damage":30,"enemies":"Gensokyo:Gryphon","floor":5,"turns":5},{"damage":54,"enemies":"Gensokyo:Mamizou","floor":6,"turns":8}],"seed_played":"-87737203667129947","potions_obtained":[{"floor":2,"key":"EntropicBrew"},{"floor":5,"key":"Elixir"}],"is_trial":false,"path_per_floor":["M","M","?","?","M","E"],"character_chosen":"Youkari","items_purchased":[],"campfire_rested":0,"item_purchase_floors":[],"current_hp_per_floor":[70,69,63,63,38,0,0],"gold":153,"neow_bonus":"","is_daily":false,"chose_seed":false,"campfire_upgraded":0,"win_rate":0.0,"timestamp":1611323491,"path_taken":["M","M","?","?","M","E"],"items_purchased_type":[],"build_version":"2020-12-22","purchased_purges":0,"victory":false,"max_hp_per_floor":[70,70,63,63,63,63,63],"relic_stats":{"counters":[4,22],"obtain_stats":[{"CogitoBucket":0,"AddBug":1,"SecretRecord":1,"Baka":1,"Boundary_crack":0,"Memoryfragments_purpleEX":0},{"CogitoBucket":0,"AddBug":1,"SecretRecord":1,"Baka":1,"Boundary_crack":0,"Memoryfragments_purpleEX":0},{"CogitoBucket":0,"AddBug":5,"SecretRecord":5,"Baka":5,"Boundary_crack":0,"Memoryfragments_purpleEX":0}]},"card_choices":[{"not_picked":["PositiveMatter_Antimatter_Universe_purple","WatchEChange_purple"],"picked":"Mirror_FormAndEmptin_purple","floor":1},{"not_picked":["VoidDream","BeautyBeast"],"picked":"Laetitia","floor":1},{"not_picked":["GreedKing","MHz"],"picked":"FairyFestival","floor":2},{"not_picked":["Line_surface_state_purple","DimensionStaggered_purple"],"picked":"RuptureOfTimeAndSpace_purple","floor":2},{"not_picked":["Bloodbath","ShyLook","MeatLantern"],"picked":"Singing Bowl","floor":5},{"not_picked":["Wellcheers","BeautyBeast"],"picked":"MHz","floor":5},{"not_picked":["StateDuplicate_purple","Anti_communist_purple"],"picked":"Mirror_FormAndEmptin_purple","floor":5}],"player_experience":49692,"relics_obtained":[{"floor":1,"key":"AddBug"},{"floor":1,"key":"Baka"},{"floor":1,"key":"LetterFromLob"},{"floor":2,"key":"Pocketwatch"},{"floor":2,"key":"Pocketwatch"},{"floor":2,"key":"LetterFromLob"},{"floor":5,"key":"SecretRecord"},{"floor":5,"key":"Memoryfragments_purpleEX"},{"floor":5,"key":"LetterFromLob"}],"event_choices":[],"is_beta":false,"boss_relics":[],"items_purged_floors":[],"is_endless":false,"potions_floor_spawned":[2,5],"killed_by":"Gensokyo:Mamizou","ascension_level":0}}