{"host":"c52z9ixzgdjttcmx","time":1611349923,"event":{"mods":["BaseMod","Colored Powertips","Minty Spire (QoL Compilation)","Rare Cards Sparkle","Relic Stats"],"gold_per_floor":[119,132,148,148,172,172,199,208,231,231,273,273,301,341,353,365,365],"floor_reached":16,"language":"ENG","playtime":507,"items_purged":[],"score":196,"play_id":"fcefd2c4-7ab5-4e34-8d8b-3ddb04605a5d","local_time":"20210122151203","is_ascension_mode":true,"campfire_choices":[{"floor":6,"key":"REST"},{"data":"After Image","floor":10,"key":"SMITH"},{"floor":15,"key":"REST"}],"circlet_count":0,"master_deck":["AscendersBane","Strike_G","Strike_G","Strike_G","Strike_G","Defend_G","Defend_G","Defend_G","Defend_G","Defend_G","Survivor","Neutralize","Finisher","Poisoned Stab","Dash","Backflip","Dagger Throw","After Image+1","Distraction","Acrobatics","Sucker Punch","Blur"],"relics":["Ring of the Snake","CeramicFish","Snake Skull","Bronze Scales","MawBank"],"acts_visited":["Exordium"],"potions_floor_usage":[5,11],"damage_taken":[{"damage":9,"enemies":"Jaw Worm","floor":1,"turns":2},{"damage":0,"enemies":"Small Slimes","floor":2,"turns":3},{"damage":1,"enemies":"2 Louse","floor":3,"turns":2},{"damage":13,"enemies":"Red Slaver","floor":5,"turns":3},{"damage":11,"enemies":"Exordium Thugs","floor":7,"turns":6},{"damage":24,"enemies":"Lagavulin","floor":11,"turns":9},{"damage":0,"enemies":"2 Fungi Beasts","floor":13,"turns":3},{"damage":25,"enemies":"Gremlin Nob","floor":14,"turns":4},{"damage":24,"enemies":"Slime Boss","floor":16,"turns":8}],"seed_played":"2783330933147786827","potions_obtained":[{"floor":1,"key":"Energy Potion"},{"floor":3,"key":"Energy Potion"},{"floor":7,"key":"GamblersBrew"},{"floor":13,"key":"FairyPotion"},{"floor":14,"key":"BlessingOfTheForge"}],"is_trial":false,"path_per_floor":["M","M","M","?","M","R","M","?","T","R","E","?","M","E","R","B"],"character_chosen":"THE_SILENT","items_purchased":[],"campfire_rested":2,"item_purchase_floors":[],"current_hp_per_floor":[50,50,49,38,25,44,33,33,33,33,9,31,31,6,25,1,1],"gold":365,"neow_bonus":"THREE_CARDS","is_daily":false,"chose_seed":false,"campfire_upgraded":1,"win_rate":0.0,"timestamp":1611349923,"path_taken":["M","M","M","?","M","R","M","?","T","R","E","?","M","E","R","BOSS"],"items_purchased_type":[],"build_version":"2020-12-22","purchased_purges":0,"victory":false,"max_hp_per_floor":[66,66,66,66,66,66,66,66,66,66,66,66,66,66,66,66,66],"relic_stats":{"counters":[9,40],"CeramicFish":54,"Bronze Scales":[23],"Snake Skull":[10],"MawBank":24,"obtain_stats":[{"CeramicFish":4,"Bronze Scales":11,"Snake Skull":9,"MawBank":14,"Ring of the Snake":0},{"CeramicFish":3,"Bronze Scales":6,"Snake Skull":5,"MawBank":8,"Ring of the Snake":0},{"CeramicFish":7,"Bronze Scales":25,"Snake Skull":16,"MawBank":32,"Ring of the Snake":0}],"Ring of the Snake":[18]},"card_choices":[{"not_picked":["Distraction","Prepared"],"picked":"Finisher","floor":0},{"not_picked":["Concentrate","Flying Knee"],"picked":"Poisoned Stab","floor":1},{"not_picked":["Heel Hook","Deadly Poison"],"picked":"Dash","floor":2},{"not_picked":["Deadly Poison","Terror"],"picked":"Backflip","floor":3},{"not_picked":["Eviscerate","Deflect"],"picked":"Dagger Throw","floor":5},{"not_picked":["Reflex","Dagger Throw"],"picked":"After Image","floor":7},{"not_picked":["Masterful Stab","Dagger Throw"],"picked":"Acrobatics","floor":11},{"not_picked":["Slice","Underhanded Strike"],"picked":"Sucker Punch","floor":13},{"not_picked":["Flechettes","Setup"],"picked":"Blur","floor":14}],"player_experience":3309220,"relics_obtained":[{"floor":9,"key":"Snake Skull"},{"floor":11,"key":"Bronze Scales"},{"floor":14,"key":"MawBank"}],"event_choices":[{"damage_healed":0,"gold_gain":0,"player_choice":"Success","damage_taken":11,"relics_obtained":["CeramicFish"],"max_hp_gain":0,"max_hp_loss":0,"event_name":"Scrap Ooze","floor":4,"gold_loss":0},{"damage_healed":0,"gold_gain":0,"cards_transformed":["Strike_G"],"player_choice":"Change","damage_taken":0,"max_hp_gain":0,"max_hp_loss":0,"event_name":"Living Wall","floor":8,"gold_loss":0,"cards_obtained":["Distraction"]},{"damage_healed":22,"gold_gain":0,"player_choice":"Banana","damage_taken":0,"max_hp_gain":0,"max_hp_loss":0,"event_name":"Big Fish","floor":12,"gold_loss":0}],"is_beta":false,"boss_relics":[],"items_purged_floors":[],"is_endless":false,"potions_floor_spawned":[1,3,7,13,14],"killed_by":"Slime Boss","ascension_level":15}}