{"host":"nii9k1idymerq4qj","time":1611287082,"event":{"mods":["Act Like it!","Arknights The Spire","BaseMod","Colored Powertips","Gensokyo","Minty Spire (QoL Compilation)","Remilia£®¿Ÿ√◊¿Ú—«£©","Replay The Spire","StSLib","Waifu the Spire","Yuyuko"],"gold_per_floor":[110,127,127,127,145,145,177,196,196,48,82,82,114,130,130,228,228,243,243,13,33,49,82,82,133,133,33,51,82,82,82,82,186,186,202,222,234,252,268,293,57,87,158,191,210,210,237,0,0,20],"floor_reached":51,"language":"ZHS","playtime":4136,"items_purged":["Strike_RM","Defend_RM"],"score":1175,"play_id":"30dcb893-2b25-4030-abf0-8b78f15e5d5d","local_time":"20210122114442","is_ascension_mode":true,"campfire_choices":[{"data":"ScarletShoot","floor":6,"key":"SMITH"},{"data":"DiffusionOfMisfortune","floor":15,"key":"SMITH"},{"data":"RedRainbow","floor":15,"key":"SMITH"},{"data":"ScarletMeister","floor":24,"key":"SMITH"},{"data":"ScarletNetherworld","floor":24,"key":"SMITH"},{"data":"Stigmanizer","floor":30,"key":"SMITH"},{"data":"UnderTheZenith","floor":30,"key":"SMITH"},{"data":"ScarletDevil","floor":32,"key":"SMITH"},{"data":"Defend_RM","floor":32,"key":"SMITH"},{"data":"BloodyCatastrophe","floor":46,"key":"SMITH"},{"data":"UnstableMagic","floor":46,"key":"SMITH"},{"data":"Defend_RM","floor":49,"key":"SMITH"},{"data":"Strike_RM","floor":49,"key":"SMITH"}],"circlet_count":0,"master_deck":["Strike_RM","Strike_RM","Strike_RM+2","Defend_RM","Defend_RM","Defend_RM","RedMoon+1","ScarletShoot+1","RedRainbow+1","ScarletImprint+1","DiffusionOfMisfortune+1","ScarletMeister+1","ScarletNetherworld+1","ScarletImprint+1","ScarletDevil+1","UnderTheZenith+1","Stigmanizer+1","BloodyCatastrophe+1","MastersStateliness+1","GlobalNightmare+1","UnstableMagic+1","FitfulNightmare","FitfulNightmare+1"],"relics":["ScarletHat","Potion Belt","Mummified Hand","ReplayTheSpireMod:TigerMarble","Replay:Arrowhead","Replay:Wax Seal","Sozu","Toolbox","White Beast Statue","Pondfish Scales","Mango","Counterbalance","MutagenicStrength","ChewingGum","Happy Flower","Simple Rune","Blood Vial","Replay:Bottled Snecko","Dream Catcher","Anchor","Red Mask"],"acts_visited":["Exordium","TheCity","TheBeyond"],"potions_floor_usage":[8,11,13,16,16],"damage_taken":[{"damage":0,"enemies":"2 Louse","floor":1,"turns":3},{"damage":0,"enemies":"Jaw Worm","floor":2,"turns":5},{"damage":0,"enemies":"Cultist","floor":5,"turns":3},{"damage":1,"enemies":"Gremlin Nob","floor":7,"turns":3},{"damage":2,"enemies":"Large Slime","floor":8,"turns":7},{"damage":2,"enemies":"3 Sentries","floor":11,"turns":7},{"damage":8,"enemies":"Gremlin Nob","floor":13,"turns":4},{"damage":0,"enemies":"Exordium Thugs","floor":14,"turns":2},{"damage":53,"enemies":"Hexaghost","floor":16,"turns":13},{"damage":17,"enemies":"2 Thieves","floor":18,"turns":4},{"damage":0,"enemies":"Spheric Guardian","floor":21,"turns":2},{"damage":10,"enemies":"Chosen and Byrds","floor":22,"turns":5},{"damage":7,"enemies":"Book of Stabbing","floor":23,"turns":5},{"damage":0,"enemies":"Replay:Snechameleon","floor":25,"turns":5},{"damage":0,"enemies":"Snecko","floor":28,"turns":4},{"damage":14,"enemies":"Gremlin Leader","floor":29,"turns":5},{"damage":9,"enemies":"Automaton","floor":33,"turns":5},{"damage":4,"enemies":"3 Darklings","floor":35,"turns":3},{"damage":5,"enemies":"Orb Walker","floor":36,"turns":3},{"damage":4,"enemies":"Jaw Worm Horde","floor":37,"turns":3},{"damage":4,"enemies":"Sphere and 2 Shapes","floor":38,"turns":3},{"damage":6,"enemies":"4 Shapes","floor":39,"turns":4},{"damage":22,"enemies":"R_Hoarder","floor":40,"turns":6},{"damage":49,"enemies":"Giant Head","floor":42,"turns":6},{"damage":12,"enemies":"Reptomancer","floor":44,"turns":4},{"damage":23,"enemies":"Writhing Mass","floor":45,"turns":5},{"damage":4,"enemies":"Giant Head","floor":47,"turns":4},{"damage":41,"enemies":"Awakened One","floor":50,"turns":6}],"seed_played":"8064762590272233134","potions_obtained":[{"floor":2,"key":"AttackPotion"},{"floor":5,"key":"LiquidBronze"},{"floor":11,"key":"Flashbang"},{"floor":12,"key":"Weak Potion"},{"floor":12,"key":"Regen Potion"},{"floor":12,"key":"DuplicationPotion"},{"floor":16,"key":"SteroidPotion"}],"is_trial":false,"path_per_floor":["M","M","?","?","M","R","E","M","T","$","E","?","E","M","R","B",null,"M","?","$","M","M","E","R","E","T","$","M","E","R","?","R","B",null,"M","M","M","M","M","E","$","E","T","E","M","R","E","?","R","B",null],"character_chosen":"REMILIA","items_purchased":["ReplayTheSpireMod:TigerMarble","Toolbox","Simple Rune","FitfulNightmare"],"campfire_rested":0,"item_purchase_floors":[10,20,41,41],"current_hp_per_floor":[68,71,71,71,73,73,74,75,75,75,73,73,68,69,69,41,67,53,53,53,60,55,59,59,67,81,81,88,75,75,75,75,84,88,88,89,85,84,86,74,74,48,48,50,59,59,89,89,89,89],"gold":20,"neow_bonus":"UPGRADE_CARD","is_daily":false,"chose_seed":false,"campfire_upgraded":13,"win_rate":0.0,"timestamp":1611287082,"path_taken":["M","M","?","?","M","R","E","M","T","$","E","?","E","?","R","BOSS","M","?","$","M","M","E","R","E","T","$","?","E","R","?","R","BOSS","M","M","M","M","M","E","$","E","T","E","M","R","E","?","R","BOSS"],"items_purchased_type":["Relic","Relic","Relic","Card"],"build_version":"2020-12-22","purchased_purges":2,"victory":true,"max_hp_per_floor":[75,75,75,75,75,75,75,75,75,75,75,75,75,75,75,75,75,75,75,75,75,75,75,75,75,89,89,89,89,89,89,89,89,89,89,89,89,89,89,89,89,89,89,89,89,89,89,89,89,89],"card_choices":[{"not_picked":["BloodHunter","EmergencyRegeneration"],"picked":"RedRainbow","floor":1},{"not_picked":["EndlessAdversity","LeisurelyOfLord"],"picked":"ScarletImprint","floor":2},{"not_picked":["BloodAndWine","HeartBreak","BombardNight"],"picked":"SKIP","floor":5},{"not_picked":["BloodHunter","NightDance"],"picked":"DiffusionOfMisfortune","floor":7},{"not_picked":["ReincarnationDial","CharismaGuard","BadLadyScramble"],"picked":"SKIP","floor":8},{"not_picked":["RedRainbow","ChaoticDestiny","DevilSight"],"picked":"SKIP","floor":11},{"not_picked":["EndlessAdversity","MiserableFate","NightDance"],"picked":"SKIP","floor":13},{"not_picked":["BloodHunter","VampirishNight","DiffusionOfMisfortune"],"picked":"SKIP","floor":14},{"not_picked":["ScarletCoffin","KillingBlow"],"picked":"ScarletMeister","floor":16},{"not_picked":["CharismaGuard","DevilSight"],"picked":"ScarletNetherworld","floor":18},{"not_picked":["FavorOfDestiny+1","VampireFantasy"],"picked":"ScarletDevil","floor":21},{"not_picked":["ScarletImprint","BlasphemousPunishment","BloodyTrap"],"picked":"SKIP","floor":22},{"not_picked":["StarOfDavid+1","DiffusionOfMisfortune","VampirishNight"],"picked":"SKIP","floor":23},{"not_picked":["SuperhumanBloodyKnife+1","VampireKiss"],"picked":"UnderTheZenith","floor":25},{"not_picked":["BloodHunter","VampirishNight+1"],"picked":"Stigmanizer","floor":28},{"not_picked":["AfternoonTea","SuperhumanBloodyKnife+1","FavorOfDestiny"],"picked":"SKIP","floor":29},{"not_picked":["HellCatastrophe","EquivalentExchange"],"picked":"BloodyCatastrophe","floor":33},{"not_picked":["StarOfDavid+1","BlasphemousPunishment","ScarletNetherworld"],"picked":"SKIP","floor":35},{"not_picked":["Maim","EndlessAdversity","BombardNight+1"],"picked":"SKIP","floor":36},{"not_picked":["UnderTheZenith+1","StarOfDavid+1","Stigmanizer"],"picked":"SKIP","floor":37},{"not_picked":["ScarletImprint","UnstableMagic"],"picked":"MastersStateliness+1","floor":38},{"not_picked":["UnderTheZenith","RedRainbow"],"picked":"GlobalNightmare+1","floor":39},{"not_picked":["VampireKiss+1","DiffusionOfMisfortune"],"picked":"UnstableMagic","floor":40},{"not_picked":["Ultimatum+1","ScarletMeister"],"picked":"FitfulNightmare+1","floor":42},{"not_picked":["UnderTheZenith+1","SuperhumanBloodyKnife","CeilingFear"],"picked":"SKIP","floor":44},{"not_picked":["NightLord+1","BloodHunter+1","MastersStateliness"],"picked":"SKIP","floor":45},{"not_picked":["FavorOfDestiny+1","Ultimatum","Maim+1"],"picked":"SKIP","floor":47}],"player_experience":149077,"relics_obtained":[{"floor":7,"key":"Potion Belt"},{"floor":9,"key":"Mummified Hand"},{"floor":11,"key":"Replay:Arrowhead"},{"floor":13,"key":"Replay:Wax Seal"},{"floor":23,"key":"White Beast Statue"},{"floor":25,"key":"Pondfish Scales"},{"floor":26,"key":"Mango"},{"floor":29,"key":"Counterbalance"},{"floor":40,"key":"Happy Flower"},{"floor":42,"key":"Blood Vial"},{"floor":43,"key":"Replay:Bottled Snecko"},{"floor":44,"key":"Dream Catcher"},{"floor":47,"key":"Anchor"}],"event_choices":[{"damage_healed":0,"gold_gain":0,"player_choice":"Ignored","damage_taken":0,"max_hp_gain":0,"max_hp_loss":0,"event_name":"Liars Game","floor":4,"gold_loss":0},{"damage_healed":0,"gold_gain":0,"player_choice":"Got Potions","damage_taken":0,"max_hp_gain":0,"max_hp_loss":0,"event_name":"Lab","floor":12,"gold_loss":0},{"damage_healed":0,"gold_gain":0,"player_choice":"Copied","damage_taken":0,"max_hp_gain":0,"max_hp_loss":0,"event_name":"Duplicator","floor":19,"gold_loss":0,"cards_obtained":["ScarletImprint"]},{"damage_healed":0,"gold_gain":0,"player_choice":"Inject Mutagens","damage_taken":0,"relics_obtained":["MutagenicStrength"],"max_hp_gain":0,"max_hp_loss":0,"event_name":"Drug Dealer","floor":31,"gold_loss":0},{"damage_healed":0,"gold_gain":0,"player_choice":"Paid","damage_taken":0,"relics_obtained":["Red Mask"],"max_hp_gain":0,"max_hp_loss":0,"event_name":"Tomb of Lord Red Mask","floor":48,"gold_loss":237}],"is_beta":false,"boss_relics":[{"not_picked":["Snecko Eye","Cursed Key"],"picked":"Sozu"},{"not_picked":["Painkiller Herb","Fusion Hammer"],"picked":"ChewingGum"}],"items_purged_floors":[20,27],"is_endless":false,"potions_floor_spawned":[2,5,11,16,21,23,25,28,29,33,35,36,37,38,39,40,42,44,45,47],"ascension_level":7}}