{"host":"ndpbn7fqb3wjbd7p","time":1611277029,"event":{"mods":["AchievementEnabler","Act Like it!","AlwaysNeverKeys","BaseMod","Better Vampires","Block Reminder","Colored Powertips","DeckTracker","Defuse TimeMaze Blight","Friendly Minions","Hallownest","Hermit","Highlight Path","MarisaÅiñ∂âJÅ@ñÇóùçπÅj","Minty Spire (QoL Compilation)","Permanent Neow","Shade Mod","StSLib","SuperFastMode","Synergy Search","The Mystic","Unceasing Turn Reminder","egg"],"gold_per_floor":[111,126,126,141,141,141,156,173,173,187,214,214,89,118,118,118,118],"floor_reached":16,"language":"ENG","playtime":698,"items_purged":["Defend_G"],"score":204,"play_id":"8f147de7-8a7d-45eb-8c13-66124f4074ed","local_time":"20210122015709","is_ascension_mode":true,"campfire_choices":[{"data":"Neutralize","floor":6,"key":"SMITH"},{"data":"Concentrate","floor":12,"key":"SMITH"},{"data":"Blade Dance","floor":15,"key":"SMITH"}],"circlet_count":0,"master_deck":["AscendersBane","Strike_G","Strike_G","Strike_G","Strike_G","Defend_G","Defend_G+1","Defend_G+1","Defend_G","Survivor","Neutralize+1","Heel Hook","Tactician+1","Calculated Gamble","Acrobatics","Concentrate+1","Blade Dance+1","Prepared"],"relics":["Ring of the Snake","Thread and Needle","Ninja Scroll","Blood Vial","War Paint"],"acts_visited":["Exordium"],"potions_floor_usage":[7,14,14],"damage_taken":[{"damage":2,"enemies":"Cultist","floor":1,"turns":5},{"damage":0,"enemies":"2 Louse","floor":2,"turns":3},{"damage":0,"enemies":"Jaw Worm","floor":4,"turns":5},{"damage":15,"enemies":"Gremlin Gang","floor":7,"turns":10},{"damage":6,"enemies":"Exordium Wildlife","floor":8,"turns":5},{"damage":1,"enemies":"Exordium Thugs","floor":10,"turns":7},{"damage":2,"enemies":"Gremlin Nob","floor":14,"turns":3},{"damage":44,"enemies":"Slime Boss","floor":16,"turns":5}],"seed_played":"6025762905903608534","potions_obtained":[{"floor":2,"key":"Energy Potion"},{"floor":7,"key":"DuplicationPotion"},{"floor":10,"key":"AttackPotion"}],"is_trial":false,"path_per_floor":["M","M","?","M","?","R","M","M","T","M","T","R","$","E","R","B"],"character_chosen":"THE_SILENT","items_purchased":["Prepared"],"campfire_rested":0,"item_purchase_floors":[13],"current_hp_per_floor":[57,57,57,57,57,57,42,36,36,35,35,35,35,35,35,0,0],"gold":118,"neow_bonus":"ONE_RARE_RELIC","is_daily":false,"chose_seed":false,"campfire_upgraded":3,"win_rate":0.0,"timestamp":1611277029,"path_taken":["M","?","?","?","?","R","M","?","T","M","?","R","$","E","R","BOSS"],"items_purchased_type":["Card"],"build_version":"2020-12-22","purchased_purges":1,"victory":false,"max_hp_per_floor":[60,60,60,60,60,60,60,60,60,60,60,60,60,60,60,60,60],"card_choices":[{"not_picked":["Bane","Deflect"],"picked":"Heel Hook","floor":1},{"not_picked":["Flying Knee","Bane"],"picked":"Tactician","floor":2},{"not_picked":["Leg Sweep","Dagger Spray"],"picked":"Acrobatics","floor":4},{"not_picked":["Cloak And Dagger","Outmaneuver"],"picked":"Concentrate","floor":7},{"not_picked":["Flying Knee","Deadly Poison","Catalyst"],"picked":"SKIP","floor":8},{"not_picked":["Footwork","Underhanded Strike"],"picked":"Blade Dance","floor":10},{"not_picked":["Dodge and Roll","Bouncing Flask","Storm of Steel"],"picked":"SKIP","floor":14}],"player_experience":1184055,"relics_obtained":[{"floor":9,"key":"Ninja Scroll"},{"floor":11,"key":"Blood Vial"},{"floor":14,"key":"War Paint"}],"event_choices":[{"damage_healed":0,"gold_gain":0,"cards_transformed":["Strike_G"],"player_choice":"Transformed","damage_taken":0,"max_hp_gain":0,"max_hp_loss":0,"event_name":"Transmorgrifier","floor":3,"gold_loss":0,"cards_obtained":["Calculated Gamble"]},{"damage_healed":0,"gold_gain":0,"player_choice":"Upgraded","damage_taken":0,"max_hp_gain":0,"max_hp_loss":0,"event_name":"Upgrade Shrine","floor":5,"gold_loss":0,"cards_upgraded":["Tactician"]}],"is_beta":false,"boss_relics":[],"items_purged_floors":[13],"is_endless":false,"potions_floor_spawned":[2,7,10],"killed_by":"Slime Boss","ascension_level":20}}