{"host":"jmumkimrafwvkspb","time":1611310155,"event":{"mods":["AchievementEnabler","BaseMod","Colored Map","Minty Spire (QoL Compilation)","Replay The Spire","StSLib"],"gold_per_floor":[112,112,187,200,200,200,216,241,241,274,274,274,274],"floor_reached":12,"language":"ENG","playtime":390,"items_purged":[],"score":172,"play_id":"a97a0301-2a64-4126-86c6-dbdceefbc52e","local_time":"20210122110915","is_ascension_mode":true,"campfire_choices":[{"data":"Flex","floor":6.0,"key":"SMITH"},{"data":"Perfected Strike","floor":11.0,"key":"SMITH"}],"circlet_count":0,"master_deck":["AscendersBane","Strike_R","Strike_R","Strike_R","Strike_R","Strike_R","Defend_R","Defend_R","Defend_R+1","Defend_R","Bash","Strike_B","Strike_R","Disarm","Flex+1","Doubt","Pommel Strike","Perfected Strike+1","Spot Weakness"],"relics":["Burning Blood","Ring of Hypnosis","Ring of Peace","Blue Candle","Mummified Hand","Replay:Kaleidoscope"],"acts_visited":["Exordium"],"potions_floor_usage":[12],"damage_taken":[{"damage":1.0,"enemies":"2 Louse","floor":1.0,"turns":3.0},{"damage":5.0,"enemies":"Jaw Worm","floor":4.0,"turns":4.0},{"damage":0.0,"enemies":"Small Slimes","floor":7.0,"turns":5.0},{"damage":54.0,"enemies":"Gremlin Nob","floor":8.0,"turns":5.0},{"damage":25.0,"enemies":"3 Sentries","floor":10.0,"turns":8.0},{"damage":23,"enemies":"Gremlin Nob","floor":12,"turns":4}],"seed_played":"-2947868189124174633","potions_obtained":[{"floor":1.0,"key":"FearPotion"},{"floor":4.0,"key":"Fire Potion"},{"floor":10.0,"key":"Dexterity Potion"}],"is_trial":false,"path_per_floor":["M","?","?","M","?","R","M","E","T","E","R","E"],"character_chosen":"IRONCLAD","items_purchased":[],"campfire_rested":0,"item_purchase_floors":[],"current_hp_per_floor":[87,87,76,77,77,77,83,35,35,16,16,0,0],"gold":274,"neow_bonus":"TWENTY_PERCENT_HP_BONUS","is_daily":false,"chose_seed":false,"campfire_upgraded":2,"win_rate":0.0,"timestamp":1611310155,"path_taken":["M","?","?","M","?","R","M","E","T","E","R","E"],"items_purchased_type":[],"build_version":"2020-12-22","purchased_purges":0,"victory":false,"max_hp_per_floor":[89,89,89,89,89,89,89,89,89,89,89,89,89],"card_choices":[{"not_picked":["Sentinel","Clash"],"picked":"Disarm","floor":1.0},{"not_picked":["Heavy Blade","Iron Wave"],"picked":"Flex","floor":4.0},{"not_picked":["Power Through","Sword Boomerang"],"picked":"Pommel Strike","floor":7.0},{"not_picked":["Heavy Blade","Life Link"],"picked":"Perfected Strike","floor":8.0},{"not_picked":["Thunderclap","Havoc"],"picked":"Spot Weakness","floor":10.0}],"player_experience":1567504,"relics_obtained":[{"floor":5.0,"key":"Ring of Hypnosis"},{"floor":5.0,"key":"Ring of Peace"},{"floor":8.0,"key":"Blue Candle"},{"floor":9.0,"key":"Mummified Hand"},{"floor":10.0,"key":"Replay:Kaleidoscope"}],"event_choices":[{"damage_healed":0.0,"max_hp_gain":0.0,"max_hp_loss":0.0,"gold_gain":75.0,"event_name":"World of Goop","player_choice":"Gather Gold","floor":3.0,"gold_loss":0.0,"damage_taken":11.0}],"is_beta":false,"boss_relics":[],"items_purged_floors":[],"is_endless":false,"potions_floor_spawned":[1,4,10],"killed_by":"Gremlin Nob","ascension_level":20}}