{"host":"2se5dq1do2gp0x9k","time":1611297512,"event":{"mods":["AchievementEnabler","BaseMod","Block Reminder","Colored Map","Colored Powertips","Minty Spire (QoL Compilation)","Relic Stats","StSLib","SuperFastMode"],"gold_per_floor":[115,190,31,31,44,44,78,78,132,143,177,205,41,41,41,41,41],"floor_reached":16,"language":"ENG","playtime":288,"items_purged":["Strike_B"],"score":262,"play_id":"c9494142-6b18-4be6-a238-9b7d1f82e21b","local_time":"20210121223832","is_ascension_mode":true,"campfire_choices":[{"data":"Defragment","floor":6.0,"key":"SMITH"},{"data":"Zap","floor":8.0,"key":"SMITH"},{"data":"Chaos","floor":15.0,"key":"SMITH"}],"circlet_count":0,"master_deck":["AscendersBane","Strike_B","Strike_B","Defend_B","Defend_B","Defend_B","Defend_B","Zap+1","Dualcast","Lockon","Ball Lightning","Conserve Battery","Defragment+1","Coolheaded","Static Discharge","Double Energy","Chaos+1"],"relics":["Cracked Core","NeowsBlessing","StrikeDummy","Akabeko","Dream Catcher","Bottled Lightning","Odd Mushroom","DataDisk"],"acts_visited":["Exordium"],"potions_floor_usage":[16],"damage_taken":[{"damage":0.0,"enemies":"2 Louse","floor":1.0,"turns":1.0},{"damage":0.0,"enemies":"Small Slimes","floor":5.0,"turns":1.0},{"damage":0.0,"enemies":"Gremlin Nob","floor":7.0,"turns":1.0},{"damage":0.0,"enemies":"Cultist","floor":10.0,"turns":2.0},{"damage":10.0,"enemies":"Lagavulin","floor":11.0,"turns":5.0},{"damage":22.0,"enemies":"The Mushroom Lair","floor":12.0,"turns":4.0},{"damage":25,"enemies":"Slime Boss","floor":16,"turns":5}],"seed_played":"1826111796334101005","potions_obtained":[{"floor":1.0,"key":"EssenceOfSteel"},{"floor":5.0,"key":"LiquidBronze"},{"floor":11.0,"key":"GamblersBrew"}],"is_trial":false,"path_per_floor":["M","?","$","?","M","R","E","R","T","M","E","?","$","?","R","B"],"character_chosen":"DEFECT","items_purchased":["Ball Lightning","Conserve Battery","DataDisk"],"campfire_rested":0,"item_purchase_floors":[3,3,13],"current_hp_per_floor":[64,53,53,53,53,53,53,53,53,53,43,21,21,21,21,0,0],"gold":41,"neow_bonus":"THREE_ENEMY_KILL","is_daily":false,"chose_seed":false,"campfire_upgraded":3,"win_rate":0.0,"timestamp":1611297512,"path_taken":["M","?","$","?","M","R","E","R","T","?","E","?","?","?","R","BOSS"],"items_purchased_type":["Card","Card","Relic"],"build_version":"2020-12-22","purchased_purges":1,"victory":false,"max_hp_per_floor":[71,71,71,71,71,71,71,71,71,71,71,71,71,71,71,71,71],"relic_stats":{"Dream Catcher":0,"counters":[7,19],"obtain_stats":[{"Dream Catcher":9,"DataDisk":13,"NeowsBlessing":0,"Bottled Lightning":11,"Odd Mushroom":12,"Cracked Core":0,"StrikeDummy":4,"Akabeko":7},{"Dream Catcher":3,"DataDisk":6,"NeowsBlessing":0,"Bottled Lightning":5,"Odd Mushroom":6,"Cracked Core":0,"StrikeDummy":1,"Akabeko":3},{"Dream Catcher":3,"DataDisk":14,"NeowsBlessing":0,"Bottled Lightning":10,"Odd Mushroom":14,"Cracked Core":0,"StrikeDummy":1,"Akabeko":3}]},"card_choices":[{"not_picked":["Hello World","Skim"],"picked":"Lockon","floor":1.0},{"not_picked":["Stack","Auto Shields"],"picked":"Defragment","floor":5.0},{"not_picked":["Double Energy","Beam Cell"],"picked":"Coolheaded","floor":7.0},{"not_picked":["Compile Driver","Barrage"],"picked":"Static Discharge","floor":10.0},{"not_picked":["Compile Driver","Go for the Eyes"],"picked":"Double Energy","floor":11.0}],"player_experience":3935848,"relics_obtained":[{"floor":7.0,"key":"Akabeko"},{"floor":9.0,"key":"Dream Catcher"},{"floor":11.0,"key":"Bottled Lightning"},{"floor":12.0,"key":"Odd Mushroom"}],"event_choices":[{"damage_healed":0.0,"max_hp_gain":0.0,"max_hp_loss":0.0,"gold_gain":75.0,"event_name":"World of Goop","player_choice":"Gather Gold","floor":2.0,"gold_loss":0.0,"damage_taken":11.0},{"damage_healed":0.0,"max_hp_gain":0.0,"max_hp_loss":0.0,"gold_gain":0.0,"event_name":"WeMeetAgain","player_choice":"Gave Potion","floor":4.0,"gold_loss":0.0,"damage_taken":0.0,"relics_obtained":["StrikeDummy"]},{"damage_healed":0.0,"max_hp_gain":0.0,"max_hp_loss":0.0,"gold_gain":0.0,"event_name":"Mushrooms","player_choice":"Fought Mushrooms","floor":12.0,"gold_loss":0.0,"damage_taken":0.0},{"damage_healed":0.0,"max_hp_gain":0.0,"max_hp_loss":0.0,"gold_gain":0.0,"cards_transformed":["Strike_B"],"event_name":"Living Wall","player_choice":"Change","floor":14.0,"gold_loss":0.0,"damage_taken":0.0,"cards_obtained":["Chaos"]}],"is_beta":false,"boss_relics":[],"items_purged_floors":[3],"is_endless":false,"potions_floor_spawned":[1,5,11],"killed_by":"Slime Boss","ascension_level":20}}