{"host":"x7xd4wkamhrqrrvw","time":1611347668,"event":{"mods":["AchievementEnabler","BaseMod","Minty Spire (QoL Compilation)","StSLib"],"gold_per_floor":[119,44,44,62,362,387,387,406,406,422,422,440,440,452,452,452,452],"floor_reached":16,"language":"ENG","playtime":362,"items_purged":[],"score":229,"play_id":"e0292087-ea70-42b0-b54b-8a7456b0c763","local_time":"20210122183428","is_ascension_mode":true,"campfire_choices":[{"data":"Strike_R","floor":7,"key":"PURGE"},{"data":"Defend_R","floor":11,"key":"PURGE"},{"data":"Strike_R","floor":13,"key":"PURGE"},{"data":"Bash","floor":15,"key":"SMITH"}],"circlet_count":0,"master_deck":["AscendersBane","Strike_R","Strike_R","Defend_R","Defend_R","Defend_R","Bash+1","Dropkick","Intimidate","Dropkick"],"relics":["Burning Blood","NeowsBlessing","Turnip","Old Coin","Peace Pipe"],"acts_visited":["Exordium"],"potions_floor_usage":[16,16],"damage_taken":[{"damage":0,"enemies":"Jaw Worm","floor":1,"turns":1},{"damage":0,"enemies":"Small Slimes","floor":4,"turns":1},{"damage":0,"enemies":"Lagavulin","floor":6,"turns":1},{"damage":5,"enemies":"Cultist","floor":8,"turns":5},{"damage":18,"enemies":"Exordium Wildlife","floor":10,"turns":7},{"damage":10,"enemies":"Red Slaver","floor":12,"turns":3},{"damage":7,"enemies":"Blue Slaver","floor":14,"turns":4},{"damage":64,"enemies":"Slime Boss","floor":16,"turns":5}],"seed_played":"-3302778398311890139","potions_obtained":[{"floor":4,"key":"GamblersBrew"},{"floor":12,"key":"GamblersBrew"}],"is_trial":false,"path_per_floor":["M","?","?","M","T","E","R","M","T","M","R","M","R","M","R","B"],"character_chosen":"IRONCLAD","items_purchased":[],"campfire_rested":0,"item_purchase_floors":[],"current_hp_per_floor":[74,74,74,75,75,75,75,75,75,63,63,59,59,58,58,0,0],"gold":452,"neow_bonus":"THREE_ENEMY_KILL","is_daily":false,"chose_seed":false,"campfire_upgraded":1,"win_rate":0.0,"timestamp":1611347668,"path_taken":["M","?","?","?","?","E","R","M","T","M","R","?","R","M","R","BOSS"],"items_purchased_type":[],"build_version":"2020-12-22","purchased_purges":0,"victory":false,"max_hp_per_floor":[75,75,75,75,75,75,75,75,75,75,75,75,75,75,75,75,75],"card_choices":[{"not_picked":["Anger","Clash"],"picked":"True Grit","floor":1},{"not_picked":["True Grit","Thunderclap"],"picked":"Dropkick","floor":4},{"not_picked":["Armaments","Iron Wave"],"picked":"Intimidate","floor":6},{"not_picked":["Combust","Feel No Pain","Twin Strike"],"picked":"SKIP","floor":8},{"not_picked":["Combust","Clash","Warcry"],"picked":"SKIP","floor":10},{"not_picked":["Cleave","Intimidate"],"picked":"Dropkick","floor":12},{"not_picked":["Combust","Warcry","Clothesline"],"picked":"SKIP","floor":14}],"player_experience":388277,"relics_obtained":[{"floor":5,"key":"Old Coin"},{"floor":6,"key":"Peace Pipe"}],"event_choices":[{"cards_removed":["Strike_R"],"damage_healed":0,"gold_gain":0,"player_choice":"Card Removal","damage_taken":0,"max_hp_gain":0,"max_hp_loss":0,"event_name":"The Cleric","floor":2,"gold_loss":75},{"cards_removed":["True Grit"],"damage_healed":0,"gold_gain":0,"player_choice":"Gave Card","damage_taken":0,"relics_obtained":["Turnip"],"max_hp_gain":0,"max_hp_loss":0,"event_name":"WeMeetAgain","floor":3,"gold_loss":0}],"is_beta":false,"boss_relics":[],"items_purged_floors":[],"is_endless":false,"potions_floor_spawned":[4,12,14],"killed_by":"Slime Boss","ascension_level":16}}