{"host":"yqveedbda5h7irme","time":1611320741,"event":{"mods":["AchievementEnabler","Aspiration","BaseMod","BetterRewards","Colored Powertips","Conspire","GifTheSpireLib","Hermit","Hubris","Infinite Spire","Marked Mod","Minty Spire (QoL Compilation)","Replay The Spire","StSLib","Stuff the Spire","The Jungle","The Necromancer","The Servant 0.9.4"],"gold_per_floor":[112,123,143,157,157,157,186,200,269,269,269,269,302,341,341,458,458,474,474,474,497,513,513,532,532,556,590,217,231,243,253,253,359,359,376,376,401,427,172,212,229,231,231],"floor_reached":42,"language":"ENG","playtime":2708,"items_purged":[],"score":637,"play_id":"7884f262-a5cf-47a5-9166-61f37c998c9b","local_time":"20210122140541","is_ascension_mode":false,"campfire_choices":[{"data":"hermit:Headshot","floor":6.0,"key":"SMITH"},{"data":"hermit:Determination","floor":10.0,"key":"SMITH"},{"floor":15.0,"key":"REST"},{"floor":23,"key":"REST"},{"data":"ReplayTheSpireMod:Black Plague","floor":25,"key":"SMITH"},{"floor":32,"key":"REST"}],"circlet_count":0,"master_deck":["hermit:Strike_Hermit","hermit:Strike_Hermit+1","hermit:Strike_Hermit","hermit:Strike_Hermit","hermit:Defend_Hermit+1","hermit:Snapshot","hermit:Covet","hermit:Dive","hermit:Manifest+1","hermit:Misfire","hermit:Misfire","hermit:Showdown","hermit:Determination+1","hermit:GoldenBullet","hermit:FullyLoaded","hermit:FinalCanter","hermit:Headshot+1","hermit:ShadowCloak","ReplayTheSpireMod:Black Plague+1","Decay","hermit:Gambit","hermit:BigShot","hermit:Quickdraw","hermit:Ricochet","hermit:TrackingShot","hermit:Reprieve","hermit:Maintenance+1","hermit:BlackWind+1","hermit:DeadMansHand+1","hermit:Brawl+1","hermit:FullyLoaded+1","hermit:Glare+1","hermit:Grudge","hermit:CursedWeapon","hermit:HighCaliber+1"],"relics":["hermit:Momento","hubris:Spice","infinitespire:PuzzleCube","Bottled Tornado","infinitespire:Midas Blood","StuffTheSpire:Mouthbags","aspiration:HatOfInfinitePower","Ring of Chaos","Orichalcum","hermit:Horseshoe","Astrolabe","Simple Rune","Happy Flower","hubris:BundleOfHerbs"],"acts_visited":["Exordium","TheCity","TheBeyond"],"potions_floor_usage":[38,42],"damage_taken":[{"damage":3.0,"enemies":"infinitespire:Voidling","floor":1.0,"turns":3.0},{"damage":0.0,"enemies":"conspire:RoseBush","floor":2.0,"turns":2.0},{"damage":0.0,"enemies":"2 Louse","floor":3.0,"turns":2.0},{"damage":2.0,"enemies":"Blue Slaver","floor":4.0,"turns":4.0},{"damage":10.0,"enemies":"Lagavulin","floor":7.0,"turns":5.0},{"damage":0.0,"enemies":"Large Slime","floor":8.0,"turns":4.0},{"damage":12.0,"enemies":"conspire:MimicChest","floor":13.0,"turns":5.0},{"damage":13.0,"enemies":"3 Sentries","floor":14.0,"turns":6.0},{"damage":45.0,"enemies":"The Guardian","floor":16.0,"turns":9.0},{"damage":10.0,"enemies":"Shell Parasite","floor":18.0,"turns":5.0},{"damage":16,"enemies":"conspire:FuzzyDice","floor":21,"turns":4},{"damage":22,"enemies":"Snecko","floor":22,"turns":4},{"damage":12,"enemies":"Centurion and Healer","floor":24,"turns":5},{"damage":10,"enemies":"Book of Stabbing","floor":27,"turns":5},{"damage":2,"enemies":"Shelled Parasite and Fungi","floor":29,"turns":3},{"damage":3,"enemies":"Chosen and Byrds","floor":30,"turns":4},{"damage":0,"enemies":"Cultist and Chosen","floor":31,"turns":3},{"damage":9,"enemies":"conspire:MysteriousRune","floor":33,"turns":7},{"damage":0,"enemies":"Orb Walker","floor":35,"turns":2},{"damage":31,"enemies":"3 Shapes","floor":37,"turns":4},{"damage":10,"enemies":"Sphere and 2 Shapes","floor":38,"turns":3},{"damage":9,"enemies":"Reptomancer","floor":40,"turns":3},{"damage":15,"enemies":"Writhing Mass","floor":41,"turns":4},{"damage":19,"enemies":"Nemesis","floor":42,"turns":2}],"seed_played":"45698854639720518","potions_obtained":[{"floor":3.0,"key":"LifebloodPotion"},{"floor":8.0,"key":"SpeedPotion"},{"floor":13.0,"key":"Energy Potion"},{"floor":14.0,"key":"LifebloodPotion"},{"floor":18,"key":"Swift Potion"},{"floor":27,"key":"SpeedPotion"},{"floor":30,"key":"ColorlessPotion"},{"floor":33,"key":"EssenceOfSteel"},{"floor":38,"key":"Elixir"}],"is_trial":false,"path_per_floor":["M","M","M","M","?","R","E","M","T","R","?","T","?","E","R","B",null,"M","AVR","?","M","M","R","M","R","T","E","$","M","M","M","R","B",null,"M","?","M","M","$","E","M","E"],"character_chosen":"HERMIT","items_purchased":["hubris:Spice","hermit:Dive","hermit:BigShot","hermit:Quickdraw","hubris:Spice","hermit:Grudge","Happy Flower","hermit:CursedWeapon"],"campfire_rested":3,"item_purchase_floors":[0,0,28,28,28,39,39,39],"current_hp_per_floor":[70,70,70,68,68,68,58,58,58,58,58,58,46,33,57,12,91,81,81,81,65,43,67,55,55,55,45,45,43,40,40,57,48,59,59,59,28,22,22,13,6,0,0],"gold":231,"neow_bonus":"","is_daily":false,"chose_seed":false,"campfire_upgraded":3,"win_rate":0.0,"timestamp":1611320741,"path_taken":["M","M","?","M","?","R","E","M","T","R","?","?","?","E","R","BOSS","M","AVR","?","M","M","R","M","R","T","E","$","M","M","M","R","BOSS","M","?","M","?","$","E","M","E"],"items_purchased_type":["Relic","Card","Card","Card","Relic","Card","Relic","Card"],"build_version":"2020-12-22","purchased_purges":0,"victory":false,"max_hp_per_floor":[83,83,83,83,83,83,83,83,83,83,83,83,83,83,83,83,91,91,91,91,91,83,83,75,75,75,75,67,59,59,59,59,59,59,59,59,59,59,59,59,59,59,59],"card_choices":[{"not_picked":["hermit:LowProfile","hermit:BodyArmor"],"picked":"hermit:Headshot","floor":1.0},{"not_picked":["hermit:Grudge","hermit:TrackingShot"],"picked":"hermit:Manifest","floor":2.0},{"not_picked":["hermit:Roulette","hermit:Ricochet"],"picked":"hermit:Misfire","floor":3.0},{"not_picked":["hermit:Roulette","hermit:BodyArmor"],"picked":"hermit:Misfire","floor":4.0},{"not_picked":["hermit:Snipe","hermit:TakeCover"],"picked":"hermit:Showdown","floor":7.0},{"not_picked":["hermit:Spite","hermit:GhostlyPresence"],"picked":"hermit:Determination","floor":8.0},{"not_picked":["hermit:TakeAim","hermit:ShadowCloak"],"picked":"hermit:GoldenBullet","floor":13.0},{"not_picked":["hermit:PistolWhip","hermit:GhostlyPresence"],"picked":"hermit:FullyLoaded","floor":14.0},{"not_picked":["hermit:Magnum","hermit:RoundhouseKick"],"picked":"hermit:FinalCanter","floor":16.0},{"not_picked":["hermit:GhostlyPresence+1","hermit:LuckOfTheDraw+1"],"picked":"hermit:ShadowCloak","floor":18},{"not_picked":["hermit:HoleUp","hermit:Headshot","hermit:LowProfile"],"picked":"SKIP","floor":21},{"not_picked":["hermit:Enervate+1","hermit:BigShot"],"picked":"hubris:SpiceAddiction","floor":22},{"not_picked":["hermit:WideOpen","hermit:Manifest"],"picked":"hubris:SpiceAddiction","floor":24},{"not_picked":["hermit:Headshot+1","hermit:Showdown"],"picked":"hermit:Gambit","floor":27},{"not_picked":["hermit:HoleUp","hubris:SpiceAddiction"],"picked":"hubris:SpiceAddiction","floor":29},{"not_picked":["hubris:SpiceAddiction","hubris:SpiceAddiction"],"picked":"hermit:Ricochet","floor":30},{"not_picked":["hermit:Coalescence","hubris:SpiceAddiction"],"picked":"hermit:TrackingShot","floor":31},{"not_picked":["hermit:RoundhouseKick","hermit:OverwhelmingPower"],"picked":"hermit:Reprieve","floor":33},{"not_picked":["hermit:WideOpen","hermit:Malice"],"picked":"hermit:Brawl+1","floor":35},{"not_picked":["hubris:SpiceAddiction","hubris:SpiceAddiction"],"picked":"hermit:FullyLoaded+1","floor":37},{"not_picked":["hermit:SprayPray+1","hermit:BodyArmor+1"],"picked":"hermit:Glare+1","floor":38},{"not_picked":["hermit:HeroicBravado","hermit:Coalescence+1","hermit:TrackingShot"],"picked":"SKIP","floor":40},{"not_picked":["hermit:PistolWhip","hermit:DeadMansHand"],"picked":"hermit:HighCaliber+1","floor":41}],"player_experience":133831,"relics_obtained":[{"floor":7.0,"key":"infinitespire:PuzzleCube"},{"floor":9.0,"key":"Bottled Tornado"},{"floor":12.0,"key":"infinitespire:Midas Blood"},{"floor":13.0,"key":"StuffTheSpire:Mouthbags"},{"floor":14.0,"key":"aspiration:HatOfInfinitePower"},{"floor":26,"key":"Orichalcum"},{"floor":27,"key":"hermit:Horseshoe"},{"floor":40,"key":"hubris:BundleOfHerbs"}],"event_choices":[{"damage_healed":0,"gold_gain":0,"player_choice":"Smashed Altar","damage_taken":0,"max_hp_gain":0,"max_hp_loss":0,"event_name":"Forgotten Altar","floor":20,"gold_loss":0,"cards_obtained":["Decay"]},{"damage_healed":0,"gold_gain":0,"player_choice":"Gave Potion","damage_taken":0,"relics_obtained":["Simple Rune"],"max_hp_gain":0,"max_hp_loss":0,"event_name":"WeMeetAgain","floor":36,"gold_loss":0}],"is_beta":false,"boss_relics":[{"not_picked":["hubris:Spice","StuffTheSpire:ModemDavis"],"picked":"hubris:Spice"},{"not_picked":["hubris:Spice","hubris:Spice"],"picked":"Astrolabe"}],"items_purged_floors":[],"is_endless":false,"potions_floor_spawned":[3,8,13,14,18,27,30,33,38],"killed_by":"Nemesis","ascension_level":0}}