{"host":"c97twqu0op5dg8i4","time":1611279676,"event":{"mods":["AchievementEnabler","BaseMod","Colored Map","Minty Spire (QoL Compilation)","Permanent Neow"],"gold_per_floor":[99,99,99,99,99,99,99,99,99,99,99,99,99,69,69,69,69,69,9,0,0,0,0,0,0,0,0,0,0,0,0],"floor_reached":30,"language":"ENG","playtime":844,"items_purged":[],"score":309,"play_id":"d494c4d4-25c8-4677-96b6-98af15a52766","local_time":"20210121204116","is_ascension_mode":true,"campfire_choices":[{"data":"Leap","floor":6.0,"key":"SMITH"},{"data":"Streamline","floor":8.0,"key":"SMITH"},{"data":"BootSequence","floor":12.0,"key":"SMITH"},{"data":"Gash","floor":16.0,"key":"SMITH"},{"data":"Creative AI","floor":24.0,"key":"SMITH"},{"floor":26.0,"key":"REST"}],"circlet_count":0,"master_deck":["Strike_B","Strike_B","Strike_B","Strike_B","Defend_B","Defend_B","Defend_B","Zap+1","Dualcast","Leap+1","Streamline+1","BootSequence+1","Go for the Eyes","Gash+1","Creative AI+1","Cold Snap+1","Scrape","Storm","Ball Lightning","Doom and Gloom"],"relics":["Ectoplasm","Blood Vial","SsserpentHead","Ancient Tea Set","Regal Pillow","SlaversCollar","MealTicket","Orichalcum","Nilry\u0027s Codex"],"acts_visited":["Exordium","TheCity"],"potions_floor_usage":[30],"damage_taken":[{"damage":0.0,"enemies":"Cultist","floor":1.0,"turns":4.0},{"damage":2.0,"enemies":"Jaw Worm","floor":5.0,"turns":3.0},{"damage":0.0,"enemies":"Small Slimes","floor":7.0,"turns":3.0},{"damage":2.0,"enemies":"3 Louse","floor":11.0,"turns":3.0},{"damage":0.0,"enemies":"Exordium Thugs","floor":14.0,"turns":4.0},{"damage":0.0,"enemies":"Blue Slaver","floor":15.0,"turns":3.0},{"damage":31.0,"enemies":"Slime Boss","floor":17.0,"turns":10.0},{"damage":11.0,"enemies":"2 Thieves","floor":19.0,"turns":4.0},{"damage":2.0,"enemies":"Chosen","floor":23.0,"turns":5.0},{"damage":19.0,"enemies":"Gremlin Leader","floor":25.0,"turns":7.0},{"damage":30.0,"enemies":"Snake Plant","floor":28.0,"turns":6.0},{"damage":36,"enemies":"Book of Stabbing","floor":30,"turns":4}],"seed_played":"-7816128713005253865","potions_obtained":[{"floor":1.0,"key":"Dexterity Potion"},{"floor":11.0,"key":"SpeedPotion"},{"floor":15.0,"key":"SteroidPotion"},{"floor":17.0,"key":"Fire Potion"}],"is_trial":false,"path_per_floor":["M","T","?","?","M","R","M","R","T","T","M","R","?","M","M","R","B",null,"M","?","?","?","M","R","E","R","T","M","?","E"],"character_chosen":"DEFECT","items_purchased":[],"campfire_rested":1,"item_purchase_floors":[],"current_hp_per_floor":[68,68,68,68,68,68,70,70,70,70,70,70,70,72,74,74,44,67,58,58,58,58,58,58,41,75,75,45,29,0,0],"gold":0,"neow_bonus":"BOSS_RELIC","is_daily":false,"chose_seed":false,"campfire_upgraded":5,"win_rate":0.0,"timestamp":1611279676,"path_taken":["M","?","?","?","M","R","M","R","T","T","?","R","?","M","M","R","BOSS","M","?","?","?","M","R","E","R","T","M","?","E"],"items_purchased_type":[],"build_version":"2020-12-22","purchased_purges":0,"victory":false,"max_hp_per_floor":[75,75,75,75,75,75,75,75,75,75,75,75,75,75,75,75,75,75,75,75,75,75,75,75,75,75,75,75,75,75,75],"card_choices":[{"not_picked":["Aggregate","Beam Cell"],"picked":"Leap","floor":1.0},{"not_picked":["Hello World","Rebound","Beam Cell"],"picked":"SKIP","floor":5.0},{"not_picked":["Redo","Go for the Eyes"],"picked":"Streamline","floor":7.0},{"not_picked":["Storm","Compile Driver"],"picked":"BootSequence","floor":11.0},{"not_picked":["Hello World","Leap"],"picked":"Go for the Eyes","floor":14.0},{"not_picked":["Static Discharge","Conserve Battery"],"picked":"Gash","floor":15.0},{"not_picked":["Core Surge","Multi-Cast"],"picked":"Creative AI","floor":17.0},{"not_picked":["Beam Cell","Streamline"],"picked":"Cold Snap+1","floor":19.0},{"not_picked":["Chill","Conserve Battery"],"picked":"Storm","floor":23.0},{"not_picked":["Steam Power","Genetic Algorithm+1"],"picked":"Ball Lightning","floor":25.0},{"not_picked":["Coolheaded","Sweeping Beam+1"],"picked":"Doom and Gloom","floor":28.0}],"player_experience":283884,"relics_obtained":[{"floor":2.0,"key":"Blood Vial"},{"floor":9.0,"key":"Ancient Tea Set"},{"floor":10.0,"key":"Regal Pillow"},{"floor":25.0,"key":"MealTicket"},{"floor":27.0,"key":"Orichalcum"},{"floor":29.0,"key":"Nilry\u0027s Codex"}],"event_choices":[{"damage_healed":0.0,"max_hp_gain":0.0,"max_hp_loss":0.0,"gold_gain":0.0,"event_name":"Living Wall","player_choice":"Grow","floor":3.0,"gold_loss":0.0,"damage_taken":0.0,"cards_upgraded":["Zap"]},{"damage_healed":0.0,"max_hp_gain":0.0,"max_hp_loss":0.0,"gold_gain":0.0,"event_name":"FaceTrader","player_choice":"Trade","floor":4.0,"gold_loss":0.0,"damage_taken":0.0,"relics_obtained":["SsserpentHead"]},{"cards_removed":["Defend_B"],"damage_healed":0.0,"max_hp_gain":0.0,"max_hp_loss":0.0,"gold_gain":0.0,"event_name":"Purifier","player_choice":"Purged","floor":13.0,"gold_loss":0.0,"damage_taken":0.0},{"damage_healed":0.0,"max_hp_gain":0.0,"max_hp_loss":0.0,"gold_gain":0.0,"event_name":"Masked Bandits","player_choice":"Paid Fearfully","floor":20.0,"gold_loss":9.0,"damage_taken":0.0},{"damage_healed":0.0,"max_hp_gain":0.0,"max_hp_loss":0.0,"gold_gain":0.0,"event_name":"The Library","player_choice":"Read","floor":21.0,"gold_loss":0.0,"damage_taken":0.0,"cards_obtained":["Scrape"]},{"damage_healed":0.0,"max_hp_gain":0.0,"max_hp_loss":0.0,"gold_gain":0.0,"event_name":"Vampires","player_choice":"Ignored","floor":22.0,"gold_loss":0.0,"damage_taken":0.0},{"damage_healed":0.0,"max_hp_gain":0.0,"max_hp_loss":0.0,"gold_gain":0.0,"event_name":"Cursed Tome","player_choice":"Obtained Book","floor":29.0,"gold_loss":0.0,"damage_taken":16.0}],"is_beta":false,"boss_relics":[{"not_picked":["Fusion Hammer","Runic Pyramid"],"picked":"SlaversCollar"}],"items_purged_floors":[],"is_endless":false,"potions_floor_spawned":[1,11,15,17,19,23,28],"killed_by":"Book of Stabbing","ascension_level":6}}