{"host":"n605f8gctjc87d7h","time":1611354950,"event":{"mods":["Aspiration","Bard","BaseMod","Better Match","Better Note","Better Skull","Better Third Choice","Conspire","Halation","Hermit","Infinite Spire","Minty Spire (QoL Compilation)","Replay The Spire","Retaliation","Shade Mod","Spicy Shops","StS++","StSLib","The IronCluck"],"gold_per_floor":[114,114,130,146,159,192,120,120,120,120,120,135,135,154,154,227,227,209,223,223,223],"floor_reached":20,"language":"ENG","playtime":1085,"items_purged":["Doubt"],"score":290,"play_id":"d4817bde-eeb2-4e32-b830-28ebbbe56c4f","local_time":"20210122143550","is_ascension_mode":true,"campfire_choices":[{"floor":8,"key":"REST"},{"data":"Defragment","floor":11,"key":"SMITH"},{"data":"Cold Snap","floor":13,"key":"SMITH"},{"floor":15,"key":"REST"}],"circlet_count":0,"master_deck":["AscendersBane","Strike_B","Strike_B","Strike_B","Strike_B+1","Defend_B","Defend_B","Defend_B","Defend_B","Zap","Dualcast","StSpp:Converter","Cold Snap+1","Ball Lightning+1","Double Energy","Defragment+1","aspiration:Polymerization","Chaos"],"relics":["Cracked Core","StSpp:Monolith","ReplayTheSpireMod:CursedCoin","Whetstone","StrikeDummy","Nunchaku","Inserter"],"acts_visited":["Exordium","TheCity"],"potions_floor_usage":[5,6,6,18],"damage_taken":[{"damage":6,"enemies":"2 Louse","floor":1,"turns":2},{"damage":3,"enemies":"Cultist","floor":3,"turns":4},{"damage":5,"enemies":"Jaw Worm","floor":4,"turns":2},{"damage":8,"enemies":"Gremlin Gang","floor":5,"turns":2},{"damage":10,"enemies":"Gremlin Nob","floor":6,"turns":3},{"damage":3,"enemies":"Blue Slaver","floor":12,"turns":3},{"damage":11,"enemies":"3 Louse","floor":14,"turns":3},{"damage":43,"enemies":"The Guardian","floor":16,"turns":14},{"damage":15,"enemies":"2 Thieves","floor":18,"turns":4},{"damage":11,"enemies":"Spheric Guardian","floor":19,"turns":4},{"damage":37,"enemies":"Snake Plant","floor":20,"turns":4}],"seed_played":"501703740098264185","potions_obtained":[{"floor":2,"key":"ColorlessPotion"},{"floor":2,"key":"Energy Potion"},{"floor":5,"key":"BlessingOfTheForge"},{"floor":12,"key":"Explosive Potion"},{"floor":14,"key":"DDmod:CleansePotion"},{"floor":16,"key":"LiquidBronze"}],"is_trial":false,"path_per_floor":["M","?","M","M","M","E","$","R","T","T","R","M","R","M","R","B",null,"M","M","M"],"character_chosen":"DEFECT","items_purchased":["ReplayTheSpireMod:CursedCoin","Whetstone"],"campfire_rested":2,"item_purchase_floors":[7,7],"current_hp_per_floor":[62,62,59,54,46,36,36,58,58,58,58,55,55,44,66,23,62,47,36,0,0],"gold":223,"neow_bonus":"ONE_RANDOM_RARE_CARD","is_daily":false,"chose_seed":false,"campfire_upgraded":2,"win_rate":0.0,"timestamp":1611354950,"path_taken":["M","?","M","?","M","E","$","R","T","?","R","M","R","M","R","BOSS","M","?","M"],"items_purchased_type":["Relic","Relic"],"build_version":"2020-12-22","purchased_purges":1,"victory":false,"max_hp_per_floor":[75,75,75,75,75,75,75,75,75,75,75,75,75,75,75,75,75,75,75,75,75],"card_choices":[{"not_picked":["Rebound","Turbo"],"picked":"Cold Snap","floor":1},{"not_picked":["Compile Driver","ReplaySort"],"picked":"Ball Lightning","floor":3},{"not_picked":["Coolheaded","Leap","Sweeping Beam"],"picked":"SKIP","floor":4},{"not_picked":["Cold Snap","Gash"],"picked":"Double Energy","floor":5},{"not_picked":["Time Bomb","Gash"],"picked":"Defragment","floor":6},{"not_picked":["Streamline","Ball Lightning"],"picked":"aspiration:Polymerization","floor":12},{"not_picked":["Stack","Cold Snap","conspire:SharedLibrary"],"picked":"SKIP","floor":14},{"not_picked":["Ball Lightning","Glacier"],"picked":"Chaos","floor":18},{"not_picked":["Barrage","Aggregate","Steam"],"picked":"SKIP","floor":19}],"player_experience":634079,"relics_obtained":[{"floor":6,"key":"StSpp:Monolith"},{"floor":9,"key":"StrikeDummy"},{"floor":10,"key":"Nunchaku"}],"event_choices":[{"damage_healed":0,"gold_gain":0,"player_choice":"Got Potions","damage_taken":0,"max_hp_gain":0,"max_hp_loss":0,"event_name":"Lab","floor":2,"gold_loss":0}],"is_beta":false,"boss_relics":[{"not_picked":["Pandora\u0027s Box","ChewingGum"],"picked":"Inserter"}],"items_purged_floors":[7],"is_endless":false,"potions_floor_spawned":[5,12,14,16],"killed_by":"Snake Plant","ascension_level":13}}