{"host":"8i58hvcssdezoe94","time":1611298594,"event":{"mods":["Act Like it!","BaseMod","Colored Map","Conspire","Gensokyo","KinomotoSakuraMod(木之本樱)","Marisa（F雨　魔理沙）","Minty Spire (QoL Compilation)","Quick Restart","Remilia（蕾米莉亚）","Replay The Spire","StSLib","The Animator","The Bug Knight","The Construct","The Cursed","The Hierophant","The Jungle","The Servant 0.9.4"],"gold_per_floor":[117,132,152,14,34,65,65,283,283,283,283,283],"floor_reached":11,"language":"ZHS","playtime":433,"items_purged":[],"score":75,"play_id":"ce21e642-111f-4ada-b894-6aaf12a99c99","local_time":"20210122145634","is_ascension_mode":false,"campfire_choices":[{"floor":7,"key":"RECALL"}],"circlet_count":0,"master_deck":["Strike_B","Strike_B","Strike_B","Strike_B","Defend_B","Defend_B","Defend_B","Defend_B","Zap+1","Dualcast","Sweeping Beam","Go for the Eyes","White Noise","Buffer","Go for the Eyes+1","Beam Cell","Time Bomb"],"relics":["Cracked Core","Bronze Scales","Unceasing Top"],"acts_visited":["Gensokyo:Gensokyo"],"potions_floor_usage":[],"damage_taken":[{"damage":0,"enemies":"Gensokyo:3_Fairies","floor":1,"turns":3},{"damage":1,"enemies":"Gensokyo:Python","floor":2,"turns":3},{"damage":0,"enemies":"Gensokyo:Gryphon","floor":3,"turns":3},{"damage":13,"enemies":"Gensokyo:2_Rabbits","floor":5,"turns":4},{"damage":29,"enemies":"Gensokyo:Mamizou","floor":6,"turns":10},{"damage":6,"enemies":"Gensokyo:3_Kodama","floor":8,"turns":4},{"damage":27,"enemies":"Gensokyo:Aya","floor":11,"turns":5}],"seed_played":"-8195431297370895860","potions_obtained":[{"floor":3,"key":"Swift Potion"},{"floor":5,"key":"ColorlessPotion"},{"floor":8,"key":"Fire Potion"}],"is_trial":false,"path_per_floor":["M","M","M","COS","M","E","R","M","T","?","E"],"character_chosen":"DEFECT","items_purchased":[],"campfire_rested":0,"item_purchase_floors":[],"current_hp_per_floor":[75,74,74,74,61,32,32,26,26,26,0,0],"gold":283,"neow_bonus":"UPGRADE_CARD","is_daily":false,"chose_seed":false,"campfire_upgraded":0,"win_rate":0.0,"timestamp":1611298594,"path_taken":["M","?","M","COS","M","E","R","M","T","?","E"],"items_purchased_type":[],"build_version":"2020-12-22","purchased_purges":0,"victory":false,"max_hp_per_floor":[75,75,75,75,75,75,75,75,75,75,75,75],"card_choices":[{"not_picked":["Recycle","Skim"],"picked":"Sweeping Beam","floor":1},{"not_picked":["BasicCrystalCard","Compile Driver"],"picked":"Go for the Eyes","floor":2},{"not_picked":["Steam","Go for the Eyes"],"picked":"White Noise","floor":3},{"not_picked":["Double Energy","Heatsinks"],"picked":"Buffer","floor":5},{"not_picked":["Heatsinks+1","Gash+1"],"picked":"Go for the Eyes+1","floor":6},{"not_picked":["Electrodynamics","BasicCrystalCard"],"picked":"Beam Cell","floor":6},{"not_picked":["Static Discharge","Scrape"],"picked":"Time Bomb","floor":8}],"player_experience":74898,"relics_obtained":[{"floor":6,"key":"Bronze Scales"}],"event_choices":[{"damage_healed":0,"gold_gain":0,"player_choice":"Leave","damage_taken":0,"max_hp_gain":0,"max_hp_loss":0,"event_name":"conspire:Investor","floor":10,"gold_loss":0}],"is_beta":false,"boss_relics":[],"items_purged_floors":[],"is_endless":false,"potions_floor_spawned":[3,5,8],"killed_by":"Gensokyo:Aya","ascension_level":0}}