{"host":"3y2rtlgteqp2nuo3","time":1611308677,"event":{"mods":["2.2 Compatiblity","AchievementEnabler","BaseMod","Colored Map","DeckTracker","Highlight Path","Keyboard Shortcuts","Minty Spire (QoL Compilation)","Permanent Neow","Quick Restart","StSLib","SuperFastMode","everything is the same but u backflip on backflip"],"gold_per_floor":[111,130,142,152,168,199,199,199,199],"floor_reached":8,"language":"KOR","playtime":290,"items_purged":[],"score":108,"play_id":"3fa9a3f1-f90c-45bb-9292-56fd09be06d4","local_time":"20210122184437","is_ascension_mode":true,"campfire_choices":[{"data":"Envenom","floor":7.0,"key":"SMITH"}],"circlet_count":0,"master_deck":["AscendersBane","Strike_G","Strike_G","Strike_G","Strike_G","Strike_G","Defend_G","Defend_G","Defend_G","Defend_G","Defend_G","Survivor","Neutralize","Cloak And Dagger","Leg Sweep","Flying Knee","Riddle With Holes","Envenom+1"],"relics":["Ring of the Snake","Lantern"],"acts_visited":["Exordium"],"potions_floor_usage":[],"damage_taken":[{"damage":1.0,"enemies":"Small Slimes","floor":1.0,"turns":4.0},{"damage":7.0,"enemies":"Jaw Worm","floor":2.0,"turns":6.0},{"damage":0.0,"enemies":"2 Louse","floor":3.0,"turns":5.0},{"damage":3.0,"enemies":"Large Slime","floor":4.0,"turns":6.0},{"damage":10.0,"enemies":"Red Slaver","floor":5.0,"turns":6.0},{"damage":15.0,"enemies":"3 Sentries","floor":6.0,"turns":10.0},{"damage":35,"enemies":"Gremlin Nob","floor":8,"turns":4}],"seed_played":"-6309461597431569222","potions_obtained":[{"floor":1.0,"key":"FearPotion"},{"floor":3.0,"key":"Dexterity Potion"}],"is_trial":false,"path_per_floor":["M","M","M","M","M","E","R","E"],"character_chosen":"THE_SILENT","items_purchased":[],"campfire_rested":0,"item_purchase_floors":[],"current_hp_per_floor":[64,57,57,54,44,29,29,0,0],"gold":199,"neow_bonus":"TEN_PERCENT_HP_BONUS","is_daily":false,"chose_seed":false,"campfire_upgraded":1,"win_rate":0.0,"timestamp":1611308677,"path_taken":["M","M","M","M","M","E","R","E"],"items_purchased_type":[],"build_version":"2020-12-22","purchased_purges":0,"victory":false,"max_hp_per_floor":[72,72,72,72,72,72,72,72,72],"card_choices":[{"not_picked":["Endless Agony","Prepared"],"picked":"Cloak And Dagger","floor":1.0},{"not_picked":["Acrobatics","Sucker Punch"],"picked":"Leg Sweep","floor":2.0},{"not_picked":["Dodge and Roll","Prepared"],"picked":"Flying Knee","floor":3.0},{"not_picked":["Deflect","Prepared","Footwork"],"picked":"SKIP","floor":4.0},{"not_picked":["Quick Slash","Cloak And Dagger"],"picked":"Riddle With Holes","floor":5.0},{"not_picked":["Storm of Steel","Flying Knee"],"picked":"Envenom","floor":6.0}],"player_experience":709994,"relics_obtained":[{"floor":6.0,"key":"Lantern"}],"event_choices":[],"is_beta":false,"boss_relics":[],"items_purged_floors":[],"is_endless":false,"potions_floor_spawned":[1,3],"killed_by":"Gremlin Nob","ascension_level":16}}