{"host":"1tl36azeqm6yhdgj","time":1611281954,"event":{"mods":["AchievementEnabler","BaseMod","Minty Spire (QoL Compilation)","StSLib","The IronCluck","everything is the same but u backflip on backflip"],"gold_per_floor":[114,189,200,214,24,59,70,95,173,200,31,41,54,72,72,72,72],"floor_reached":16,"language":"ENG","playtime":585,"items_purged":[],"score":248,"play_id":"600c9b9f-0309-45cf-aacd-69b508ddca56","local_time":"20210121211914","is_ascension_mode":true,"campfire_choices":[{"floor":15.0,"key":"REST"}],"circlet_count":0,"master_deck":["AscendersBane","Strike_R","Strike_R","Strike_R","Strike_R","Strike_R","Defend_R","Defend_R","Defend_R","Defend_R","Bash","Clash","Thunderclap","Clothesline","Flex","Headbutt","Uppercut","Fiend Fire","Shrug It Off","Whirlwind","Rampage","Searing Blow"],"relics":["Burning Blood","Oddly Smooth Stone","Boot","Bag of Preparation","Turnip","Eternal Feather","Bronze Scales","Juzu Bracelet"],"acts_visited":["Exordium"],"potions_floor_usage":[16],"damage_taken":[{"damage":5.0,"enemies":"Cultist","floor":1.0,"turns":4.0},{"damage":6.0,"enemies":"Small Slimes","floor":3.0,"turns":3.0},{"damage":14.0,"enemies":"Jaw Worm","floor":4.0,"turns":5.0},{"damage":35.0,"enemies":"Lagavulin","floor":6.0,"turns":6.0},{"damage":0.0,"enemies":"Gremlin Gang","floor":7.0,"turns":6.0},{"damage":21.0,"enemies":"3 Sentries","floor":8.0,"turns":7.0},{"damage":2.0,"enemies":"Gremlin Nob","floor":10.0,"turns":3.0},{"damage":3.0,"enemies":"Blue Slaver","floor":12.0,"turns":3.0},{"damage":0.0,"enemies":"Looter","floor":13.0,"turns":1.0},{"damage":7.0,"enemies":"Large Slime","floor":14.0,"turns":5.0},{"damage":59,"enemies":"The Guardian","floor":16,"turns":9}],"seed_played":"6779000979164227391","potions_obtained":[{"floor":6.0,"key":"Strength Potion"},{"floor":7.0,"key":"Dexterity Potion"},{"floor":10.0,"key":"SteroidPotion"},{"floor":12.0,"key":"Swift Potion"}],"is_trial":false,"path_per_floor":["M","?","M","M","$","E","M","E","T","E","$","M","M","M","R","B"],"character_chosen":"IRONCLAD","items_purchased":["Boot","Flex","Juzu Bracelet"],"campfire_rested":1,"item_purchase_floors":[5,5,11],"current_hp_per_floor":[69,58,58,50,50,21,27,12,12,16,16,19,25,24,58,0,0],"gold":72,"neow_bonus":"RANDOM_COMMON_RELIC","is_daily":false,"chose_seed":false,"campfire_upgraded":0,"win_rate":0.0,"timestamp":1611281954,"path_taken":["M","?","M","M","$","E","M","E","T","E","$","M","M","M","R","BOSS"],"items_purchased_type":["Relic","Card","Relic"],"build_version":"2020-12-22","purchased_purges":0,"victory":false,"max_hp_per_floor":[75,75,75,75,75,75,75,75,75,75,75,75,75,75,75,75,75],"card_choices":[{"not_picked":["True Grit","Sword Boomerang"],"picked":"Clash","floor":1.0},{"not_picked":["Blood for Blood","Perfected Strike"],"picked":"Thunderclap","floor":3.0},{"not_picked":["Wild Strike","Second Wind"],"picked":"Clothesline","floor":4.0},{"not_picked":["Body Slam","Thunderclap"],"picked":"Headbutt","floor":6.0},{"not_picked":["Warcry","Clothesline"],"picked":"Uppercut","floor":7.0},{"not_picked":["Clash","Bloodletting"],"picked":"Fiend Fire","floor":8.0},{"not_picked":["Bloodletting","Warcry"],"picked":"Shrug It Off","floor":10.0},{"not_picked":["Combust","Sever Soul"],"picked":"Whirlwind","floor":12.0},{"not_picked":["Perfected Strike","Shrug It Off"],"picked":"Rampage","floor":13.0},{"not_picked":["Headbutt","Pommel Strike"],"picked":"Searing Blow","floor":14.0}],"player_experience":2015369,"relics_obtained":[{"floor":6.0,"key":"Bag of Preparation"},{"floor":8.0,"key":"Turnip"},{"floor":9.0,"key":"Eternal Feather"},{"floor":10.0,"key":"Bronze Scales"}],"event_choices":[{"damage_healed":0.0,"max_hp_gain":0.0,"max_hp_loss":0.0,"gold_gain":75.0,"event_name":"World of Goop","player_choice":"Gather Gold","floor":2.0,"gold_loss":0.0,"damage_taken":11.0}],"is_beta":false,"boss_relics":[],"items_purged_floors":[],"is_endless":false,"potions_floor_spawned":[6,7,10,12],"killed_by":"The Guardian","ascension_level":20}}