{"host":"7tvb1em0d2fx72q7","time":1611281113,"event":{"mods":["BaseMod","Challenge The Spire","Minty Spire (QoL Compilation)","StSLib","everything is the same but u backflip on backflip"],"gold_per_floor":[116,116,33,52,22,65,65,81,81,99,124,155,155,195,195,286,286,302,302,302,302,322,366,366,385,385,81,116,116,116],"floor_reached":29,"language":"ENG","playtime":1964,"items_purged":["Strike_B"],"score":612,"play_id":"71cb13dd-4157-4ba6-be0a-41e898a3004c","local_time":"20210121210513","is_ascension_mode":true,"campfire_choices":[{"data":"Defragment","floor":7.0,"key":"SMITH"},{"floor":13.0,"key":"REST"},{"data":"Go for the Eyes","floor":15.0,"key":"SMITH"},{"floor":24.0,"key":"REST"}],"circlet_count":0,"master_deck":["AscendersBane","Strike_B","Defend_B","Defend_B","Defend_B","Defend_B","Zap","Dualcast","Gash","Go for the Eyes+1","Streamline","Defragment+1","Ball Lightning","Sunder+1","Cold Snap","Ball Lightning","Sweeping Beam","Core Surge","Coolheaded","Capacitor","Go for the Eyes","Compile Driver+1","Self Repair","Biased Cognition","Meteor Strike","Reinforced Body","Heatsinks+1"],"relics":["Cracked Core","NeowsBlessing","Golden Idol","Singing Bowl","PreservedInsect","Omamori","Strawberry","Snecko Eye","White Beast Statue","Happy Flower"],"acts_visited":["Exordium","TheCity"],"potions_floor_usage":[28],"damage_taken":[{"damage":0.0,"enemies":"Jaw Worm","floor":1.0,"turns":1.0},{"damage":0.0,"enemies":"2 Louse","floor":4.0,"turns":1.0},{"damage":0.0,"enemies":"Gremlin Nob","floor":6.0,"turns":1.0},{"damage":1.0,"enemies":"Cultist","floor":8.0,"turns":3.0},{"damage":1.0,"enemies":"Red Slaver","floor":10.0,"turns":3.0},{"damage":12.0,"enemies":"Blue Slaver","floor":11.0,"turns":3.0},{"damage":15.0,"enemies":"3 Sentries","floor":12.0,"turns":4.0},{"damage":7.0,"enemies":"Gremlin Nob","floor":14.0,"turns":3.0},{"damage":4.0,"enemies":"The Guardian","floor":16.0,"turns":10.0},{"damage":3.0,"enemies":"Chosen","floor":18.0,"turns":3.0},{"damage":1.0,"enemies":"3 Byrds","floor":22.0,"turns":2.0},{"damage":60.0,"enemies":"Slavers","floor":23.0,"turns":5.0},{"damage":22.0,"enemies":"Sentry and Sphere","floor":25.0,"turns":4.0},{"damage":1,"enemies":"Gremlin Leader","floor":28,"turns":4},{"damage":11,"enemies":"Colosseum Slavers","floor":29,"turns":1}],"seed_played":"7029246302183360626","potions_obtained":[{"floor":5.0,"key":"Block Potion"},{"floor":10.0,"key":"SkillPotion"},{"floor":16.0,"key":"Explosive Potion"},{"floor":18.0,"key":"Strength Potion"},{"floor":23.0,"key":"EssenceOfSteel"},{"floor":28,"key":"Dexterity Potion"}],"is_trial":false,"path_per_floor":["M","?","$","M","?","E","R","M","T","M","M","E","R","E","R","B",null,"M","?","?","?","M","E","R","M","T","$","E","?"],"character_chosen":"DEFECT","items_purchased":["Go for the Eyes","PowerPotion","Meteor Strike","Reinforced Body"],"campfire_rested":2,"item_purchase_floors":[3,3,27,27],"current_hp_per_floor":[64,40,40,40,40,40,40,39,39,38,26,11,32,32,32,28,66,63,63,63,63,62,2,25,3,3,3,9,0,0],"gold":116,"neow_bonus":"THREE_ENEMY_KILL","is_daily":false,"chose_seed":false,"campfire_upgraded":2,"win_rate":0.0,"timestamp":1611281113,"path_taken":["M","?","$","M","?","E","R","M","T","?","M","E","R","E","R","BOSS","M","?","?","?","?","E","R","M","T","?","E","?"],"items_purchased_type":["Card","Potion","Card","Card"],"build_version":"2020-12-22","purchased_purges":1,"victory":false,"max_hp_per_floor":[71,71,71,71,71,71,71,71,71,71,71,71,71,78,78,78,78,78,78,78,78,78,78,78,78,78,78,78,78,78],"card_choices":[{"not_picked":["Darkness","Stack"],"picked":"Gash","floor":1.0},{"not_picked":["Stack","Barrage"],"picked":"Streamline","floor":4.0},{"not_picked":["Fusion","Steam"],"picked":"Defragment","floor":6.0},{"not_picked":["Stack","Double Energy"],"picked":"Ball Lightning","floor":8.0},{"not_picked":["Streamline","Leap"],"picked":"Sunder","floor":10.0},{"not_picked":["BootSequence","Chill"],"picked":"Cold Snap","floor":11.0},{"not_picked":["Hologram","Meteor Strike"],"picked":"Ball Lightning","floor":12.0},{"not_picked":["Go for the Eyes","Consume"],"picked":"Sweeping Beam","floor":14.0},{"not_picked":["Amplify","All For One"],"picked":"Core Surge","floor":16.0},{"not_picked":["Steam","Recycle"],"picked":"Coolheaded","floor":18.0},{"not_picked":["Gash","Conserve Battery"],"picked":"Compile Driver+1","floor":22.0},{"not_picked":["Sweeping Beam+1","Steam"],"picked":"Self Repair","floor":23.0},{"not_picked":["Coolheaded","Compile Driver"],"picked":"Biased Cognition","floor":25.0},{"not_picked":["Reboot","Lockon"],"picked":"Heatsinks+1","floor":28}],"player_experience":1953346,"relics_obtained":[{"floor":6.0,"key":"Singing Bowl"},{"floor":9.0,"key":"PreservedInsect"},{"floor":12.0,"key":"Omamori"},{"floor":14.0,"key":"Strawberry"},{"floor":23.0,"key":"White Beast Statue"},{"floor":28,"key":"Happy Flower"}],"event_choices":[{"damage_healed":0.0,"max_hp_gain":0.0,"max_hp_loss":0.0,"gold_gain":0.0,"event_name":"Golden Idol","player_choice":"Take Damage","floor":2.0,"gold_loss":0.0,"damage_taken":24.0,"relics_obtained":["Golden Idol"]},{"damage_healed":0.0,"max_hp_gain":0.0,"max_hp_loss":0.0,"gold_gain":0.0,"event_name":"The Woman in Blue","player_choice":"Bought 2 Potions","floor":5.0,"gold_loss":0.0,"damage_taken":0.0},{"damage_healed":0.0,"max_hp_gain":0.0,"max_hp_loss":0.0,"gold_gain":0.0,"event_name":"Ghosts","player_choice":"Ignored","floor":19.0,"gold_loss":0.0,"damage_taken":0.0},{"damage_healed":0.0,"max_hp_gain":0.0,"max_hp_loss":0.0,"gold_gain":0.0,"cards_transformed":["Strike_B","Strike_B"],"event_name":"Drug Dealer","player_choice":"Became Test Subject","floor":20.0,"gold_loss":0.0,"damage_taken":0.0,"cards_obtained":["Capacitor","Go for the Eyes"]},{"damage_healed":0.0,"max_hp_gain":0.0,"max_hp_loss":0.0,"gold_gain":0.0,"event_name":"Upgrade Shrine","player_choice":"Upgraded","floor":21.0,"gold_loss":0.0,"damage_taken":0.0,"cards_upgraded":["Sunder"]},{"damage_healed":0,"gold_gain":0,"player_choice":"Fight","damage_taken":0,"max_hp_gain":0,"max_hp_loss":0,"event_name":"Colosseum","floor":29,"gold_loss":0}],"is_beta":false,"boss_relics":[{"not_picked":["Pandora\u0027s Box","Runic Pyramid"],"picked":"Snecko Eye"}],"items_purged_floors":[27],"is_endless":false,"potions_floor_spawned":[6,8,10,16,18,23,25,28],"killed_by":"Colosseum Slavers","ascension_level":20}}