{"host":"s41rn2jhghpwfrvz","time":1611347323,"event":{"mods":["BaseMod","Minty Spire (QoL Compilation)","Quick Restart","Relic Stats","SuperFastMode"],"gold_per_floor":[114,130,146,71,71,98,98,132,132,132,166,179,197,229,229,306,306,319,338,238,248,283,283,310,95,119,152,180,180,215,245,245,324,324,342,362,55,68,81,81,115,115,141,161,196,249,74,102,102,102,102,102,102,102,136,136],"floor_reached":57,"language":"ENG","playtime":1559,"items_purged":["Pummel","Evaluate","Streamline+1","Swivel","Distraction"],"score":3882,"play_id":"8a3f13a1-c5da-4d5e-98ce-f6ae6a68e07b","local_time":"20210122222843","daily_mods":["SealedDeck","Diverse","DeadlyEvents"],"is_ascension_mode":true,"campfire_choices":[{"data":"Backflip","floor":7,"key":"SMITH"},{"data":"Wallop","floor":10,"key":"SMITH"},{"data":"Streamline","floor":15,"key":"SMITH"},{"data":"Body Slam","floor":23,"key":"SMITH"},{"data":"Madness","floor":29,"key":"SMITH"},{"data":"Backflip","floor":32,"key":"SMITH"},{"floor":40,"key":"RECALL"},{"floor":49,"key":"REST"},{"floor":53,"key":"REST"}],"circlet_count":0,"master_deck":["AscendersBane","Wallop+1","Backflip+1","Prostrate+1","Backflip+1","Body Slam+1","Madness+1","Footwork","Offering","Evolve+1"],"relics":["Burning Blood","Bag of Preparation","Matryoshka","Blue Candle","Art of War","WingedGreaves","Anchor","Empty Cage","Red Mask","Oddly Smooth Stone","Pocketwatch","Turnip","Akabeko","Centennial Puzzle","Fusion Hammer","TheAbacus","Omamori","Ancient Tea Set","Strawberry","Charon\u0027s Ashes","Sundial","Toy Ornithopter"],"acts_visited":["Exordium","TheCity","TheBeyond","TheEnding"],"potions_floor_usage":[14,56,56],"damage_taken":[{"damage":0,"enemies":"Jaw Worm","floor":1,"turns":6},{"damage":0,"enemies":"Cultist","floor":2,"turns":3},{"damage":0,"enemies":"Small Slimes","floor":3,"turns":4},{"damage":16,"enemies":"Gremlin Nob","floor":6,"turns":4},{"damage":21,"enemies":"3 Sentries","floor":8,"turns":11},{"damage":0,"enemies":"Lagavulin","floor":11,"turns":5},{"damage":0,"enemies":"2 Fungi Beasts","floor":12,"turns":4},{"damage":1,"enemies":"Gremlin Gang","floor":13,"turns":5},{"damage":14,"enemies":"3 Sentries","floor":14,"turns":11},{"damage":22,"enemies":"Hexaghost","floor":16,"turns":8},{"damage":6,"enemies":"2 Thieves","floor":18,"turns":4},{"damage":10,"enemies":"3 Byrds","floor":19,"turns":4},{"damage":0,"enemies":"Sentry and Sphere","floor":21,"turns":2},{"damage":28,"enemies":"Masked Bandits","floor":22,"turns":4},{"damage":0,"enemies":"Gremlin Leader","floor":24,"turns":2},{"damage":0,"enemies":"Book of Stabbing","floor":27,"turns":3},{"damage":0,"enemies":"Gremlin Leader","floor":28,"turns":1},{"damage":6,"enemies":"Slavers","floor":30,"turns":1},{"damage":0,"enemies":"Gremlin Leader","floor":31,"turns":2},{"damage":0,"enemies":"Champ","floor":33,"turns":2},{"damage":6,"enemies":"3 Darklings","floor":35,"turns":1},{"damage":0,"enemies":"3 Shapes","floor":36,"turns":2},{"damage":6,"enemies":"Spire Growth","floor":38,"turns":1},{"damage":6,"enemies":"3 Darklings","floor":39,"turns":1},{"damage":6,"enemies":"Reptomancer","floor":41,"turns":1},{"damage":6,"enemies":"Jaw Worm Horde","floor":44,"turns":1},{"damage":6,"enemies":"Giant Head","floor":45,"turns":1},{"damage":6,"enemies":"2 Orb Walkers","floor":46,"turns":2},{"damage":6,"enemies":"Reptomancer","floor":48,"turns":1},{"damage":6,"enemies":"Donu and Deca","floor":50,"turns":1},{"damage":6,"enemies":"Time Eater","floor":51,"turns":2},{"damage":6,"enemies":"Shield and Spear","floor":55,"turns":1},{"damage":6,"enemies":"The Heart","floor":56,"turns":4}],"seed_played":"998327272608677018","potions_obtained":[{"floor":3,"key":"PowerPotion"},{"floor":6,"key":"PowerPotion"},{"floor":16,"key":"EssenceOfSteel"},{"floor":18,"key":"PowerPotion"}],"is_trial":true,"path_per_floor":["M","M","M","$","?","E","R","E","T","R","E","M","M","E","R","B",null,"M","M","$","M","?","R","E","$","T","E","E","R","E","E","R","B",null,"M","M","$","M","M","R","E","$","T","M","E","?","$","E","R","B","B",null,"R","$","E","B",null],"character_chosen":"IRONCLAD","items_purchased":["Madness","TheAbacus"],"campfire_rested":2,"item_purchase_floors":[25,37],"current_hp_per_floor":[74,75,75,75,75,65,65,50,50,50,56,62,67,59,59,43,67,67,63,63,69,47,47,53,53,53,59,65,65,65,71,71,75,75,75,75,75,75,75,75,75,75,75,75,82,82,82,82,82,82,82,82,82,82,82,82],"gold":136,"neow_bonus":"","is_daily":false,"chose_seed":false,"campfire_upgraded":6,"win_rate":0.0,"timestamp":1611347323,"path_taken":["M","M","M","$","?","E","R","E","T","R","E","M","M","E","R","BOSS","M","M","$","?","?","R","E","$","T","E","E","R","?","E","R","BOSS","M","M","$","M","M","R","E","?","T","?","E","?","?","E","R","BOSS","BOSS","R","$","E","BOSS"],"items_purchased_type":["Card","Relic"],"build_version":"2020-12-22","purchased_purges":5,"victory":true,"max_hp_per_floor":[75,75,75,75,75,75,75,75,75,75,75,75,75,75,75,75,75,75,75,75,75,75,75,75,75,75,75,75,75,75,75,75,75,75,75,75,75,75,75,75,75,75,75,75,82,82,82,82,82,82,82,82,82,82,82,82],"relic_stats":{"counters":[33,105],"Blue Candle":[0],"Charon\u0027s Ashes":[57],"Bag of Preparation":[58],"Burning Blood":179,"Centennial Puzzle":[36],"TheAbacus":[522],"Sundial":[40],"Turnip":[2],"Art of War":[3],"obtain_stats":[{"Blue Candle":9,"Oddly Smooth Stone":24,"Charon\u0027s Ashes":46,"Bag of Preparation":6,"Omamori":41,"Empty Cage":17,"Ancient Tea Set":43,"Burning Blood":0,"Akabeko":30,"Anchor":14,"Centennial Puzzle":31,"Matryoshka":8,"TheAbacus":37,"Sundial":48,"Strawberry":45,"WingedGreaves":11,"Turnip":28,"Fusion Hammer":34,"Art of War":9,"Red Mask":22,"Toy Ornithopter":55,"Pocketwatch":27},{"Blue Candle":5,"Oddly Smooth Stone":15,"Charon\u0027s Ashes":28,"Bag of Preparation":4,"Omamori":25,"Empty Cage":10,"Ancient Tea Set":25,"Burning Blood":0,"Akabeko":18,"Anchor":9,"Centennial Puzzle":19,"Matryoshka":5,"TheAbacus":22,"Sundial":29,"Strawberry":27,"WingedGreaves":6,"Turnip":17,"Fusion Hammer":20,"Art of War":5,"Red Mask":14,"Toy Ornithopter":32,"Pocketwatch":16},{"Blue Candle":28,"Oddly Smooth Stone":77,"Charon\u0027s Ashes":96,"Bag of Preparation":17,"Omamori":92,"Empty Cage":61,"Ancient Tea Set":92,"Burning Blood":0,"Akabeko":82,"Anchor":53,"Centennial Puzzle":84,"Matryoshka":28,"TheAbacus":89,"Sundial":97,"Strawberry":94,"WingedGreaves":33,"Turnip":81,"Fusion Hammer":86,"Art of War":28,"Red Mask":75,"Toy Ornithopter":101,"Pocketwatch":80}],"Toy Ornithopter":0,"Pocketwatch":[2]},"card_choices":[{"not_picked":["Sweeping Beam","Undo","Quick Slash"],"picked":"SKIP","floor":1},{"not_picked":["Twin Strike","Flechettes","Conserve Battery"],"picked":"SKIP","floor":2},{"not_picked":["Infinite Blades","Flying Knee","Bane"],"picked":"SKIP","floor":3},{"not_picked":["Skewer","Perfected Strike","Inflame"],"picked":"SKIP","floor":6},{"not_picked":["Infernal Blade","Static Discharge","Power Through"],"picked":"SKIP","floor":8},{"not_picked":["Heavy Blade","Flex","Dagger Throw"],"picked":"SKIP","floor":11},{"not_picked":["Coolheaded","MasterReality","Heatsinks"],"picked":"SKIP","floor":12},{"not_picked":["Coolheaded","MasterReality","Heatsinks"],"picked":"SKIP","floor":12},{"not_picked":["Backflip","Ghostly Armor","Redo"],"picked":"SKIP","floor":13},{"not_picked":["Ghostly Armor","Redo"],"picked":"Backflip","floor":13},{"not_picked":["Dash","Terror","Sunder"],"picked":"SKIP","floor":14},{"not_picked":["Gash","EmptyFist","Deflect"],"picked":"SKIP","floor":18},{"not_picked":["Consecrate","Rebound","Darkness+1"],"picked":"SKIP","floor":19},{"not_picked":["Crescendo","Backflip"],"picked":"Body Slam","floor":21},{"not_picked":["Streamline","Static Discharge","Core Surge"],"picked":"SKIP","floor":24},{"not_picked":["CutThroughFate","Hologram","Chill"],"picked":"SKIP","floor":27},{"not_picked":["EmptyFist","EmptyBody","Cloak And Dagger"],"picked":"SKIP","floor":28},{"not_picked":["Lockon","Nirvana","Footwork"],"picked":"SKIP","floor":30},{"not_picked":["Lockon","Nirvana"],"picked":"Footwork","floor":30},{"not_picked":["JustLucky","Brilliance","Sword Boomerang"],"picked":"SKIP","floor":31},{"not_picked":["Doppelganger","Devotion"],"picked":"Offering","floor":33},{"not_picked":["Rupture","Dagger Spray"],"picked":"Evolve+1","floor":35},{"not_picked":["Clash","Ghostly Armor","Redo"],"picked":"SKIP","floor":36},{"not_picked":["CrushJoints","ThirdEye+1","Deadly Poison"],"picked":"SKIP","floor":38},{"not_picked":["Sucker Punch+1","Bane","Ghostly Armor"],"picked":"SKIP","floor":39},{"not_picked":["Cleave","Exhume","BattleHymn"],"picked":"SKIP","floor":41},{"not_picked":["Sucker Punch+1","Bouncing Flask","Wireheading"],"picked":"SKIP","floor":44},{"not_picked":["Outmaneuver+1","Study+1","After Image"],"picked":"SKIP","floor":45},{"not_picked":["FlyingSleeves+1","Flex","Endless Agony+1"],"picked":"SKIP","floor":48},{"not_picked":["Ball Lightning","Twin Strike","Tactician"],"picked":"SKIP","floor":55}],"player_experience":1825274,"relics_obtained":[{"floor":6,"key":"Bag of Preparation"},{"floor":8,"key":"Matryoshka"},{"floor":9,"key":"Blue Candle"},{"floor":9,"key":"Art of War"},{"floor":11,"key":"WingedGreaves"},{"floor":14,"key":"Anchor"},{"floor":22,"key":"Red Mask"},{"floor":24,"key":"Oddly Smooth Stone"},{"floor":27,"key":"Pocketwatch"},{"floor":28,"key":"Turnip"},{"floor":30,"key":"Akabeko"},{"floor":31,"key":"Centennial Puzzle"},{"floor":41,"key":"Omamori"},{"floor":43,"key":"Ancient Tea Set"},{"floor":45,"key":"Strawberry"},{"floor":46,"key":"Charon\u0027s Ashes"},{"floor":48,"key":"Sundial"},{"floor":55,"key":"Toy Ornithopter"}],"event_choices":[{"damage_healed":0,"gold_gain":0,"player_choice":"Forge","damage_taken":0,"max_hp_gain":0,"max_hp_loss":0,"event_name":"Accursed Blacksmith","floor":5,"gold_loss":0,"cards_upgraded":["Prostrate"]},{"damage_healed":0,"gold_gain":0,"player_choice":"Fought Bandits","damage_taken":0,"max_hp_gain":0,"max_hp_loss":0,"event_name":"Masked Bandits","floor":22,"gold_loss":0},{"damage_healed":0,"gold_gain":0,"player_choice":"Fight","damage_taken":0,"max_hp_gain":0,"max_hp_loss":0,"event_name":"Mysterious Sphere","floor":46,"gold_loss":0}],"is_beta":false,"boss_relics":[{"not_picked":["SlaversCollar","Tiny House"],"picked":"Empty Cage"},{"not_picked":["Calling Bell","Snecko Eye"],"picked":"Fusion Hammer"}],"items_purged_floors":[4,20,25,37,47],"is_endless":false,"potions_floor_spawned":[3,6,16,18,24,27,28,31,35,39,44,45,46],"ascension_level":20}}