{"host":"sc0o2qwpf9j16a4i","time":1611347043,"event":{"mods":["AchievementEnabler","BaseMod","BetterRewards","Block Reminder","Colored Map","Colored Powertips","Custom Start","Highlight Path","Minty Spire (QoL Compilation)","Relic Stats"],"gold_per_floor":[115,115,131,26,26,57,57,91,91,91,91],"floor_reached":10,"language":"ENG","playtime":202,"items_purged":["Regret"],"score":248,"play_id":"f714403b-b06b-4d48-bc05-64886459af71","local_time":"20210122222403","is_ascension_mode":true,"campfire_choices":[{"data":"Skewer","floor":7,"key":"SMITH"}],"circlet_count":0,"master_deck":["AscendersBane","Strike_G","Strike_G","Strike_G","Strike_G","Strike_G","Defend_G","Defend_G","Defend_G","Defend_G","Defend_G","Survivor","Neutralize","Dagger Throw","Skewer+1","Adrenaline","Footwork"],"relics":["Ring of the Snake","NeowsBlessing","The Courier","MealTicket","Ninja Scroll","Pen Nib","InkBottle"],"acts_visited":["Exordium"],"potions_floor_usage":[8,8],"damage_taken":[{"damage":0,"enemies":"Jaw Worm","floor":1,"turns":1},{"damage":0,"enemies":"Small Slimes","floor":3,"turns":1},{"damage":0,"enemies":"Gremlin Nob","floor":6,"turns":1},{"damage":0,"enemies":"3 Sentries","floor":8,"turns":4},{"damage":50,"enemies":"Lagavulin","floor":10,"turns":11}],"seed_played":"7626414727898653531","potions_obtained":[{"floor":3,"key":"Explosive Potion"}],"is_trial":false,"path_per_floor":["M","?","M","$","?","E","R","E","T","E"],"character_chosen":"THE_SILENT","items_purchased":["Block Potion"],"campfire_rested":0,"item_purchase_floors":[4],"current_hp_per_floor":[59,59,59,59,41,41,41,41,41,0,0],"gold":91,"neow_bonus":"THREE_ENEMY_KILL","is_daily":false,"chose_seed":false,"campfire_upgraded":1,"win_rate":0.0,"timestamp":1611347043,"path_taken":["M","?","M","$","?","E","R","E","T","E"],"items_purchased_type":["Potion"],"build_version":"2020-12-22","purchased_purges":1,"victory":false,"max_hp_per_floor":[66,66,66,66,66,66,66,66,66,66,66],"relic_stats":{"counters":[5,18],"MealTicket":0,"Pen Nib":[2],"obtain_stats":[{"NeowsBlessing":0,"Ninja Scroll":6,"MealTicket":5,"The Courier":2,"Pen Nib":8,"InkBottle":9,"Ring of the Snake":0},{"NeowsBlessing":0,"Ninja Scroll":3,"MealTicket":2,"The Courier":1,"Pen Nib":4,"InkBottle":4,"Ring of the Snake":0},{"NeowsBlessing":0,"Ninja Scroll":3,"MealTicket":2,"The Courier":1,"Pen Nib":7,"InkBottle":7,"Ring of the Snake":0}],"InkBottle":[3],"Ring of the Snake":[10]},"card_choices":[{"not_picked":["All Out Attack","Prepared"],"picked":"Dagger Throw","floor":1},{"not_picked":["Outmaneuver","Bane"],"picked":"Skewer","floor":3},{"not_picked":["Sucker Punch","Dodge and Roll"],"picked":"Adrenaline","floor":6},{"not_picked":["Underhanded Strike","Blade Dance"],"picked":"Footwork","floor":8}],"player_experience":906592,"relics_obtained":[{"floor":6,"key":"Ninja Scroll"},{"floor":8,"key":"Pen Nib"},{"floor":9,"key":"InkBottle"}],"event_choices":[{"damage_healed":0,"gold_gain":0,"player_choice":"Box","damage_taken":0,"relics_obtained":["The Courier"],"max_hp_gain":0,"max_hp_loss":0,"event_name":"Big Fish","floor":2,"gold_loss":0,"cards_obtained":["Regret"]},{"damage_healed":0,"gold_gain":0,"player_choice":"Success","damage_taken":18,"relics_obtained":["MealTicket"],"max_hp_gain":0,"max_hp_loss":0,"event_name":"Scrap Ooze","floor":5,"gold_loss":0}],"is_beta":false,"boss_relics":[],"items_purged_floors":[4],"is_endless":false,"potions_floor_spawned":[3,6],"killed_by":"Lagavulin","ascension_level":20}}