{"host":"c52z9ixzgdjttcmx","time":1611288264,"event":{"mods":["BaseMod","Colored Powertips","Minty Spire (QoL Compilation)","Rare Cards Sparkle","Relic Stats"],"gold_per_floor":[116,130,150,165,179,179,219,219,219,256,278,8,32,41,41,123,123,145,173,218,237,237,237,254,280,280,280,305,305,326,352,352,352,352],"floor_reached":33,"language":"ENG","playtime":1716,"items_purged":["Strike_P"],"score":462,"play_id":"73918714-7f89-4992-94cb-62b1c44687a0","local_time":"20210121220424","is_ascension_mode":true,"campfire_choices":[{"data":"Eruption","floor":6,"key":"SMITH"},{"floor":8,"key":"REST"},{"floor":15,"key":"REST"},{"data":"Ghostly","floor":23,"key":"SMITH"},{"data":"Ghostly","floor":29,"key":"SMITH"},{"floor":32,"key":"REST"}],"circlet_count":0,"master_deck":["AscendersBane","Strike_P","Strike_P","Defend_P","Defend_P","Defend_P+1","Defend_P","Eruption+1","Vigilance+1","Consecrate+1","FollowUp","Vault","Prostrate","Wallop","Crescendo+1","Adaptation","LessonLearned","EmptyFist","Meditate","Pray","Devotion","CutThroughFate+1","ThirdEye+1","Ghostly+1","Ghostly+1","Ghostly","Ghostly","Ghostly","CutThroughFate+1","Protect","Study","Fasting2+1","Halt+1"],"relics":["PureWater","NeowsBlessing","CeramicFish","Yang","Blue Candle","Bronze Scales","Velvet Choker","Dead Branch","Pantograph"],"acts_visited":["Exordium","TheCity"],"potions_floor_usage":[5,5,16,18,30,33],"damage_taken":[{"damage":0,"enemies":"2 Louse","floor":1,"turns":1},{"damage":0,"enemies":"Small Slimes","floor":2,"turns":1},{"damage":0,"enemies":"Cultist","floor":3,"turns":1},{"damage":18,"enemies":"Exordium Wildlife","floor":4,"turns":4},{"damage":9,"enemies":"Gremlin Gang","floor":5,"turns":2},{"damage":3,"enemies":"3 Sentries","floor":7,"turns":7},{"damage":16,"enemies":"Gremlin Nob","floor":10,"turns":3},{"damage":0,"enemies":"3 Louse","floor":11,"turns":2},{"damage":0,"enemies":"Large Slime","floor":13,"turns":4},{"damage":24,"enemies":"The Guardian","floor":16,"turns":11},{"damage":11,"enemies":"2 Thieves","floor":18,"turns":4},{"damage":0,"enemies":"3 Byrds","floor":19,"turns":3},{"damage":2,"enemies":"Cultist and Chosen","floor":21,"turns":4},{"damage":0,"enemies":"Snake Plant","floor":24,"turns":5},{"damage":4,"enemies":"Sentry and Sphere","floor":25,"turns":5},{"damage":0,"enemies":"Snecko","floor":28,"turns":4},{"damage":27,"enemies":"Snake Plant","floor":30,"turns":5},{"damage":7,"enemies":"Cultist and Chosen","floor":31,"turns":6},{"damage":54,"enemies":"Champ","floor":33,"turns":7}],"seed_played":"-1184728954235304645","potions_obtained":[{"floor":2,"key":"Dexterity Potion"},{"floor":3,"key":"DistilledChaos"},{"floor":11,"key":"LiquidMemories"},{"floor":13,"key":"Block Potion"},{"floor":18,"key":"Regen Potion"},{"floor":19,"key":"Dexterity Potion"},{"floor":30,"key":"SkillPotion"}],"is_trial":false,"path_per_floor":["M","M","M","M","M","R","E","R","T","E","M","$","M","?","R","B",null,"M","M","?","M","?","R","M","M","T","T","M","R","M","M","R","B"],"character_chosen":"WATCHER","items_purchased":["Bronze Scales","EmptyFist"],"campfire_rested":3,"item_purchase_floors":[12,12],"current_hp_per_floor":[65,65,65,47,38,38,35,56,56,40,40,40,40,40,61,37,63,52,52,36,34,34,34,34,30,30,30,30,30,17,10,20,0,0],"gold":352,"neow_bonus":"THREE_ENEMY_KILL","is_daily":false,"chose_seed":false,"campfire_upgraded":3,"win_rate":0.0,"timestamp":1611288264,"path_taken":["M","M","M","M","M","R","E","R","T","E","M","$","M","?","R","BOSS","M","M","?","M","?","R","?","M","T","?","?","R","M","M","R","BOSS"],"items_purchased_type":["Relic","Card"],"build_version":"2020-12-22","purchased_purges":1,"victory":false,"max_hp_per_floor":[72,72,72,72,72,72,72,72,72,72,72,72,72,72,72,72,72,72,72,36,36,36,36,36,36,36,36,36,36,36,36,36,36,36],"relic_stats":{"counters":[19,79],"CeramicFish":171,"Blue Candle":[0],"Bronze Scales":[191],"Dead Branch":[39],"Pantograph":16,"Yang":[120],"obtain_stats":[{"NeowsBlessing":0,"CeramicFish":7,"Blue Candle":10,"Bronze Scales":12,"Dead Branch":26,"Pantograph":27,"Velvet Choker":17,"Yang":9,"PureWater":0},{"NeowsBlessing":0,"CeramicFish":6,"Blue Candle":7,"Bronze Scales":8,"Dead Branch":15,"Pantograph":15,"Velvet Choker":10,"Yang":6,"PureWater":0},{"NeowsBlessing":0,"CeramicFish":16,"Blue Candle":19,"Bronze Scales":21,"Dead Branch":57,"Pantograph":57,"Velvet Choker":36,"Yang":16,"PureWater":0}]},"card_choices":[{"not_picked":["Study","Halt"],"picked":"Consecrate","floor":1},{"not_picked":["JustLucky","SashWhip"],"picked":"FollowUp","floor":2},{"not_picked":["WreathOfFlame","SashWhip"],"picked":"Vault","floor":3},{"not_picked":["BowlingBash","WheelKick"],"picked":"Prostrate","floor":4},{"not_picked":["InnerPeace","JustLucky"],"picked":"Wallop","floor":5},{"not_picked":["Conclude","PathToVictory"],"picked":"Crescendo","floor":7},{"not_picked":["Prostrate","BowlingBash"],"picked":"Adaptation","floor":10},{"not_picked":["PathToVictory","FollowUp"],"picked":"LessonLearned","floor":11},{"not_picked":["EmptyBody","ThirdEye"],"picked":"Meditate","floor":13},{"not_picked":["ConjureBlade","DeusExMachina"],"picked":"Devotion","floor":16},{"not_picked":["Consecrate+1","EmptyBody"],"picked":"CutThroughFate","floor":18},{"not_picked":["Protect","Vengeance"],"picked":"ThirdEye","floor":19},{"not_picked":["EmptyFist","WindmillStrike"],"picked":"CutThroughFate+1","floor":21},{"not_picked":["FlyingSleeves","JustLucky","FlurryOfBlows"],"picked":"SKIP","floor":24},{"not_picked":["JustLucky","LessonLearned"],"picked":"Protect","floor":25},{"not_picked":["CrushJoints","Meditate"],"picked":"Study","floor":28},{"not_picked":["Halt","Meditate"],"picked":"Fasting2+1","floor":30},{"not_picked":["FollowUp+1","Vengeance+1"],"picked":"Halt+1","floor":31}],"player_experience":3303870,"relics_obtained":[{"floor":7,"key":"CeramicFish"},{"floor":9,"key":"Yang"},{"floor":10,"key":"Blue Candle"},{"floor":26,"key":"Dead Branch"},{"floor":27,"key":"Pantograph"}],"event_choices":[{"damage_healed":0,"gold_gain":0,"cards_transformed":["Strike_P"],"player_choice":"Change","damage_taken":0,"max_hp_gain":0,"max_hp_loss":0,"event_name":"Living Wall","floor":14,"gold_loss":0,"cards_obtained":["Pray"]},{"damage_healed":0,"gold_gain":0,"player_choice":"Became a Ghost","damage_taken":0,"max_hp_gain":0,"max_hp_loss":36,"event_name":"Ghosts","floor":20,"gold_loss":0,"cards_obtained":["Ghostly","Ghostly","Ghostly","Ghostly","Ghostly"]},{"damage_healed":0,"gold_gain":0,"player_choice":"Bought 0 Potions","damage_taken":0,"max_hp_gain":0,"max_hp_loss":0,"event_name":"The Woman in Blue","floor":22,"gold_loss":0}],"is_beta":false,"boss_relics":[{"not_picked":["Tiny House","SlaversCollar"],"picked":"Velvet Choker"}],"items_purged_floors":[12],"is_endless":false,"potions_floor_spawned":[2,3,11,13,18,19,30],"killed_by":"Champ","ascension_level":13}}