{"host":"agbyy69nq62afhwx","time":1611349925,"event":{"mods":["BaseMod","Colored Map","DeckTracker","Highlight Path","Keyboard Shortcuts","Minty Spire (QoL Compilation)","Quick Restart","StSLib","SuperFastMode","everything is the same but u backflip on backflip"],"gold_per_floor":[113,213,9,9,184,219,235,235,262,273,304,304,125,157,157,231,231,244,244,263,278,61,61,80,97,121,147,177,189,76,89,89,89,89],"floor_reached":33,"language":"KOR","playtime":1056,"items_purged":["Strike_B","Strike_B","Doubt"],"score":521,"play_id":"3442ca3d-2bfd-4b65-9fc4-28f53da91186","local_time":"20210123061205","is_ascension_mode":true,"campfire_choices":[{"data":"Rainbow","floor":8.0,"key":"SMITH"},{"data":"Seek","floor":12.0,"key":"SMITH"},{"data":"Loop","floor":15.0,"key":"SMITH"},{"data":"Defragment","floor":23.0,"key":"SMITH"},{"data":"Creative AI","floor":29.0,"key":"SMITH"},{"data":"Skim","floor":32,"key":"SMITH"}],"circlet_count":0,"master_deck":["AscendersBane","Strike_B","Strike_B","Defend_B","Defend_B","Defend_B","Defend_B","Zap","Dualcast","Gash","Rainbow+1","Compile Driver","Conserve Battery","Sweeping Beam","Seek+1","Gash","Loop+1","Hologram","Creative AI+1","Defragment+1","Ghostly","Ghostly","Ghostly","Ghostly","Ghostly","Hologram+1","Self Repair","Skim+1","Amplify"],"relics":["Cracked Core","NeowsBlessing","Eternal Feather","Omamori","Vajra","Bag of Marbles","Regal Pillow","Runic Dome","Toolbox","MawBank"],"acts_visited":["Exordium","TheCity"],"potions_floor_usage":[],"damage_taken":[{"damage":0.0,"enemies":"Cultist","floor":1.0,"turns":1.0},{"damage":0.0,"enemies":"Lagavulin","floor":6.0,"turns":1.0},{"damage":0.0,"enemies":"Small Slimes","floor":7.0,"turns":1.0},{"damage":1.0,"enemies":"2 Louse","floor":10.0,"turns":3.0},{"damage":17.0,"enemies":"3 Sentries","floor":11.0,"turns":7.0},{"damage":19.0,"enemies":"Lagavulin","floor":14.0,"turns":6.0},{"damage":30.0,"enemies":"The Guardian","floor":16.0,"turns":8.0},{"damage":43.0,"enemies":"2 Thieves","floor":18.0,"turns":5.0},{"damage":14.0,"enemies":"3 Byrds","floor":20.0,"turns":4.0},{"damage":0.0,"enemies":"Centurion and Healer","floor":21.0,"turns":8.0},{"damage":1.0,"enemies":"Snake Plant","floor":24.0,"turns":5.0},{"damage":19.0,"enemies":"Snecko","floor":25.0,"turns":6.0},{"damage":4.0,"enemies":"Shelled Parasite and Fungi","floor":27.0,"turns":6.0},{"damage":2.0,"enemies":"Centurion and Healer","floor":28.0,"turns":6.0},{"damage":5.0,"enemies":"Cultist and Chosen","floor":31.0,"turns":7.0},{"damage":40,"enemies":"Champ","floor":33,"turns":12}],"seed_played":"-5209129754830242377","potions_obtained":[{"floor":11.0,"key":"Strength Potion"},{"floor":18.0,"key":"Fire Potion"},{"floor":20.0,"key":"Strength Potion"},{"floor":25.0,"key":"AttackPotion"}],"is_trial":false,"path_per_floor":["M","?","$","T","?","E","M","R","T","M","E","R","$","E","R","B",null,"M","?","M","M","$","R","M","M","T","M","M","R","$","M","R","B"],"character_chosen":"DEFECT","items_purchased":["Rainbow","Compile Driver","Loop","Self Repair","Toolbox"],"campfire_rested":0,"item_purchase_floors":[3,3,13,22,22],"current_hp_per_floor":[64,64,64,64,64,64,64,71,71,70,53,62,62,43,52,22,59,16,16,2,2,2,17,23,11,11,14,19,34,34,35,35,0,0],"gold":89,"neow_bonus":"THREE_ENEMY_KILL","is_daily":false,"chose_seed":false,"campfire_upgraded":6,"win_rate":0.0,"timestamp":1611349925,"path_taken":["M","?","$","?","?","E","M","R","T","M","E","R","$","E","R","BOSS","M","?","M","M","$","R","M","M","T","M","M","R","$","M","R","BOSS"],"items_purchased_type":["Card","Card","Card","Card","Relic"],"build_version":"2020-12-22","purchased_purges":3,"victory":false,"max_hp_per_floor":[71,71,71,71,71,71,71,71,71,71,71,71,71,71,71,71,71,71,35,35,35,35,35,35,35,35,35,35,35,35,35,35,35,35],"card_choices":[{"not_picked":["Beam Cell","Stack"],"picked":"Gash","floor":1.0},{"not_picked":["Darkness","Steam Power"],"picked":"Conserve Battery","floor":6.0},{"not_picked":["Turbo","Go for the Eyes"],"picked":"Sweeping Beam","floor":7.0},{"not_picked":["Leap","Go for the Eyes"],"picked":"Seek","floor":10.0},{"not_picked":["Melter","Barrage"],"picked":"Gash","floor":11.0},{"not_picked":["Turbo","Rainbow"],"picked":"Hologram","floor":14.0},{"not_picked":["Rainbow","Thunder Strike"],"picked":"Creative AI","floor":16.0},{"not_picked":["Loop","Chill"],"picked":"Defragment","floor":18.0},{"not_picked":["Gash","Recycle"],"picked":"Hologram+1","floor":20.0},{"not_picked":["Cold Snap","Coolheaded","Conserve Battery"],"picked":"SKIP","floor":21.0},{"not_picked":["Hello World","Doom and Gloom","Conserve Battery"],"picked":"SKIP","floor":24.0},{"not_picked":["Steam","Beam Cell","Static Discharge"],"picked":"SKIP","floor":25.0},{"not_picked":["Streamline","Cold Snap"],"picked":"Skim","floor":27.0},{"not_picked":["Steam","Leap","Loop"],"picked":"SKIP","floor":28.0},{"not_picked":["Chill","Coolheaded+1"],"picked":"Amplify","floor":31}],"player_experience":439954,"relics_obtained":[{"floor":4.0,"key":"Eternal Feather"},{"floor":6.0,"key":"Omamori"},{"floor":9.0,"key":"Vajra"},{"floor":11.0,"key":"Bag of Marbles"},{"floor":14.0,"key":"Regal Pillow"},{"floor":26.0,"key":"MawBank"}],"event_choices":[{"damage_healed":0.0,"max_hp_gain":0.0,"max_hp_loss":0.0,"gold_gain":100.0,"event_name":"Golden Shrine","player_choice":"Pray","floor":2.0,"gold_loss":0.0,"damage_taken":0.0},{"damage_healed":0.0,"max_hp_gain":0.0,"max_hp_loss":0.0,"gold_gain":175.0,"event_name":"Liars Game","player_choice":"AGREE","floor":5.0,"gold_loss":0.0,"damage_taken":0.0,"cards_obtained":["Doubt"]},{"damage_healed":0.0,"max_hp_gain":0.0,"max_hp_loss":36.0,"gold_gain":0.0,"event_name":"Ghosts","player_choice":"Became a Ghost","floor":19.0,"gold_loss":0.0,"damage_taken":0.0,"cards_obtained":["Ghostly","Ghostly","Ghostly","Ghostly","Ghostly"]}],"is_beta":false,"boss_relics":[{"not_picked":["FrozenCore","SacredBark"],"picked":"Runic Dome"}],"items_purged_floors":[3,13,30],"is_endless":false,"potions_floor_spawned":[11,18,20,25,28],"killed_by":"Champ","ascension_level":14}}