{"host":"3twtdwjpiqhvvn5s","time":1611318112,"event":{"mods":["AchievementEnabler","Act Like it!","Aspiration","BaseMod","BetterRewards","Colored Map","Colored Powertips","Downfall","Duelist Mod","Friendly Minions","GifTheSpireLib","Hallownest","Hermit","Hubris","Infinite Spire","Jorbs\u0027s Wanderer Trilogy","Koishi","KomeijiMod","Marisa????????","Minty Spire (QoL Compilation)","Random Character Mod","Rare Cards Sparkle","Shop Mod","StSLib","Td1madao Mod","The Administrix","The Animator","The Bug Knight","The Caster","The Cursed","The Disciple","The Hierophant","The Necromancer","The Poker Player","The Runesmith","The Servant 0.9.4","TheFirefly"],"gold_per_floor":[119,138,150,150,161,161,189,189,189,203,232,251,262,277,277,381,381,401,419,437,437,437],"floor_reached":21,"language":"ENG","playtime":47546,"items_purged":[],"score":222,"play_id":"a6c9a466-6d57-47e9-9ad4-15d77c87b211","local_time":"20210122062152","daily_mods":["Specialized","Cursed Run"],"is_ascension_mode":false,"campfire_choices":[{"floor":6,"key":"REST"},{"floor":8,"key":"REST"},{"floor":15,"key":"REST"}],"circlet_count":0,"master_deck":["hermit:Strike_Hermit","hermit:Strike_Hermit","hermit:Strike_Hermit","hermit:Strike_Hermit","hermit:Defend_Hermit","hermit:Defend_Hermit","hermit:Defend_Hermit","hermit:Defend_Hermit","hermit:Snapshot","hermit:Covet","hermit:FatalDesire","hermit:FatalDesire","hermit:FatalDesire","hermit:FatalDesire","hermit:FatalDesire","hermit:Glare","hermit:TakeCover","hermit:Midnight","StarChef","hubris:Disease","hermit:HighCaliber","MurderousAura","TimeWarp","hermit:BodyArmor","hermit:Shortfuse","theDuelist:DuelistAscender","Embodiment","hermit:TakeCover","hermit:Midnight","hermit:Grudge+1"],"relics":["Cursed Key","Darkstone Periapt","Du-Vu Doll","Dream Catcher","hubris:TinFlute","hubris:BottledRain","hubris:Backtick","Blue Mushroom"],"acts_visited":["Exordium","TheCity"],"potions_floor_usage":[10,11,13,14,19],"damage_taken":[{"damage":2,"enemies":"Jaw Worm","floor":1,"turns":7},{"damage":5,"enemies":"Cultist","floor":2,"turns":6},{"damage":4,"enemies":"2 Louse","floor":3,"turns":5},{"damage":16,"enemies":"Exordium Wildlife","floor":5,"turns":6},{"damage":26,"enemies":"Lagavulin","floor":7,"turns":9},{"damage":13,"enemies":"2 Fungi Beasts","floor":10,"turns":5},{"damage":19,"enemies":"3 Sentries","floor":11,"turns":8},{"damage":6,"enemies":"Large Slime","floor":12,"turns":10},{"damage":0,"enemies":"Exordium Thugs","floor":13,"turns":5},{"damage":19,"enemies":"Blue Slaver","floor":14,"turns":3},{"damage":45,"enemies":"The Guardian","floor":16,"turns":13},{"damage":42,"enemies":"3 Byrds","floor":18,"turns":7},{"damage":27,"enemies":"Spheric Guardian","floor":19,"turns":5},{"damage":8,"enemies":"Shelled Parasite and Fungi","floor":20,"turns":8},{"damage":15,"enemies":"Centurion and Healer","floor":21,"turns":3}],"seed_played":"-804596658150162087","potions_obtained":[{"floor":1,"key":"FairyPotion"},{"floor":5,"key":"Energy Potion"},{"floor":10,"key":"ColorlessPotion"},{"floor":12,"key":"RedTea"},{"floor":13,"key":"hexamod:SoulburnPotion"},{"floor":18,"key":"Explosive Potion"},{"floor":20,"key":"SteroidPotion"}],"is_trial":true,"path_per_floor":["M","M","M","?","M","R","E","R","T","M","E","M","M","M","R","B",null,"M","M","M","M"],"character_chosen":"HERMIT","items_purchased":[],"campfire_rested":3,"item_purchase_floors":[],"current_hp_per_floor":[73,68,64,64,48,70,44,66,72,59,40,34,34,15,39,24,87,45,18,10,0,0],"gold":437,"neow_bonus":"","is_daily":false,"chose_seed":false,"campfire_upgraded":0,"win_rate":0.0,"timestamp":1611318112,"path_taken":["M","M","M","?","M","R","E","R","T","M","E","M","M","M","R","BOSS","M","M","M","M"],"items_purchased_type":[],"build_version":"2020-12-22","purchased_purges":0,"victory":false,"max_hp_per_floor":[75,75,75,75,75,75,75,75,81,81,81,81,81,81,81,87,87,87,87,87,87,87],"card_choices":[{"not_picked":["hermit:TrackingShot","hermit:Snipe"],"picked":"hermit:Glare","floor":1},{"not_picked":["hermit:Scavenge","hermit:Ricochet"],"picked":"hermit:TakeCover","floor":2},{"not_picked":["InstantArmor","Defy"],"picked":"hermit:Midnight","floor":3},{"not_picked":["hermit:FullyLoaded","hermit:Showdown","hermit:BigShot"],"picked":"SKIP","floor":5},{"not_picked":["WasteNot","hermit:LowProfile","hermit:Gestalt"],"picked":"SKIP","floor":7},{"not_picked":["TimeWarp","hermit:BigShot"],"picked":"StarChef","floor":8},{"not_picked":["hermit:FullyLoaded","Replace"],"picked":"hermit:HighCaliber","floor":10},{"not_picked":["hermit:Ricochet","hermit:Glare"],"picked":"MurderousAura","floor":11},{"not_picked":["Desolation","Replace"],"picked":"TimeWarp","floor":12},{"not_picked":["hermit:BigShot","hermit:Horror"],"picked":"hermit:BodyArmor","floor":13},{"not_picked":["hermit:Feint","Barrier","Defy"],"picked":"SKIP","floor":14},{"not_picked":["Defy","hermit:FullyLoaded"],"picked":"hermit:Shortfuse","floor":15},{"not_picked":["hermit:Purgatory","PendulumOfEternity"],"picked":"Embodiment","floor":16},{"not_picked":["hermit:Showdown","hermit:FlashPowder"],"picked":"hermit:TakeCover","floor":18},{"not_picked":["hermit:Snipe+1","hermit:Quickdraw"],"picked":"hermit:Midnight","floor":19},{"not_picked":["hermit:Coalescence","hermit:Determination"],"picked":"hermit:Grudge+1","floor":20}],"player_experience":2073023,"relics_obtained":[{"floor":7,"key":"Dream Catcher"},{"floor":9,"key":"hubris:TinFlute"},{"floor":11,"key":"hubris:BottledRain"}],"event_choices":[{"damage_healed":0,"gold_gain":0,"player_choice":"Bought 0 Potions","damage_taken":0,"max_hp_gain":0,"max_hp_loss":0,"event_name":"The Woman in Blue","floor":4,"gold_loss":0}],"is_beta":false,"boss_relics":[{"not_picked":["expansioncontent:StudyCardRelic","Black Star"],"picked":"hubris:Backtick"}],"items_purged_floors":[],"is_endless":false,"potions_floor_spawned":[1,5,10,12,13,18,20],"killed_by":"Centurion and Healer","ascension_level":0}}