{"host":"5eh8stjbz3x0wd4z","time":1611300600,"event":{"mods":["BaseMod","Downfall","Hermit","Minty Spire (QoL Compilation)","StSLib","The Cursed"],"gold_per_floor":[112,112,112,112,126,161,161,174,174,206,206,160,160,172,172,273,273,213,213,227,240,15,15,15],"floor_reached":23,"language":"ENG","playtime":1430,"items_purged":[],"score":197,"play_id":"c3ecf608-eaa2-41ef-acb8-586983a55dcc","local_time":"20210121233000","is_ascension_mode":false,"campfire_choices":[{"floor":7,"key":"REST"},{"floor":11,"key":"REST"},{"floor":13,"key":"REST"},{"floor":15,"key":"REST"}],"circlet_count":0,"master_deck":["Strike_R","Strike_R","Strike_R","Strike_R","Strike_R","Defend_R","Defend_R","Defend_R","Defend_R","Bash+1","Flex","Demon Form","Seeing Red","Feed","Dropkick","Barricade","Cleave","Dropkick","Rampage","Anger+1","Dropkick"],"relics":["Black Blood","Champion Belt","Mummified Hand","Matryoshka","Brimstone"],"acts_visited":["Exordium","TheCity"],"potions_floor_usage":[23],"damage_taken":[{"damage":12,"enemies":"Jaw Worm","floor":1,"turns":6},{"damage":2,"enemies":"2 Louse","floor":5,"turns":3},{"damage":41,"enemies":"Lagavulin","floor":6,"turns":8},{"damage":7,"enemies":"Cultist","floor":8,"turns":4},{"damage":62,"enemies":"3 Sentries","floor":10,"turns":9},{"damage":32,"enemies":"Blue Slaver","floor":14,"turns":9},{"damage":44,"enemies":"The Guardian","floor":16,"turns":8},{"damage":40,"enemies":"2 Thieves","floor":18,"turns":4},{"damage":26,"enemies":"Shell Parasite","floor":20,"turns":4},{"damage":11,"enemies":"Snecko","floor":21,"turns":4},{"damage":45,"enemies":"Centurion and Healer","floor":23,"turns":3}],"seed_played":"5379558674352735469","potions_obtained":[{"floor":5,"key":"bronze:BurnAndBuffPotion"},{"floor":6,"key":"SmokeBomb"},{"floor":14,"key":"hexamod:SoulburnPotion"},{"floor":16,"key":"Guardian:BlockOnCardUsePotion"},{"floor":20,"key":"Fire Potion"}],"is_trial":false,"path_per_floor":["M","?","?","?","M","E","R","M","T","E","R","?","R","M","R","B",null,"M","?","M","M","$","M"],"character_chosen":"IRONCLAD","items_purchased":["Brimstone","Dropkick"],"campfire_rested":4,"item_purchase_floors":[22,22],"current_hp_per_floor":[74,74,74,79,80,45,69,68,68,12,36,36,60,34,58,20,80,52,52,38,39,39,0,0],"gold":15,"neow_bonus":"","is_daily":false,"chose_seed":false,"campfire_upgraded":0,"win_rate":0.0,"timestamp":1611300600,"path_taken":["M","?","?","?","M","E","R","?","T","E","R","?","R","M","R","BOSS","M","?","M","?","$","M"],"items_purchased_type":["Relic","Card"],"build_version":"2020-12-22","purchased_purges":0,"victory":false,"max_hp_per_floor":[80,80,80,80,80,80,80,80,80,80,80,80,80,80,80,80,80,80,80,80,80,80,80,80],"card_choices":[{"not_picked":["Cleave","Disarm"],"picked":"Thunderclap","floor":1},{"not_picked":["True Grit","Headbutt"],"picked":"Flex","floor":5},{"not_picked":["Flex","Pommel Strike"],"picked":"Demon Form","floor":6},{"not_picked":["Sword Boomerang","Combust"],"picked":"Seeing Red","floor":8},{"not_picked":["Combust","Twin Strike"],"picked":"Feed","floor":10},{"not_picked":["Sword Boomerang","Twin Strike"],"picked":"Dropkick","floor":14},{"not_picked":["Impervious","Offering"],"picked":"Barricade","floor":16},{"not_picked":["True Grit","Sword Boomerang"],"picked":"Cleave","floor":18},{"not_picked":["Blood for Blood","Sever Soul+1"],"picked":"Rampage","floor":20},{"not_picked":["Body Slam","Headbutt"],"picked":"Anger+1","floor":21}],"player_experience":0,"relics_obtained":[{"floor":6,"key":"Champion Belt"},{"floor":9,"key":"Mummified Hand"},{"floor":10,"key":"Matryoshka"}],"event_choices":[{"damage_healed":0,"gold_gain":0,"player_choice":"Ignored","damage_taken":0,"max_hp_gain":0,"max_hp_loss":0,"event_name":"Golden Wing","floor":2,"gold_loss":0},{"damage_healed":0,"gold_gain":0,"player_choice":"Grow","damage_taken":0,"max_hp_gain":0,"max_hp_loss":0,"event_name":"Living Wall","floor":3,"gold_loss":0,"cards_upgraded":["Bash"]},{"cards_removed":["Thunderclap"],"damage_healed":5,"gold_gain":0,"player_choice":"Offered Common","damage_taken":0,"max_hp_gain":0,"max_hp_loss":0,"event_name":"Bonfire Elementals","floor":4,"gold_loss":0},{"cards_removed":["Thunderclap"],"damage_healed":5,"gold_gain":0,"player_choice":"Offered Special","damage_taken":0,"max_hp_gain":0,"max_hp_loss":0,"event_name":"Bonfire Elementals","floor":4,"gold_loss":0},{"damage_healed":0,"gold_gain":0,"player_choice":"Left Gold","damage_taken":0,"max_hp_gain":0,"max_hp_loss":0,"event_name":"World of Goop","floor":12,"gold_loss":46},{"damage_healed":0,"gold_gain":0,"player_choice":"Copied","damage_taken":0,"max_hp_gain":0,"max_hp_loss":0,"event_name":"Duplicator","floor":19,"gold_loss":0,"cards_obtained":["Dropkick"]}],"is_beta":false,"boss_relics":[{"not_picked":["Black Star","Mark of Pain"],"picked":"Black Blood"}],"items_purged_floors":[],"is_endless":false,"potions_floor_spawned":[5,6,14,16,20],"killed_by":"Centurion and Healer","ascension_level":0}}