{"host":"70zhvo5nwrhp1mbg","time":1611289136,"event":{"mods":["BaseMod","Colored Map","Colored Powertips","Highlight Path","Minty Spire (QoL Compilation)","Rare Cards Sparkle","StSLib"],"gold_per_floor":[119,119,130,150,32,64,84,84,84],"floor_reached":8,"language":"ENG","playtime":469,"items_purged":[],"score":75,"play_id":"b91057dd-343a-461b-83d3-1fa6ad59a413","local_time":"20210121231856","is_ascension_mode":true,"campfire_choices":[],"circlet_count":0,"master_deck":["Strike_R","Strike_R","Strike_R","Strike_R","Defend_R","Defend_R","Defend_R","Defend_R","Bash","Pommel Strike","True Grit","Heavy Blade","Perfected Strike","Inflame","Shrug It Off","Carnage","Shrug It Off"],"relics":["Burning Blood","NeowsBlessing","Dead Branch"],"acts_visited":["Exordium"],"potions_floor_usage":[8],"damage_taken":[{"damage":0,"enemies":"2 Louse","floor":1,"turns":2},{"damage":0,"enemies":"Cultist","floor":3,"turns":1},{"damage":0,"enemies":"Jaw Worm","floor":4,"turns":1},{"damage":52,"enemies":"3 Sentries","floor":6,"turns":17},{"damage":8,"enemies":"Exordium Wildlife","floor":7,"turns":4},{"damage":36,"enemies":"Lagavulin","floor":8,"turns":6}],"seed_played":"-3562907296070348442","potions_obtained":[{"floor":7,"key":"Block Potion"}],"is_trial":false,"path_per_floor":["M","?","M","M","$","E","M","E"],"character_chosen":"IRONCLAD","items_purchased":["Inflame","Shrug It Off"],"campfire_rested":0,"item_purchase_floors":[5,5],"current_hp_per_floor":[78,78,80,80,80,34,32,0,0],"gold":84,"neow_bonus":"THREE_ENEMY_KILL","is_daily":false,"chose_seed":false,"campfire_upgraded":0,"win_rate":0.0,"timestamp":1611289136,"path_taken":["M","?","?","M","$","E","M","E"],"items_purchased_type":["Card","Card"],"build_version":"2020-12-22","purchased_purges":0,"victory":false,"max_hp_per_floor":[80,80,80,80,80,80,80,80,80],"card_choices":[{"not_picked":["Sword Boomerang","Sentinel"],"picked":"Pommel Strike","floor":1},{"not_picked":["Thunderclap","Twin Strike"],"picked":"Heavy Blade","floor":3},{"not_picked":["Iron Wave","Feel No Pain"],"picked":"Perfected Strike","floor":4},{"not_picked":["Dark Embrace","Headbutt"],"picked":"Carnage","floor":6},{"not_picked":["Body Slam","Corruption"],"picked":"Shrug It Off","floor":7}],"player_experience":437731,"relics_obtained":[{"floor":6,"key":"Dead Branch"}],"event_choices":[{"damage_healed":0,"gold_gain":0,"cards_transformed":["Strike_R"],"player_choice":"Transformed","damage_taken":0,"max_hp_gain":0,"max_hp_loss":0,"event_name":"Transmorgrifier","floor":2,"gold_loss":0,"cards_obtained":["True Grit"]}],"is_beta":false,"boss_relics":[],"items_purged_floors":[],"is_endless":false,"potions_floor_spawned":[7],"killed_by":"Lagavulin","ascension_level":6}}