{"host":"dhyczjm99amxd3qx","time":1611278832,"event":{"mods":["BaseMod","Colored Map","Googly Eyes","Highlight Path","Minty Spire (QoL Compilation)","Quick Restart","StSLib"],"gold_per_floor":[115,127,127,140,159,159,185,202,202,232,242,167,200,56,56,159,159,174,191,207,207,52,86,86,117,117,42,59,59,85,101,101,203,203,220,233,244,294,313,313,346,346,426,91,101,132,145,161,161,161],"floor_reached":51,"language":"ENG","playtime":4301,"items_purged":["Strike_G","Strike_G"],"score":1287,"play_id":"3e45a3e8-3b17-4f05-884b-1306925f7b86","local_time":"20210121202712","is_ascension_mode":true,"campfire_choices":[{"data":"Cloak And Dagger","floor":6.0,"key":"SMITH"},{"floor":15.0,"key":"REST"},{"floor":24.0,"key":"REST"},{"data":"Accuracy","floor":29,"key":"SMITH"},{"floor":32,"key":"REST"},{"data":"Infinite Blades","floor":40,"key":"SMITH"},{"data":"After Image","floor":42,"key":"SMITH"},{"data":"Neutralize","floor":49,"key":"SMITH"}],"circlet_count":0,"master_deck":["AscendersBane","Defend_G","Defend_G","Defend_G","Defend_G","Defend_G","Survivor","Neutralize+1","Cloak And Dagger+1","Accuracy+1","Poisoned Stab","Infinite Blades+1","Bullet Time+1","After Image+1","Blade Dance+1","Blade Dance+1","Infinite Blades","Cloak And Dagger+1","Leg Sweep+1","After Image","Leg Sweep+1","Blade Dance+1","Blade Dance+1","Well Laid Plans+1","Wraith Form v2+1","Acrobatics+1"],"relics":["Ring of the Snake","Pantograph","Toxic Egg 2","Mercury Hourglass","Vajra","Boot","HoveringKite","Sling","Potion Belt","Kunai","CaptainsWheel","Calipers","Empty Cage","Tingsha","Art of War","Frozen Egg 2","Anchor","Blood Vial"],"acts_visited":["Exordium","TheCity","TheBeyond"],"potions_floor_usage":[33,39,50,50,50,50],"damage_taken":[{"damage":1.0,"enemies":"Small Slimes","floor":1.0,"turns":3.0},{"damage":1.0,"enemies":"Cultist","floor":2.0,"turns":5.0},{"damage":0.0,"enemies":"2 Louse","floor":4.0,"turns":3.0},{"damage":0.0,"enemies":"Blue Slaver","floor":5.0,"turns":6.0},{"damage":9.0,"enemies":"3 Sentries","floor":7.0,"turns":8.0},{"damage":0.0,"enemies":"Large Slime","floor":8.0,"turns":5.0},{"damage":35.0,"enemies":"Gremlin Nob","floor":10.0,"turns":5.0},{"damage":0.0,"enemies":"Exordium Wildlife","floor":11.0,"turns":2.0},{"damage":19.0,"enemies":"Lagavulin","floor":13.0,"turns":6.0},{"damage":40.0,"enemies":"The Guardian","floor":16.0,"turns":10.0},{"damage":17.0,"enemies":"Chosen","floor":18.0,"turns":5.0},{"damage":3.0,"enemies":"Shell Parasite","floor":19.0,"turns":6.0},{"damage":11.0,"enemies":"Centurion and Healer","floor":20.0,"turns":7.0},{"damage":8.0,"enemies":"Slavers","floor":23.0,"turns":5.0},{"damage":20.0,"enemies":"Gremlin Leader","floor":25.0,"turns":6.0},{"damage":0,"enemies":"Snake Plant","floor":28,"turns":4},{"damage":11,"enemies":"Book of Stabbing","floor":30,"turns":5},{"damage":10,"enemies":"Snecko","floor":31,"turns":5},{"damage":3,"enemies":"Champ","floor":33,"turns":10},{"damage":3,"enemies":"3 Darklings","floor":35,"turns":4},{"damage":4,"enemies":"3 Shapes","floor":36,"turns":4},{"damage":0,"enemies":"Spire Growth","floor":37,"turns":5},{"damage":0,"enemies":"Mind Bloom Boss Battle","floor":38,"turns":5},{"damage":0,"enemies":"Transient","floor":39,"turns":5},{"damage":0,"enemies":"Giant Head","floor":41,"turns":7},{"damage":0,"enemies":"Maw","floor":45,"turns":6},{"damage":19,"enemies":"Reptomancer","floor":46,"turns":7},{"damage":0,"enemies":"Sphere and 2 Shapes","floor":47,"turns":4},{"damage":2,"enemies":"Spire Growth","floor":48,"turns":5},{"damage":0,"enemies":"Awakened One","floor":50,"turns":10}],"seed_played":"5970348792986571925","potions_obtained":[{"floor":1.0,"key":"PowerPotion"},{"floor":2.0,"key":"GamblersBrew"},{"floor":7.0,"key":"Explosive Potion"},{"floor":11.0,"key":"PowerPotion"},{"floor":16.0,"key":"Regen Potion"},{"floor":19.0,"key":"PowerPotion"},{"floor":20.0,"key":"Swift Potion"},{"floor":23.0,"key":"GamblersBrew"},{"floor":28,"key":"ColorlessPotion"},{"floor":35,"key":"Dexterity Potion"},{"floor":37,"key":"Fire Potion"},{"floor":38,"key":"Dexterity Potion"},{"floor":47,"key":"LiquidMemories"}],"is_trial":false,"path_per_floor":["M","M","?","M","M","R","E","M","T","E","M","$","E","$","R","B",null,"M","M","M","?","$","E","R","E","T","?","M","R","E","M","R","B",null,"M","M","M","?","M","R","E","R","T","$","M","E","M","M","R","B",null],"character_chosen":"THE_SILENT","items_purchased":["Boot","Sling","Anchor","Well Laid Plans+1"],"campfire_rested":3,"item_purchase_floors":[14,22,44,44],"current_hp_per_floor":[69,68,68,68,68,68,59,59,59,24,24,24,5,5,28,13,61,44,41,30,16,16,22,46,26,26,26,26,26,15,5,29,51,74,71,67,67,82,82,82,82,82,82,82,82,63,65,65,65,82],"gold":161,"neow_bonus":"TEN_PERCENT_HP_BONUS","is_daily":false,"chose_seed":false,"campfire_upgraded":5,"win_rate":0.0,"timestamp":1611278832,"path_taken":["M","M","?","M","M","R","E","M","T","E","M","?","E","$","R","BOSS","M","M","M","?","$","E","R","E","T","?","M","R","E","M","R","BOSS","M","M","M","?","M","R","E","R","T","$","M","E","M","M","R","BOSS"],"items_purchased_type":["Relic","Relic","Relic","Card"],"build_version":"2020-12-22","purchased_purges":2,"victory":true,"max_hp_per_floor":[77,77,77,77,77,77,77,77,77,77,77,77,77,77,77,77,77,77,77,77,82,82,82,82,82,82,82,82,82,82,82,82,82,82,82,82,82,82,82,82,82,82,82,82,82,82,82,82,82,82],"card_choices":[{"not_picked":["Escape Plan","Endless Agony"],"picked":"Cloak And Dagger","floor":1.0},{"not_picked":["Dagger Throw","Deadly Poison","Reflex"],"picked":"SKIP","floor":2.0},{"not_picked":["Dodge and Roll","Acrobatics","Dagger Spray"],"picked":"SKIP","floor":4.0},{"not_picked":["Underhanded Strike","Dagger Spray"],"picked":"Accuracy","floor":5.0},{"not_picked":["Backflip","Choke"],"picked":"Poisoned Stab","floor":7.0},{"not_picked":["Noxious Fumes","Endless Agony"],"picked":"Infinite Blades","floor":8.0},{"not_picked":["Bane","Backstab","Flying Knee"],"picked":"SKIP","floor":10.0},{"not_picked":["Underhanded Strike","Slice","Dodge and Roll+1"],"picked":"SKIP","floor":11.0},{"not_picked":["Underhanded Strike","Slice","Dodge and Roll+1"],"picked":"SKIP","floor":11.0},{"not_picked":["Blur+1","Eviscerate"],"picked":"Bullet Time+1","floor":13.0},{"not_picked":["Doppelganger+1","Glass Knife"],"picked":"After Image","floor":16.0},{"not_picked":["Backflip+1","Flying Knee","Predator"],"picked":"SKIP","floor":18.0},{"not_picked":["Slice","Backstab","Tactician+1"],"picked":"SKIP","floor":19.0},{"not_picked":["Deflect+1","Deadly Poison+1","PiercingWail+1"],"picked":"SKIP","floor":20.0},{"not_picked":["Crippling Poison+1","Heel Hook"],"picked":"Blade Dance+1","floor":23.0},{"not_picked":["Bane","Flying Knee"],"picked":"Blade Dance+1","floor":25.0},{"not_picked":["Glass Knife","Outmaneuver+1"],"picked":"Infinite Blades","floor":28},{"not_picked":["Sucker Punch","Slice+1"],"picked":"Cloak And Dagger+1","floor":30},{"not_picked":["Flechettes","Poisoned Stab+1"],"picked":"Leg Sweep+1","floor":31},{"not_picked":["Storm of Steel+1","Adrenaline+1"],"picked":"After Image","floor":33},{"not_picked":["Dagger Spray+1","Deflect+1"],"picked":"Leg Sweep+1","floor":35},{"not_picked":["Poisoned Stab","Sucker Punch+1","Outmaneuver+1"],"picked":"SKIP","floor":36},{"not_picked":["Quick Slash","Tactician+1"],"picked":"Blade Dance+1","floor":37},{"not_picked":["Endless Agony+1","Skewer+1"],"picked":"Blade Dance+1","floor":38},{"not_picked":["Bane","Backflip+1","Finisher+1"],"picked":"SKIP","floor":39},{"not_picked":["Finisher+1","Leg Sweep+1","Backflip+1"],"picked":"SKIP","floor":41},{"not_picked":["Underhanded Strike+1","Deadly Poison+1","Dagger Throw"],"picked":"SKIP","floor":45},{"not_picked":["Blur+1","Finisher+1"],"picked":"Wraith Form v2+1","floor":46},{"not_picked":["Predator+1","Dodge and Roll+1"],"picked":"Acrobatics+1","floor":47},{"not_picked":["Outmaneuver+1","Leg Sweep+1","Skewer+1"],"picked":"SKIP","floor":48}],"player_experience":352011,"relics_obtained":[{"floor":7.0,"key":"Pantograph"},{"floor":9.0,"key":"Toxic Egg 2"},{"floor":10.0,"key":"Mercury Hourglass"},{"floor":13.0,"key":"Vajra"},{"floor":23.0,"key":"Potion Belt"},{"floor":25.0,"key":"Kunai"},{"floor":26.0,"key":"CaptainsWheel"},{"floor":30,"key":"Calipers"},{"floor":38,"key":"Tingsha"},{"floor":41,"key":"Art of War"},{"floor":43,"key":"Frozen Egg 2"},{"floor":46,"key":"Blood Vial"}],"event_choices":[{"damage_healed":0.0,"max_hp_gain":0.0,"max_hp_loss":0.0,"gold_gain":0.0,"event_name":"Transmorgrifier","player_choice":"Ignored","floor":3.0,"gold_loss":0.0,"damage_taken":0.0},{"damage_healed":0.0,"max_hp_gain":5.0,"max_hp_loss":0.0,"gold_gain":0.0,"event_name":"Forgotten Altar","player_choice":"Shed Blood","floor":21.0,"gold_loss":0.0,"damage_taken":19.0},{"cards_removed":["Strike_G"],"damage_healed":0.0,"max_hp_gain":0.0,"max_hp_loss":0.0,"gold_gain":0.0,"event_name":"Beggar","player_choice":"Gave Gold","floor":27.0,"gold_loss":75.0,"damage_taken":0.0},{"damage_healed":0,"gold_gain":0,"player_choice":"Fight","damage_taken":0,"max_hp_gain":0,"max_hp_loss":0,"event_name":"MindBloom","floor":38,"gold_loss":0}],"is_beta":false,"boss_relics":[{"not_picked":["Snecko Eye","Coffee Dripper"],"picked":"HoveringKite"},{"not_picked":["Cursed Key","Velvet Choker"],"picked":"Empty Cage"}],"items_purged_floors":[12,44],"is_endless":false,"potions_floor_spawned":[1,2,7,11,16,19,20,23,28,35,37,38,47],"ascension_level":10}}