{"host":"0cm5wy4nhuju7tij","time":1611282352,"event":{"mods":["100% Spire Juice","2.2 Compatiblity","AchievementEnabler","Aspiration","BaseMod","Better Third Choice","BetterRewards","CCEM","CapriCore","Colored Powertips","Curses Come First","Custom Start","Displayed Cursed Tome","Downfall","Energized Spire","Evolution","Filter the Spire","Highlight Path","Jess\u0027s Bottle","Minty Spire (QoL Compilation)","Permanent Neow","Poor People Problems","Relic Stats","Shop Mod","Spicy Shops","StSLib","The Cursed","The Juggle","The Sage"],"gold_per_floor":[119,131,44,44,63,89,103,53,99,99,274,299,311,337,337,439,439,455,70,83,83,83,83,118,118,198,208,208,240,250,304,304,407,407,427,480,490,72,72,72,106,125,148,148,169,203,231,265,265,265],"floor_reached":51,"language":"ENG","playtime":4096,"items_purged":["Doubt","Shame"],"score":1115,"play_id":"c3be6f1d-a2b4-4a06-a1c6-0e7ce5c9aa0c","local_time":"20210121212552","is_ascension_mode":true,"campfire_choices":[{"data":"TheCursedMod:Grudge","floor":10,"key":"SMITH"},{"data":"TheCursedMod:NeowsMight","floor":15,"key":"SMITH"},{"data":"TheCursedMod:HellfireBreathing","floor":23,"key":"SMITH"},{"data":"TheCursedMod:HellfireBreathing","floor":28,"key":"SMITH"},{"data":"TheCursedMod:CursedSpellbook","floor":32,"key":"SMITH"},{"floor":40,"key":"REST"},{"data":"TheCursedMod:LuckyCharm","floor":44,"key":"SMITH"},{"floor":49,"key":"REST"}],"circlet_count":0,"master_deck":["TheCursedMod:CleanUpWorkshop","TheCursedMod:CursedAmulet","TheCursedMod:HellfireBreathing+1","TheCursedMod:HellfireBreathing+1","TheCursedMod:LuckyCharm+1","TheCursedMod:CursedSpellbook+1","TheCursedMod:NeowsMight+1","TheCursedMod:ParallelWorld+1","TheCursedMod:CircleOfAmplification","TheCursedMod:Grudge+1","TheCursedMod:Stretching","TheCursedMod:CursedShiv+1","TheCursedMod:LuckyCharm","TheCursedMod:CursedBoomerang+1","TheCursedMod:ShockAndAwe+1","TheCursedMod:Stretching","TheCursedMod:RavingStaff+1","TheCursedMod:ManaBullet+1","TheCursedMod:SmokeScreen","TheCursedMod:CursedRelics+1","TheCursedMod:CircleOfCorruption+1","Noxious Fumes","TheCursedMod:CursedSpellbook","Backflip","Footwork+1","TheCursedMod:CircleOfBlood","TheCursedMod:TroublousMinions","TheCursedMod:CursedBlade+1","A Thousand Cuts+1","TheCursedMod:ReleasedStrength+1","TheCursedMod:CursedShiv+1","TheCursedMod:CircleOfCorruption","TheCursedMod:BloodBarrier+1","TheCursedMod:HellsGateOpen+1","Caltrops+1","Caltrops+1","TheCursedMod:Stretching+1"],"relics":["TheCursedMod:BlackMagicAdvanced","EVO:Axolotl","Molten Egg 2","InkBottle","Blood Vial","Strawberry","aspiration:Lifesprig","aspiration:SilentSkillbook","Membership Card","Whetstone","Happy Flower","Tiny Chest","Akabeko","Frozen Egg 2","Bag of Preparation","PreservedInsect","TheCursedMod:OminousMark","sagemod:Creepy_Carousel","Kunai","Strange Spoon","CCEMRelics:Pendulum","CeramicFish","TungstenRod","aspiration:FrozenJewel"],"acts_visited":["Exordium","TheCity","TheBeyond"],"potions_floor_usage":[],"damage_taken":[{"damage":2,"enemies":"Small Slimes","floor":1,"turns":1},{"damage":1,"enemies":"Jaw Worm","floor":2,"turns":3},{"damage":0,"enemies":"2 Louse","floor":5,"turns":2},{"damage":0,"enemies":"3 Sentries","floor":6,"turns":4},{"damage":0,"enemies":"Looter","floor":7,"turns":2},{"damage":0,"enemies":"Lagavulin","floor":12,"turns":3},{"damage":10,"enemies":"Blue Slaver","floor":13,"turns":2},{"damage":10,"enemies":"3 Sentries","floor":14,"turns":4},{"damage":1,"enemies":"The Guardian","floor":16,"turns":6},{"damage":0,"enemies":"Shell Parasite","floor":18,"turns":1},{"damage":0,"enemies":"Chosen","floor":20,"turns":2},{"damage":2,"enemies":"Gremlin Leader","floor":24,"turns":6},{"damage":0,"enemies":"Centurion and Healer","floor":27,"turns":3},{"damage":12,"enemies":"Book of Stabbing","floor":29,"turns":3},{"damage":9,"enemies":"Cultist and Chosen","floor":30,"turns":3},{"damage":0,"enemies":"Automaton","floor":33,"turns":4},{"damage":0,"enemies":"3 Shapes","floor":35,"turns":1},{"damage":27,"enemies":"2 Orb Walkers","floor":36,"turns":2},{"damage":0,"enemies":"Orb Walker","floor":37,"turns":1},{"damage":1,"enemies":"Giant Head","floor":41,"turns":4},{"damage":0,"enemies":"Jaw Worm Horde","floor":42,"turns":3},{"damage":2,"enemies":"Writhing Mass","floor":45,"turns":3},{"damage":9,"enemies":"Nemesis","floor":46,"turns":3},{"damage":51,"enemies":"4 Shapes","floor":47,"turns":4},{"damage":21,"enemies":"Reptomancer","floor":48,"turns":4},{"damage":31,"enemies":"Time Eater","floor":50,"turns":9}],"seed_played":"-8095256523237246750","potions_obtained":[{"floor":2,"key":"hexamod:SoulburnPotion"},{"floor":5,"key":"sagemod:Wine"},{"floor":12,"key":"FairyPotion"},{"floor":36,"key":"Energy Potion"}],"is_trial":false,"path_per_floor":["M","M","$","?","M","E","M","?","T","R","?","E","M","E","R","B",null,"M","$","M","?","?","R","E","?","T","M","R","E","M","T","R","B",null,"M","?","M","$","?","R","E","M","T","R","M","E","M","E","R","B",null],"character_chosen":"THE_CURSED","items_purchased":["TheCursedMod:CursedShiv","TheCursedMod:LuckyCharm","Membership Card","Whetstone","Noxious Fumes","TheCursedMod:CursedSpellbook","Happy Flower","Backflip","Kunai","TheCursedMod:CursedShiv+1","Strange Spoon","CCEMRelics:Pendulum","TheCursedMod:CircleOfCorruption"],"campfire_rested":2,"item_purchase_floors":[3,3,19,19,19,19,19,19,38,38,38,38,38],"current_hp_per_floor":[73,72,72,72,72,72,72,72,72,72,72,81,72,64,64,65,82,82,82,82,82,82,82,80,80,80,82,82,70,63,63,63,69,82,82,55,57,57,57,81,81,82,82,82,80,73,28,17,41,12],"gold":265,"neow_bonus":"UPGRADE_CARD","is_daily":false,"chose_seed":false,"campfire_upgraded":6,"win_rate":0.0,"timestamp":1611282352,"path_taken":["M","M","$","?","M","E","M","?","T","R","?","E","M","E","R","BOSS","M","$","M","?","?","R","E","?","T","M","R","E","?","?","R","BOSS","M","?","M","$","?","R","E","M","T","R","M","E","M","E","R","BOSS"],"items_purchased_type":["Card","Card","Relic","Relic","Card","Card","Relic","Card","Relic","Card","Relic","Relic","Card"],"build_version":"2020-12-22","purchased_purges":2,"victory":true,"max_hp_per_floor":[75,75,75,75,75,75,75,75,75,75,75,82,82,82,82,82,82,82,82,82,82,82,82,82,82,82,82,82,82,82,82,82,82,82,82,82,82,82,82,82,82,82,82,82,82,82,82,82,82,82],"relic_stats":{"Happy Flower":[18],"counters":[26,78],"CeramicFish":45,"PreservedInsect":230,"Bag of Preparation":[24],"Whetstone":["TheCursedMod:CursedShiv"],"Blood Vial":25,"Strange Spoon":[16],"Tiny Chest":1,"Kunai":[6],"obtain_stats":[{"aspiration:Lifesprig":14,"TheCursedMod:BlackMagicAdvanced":0,"Happy Flower":19,"CeramicFish":41,"CCEMRelics:Pendulum":38,"PreservedInsect":31,"Bag of Preparation":29,"EVO:Axolotl":0,"Whetstone":19,"Frozen Egg 2":26,"Akabeko":24,"aspiration:FrozenJewel":48,"Blood Vial":9,"Strange Spoon":38,"TheCursedMod:OminousMark":34,"Strawberry":12,"sagemod:Creepy_Carousel":36,"Molten Egg 2":4,"aspiration:SilentSkillbook":17,"Tiny Chest":21,"Membership Card":19,"Kunai":38,"InkBottle":6,"TungstenRod":46},{"aspiration:Lifesprig":8,"TheCursedMod:BlackMagicAdvanced":0,"Happy Flower":10,"CeramicFish":20,"CCEMRelics:Pendulum":19,"PreservedInsect":15,"Bag of Preparation":14,"EVO:Axolotl":0,"Whetstone":10,"Frozen Egg 2":12,"Akabeko":12,"aspiration:FrozenJewel":25,"Blood Vial":5,"Strange Spoon":19,"TheCursedMod:OminousMark":16,"Strawberry":6,"sagemod:Creepy_Carousel":18,"Molten Egg 2":2,"aspiration:SilentSkillbook":9,"Tiny Chest":11,"Membership Card":10,"Kunai":19,"InkBottle":4,"TungstenRod":23},{"aspiration:Lifesprig":19,"TheCursedMod:BlackMagicAdvanced":0,"Happy Flower":25,"CeramicFish":53,"CCEMRelics:Pendulum":49,"PreservedInsect":41,"Bag of Preparation":38,"EVO:Axolotl":0,"Whetstone":25,"Frozen Egg 2":32,"Akabeko":32,"aspiration:FrozenJewel":69,"Blood Vial":10,"Strange Spoon":49,"TheCursedMod:OminousMark":45,"Strawberry":13,"sagemod:Creepy_Carousel":48,"Molten Egg 2":4,"aspiration:SilentSkillbook":24,"Tiny Chest":27,"Membership Card":25,"Kunai":49,"InkBottle":8,"TungstenRod":61}],"InkBottle":[48],"TungstenRod":17},"card_choices":[{"not_picked":["TheCursedMod:SpreadPlague","TheCursedMod:VitalStrike"],"picked":"TheCursedMod:Grudge","floor":1},{"not_picked":["TheCursedMod:CursedAmulet","TheCursedMod:RavingStaff"],"picked":"TheCursedMod:Stretching","floor":2},{"not_picked":["TheCursedMod:RavingStaff+1","TheCursedMod:CursedMace+1"],"picked":"TheCursedMod:CursedBoomerang+1","floor":5},{"not_picked":["TheCursedMod:CursedStaff+1","TheCursedMod:SpitefulStrike+1"],"picked":"TheCursedMod:ShockAndAwe+1","floor":6},{"not_picked":["TheCursedMod:TacticalStrike+1","TheCursedMod:CircleOfFocus"],"picked":"TheCursedMod:Stretching","floor":7},{"not_picked":["TheCursedMod:VitalStrike+1","TheCursedMod:Wield+1"],"picked":"TheCursedMod:RavingStaff+1","floor":12},{"not_picked":["TheCursedMod:CircleOfFlame","TheCursedMod:Stigma+1"],"picked":"TheCursedMod:ManaBullet+1","floor":13},{"not_picked":["TheCursedMod:ForbiddenAlchemy","TheCursedMod:RavingStaff+1"],"picked":"TheCursedMod:SmokeScreen","floor":14},{"not_picked":["TheCursedMod:ShockAndAwe+1","TheCursedMod:Neurasthenia"],"picked":"TheCursedMod:CursedRelics+1","floor":16},{"not_picked":["TheCursedMod:CursedMace+1","TheCursedMod:Obscuration","TheCursedMod:RavingStaff+1"],"picked":"TheCursedMod:CircleOfCorruption+1","floor":18},{"not_picked":["TheCursedMod:FuryStrike+1","PiercingWail","Prepared+1"],"picked":"Footwork+1","floor":20},{"not_picked":["TheCursedMod:Mangle+1","Skewer+1","TheCursedMod:CursedStaff+1"],"picked":"TheCursedMod:CircleOfBlood","floor":24},{"not_picked":["Reflex","TheCursedMod:Wield+1","Terror","TheCursedMod:Stigma+1"],"picked":"SKIP","floor":27},{"not_picked":["TheCursedMod:PrepareRite","TheCursedMod:FuryStrike+1","Escape Plan+1"],"picked":"TheCursedMod:TroublousMinions","floor":29},{"not_picked":["PiercingWail+1","TheCursedMod:SurpriseAttack+1","TheCursedMod:FuryStrike+1"],"picked":"TheCursedMod:CursedBlade+1","floor":30},{"not_picked":["TheCursedMod:ShockAndAwe+1","Burst","TheCursedMod:AntiAging"],"picked":"A Thousand Cuts+1","floor":33},{"not_picked":["TheCursedMod:ManaBullet+1","Quick Slash+1","Deadly Poison","Dagger Throw+1"],"picked":"SKIP","floor":35},{"not_picked":["TheCursedMod:CursedSpellbook+1","TheCursedMod:CircleOfFlame+1","TheCursedMod:StingEye+1"],"picked":"TheCursedMod:ReleasedStrength+1","floor":37},{"not_picked":["Flying Knee+1","TheCursedMod:Wield+1","Deflect"],"picked":"TheCursedMod:BloodBarrier+1","floor":41},{"not_picked":["Corpse Explosion","Dodge and Roll+1","Deadly Poison","Acrobatics+1"],"picked":"SKIP","floor":42},{"not_picked":["TheCursedMod:RapidMovement+1","Riddle With Holes+1","TheCursedMod:CursedBoomerang+1"],"picked":"TheCursedMod:HellsGateOpen+1","floor":45},{"not_picked":["TheCursedMod:VitalStrike+1","TheCursedMod:Stigma+1","TheCursedMod:TacticalStrike+1"],"picked":"Caltrops+1","floor":46},{"not_picked":["TheCursedMod:EmpowerCircles+1","TheCursedMod:WearCloak","Bouncing Flask"],"picked":"Caltrops+1","floor":47},{"not_picked":["TheCursedMod:SpitefulPlan+1","Blade Dance","TheCursedMod:CursedBoomerang+1"],"picked":"TheCursedMod:Stretching+1","floor":48}],"player_experience":237816,"relics_obtained":[{"floor":6,"key":"InkBottle"},{"floor":9,"key":"Blood Vial"},{"floor":12,"key":"Strawberry"},{"floor":14,"key":"aspiration:Lifesprig"},{"floor":24,"key":"Akabeko"},{"floor":26,"key":"Frozen Egg 2"},{"floor":29,"key":"Bag of Preparation"},{"floor":31,"key":"PreservedInsect"},{"floor":36,"key":"sagemod:Creepy_Carousel"},{"floor":41,"key":"CeramicFish"},{"floor":46,"key":"TungstenRod"},{"floor":48,"key":"aspiration:FrozenJewel"}],"event_choices":[{"cards_removed":["Injury"],"damage_healed":0,"gold_gain":0,"player_choice":"Card Removal","damage_taken":0,"max_hp_gain":0,"max_hp_loss":0,"event_name":"The Cleric","floor":8,"gold_loss":50},{"damage_healed":0,"gold_gain":175,"player_choice":"AGREE","damage_taken":99,"max_hp_gain":0,"max_hp_loss":0,"event_name":"betterThird:BetterSerpent","floor":11,"gold_loss":0},{"damage_healed":0,"gold_gain":0,"player_choice":"Stole Relic","damage_taken":0,"relics_obtained":["Tiny Chest"],"max_hp_gain":0,"max_hp_loss":0,"event_name":"Addict","floor":21,"gold_loss":0,"cards_obtained":["Shame"]},{"damage_healed":0,"gold_gain":0,"player_choice":"Ignored","damage_taken":0,"max_hp_gain":0,"max_hp_loss":0,"event_name":"Beggar","floor":22,"gold_loss":0},{"damage_healed":0,"gold_gain":0,"player_choice":"Ignored","damage_taken":0,"max_hp_gain":0,"max_hp_loss":0,"event_name":"Vampires","floor":25,"gold_loss":0},{"damage_healed":0,"gold_gain":0,"player_choice":"Fight","damage_taken":0,"max_hp_gain":0,"max_hp_loss":0,"event_name":"Mysterious Sphere","floor":36,"gold_loss":0},{"cards_removed":["TheCursedMod:SpitefulPlan"],"damage_healed":0,"gold_gain":0,"player_choice":"Removed Power","damage_taken":0,"max_hp_gain":0,"max_hp_loss":0,"event_name":"Falling","floor":39,"gold_loss":0}],"is_beta":false,"boss_relics":[{"not_picked":["energizedSpire:OgreHead","energizedSpire:StickyHand"],"picked":"aspiration:SilentSkillbook"},{"not_picked":["aspiration:RitualDagger","sagemod:Falmels_Amulet"],"picked":"TheCursedMod:OminousMark"}],"items_purged_floors":[38,38],"is_endless":false,"potions_floor_spawned":[2,5,7,12,18,20,24,35,36,41,48],"ascension_level":2}}