{"host":"p5axfb00mxhraew6","time":1611321729,"event":{"mods":["Abigail Mod","Act Like it!","BaseMod","CapriCore","Friendly Minions","GifTheSpireLib","Jedi Mod","KomeijiMod","Lobotomy","MarisaÅiñ∂âJÅ@ñÇóùçπÅj","Minty Spire (QoL Compilation)","Prisma Mod","ReimuÅiîé??öÎÅj","RemiliaÅiÂQïƒ‰ª?Åj","SOSÅiézîb?îVéqÅj","StSLib","Td1madao Mod","The Alterego","The Immortal","The Problem Sleuth","Yakumo Yukari mod"],"gold_per_floor":[211,211,222,5,19,54,54,67,67,94,31,31,81,1,1,80,80,99,113,47,47,47],"floor_reached":21,"language":"ENG","playtime":860,"items_purged":["PrismaMod:ChloeCommonAttack","PrismaMod:ChloeCommonAttack"],"score":498,"play_id":"db42e30f-71d7-4d1e-ab40-d9c71cfb6b70","local_time":"20210122222209","is_ascension_mode":true,"campfire_choices":[{"data":"PrismaMod:ChloeRhongomyniad","floor":7,"key":"SMITH"},{"data":"PrismaMod:ChloeRitsuka","floor":12,"key":"SMITH"},{"data":"PrismaMod:ChloeDiscardRecovery","floor":15,"key":"SMITH"}],"circlet_count":0,"master_deck":["AscendersBane","PrismaMod:ChloeCommonAttack","PrismaMod:ChloeCommonAttack","PrismaMod:ChloeCommonAttack","PrismaMod:ChloeCommonDefend","PrismaMod:ChloeCommonDefend","PrismaMod:ChloeCommonDefend","PrismaMod:ChloeCommonDefend","PrismaMod:ChloeCommonDefend","PrismaMod:ChloeCheapAttack","PrismaMod:ChloeCheapDefend","PrismaMod:ChloeRhongomyniad+1","PrismaMod:ChloeExcalibur","PrismaMod:ChloeDiscardRecovery","Finesse","PrismaMod:ChloeRitsuka+1","PrismaMod:ChloeExcalibur","PrismaMod:ChloeDiscardRecovery+1","PrismaMod:ChloeDemonicTutor","PrismaMod:ChloeExcalibur","PrismaMod:ChloeExhaustThree","CurseOfTheBell","PrismaMod:ChloeUncommonDefend+1","PrismaMod:ChloeCaladbolg"],"relics":["PrismaMod:PrismaTraceOn","jedi:purplefairy","Ornamental Fan","The Courier","Calling Bell","Bag of Preparation","jedi:angrymask","Torii","ScarletDevilRocket"],"acts_visited":["Exordium","TheCity"],"potions_floor_usage":[6,6,18,18],"damage_taken":[{"damage":6,"enemies":"Jaw Worm","floor":1,"turns":6},{"damage":6,"enemies":"Cultist","floor":3,"turns":4},{"damage":4,"enemies":"2 Louse","floor":5,"turns":3},{"damage":17,"enemies":"3 Sentries","floor":6,"turns":8},{"damage":8,"enemies":"Red Slaver","floor":8,"turns":3},{"damage":0,"enemies":"Gremlin Nob","floor":10,"turns":2},{"damage":0,"enemies":"The Guardian","floor":16,"turns":6},{"damage":7,"enemies":"2 Thieves","floor":18,"turns":4},{"damage":10,"enemies":"Shell Parasite","floor":19,"turns":7},{"damage":45,"enemies":"Cultist and Chosen","floor":21,"turns":5}],"seed_played":"-1169488295761561236","potions_obtained":[{"floor":1,"key":"DistilledChaos"},{"floor":2,"key":"ZuzhouPotion:ReiMu"},{"floor":2,"key":"GrandPatriotsElixir:ReiMu"},{"floor":5,"key":"PowerPotion"},{"floor":16,"key":"FearPotion"},{"floor":16,"key":"jedi:StrikingPotion"}],"is_trial":false,"path_per_floor":["M","?","M","$","M","E","R","M","T","E","$","R","?","$","R","B",null,"M","M","?","M"],"character_chosen":"CHLOE","items_purchased":["PrismaMod:ChloeDiscardRecovery","Finesse","PrismaMod:ChloeExcalibur"],"campfire_rested":0,"item_purchase_floors":[4,4,11],"current_hp_per_floor":[58,58,52,52,48,31,36,28,28,28,28,33,26,26,36,36,62,55,45,45,0,0],"gold":47,"neow_bonus":"HUNDRED_GOLD","is_daily":false,"chose_seed":false,"campfire_upgraded":3,"win_rate":0.0,"timestamp":1611321729,"path_taken":["M","?","?","$","M","E","R","M","T","E","?","R","?","$","R","BOSS","M","M","?","?"],"items_purchased_type":["Card","Card","Card"],"build_version":"2020-12-22","purchased_purges":2,"victory":false,"max_hp_per_floor":[71,71,71,71,71,71,71,71,71,71,71,71,71,71,71,71,71,71,71,71,71,71],"card_choices":[{"not_picked":["PrismaMod:ChloeUncommonDefend","PrismaMod:ChloeBetterTracePools"],"picked":"PrismaMod:ChloeRhongomyniad","floor":1},{"not_picked":["PrismaMod:ChloeExhaustTwo","PrismaMod:ChloeCommonAOEAttack"],"picked":"PrismaMod:ChloeExcalibur","floor":3},{"not_picked":["PrismaMod:ChloeDiscardRecovery","PrismaMod:ChloeCheapDefendTwo"],"picked":"PrismaMod:ChloeRitsuka","floor":5},{"not_picked":["PrismaMod:ChloeMaid","PrismaMod:ChloeReshuffleDiscard"],"picked":"PrismaMod:ChloeExcalibur","floor":6},{"not_picked":["PrismaMod:ChloeCheapDefend","PrismaMod:ChloeCheapDefendTwo"],"picked":"PrismaMod:ChloeDiscardRecovery","floor":8},{"not_picked":["PrismaMod:ChloeCommonAOEAttack","PrismaMod:ChloeMaid"],"picked":"PrismaMod:ChloeDemonicTutor","floor":10},{"not_picked":["PrismaMod:ChloeGreatTracePools","PrismaMod:ChloeAnyRareTrace"],"picked":"PrismaMod:ChloeExhaustThree","floor":16},{"not_picked":["PrismaMod:ChloeDemonicTutor","PrismaMod:ChloeRitsuka"],"picked":"PrismaMod:ChloeUncommonDefend+1","floor":18},{"not_picked":["PrismaMod:ChloeCheapDefend","PrismaMod:ChloeDiscardRecovery+1"],"picked":"PrismaMod:ChloeCaladbolg","floor":19}],"player_experience":1262192,"relics_obtained":[{"floor":6,"key":"jedi:purplefairy"},{"floor":9,"key":"Ornamental Fan"},{"floor":10,"key":"The Courier"},{"floor":17,"key":"Bag of Preparation"},{"floor":17,"key":"jedi:angrymask"},{"floor":17,"key":"Torii"}],"event_choices":[{"damage_healed":0,"gold_gain":0,"player_choice":"Got Potions","damage_taken":0,"max_hp_gain":0,"max_hp_loss":0,"event_name":"Lab","floor":2,"gold_loss":0},{"damage_healed":0,"gold_gain":50,"player_choice":"Touch","damage_taken":7,"max_hp_gain":0,"max_hp_loss":0,"event_name":"FaceTrader","floor":13,"gold_loss":0},{"damage_healed":0,"gold_gain":0,"player_choice":"Paid Gold","damage_taken":0,"relics_obtained":["ScarletDevilRocket"],"max_hp_gain":0,"max_hp_loss":0,"event_name":"WeMeetAgain","floor":20,"gold_loss":66}],"is_beta":false,"boss_relics":[{"not_picked":["Astrolabe","RedLine:ReiMu"],"picked":"Calling Bell"}],"items_purged_floors":[4,14],"is_endless":false,"potions_floor_spawned":[1,5,16],"killed_by":"Cultist and Chosen","ascension_level":18}}