{"host":"94aus4jnk6thj94q","time":1611334011,"event":{"mods":["BaseMod","Minty Spire (QoL Compilation)","Quick Restart","StSLib"],"gold_per_floor":[119,119,137,147,160,188,207,207,207,222,247,247,266,8,8,132,195,209,222,222,222],"floor_reached":20,"language":"ENG","playtime":2349,"items_purged":[],"score":180,"play_id":"8fd8ae2d-2758-43d0-adde-3c7ee13e30dc","local_time":"20210122184651","is_ascension_mode":false,"campfire_choices":[{"floor":12.0,"key":"REST"},{"floor":15.0,"key":"RECALL"}],"circlet_count":0,"master_deck":["Strike_G","Strike_G","Strike_G+1","Strike_G","Defend_G","Defend_G","Defend_G","Defend_G","Defend_G","Survivor+1","Neutralize","All Out Attack","Deadly Poison+1","After Image","Deadly Poison","Injury","Venomology","Cloak And Dagger","Poisoned Stab","Noxious Fumes","Dash","A Thousand Cuts","Blur+1"],"relics":["Ring of the Snake","NeowsBlessing","Eternal Feather","Golden Idol","War Paint","Tiny House"],"acts_visited":["Exordium","TheCity"],"potions_floor_usage":[18,18,19],"damage_taken":[{"damage":0.0,"enemies":"Small Slimes","floor":1.0,"turns":1.0},{"damage":0.0,"enemies":"Cultist","floor":3.0,"turns":1.0},{"damage":0.0,"enemies":"Jaw Worm","floor":4.0,"turns":1.0},{"damage":0.0,"enemies":"Gremlin Gang","floor":5.0,"turns":1.0},{"damage":9.0,"enemies":"3 Sentries","floor":6.0,"turns":11.0},{"damage":3.0,"enemies":"Lots of Slimes","floor":7.0,"turns":2.0},{"damage":11.0,"enemies":"2 Fungi Beasts","floor":10.0,"turns":3.0},{"damage":0.0,"enemies":"Blue Slaver","floor":11.0,"turns":4.0},{"damage":10.0,"enemies":"Large Slime","floor":13.0,"turns":5.0},{"damage":27.0,"enemies":"Slime Boss","floor":16.0,"turns":9.0},{"damage":3,"enemies":"Chosen","floor":18,"turns":4},{"damage":21,"enemies":"Shell Parasite","floor":19,"turns":8},{"damage":28,"enemies":"Cultist and Chosen","floor":20,"turns":6}],"seed_played":"6725259847000858747","potions_obtained":[{"floor":3.0,"key":"Block Potion"},{"floor":4.0,"key":"DuplicationPotion"},{"floor":6.0,"key":"Poison Potion"},{"floor":10.0,"key":"PowerPotion"},{"floor":16.0,"key":"CunningPotion"},{"floor":18,"key":"SpeedPotion"}],"is_trial":false,"path_per_floor":["M","?","M","M","M","E","M","?","T","M","M","R","M","$","R","B",null,"M","M","M"],"character_chosen":"THE_SILENT","items_purchased":["War Paint","Noxious Fumes","Dash"],"campfire_rested":1,"item_purchase_floors":[14,14,14],"current_hp_per_floor":[70,70,70,70,70,61,58,58,58,47,47,70,60,60,70,43,75,72,51,23,23],"gold":222,"neow_bonus":"THREE_ENEMY_KILL","is_daily":false,"chose_seed":false,"campfire_upgraded":0,"win_rate":0.0,"timestamp":1611334011,"path_taken":["M","?","M","M","M","E","?","?","T","M","M","R","M","$","R","BOSS","M","M","M"],"items_purchased_type":["Relic","Card","Card"],"build_version":"2020-12-22","purchased_purges":0,"victory":false,"max_hp_per_floor":[70,70,70,70,70,70,70,70,70,70,70,70,70,70,70,70,75,75,75,75,75],"card_choices":[{"not_picked":["Deadly Poison","Quick Slash"],"picked":"All Out Attack","floor":1.0},{"not_picked":["Bane","Backflip","PiercingWail"],"picked":"SKIP","floor":3.0},{"not_picked":["Backflip","Underhanded Strike"],"picked":"Deadly Poison","floor":4.0},{"not_picked":["Outmaneuver","Infinite Blades"],"picked":"After Image","floor":5.0},{"not_picked":["Prepared","Doppelganger"],"picked":"Deadly Poison","floor":6.0},{"not_picked":["Prepared","PiercingWail","Backflip"],"picked":"SKIP","floor":7.0},{"not_picked":["Eviscerate","PiercingWail"],"picked":"Venomology","floor":10.0},{"not_picked":["Bane","Flying Knee"],"picked":"Cloak And Dagger","floor":11.0},{"not_picked":["Underhanded Strike","Dodge and Roll"],"picked":"Poisoned Stab","floor":13.0},{"not_picked":["Die Die Die","Adrenaline"],"picked":"A Thousand Cuts","floor":16.0},{"not_picked":["Underhanded Strike+1","Deflect"],"picked":"Blur+1","floor":18},{"not_picked":["Sucker Punch","Underhanded Strike","PiercingWail"],"picked":"SKIP","floor":19}],"player_experience":5882335,"relics_obtained":[{"floor":6.0,"key":"Eternal Feather"}],"event_choices":[{"cards_removed":["Strike_G"],"damage_healed":0.0,"max_hp_gain":0.0,"max_hp_loss":0.0,"gold_gain":0.0,"event_name":"Bonfire Elementals","player_choice":"Offered Basic","floor":2.0,"gold_loss":0.0,"damage_taken":0.0},{"damage_healed":0.0,"max_hp_gain":0.0,"max_hp_loss":0.0,"gold_gain":0.0,"event_name":"Golden Idol","player_choice":"Take Wound","floor":8.0,"gold_loss":0.0,"damage_taken":0.0,"relics_obtained":["Golden Idol"],"cards_obtained":["Injury"]}],"is_beta":false,"boss_relics":[{"not_picked":["Sozu","Runic Pyramid"],"picked":"Tiny House"}],"items_purged_floors":[],"is_endless":false,"potions_floor_spawned":[3,4,6,10,16,18],"killed_by":"Cultist and Chosen","ascension_level":0}}