{"host":"oiai0qxasotny765","time":1611309925,"event":{"mods":["2.2 Compatiblity","AchievementEnabler","BaseMod","Colored Map","Minty Spire (QoL Compilation)","Permanent Neow","Relic Stats","StSLib","SuperFastMode","everything is the same but u backflip on backflip"],"gold_per_floor":[109,129,141,121,134,134,144,144,169,169,189,215,52,64,64,141,141,141,158,24,24,24,24,24,42,54,99,99,114,114,114],"floor_reached":30,"language":"KOR","playtime":1235,"items_purged":[],"score":466,"play_id":"001e18b3-158a-4b7a-8a98-1cb60aaad7a2","local_time":"20210122190525","is_ascension_mode":true,"campfire_choices":[{"data":"Body Slam","floor":6.0,"key":"SMITH"},{"floor":8.0,"key":"REST"},{"data":"Second Wind","floor":10.0,"key":"SMITH"},{"data":"Entrench","floor":15.0,"key":"SMITH"},{"data":"Body Slam","floor":24.0,"key":"SMITH"},{"floor":28,"key":"REST"}],"circlet_count":0,"master_deck":["AscendersBane","Strike_R","Strike_R","Strike_R","Strike_R","Defend_R","Defend_R","Defend_R","Bash","Shrug It Off","Second Wind+1","Body Slam+1","Shrug It Off","Ghostly Armor","Burning Pact","Power Through","Evolve","Wild Strike","Reckless Charge","Entrench+1","Shrug It Off","Juggernaut","Body Slam+1","Fire Breathing","Seeing Red","CurseOfTheBell","Dark Embrace","Whirlwind","Ghostly Armor"],"relics":["Burning Blood","Prayer Wheel","Strawberry","Toy Ornithopter","Orrery","Calling Bell","Omamori","The Courier","Mango","Membership Card","Orichalcum","Nilry\u0027s Codex","CeramicFish"],"acts_visited":["Exordium","TheCity","TheBeyond","TheCity"],"potions_floor_usage":[26,30],"damage_taken":[{"damage":13.0,"enemies":"Jaw Worm","floor":1.0,"turns":5.0},{"damage":16.0,"enemies":"Cultist","floor":2.0,"turns":6.0},{"damage":8.0,"enemies":"Small Slimes","floor":3.0,"turns":5.0},{"damage":9.0,"enemies":"3 Louse","floor":5.0,"turns":5.0},{"damage":10.0,"enemies":"Exordium Wildlife","floor":7.0,"turns":6.0},{"damage":4.0,"enemies":"Lots of Slimes","floor":11.0,"turns":7.0},{"damage":34.0,"enemies":"Lagavulin","floor":12.0,"turns":10.0},{"damage":3.0,"enemies":"Blue Slaver","floor":14.0,"turns":3.0},{"damage":28.0,"enemies":"The Guardian","floor":16.0,"turns":10.0},{"damage":23.0,"enemies":"Chosen","floor":19.0,"turns":6.0},{"damage":42.0,"enemies":"3 Byrds","floor":25.0,"turns":6.0},{"damage":19,"enemies":"Centurion and Healer","floor":26,"turns":7},{"damage":35,"enemies":"Snake Plant","floor":29,"turns":7},{"damage":31,"enemies":"Snecko","floor":30,"turns":6}],"seed_played":"-2524153238334593481","potions_obtained":[{"floor":4.0,"key":"Block Potion"},{"floor":5.0,"key":"Strength Potion"},{"floor":16.0,"key":"HeartOfIron"},{"floor":26,"key":"EssenceOfSteel"}],"is_trial":false,"path_per_floor":["M","M","M","?","M","R","M","R","T","R","M","E","$","M","R","B",null,"M","M","$","?","?","?","R","M","M","T","R","M","M"],"character_chosen":"IRONCLAD","items_purchased":["Orrery","Membership Card"],"campfire_rested":2,"item_purchase_floors":[13,20],"current_hp_per_floor":[43,33,31,31,28,28,24,46,53,53,55,27,27,30,30,18,66,95,78,78,78,78,57,57,21,13,13,41,12,0,0],"gold":114,"neow_bonus":"ONE_RARE_RELIC","is_daily":false,"chose_seed":false,"campfire_upgraded":4,"win_rate":0.0,"timestamp":1611309925,"path_taken":["M","M","M","?","M","R","M","R","T","R","M","E","$","M","R","BOSS","M","M","$","?","?","?","R","M","M","T","R","M","M"],"items_purchased_type":["Relic","Relic"],"build_version":"2020-12-22","purchased_purges":0,"victory":false,"max_hp_per_floor":[75,75,75,75,75,75,75,75,82,82,82,82,82,82,82,82,82,96,96,96,96,96,96,96,96,96,96,96,96,96,96],"relic_stats":{"counters":[15,90],"CeramicFish":0,"Prayer Wheel":12,"Orichalcum":[18],"obtain_stats":[{"Nilry\u0027s Codex":23,"CeramicFish":27,"Mango":18,"The Courier":18,"Omamori":18,"Orichalcum":22,"Burning Blood":0,"Calling Bell":18,"Strawberry":9,"Orrery":13,"Prayer Wheel":0,"Membership Card":20,"Toy Ornithopter":12,"Runic Pyramid":17},{"Nilry\u0027s Codex":11,"CeramicFish":13,"Mango":10,"The Courier":10,"Omamori":10,"Orichalcum":11,"Burning Blood":0,"Calling Bell":10,"Strawberry":5,"Orrery":7,"Prayer Wheel":0,"Membership Card":11,"Toy Ornithopter":7,"Runic Pyramid":9},{"Nilry\u0027s Codex":64,"CeramicFish":77,"Mango":58,"The Courier":58,"Omamori":58,"Orichalcum":64,"Burning Blood":0,"Calling Bell":58,"Strawberry":27,"Orrery":44,"Prayer Wheel":0,"Membership Card":64,"Toy Ornithopter":44,"Runic Pyramid":57}],"Burning Blood":78,"Toy Ornithopter":20},"card_choices":[{"not_picked":["Armaments","Warcry"],"picked":"Shrug It Off","floor":1.0},{"not_picked":["Clash","Wild Strike"],"picked":"Second Wind","floor":1.0},{"not_picked":["Dual Wield","True Grit"],"picked":"Body Slam","floor":2.0},{"not_picked":["Havoc","Heavy Blade","Headbutt"],"picked":"SKIP","floor":2.0},{"not_picked":["Infernal Blade","Limit Break"],"picked":"Shrug It Off","floor":3.0},{"not_picked":["True Grit","Iron Wave","Thunderclap"],"picked":"SKIP","floor":3.0},{"not_picked":["Twin Strike","Burning Pact"],"picked":"Ghostly Armor","floor":5.0},{"not_picked":["Thunderclap","Heavy Blade"],"picked":"Burning Pact","floor":5.0},{"not_picked":["Heavy Blade","Burning Pact"],"picked":"Power Through","floor":7.0},{"not_picked":["Havoc","Dual Wield","Bloodletting"],"picked":"SKIP","floor":7.0},{"not_picked":["Sever Soul","Pommel Strike"],"picked":"Evolve","floor":11.0},{"not_picked":["Clash","Anger"],"picked":"Wild Strike","floor":11.0},{"not_picked":["Shrug It Off","Wild Strike"],"picked":"Reckless Charge","floor":12.0},{"not_picked":["Headbutt","Dropkick"],"picked":"Entrench","floor":13.0},{"not_picked":["Intimidate","Twin Strike"],"picked":"Shrug It Off","floor":13.0},{"not_picked":["Flex","Anger"],"picked":"Juggernaut","floor":13.0},{"not_picked":["Limit Break","Sever Soul"],"picked":"Body Slam","floor":13.0},{"not_picked":["Rampage","Perfected Strike"],"picked":"Fire Breathing","floor":14.0},{"not_picked":["Entrench","Iron Wave"],"picked":"Seeing Red","floor":14.0},{"not_picked":["Dropkick+1","Sword Boomerang"],"picked":"Dark Embrace","floor":19.0},{"not_picked":["Havoc+1","Twin Strike","Wild Strike"],"picked":"SKIP","floor":19.0},{"not_picked":["Headbutt","Iron Wave","True Grit"],"picked":"SKIP","floor":25.0},{"not_picked":["Dropkick","Cleave","Dual Wield"],"picked":"SKIP","floor":25.0},{"not_picked":["Metallicize","Shrug It Off","Heavy Blade"],"picked":"SKIP","floor":26},{"not_picked":["Bludgeon","Havoc","Body Slam"],"picked":"SKIP","floor":26},{"not_picked":["Shrug It Off","Pommel Strike","Dark Embrace"],"picked":"SKIP","floor":29},{"not_picked":["Iron Wave","Body Slam","Armaments"],"picked":"SKIP","floor":29}],"player_experience":321519,"relics_obtained":[{"floor":9.0,"key":"Strawberry"},{"floor":12.0,"key":"Toy Ornithopter"},{"floor":18.0,"key":"Omamori"},{"floor":18.0,"key":"The Courier"},{"floor":18.0,"key":"Mango"},{"floor":23.0,"key":"Nilry\u0027s Codex"},{"floor":27,"key":"CeramicFish"}],"event_choices":[{"damage_healed":0.0,"max_hp_gain":0.0,"max_hp_loss":0.0,"gold_gain":0.0,"event_name":"The Woman in Blue","player_choice":"Bought 1 Potion","floor":4.0,"gold_loss":0.0,"damage_taken":0.0},{"damage_healed":0.0,"max_hp_gain":0.0,"max_hp_loss":0.0,"gold_gain":0.0,"cards_transformed":["Strike_R","Defend_R"],"event_name":"Drug Dealer","player_choice":"Became Test Subject","floor":21.0,"gold_loss":0.0,"damage_taken":0.0,"cards_obtained":["Whirlwind","Ghostly Armor"]},{"damage_healed":0.0,"max_hp_gain":0.0,"max_hp_loss":0.0,"gold_gain":0.0,"event_name":"Addict","player_choice":"Stole Relic","floor":22.0,"gold_loss":0.0,"damage_taken":0.0,"relics_obtained":["Orichalcum"],"cards_obtained":["Shame"]},{"damage_healed":0.0,"max_hp_gain":0.0,"max_hp_loss":0.0,"gold_gain":0.0,"event_name":"Cursed Tome","player_choice":"Obtained Book","floor":23.0,"gold_loss":0.0,"damage_taken":21.0}],"is_beta":false,"boss_relics":[{"not_picked":["SacredBark","Calling Bell"],"picked":"Runic Pyramid"}],"items_purged_floors":[],"is_endless":false,"potions_floor_spawned":[5,11,16,26],"killed_by":"Snecko","ascension_level":18}}