{"host":"w2kjv12xyhtt0cv2","time":1611332605,"event":{"mods":["Act Like it!","BaseMod","Colored Map","Friendly Minions","Gensokyo","Highlight Path","Hubris","Kiyohime（清姬）","Marisa（F雨　魔理沙）","Minty Spire (QoL Compilation)","Quick Restart","Reimu（博丽灵梦）","Relic Stats","Replay The Spire","RumiaBox-露米娅的神秘盒子","Shop Mod","Spicy Shops","StSLib","The Cursed","The Servant 0.9.4","UnlockEverythingMod","Waifu the Spire","[功能]功能增强和修复MOD","vexMod","【功能Mod】Neow奖励","【遗物卡牌】REMEMod","没有小屋子和绿帽子啦"],"gold_per_floor":[109,109,109,109,126,133,243,269,269,269,269,303,34,51,51,150,816,807,807,807,807,1082,1082,1082],"floor_reached":23,"playtime":1322,"items_purged":[],"score":273,"play_id":"50345e1d-7962-4e9d-906c-26368794d9d7","local_time":"20210123002325","is_ascension_mode":true,"campfire_choices":[{"data":"TheCursedMod:CursedRelics","floor":15.0,"key":"SMITH"}],"circlet_count":0,"master_deck":["TheCursedMod:Strike_TheCursed","TheCursedMod:Strike_TheCursed","TheCursedMod:Defend_TheCursed","TheCursedMod:Defend_TheCursed","TheCursedMod:Defend_TheCursed","TheCursedMod:Defend_TheCursed","TheCursedMod:Dregs","TheCursedMod:CollectTribute","TheCursedMod:SpitefulPlan+1","TheCursedMod:CircleOfAmplification","TheCursedMod:SoulReap","TheCursedMod:HellfireBreathing","TheCursedMod:CursedRelics+1","TheCursedMod:TroublousMinions","TheCursedMod:AshesToAshes","Replay:AllIn","Double Energy+1","TheCursedMod:SaltUponWound","TheCursedMod:NeowsMight","Regret"],"relics":["REME_ComplimentaryCards","hubris:Backtick","Mummified Hand","Gensokyo:Justice","Happy Flower","GodSword1","TheCursedMod:Tack","Akabeko","Counterbalance","Orrery","PrismaticShard","vexMod:RockOfEvil"],"acts_visited":["Gensokyo:Gensokyo","TheCity"],"potions_floor_usage":[23],"damage_taken":[{"damage":0.0,"enemies":"Gensokyo:Gryphon","floor":1.0,"turns":4.0},{"damage":13.0,"enemies":"Gensokyo:2_Kodama","floor":5.0,"turns":5.0},{"damage":19.0,"enemies":"Gensokyo:Cirno","floor":6.0,"turns":6.0},{"damage":19.0,"enemies":"Gensokyo:Mamizou","floor":8.0,"turns":8.0},{"damage":12.0,"enemies":"Gensokyo:Cirno","floor":12.0,"turns":5.0},{"damage":0.0,"enemies":"Gensokyo:3_Fairies","floor":14.0,"turns":3.0},{"damage":38.0,"enemies":"Gensokyo:Kokoro","floor":16.0,"turns":7.0},{"damage":34.0,"enemies":"Chosen","floor":18.0,"turns":6.0},{"damage":30,"enemies":"Gremlin Leader","floor":23,"turns":2}],"seed_played":"-1464915588228783119","potions_obtained":[{"floor":2.0,"key":"EntropicBrew"},{"floor":5.0,"key":"SpeedPotion"},{"floor":6.0,"key":"FearPotion"},{"floor":16.0,"key":"Venom Potion"}],"is_trial":false,"path_per_floor":["M","?","?","?","M","E","?","E","T","?","?","E","$","M","R","B",null,"M","?","?","?","?","E"],"character_chosen":"THE_CURSED","items_purchased":["Orrery","PrismaticShard"],"campfire_rested":0,"item_purchase_floors":[13,13],"current_hp_per_floor":[75,75,75,75,62,55,55,51,51,51,51,39,39,46,46,17,75,41,41,27,27,27,0,0],"gold":1082,"neow_bonus":"BOSS_RELIC","is_daily":false,"chose_seed":false,"campfire_upgraded":1,"win_rate":0.0,"timestamp":1611332605,"path_taken":["M","?","?","?","?","E","?","E","T","?","?","E","$","M","R","BOSS","M","?","?","?","?","E"],"items_purchased_type":["Relic","Relic"],"build_version":"2020-12-22","purchased_purges":0,"victory":false,"max_hp_per_floor":[75,75,75,75,75,75,75,75,75,75,75,75,75,75,75,75,75,75,75,80,80,80,80,80],"relic_stats":{"Happy Flower":[14],"counters":[9,46],"Mummified Hand":[19],"obtain_stats":[{"TheCursedMod:BlackMagic101":0,"Happy Flower":4,"TheCursedMod:Tack":8,"Counterbalance":12,"Gensokyo:Justice":3,"PrismaticShard":13,"vexMod:RockOfEvil":17,"Akabeko":9,"hubris:Backtick":0,"Mummified Hand":0,"Orrery":13,"REME_ComplimentaryCards":0,"GodSword1":6},{"TheCursedMod:BlackMagic101":0,"Happy Flower":1,"TheCursedMod:Tack":4,"Counterbalance":5,"Gensokyo:Justice":1,"PrismaticShard":5,"vexMod:RockOfEvil":7,"Akabeko":4,"hubris:Backtick":0,"Mummified Hand":0,"Orrery":5,"REME_ComplimentaryCards":0,"GodSword1":3},{"TheCursedMod:BlackMagic101":0,"Happy Flower":4,"TheCursedMod:Tack":23,"Counterbalance":28,"Gensokyo:Justice":4,"PrismaticShard":28,"vexMod:RockOfEvil":38,"Akabeko":23,"hubris:Backtick":0,"Mummified Hand":0,"Orrery":28,"REME_ComplimentaryCards":0,"GodSword1":15}]},"card_choices":[{"not_picked":["TheCursedMod:WearCloak","TheCursedMod:CircleOfAmplification","TheCursedMod:CircleOfBlood"],"picked":"SKIP","floor":1.0},{"not_picked":["TheCursedMod:CursedAmulet","TheCursedMod:Stigma","TheCursedMod:SmokeScreen"],"picked":"SKIP","floor":5.0},{"not_picked":["TheCursedMod:CircleOfCorruption","TheCursedMod:CursedMace","TheCursedMod:SmokeScreen"],"picked":"SKIP","floor":6.0},{"not_picked":["TheCursedMod:FuryStrike","TheCursedMod:BloodBarrier"],"picked":"TheCursedMod:SpitefulPlan","floor":7.0},{"not_picked":["TheCursedMod:DoubleShield","TheCursedMod:Mangle"],"picked":"TheCursedMod:CircleOfAmplification","floor":7.0},{"not_picked":["TheCursedMod:Grudge","TheCursedMod:CursedMace","TheCursedMod:TacticalStrike"],"picked":"SKIP","floor":8.0},{"not_picked":["TheCursedMod:SpreadPlague","TheCursedMod:TacticalStrike","TheCursedMod:SmokeScreen"],"picked":"SKIP","floor":12.0},{"not_picked":["TheCursedMod:Stretching","TheCursedMod:ParallelWorld"],"picked":"TheCursedMod:SoulReap","floor":13.0},{"not_picked":["TheCursedMod:EmpowerCircles","TheCursedMod:Evocation"],"picked":"TheCursedMod:HellfireBreathing","floor":13.0},{"not_picked":["TheCursedMod:CursedShiv","TheCursedMod:SpitefulPlan"],"picked":"TheCursedMod:CursedRelics","floor":13.0},{"not_picked":["TheCursedMod:Obscuration","TheCursedMod:RavingStaff"],"picked":"TheCursedMod:TroublousMinions","floor":13.0},{"not_picked":["TheCursedMod:Wield","TheCursedMod:CircleOfWindfury"],"picked":"TheCursedMod:AshesToAshes","floor":13.0},{"not_picked":["BasicCrystalCard","TheCursedMod:FleshFromBone","Redo"],"picked":"SKIP","floor":14.0},{"not_picked":["REME_WheelOfFate","TheCursedMod:CircleOfAbyss"],"picked":"Replay:AllIn","floor":16.0},{"not_picked":["Twin Strike+1","Replace"],"picked":"Double Energy+1","floor":18.0}],"player_experience":182251,"relics_obtained":[{"floor":6.0,"key":"GodSword1"},{"floor":8.0,"key":"TheCursedMod:Tack"},{"floor":9.0,"key":"Akabeko"},{"floor":12.0,"key":"Counterbalance"}],"event_choices":[{"damage_healed":0.0,"max_hp_gain":0.0,"max_hp_loss":0.0,"gold_gain":0.0,"cards_transformed":["TheCursedMod:Strike_TheCursed","TheCursedMod:Strike_TheCursed"],"event_name":"Drug Dealer","player_choice":"Became Test Subject","floor":19.0,"gold_loss":0.0,"damage_taken":0.0,"cards_obtained":["TheCursedMod:SaltUponWound","TheCursedMod:NeowsMight"]},{"damage_healed":0.0,"max_hp_gain":5.0,"max_hp_loss":0.0,"gold_gain":0.0,"event_name":"Forgotten Altar","player_choice":"Shed Blood","floor":20.0,"gold_loss":0.0,"damage_taken":19.0},{"damage_healed":0.0,"max_hp_gain":0.0,"max_hp_loss":0.0,"gold_gain":275.0,"event_name":"Golden Shrine","player_choice":"Desecrate","floor":22.0,"gold_loss":0.0,"damage_taken":0.0,"cards_obtained":["Regret"]}],"is_beta":false,"boss_relics":[{"not_picked":["Calling Bell","Replay:Bronze Core"],"picked":"vexMod:RockOfEvil"}],"items_purged_floors":[],"is_endless":false,"potions_floor_spawned":[5,6,16],"killed_by":"Gremlin Leader","ascension_level":2}}