{"host":"tkinv8gv6hgcc58b","time":1611286092,"event":{"mods":["AchievementEnabler","BaseMod","BetterRewards","Colored Map","Downfall","Googly Eyes","Hermit","Minty Spire (QoL Compilation)","READ ME - Guardian Mod","Rare Cards Sparkle","Relic Filter","Shop Mod","StSLib","The Cursed","The Disciple"],"gold_per_floor":[123,123,123,136,208,208,208,208,232,262,116,143,174,191,191,292,292,287,306,221,221,221,228,228],"floor_reached":23,"language":"ENG","playtime":1805,"items_purged":[],"score":339,"play_id":"40dcdbcf-38a5-4ab3-87e8-1df55de66377","local_time":"20210121222812","is_ascension_mode":true,"campfire_choices":[{"data":"hermit:Gestalt","floor":6.0,"key":"SMITH"},{"floor":8.0,"key":"REST"},{"floor":15.0,"key":"REST"}],"circlet_count":0,"master_deck":["hermit:Strike_Hermit","hermit:Strike_Hermit","hermit:Strike_Hermit","hermit:Strike_Hermit","hermit:Defend_Hermit","hermit:Defend_Hermit+1","hermit:Defend_Hermit","hermit:Defend_Hermit","hermit:Snapshot","hermit:Covet+1","hermit:Scavenge","Madness","hermit:HoleUp","hermit:Gestalt+1","Pain","hermit:Spite","hermit:FlashPowder","hermit:HighNoon","hermit:TrackingShot","hermit:Dive","hermit:Roughhouse","hermit:Glare","hermit:EternalForm","hermit:Vantage","hermit:Reprieve","hermit:DeadMansHand","hermit:Quickdraw+1","hermit:Gambit"],"relics":["hermit:Momento","Happy Flower","Gambling Chip","Mango","WarpedTongs","Lantern","Smiling Mask","War Paint","Orrery","MealTicket","Matryoshka","Juzu Bracelet"],"acts_visited":["Exordium","TheCity"],"potions_floor_usage":[23,23],"damage_taken":[{"damage":3.0,"enemies":"Small Slimes","floor":1.0,"turns":5.0},{"damage":0.0,"enemies":"Cultist","floor":4.0,"turns":3.0},{"damage":17.0,"enemies":"3 Sentries","floor":10.0,"turns":8.0},{"damage":1.0,"enemies":"Gremlin Nob","floor":13.0,"turns":3.0},{"damage":0.0,"enemies":"Jaw Worm","floor":14.0,"turns":2.0},{"damage":7.0,"enemies":"The Guardian","floor":16.0,"turns":9.0},{"damage":1.0,"enemies":"2 Thieves","floor":18.0,"turns":4.0},{"damage":11.0,"enemies":"3 Byrds","floor":19.0,"turns":6.0},{"damage":130,"enemies":"Gremlin Leader","floor":23,"turns":10}],"seed_played":"74402793800502126","potions_obtained":[{"floor":4.0,"key":"FairyPotion"},{"floor":13.0,"key":"Strength Potion"},{"floor":14.0,"key":"FearPotion"},{"floor":16.0,"key":"Guardian:BlockOnCardUsePotion"}],"is_trial":false,"path_per_floor":["M","?","$","M","?","R","?","R","T","E","$","T","E","M","R","B",null,"M","M","?","?","?","E"],"character_chosen":"HERMIT","items_purchased":["hermit:Scavenge","Happy Flower","Gambling Chip","Madness","Orrery"],"campfire_rested":2,"item_purchase_floors":[0,0,0,0,11],"current_hp_per_floor":[62,62,62,62,62,62,55,81,81,64,64,64,63,63,89,82,89,88,77,77,77,77,0,0],"gold":228,"neow_bonus":"","is_daily":false,"chose_seed":false,"campfire_upgraded":1,"win_rate":0.0,"timestamp":1611286092,"path_taken":["M","?","$","?","?","R","?","R","T","E","?","?","E","M","R","BOSS","M","M","?","?","?","E"],"items_purchased_type":["Card","Relic","Relic","Card","Relic"],"build_version":"2020-12-22","purchased_purges":0,"victory":false,"max_hp_per_floor":[89,89,89,89,89,89,89,89,89,89,89,89,89,89,89,89,89,89,89,89,89,89,89,89],"card_choices":[{"not_picked":["hermit:SprayPray","hermit:CalledShot"],"picked":"hermit:Gestalt","floor":1.0},{"not_picked":["hermit:ItchyTrigger","hermit:LoneWolf"],"picked":"hermit:Spite","floor":4.0},{"not_picked":["hermit:CursedWeapon","hermit:Midnight"],"picked":"hermit:FlashPowder","floor":10.0},{"not_picked":["hermit:ItchyTrigger","hermit:Maintenance"],"picked":"hermit:HighNoon","floor":11.0},{"not_picked":["hermit:HoleUp","hermit:SprayPray"],"picked":"hermit:TrackingShot","floor":11.0},{"not_picked":["hermit:Manifest","hermit:Brawl"],"picked":"hermit:Dive","floor":11.0},{"not_picked":["hermit:WideOpen","hermit:Misfire"],"picked":"hermit:Roughhouse","floor":11.0},{"not_picked":["hermit:Misfire","hermit:CalledShot"],"picked":"hermit:Glare","floor":11.0},{"not_picked":["hermit:HoleUp","hermit:Determination"],"picked":"hermit:EternalForm","floor":13.0},{"not_picked":["hermit:Dive","hermit:Feint"],"picked":"hermit:Vantage","floor":14.0},{"not_picked":["hermit:Adapt","hermit:HighNoon"],"picked":"hermit:Reprieve","floor":16.0},{"not_picked":["hermit:WideOpen","hermit:Malice"],"picked":"hermit:DeadMansHand","floor":18.0},{"not_picked":["hermit:HighCaliber","hermit:Vantage"],"picked":"hermit:Quickdraw+1","floor":19.0}],"player_experience":1063391,"relics_obtained":[{"floor":9.0,"key":"Smiling Mask"},{"floor":10.0,"key":"War Paint"},{"floor":12.0,"key":"MealTicket"},{"floor":13.0,"key":"Matryoshka"}],"event_choices":[{"damage_healed":0.0,"max_hp_gain":0.0,"max_hp_loss":0.0,"gold_gain":0.0,"event_name":"Accursed Blacksmith","player_choice":"Rummage","floor":2.0,"gold_loss":0.0,"damage_taken":0.0,"relics_obtained":["WarpedTongs"],"cards_obtained":["Pain"]},{"damage_healed":0.0,"max_hp_gain":0.0,"max_hp_loss":0.0,"gold_gain":72.0,"event_name":"Golden Wing","player_choice":"Gained Gold","floor":5.0,"gold_loss":0.0,"damage_taken":0.0},{"damage_healed":0.0,"max_hp_gain":0.0,"max_hp_loss":0.0,"gold_gain":0.0,"event_name":"Scrap Ooze","player_choice":"Success","floor":7.0,"gold_loss":0.0,"damage_taken":7.0,"relics_obtained":["Lantern"]},{"damage_healed":0.0,"max_hp_gain":0.0,"max_hp_loss":0.0,"gold_gain":0.0,"event_name":"Addict","player_choice":"Obtained Relic","floor":20.0,"gold_loss":85.0,"damage_taken":0.0,"relics_obtained":["Juzu Bracelet"]},{"damage_healed":0.0,"max_hp_gain":0.0,"max_hp_loss":0.0,"gold_gain":0.0,"event_name":"The Library","player_choice":"Read","floor":21.0,"gold_loss":0.0,"damage_taken":0.0,"cards_obtained":["hermit:Gambit"]},{"damage_healed":0.0,"max_hp_gain":0.0,"max_hp_loss":0.0,"gold_gain":0.0,"event_name":"Ghosts","player_choice":"Ignored","floor":22.0,"gold_loss":0.0,"damage_taken":0.0}],"is_beta":false,"boss_relics":[{"not_picked":["Runic Dome","Philosopher\u0027s Stone","Fusion Hammer"]}],"items_purged_floors":[],"is_endless":false,"potions_floor_spawned":[4,13,14,16],"killed_by":"Gremlin Leader","ascension_level":3}}