{"host":"b4vwm7jq6jdk6nca","time":1611332537,"event":{"mods":["BaseMod","Downfall","Lobotomy","Minty Spire (QoL Compilation)","Quick Restart","StSLib","The Cursed"],"gold_per_floor":[114,189,117,136,136,136,66,94,94,111,125,125,152,164,164,164,164],"floor_reached":16,"language":"ZHS","playtime":851,"items_purged":[],"score":116,"play_id":"155726f1-727a-495f-8726-726c75b4d520","local_time":"20210123002217","is_ascension_mode":true,"campfire_choices":[{"data":"TheCursedMod:StingEye","floor":6.0,"key":"SMITH"},{"floor":12.0,"key":"REST"},{"floor":15.0,"key":"REST"}],"circlet_count":0,"master_deck":["TheCursedMod:Strike_TheCursed","TheCursedMod:Strike_TheCursed","TheCursedMod:Strike_TheCursed","TheCursedMod:Strike_TheCursed","TheCursedMod:Defend_TheCursed","TheCursedMod:Defend_TheCursed","TheCursedMod:Defend_TheCursed","TheCursedMod:CursedWand","TheCursedMod:CleanUpWorkshop","TheCursedMod:Dregs","GalaxyChild","TheCursedMod:StingEye+1","TheCursedMod:ReleasedStrength","VoidDream","TheCursedMod:CursedArmor","TheCursedMod:HellfireBreathing","GreedKing","BeautyBeast","TheCursedMod:DemonSword","CrumblingArmor","TheCursedMod:CircleOfAbyss","MeatLantern","TheCursedMod:CursedBoomerang","OSAHOGD","TheCursedMod:CursedSpellbook","TheCursedMod:SurpriseAttack"],"relics":["TheCursedMod:BlackMagic101","CogitoBucket","Prayer Wheel","Bottled Tornado","Oddly Smooth Stone","AdjustmentMirror"],"acts_visited":["Exordium"],"potions_floor_usage":[],"damage_taken":[{"damage":0.0,"enemies":"Cultist","floor":1.0,"turns":3.0},{"damage":2.0,"enemies":"Small Slimes","floor":4.0,"turns":5.0},{"damage":18.0,"enemies":"Lagavulin","floor":8.0,"turns":8.0},{"damage":5.0,"enemies":"Jaw Worm","floor":10.0,"turns":4.0},{"damage":2.0,"enemies":"Exordium Wildlife","floor":11.0,"turns":4.0},{"damage":40.0,"enemies":"3 Sentries","floor":13.0,"turns":8.0},{"damage":3.0,"enemies":"Red Slaver","floor":14.0,"turns":6.0},{"damage":66,"enemies":"The Guardian","floor":16,"turns":5}],"seed_played":"-7066926209643936613","potions_obtained":[{"floor":1.0,"key":"TheCursedMod:DregsPotion"},{"floor":4.0,"key":"AttackPotion"},{"floor":14.0,"key":"TheCursedMod:DregsPotion"}],"is_trial":false,"path_per_floor":["M","?","$","M","?","R","$","E","T","M","M","R","E","M","R","B"],"character_chosen":"THE_CURSED","items_purchased":["TheCursedMod:ReleasedStrength","TheCursedMod:HellfireBreathing"],"campfire_rested":2,"item_purchase_floors":[3,7],"current_hp_per_floor":[75,64,64,62,55,55,55,37,37,32,30,52,12,9,31,0,0],"gold":164,"neow_bonus":"","is_daily":false,"chose_seed":false,"campfire_upgraded":1,"win_rate":0.0,"timestamp":1611332537,"path_taken":["M","?","$","M","?","R","$","E","T","M","M","R","E","M","R","BOSS"],"items_purchased_type":["Card","Card"],"build_version":"2020-12-22","purchased_purges":0,"victory":false,"max_hp_per_floor":[75,75,75,75,75,75,75,75,75,75,75,75,75,75,75,75,75],"card_choices":[{"not_picked":["OldLady","HappyTeddy"],"picked":"GalaxyChild","floor":1.0},{"not_picked":["TheCursedMod:TacticalStrike","TheCursedMod:Stretching"],"picked":"TheCursedMod:StingEye","floor":1.0},{"not_picked":["Bloodbath","FairyFestival"],"picked":"VoidDream","floor":4.0},{"not_picked":["TheCursedMod:VitalStrike","TheCursedMod:RapidMovement"],"picked":"TheCursedMod:CursedArmor","floor":4.0},{"not_picked":["MHz","DespairKnight"],"picked":"GreedKing","floor":8.0},{"not_picked":["TheCursedMod:HellsGateOpen","TheCursedMod:CursedAmulet","TheCursedMod:CursedMace"],"picked":"SKIP","floor":8.0},{"not_picked":["Scarecrow","SpiderBud"],"picked":"BeautyBeast","floor":10.0},{"not_picked":["TheCursedMod:SoulCrush","TheCursedMod:CircleOfFlame"],"picked":"TheCursedMod:DemonSword","floor":10.0},{"not_picked":["TheCursedMod:Obscuration","TheCursedMod:FuryStrike","TheCursedMod:BloodBarrier"],"picked":"SKIP","floor":10.0},{"not_picked":["TheCursedMod:Obscuration","TheCursedMod:FuryStrike","TheCursedMod:BloodBarrier"],"picked":"SKIP","floor":10.0},{"not_picked":["CherryBlossoms","BigBird"],"picked":"CrumblingArmor","floor":11.0},{"not_picked":["TheCursedMod:RavingStaff","TheCursedMod:Stretching"],"picked":"TheCursedMod:CircleOfAbyss","floor":11.0},{"not_picked":["TheCursedMod:CircleOfCorruption","TheCursedMod:VitalStrike","TheCursedMod:CircleOfFocus"],"picked":"SKIP","floor":11.0},{"not_picked":["Laetitia","MHz"],"picked":"MeatLantern","floor":13.0},{"not_picked":["TheCursedMod:Obscuration","TheCursedMod:Stigma"],"picked":"TheCursedMod:CursedBoomerang","floor":13.0},{"not_picked":["PunishingBird","Freischutz"],"picked":"OSAHOGD","floor":14.0},{"not_picked":["TheCursedMod:CircleOfCorruption","TheCursedMod:CursedAmulet"],"picked":"TheCursedMod:CursedSpellbook","floor":14.0},{"not_picked":["TheCursedMod:CursedMace","TheCursedMod:TacticalStrike"],"picked":"TheCursedMod:SurpriseAttack","floor":14.0}],"player_experience":218781,"relics_obtained":[{"floor":8.0,"key":"Prayer Wheel"},{"floor":9.0,"key":"Bottled Tornado"},{"floor":13.0,"key":"Oddly Smooth Stone"}],"event_choices":[{"damage_healed":0.0,"max_hp_gain":0.0,"max_hp_loss":0.0,"gold_gain":75.0,"event_name":"World of Goop","player_choice":"Gather Gold","floor":2.0,"gold_loss":0.0,"damage_taken":11.0},{"cards_removed":["TheCursedMod:Defend_TheCursed"],"damage_healed":0.0,"max_hp_gain":0.0,"max_hp_loss":0.0,"gold_gain":0.0,"event_name":"Golden Wing","player_choice":"Card Removal","floor":5.0,"gold_loss":0.0,"damage_taken":7.0}],"is_beta":false,"boss_relics":[],"items_purged_floors":[],"is_endless":false,"potions_floor_spawned":[1,4,14],"killed_by":"The Guardian","ascension_level":1}}