{"host":"l2onoeb0kdqo1a9y","time":1611317078,"event":{"mods":["AchievementEnabler","BaseMod","Colored Powertips","Highlight Path","Minty Spire (QoL Compilation)","Quick Restart"],"gold_per_floor":[111,111,111,111,126,160,160,179,205,26,26,36,36,36],"floor_reached":13,"language":"ZHS","playtime":190,"items_purged":[],"score":108,"play_id":"35ac617a-84b0-489f-ad43-ae1608a84eb4","local_time":"20210122200438","is_ascension_mode":false,"campfire_choices":[{"data":"White Noise","floor":7,"key":"SMITH"},{"data":"Fission","floor":11,"key":"SMITH"}],"circlet_count":0,"master_deck":["Strike_B","Strike_B+1","Strike_B","Defend_B","Defend_B+1","Defend_B","Defend_B","Zap","Dualcast","Loop","White Noise+1","Conserve Battery","Chill","Fission+1","Capacitor"],"relics":["Cracked Core","NeowsBlessing","Vajra","Boot","MawBank"],"acts_visited":["Exordium"],"potions_floor_usage":[13,13],"damage_taken":[{"damage":0,"enemies":"Small Slimes","floor":1,"turns":1},{"damage":0,"enemies":"2 Louse","floor":5,"turns":1},{"damage":0,"enemies":"Lagavulin","floor":6,"turns":1},{"damage":0,"enemies":"Jaw Worm","floor":8,"turns":2},{"damage":0,"enemies":"3 Louse","floor":12,"turns":3},{"damage":44,"enemies":"Gremlin Nob","floor":13,"turns":4}],"seed_played":"6801518951279262456","potions_obtained":[{"floor":1,"key":"SkillPotion"},{"floor":5,"key":"EssenceOfSteel"}],"is_trial":false,"path_per_floor":["M","?","?","?","M","E","R","M","T","$","R","M","E"],"character_chosen":"DEFECT","items_purchased":["Fission","Capacitor"],"campfire_rested":0,"item_purchase_floors":[10,10],"current_hp_per_floor":[75,57,50,35,35,35,35,35,35,35,35,35,0,0],"gold":36,"neow_bonus":"THREE_ENEMY_KILL","is_daily":false,"chose_seed":false,"campfire_upgraded":2,"win_rate":0.0,"timestamp":1611317078,"path_taken":["M","?","?","?","M","E","R","M","T","$","R","M","E"],"items_purchased_type":["Card","Card"],"build_version":"2020-12-22","purchased_purges":0,"victory":false,"max_hp_per_floor":[75,75,75,75,75,75,75,75,75,75,75,75,75,75],"card_choices":[{"not_picked":["Steam Power","Sweeping Beam"],"picked":"Loop","floor":1},{"not_picked":["Chill","Beam Cell"],"picked":"White Noise","floor":5},{"not_picked":["Skim","Steam"],"picked":"Conserve Battery","floor":6},{"not_picked":["Storm","Barrage"],"picked":"Chill","floor":8},{"not_picked":["Gash","Hello World","Static Discharge"],"picked":"SKIP","floor":12}],"player_experience":121091,"relics_obtained":[{"floor":6,"key":"Boot"},{"floor":9,"key":"MawBank"}],"event_choices":[{"damage_healed":0,"gold_gain":0,"player_choice":"Success","damage_taken":18,"relics_obtained":["Vajra"],"max_hp_gain":0,"max_hp_loss":0,"event_name":"Scrap Ooze","floor":2,"gold_loss":0},{"cards_removed":["Strike_B"],"damage_healed":0,"gold_gain":0,"player_choice":"Card Removal","damage_taken":7,"max_hp_gain":0,"max_hp_loss":0,"event_name":"Golden Wing","floor":3,"gold_loss":0},{"damage_healed":0,"gold_gain":0,"player_choice":"Entered Light","damage_taken":15,"max_hp_gain":0,"max_hp_loss":0,"event_name":"Shining Light","floor":4,"gold_loss":0,"cards_upgraded":["Defend_B","Strike_B"]}],"is_beta":false,"boss_relics":[],"items_purged_floors":[],"is_endless":false,"potions_floor_spawned":[1,5],"killed_by":"Gremlin Nob","ascension_level":0}}