{"host":"kpklgwyuz86bov3e","time":1611352209,"event":{"mods":["Act Like it!","Aspiration","BaseMod","Better Third Choice","BetterRewards","CCEM","Colored Powertips","Conspire","Dark Map","Downfall","Energized Spire","GifTheSpireLib","Halation","Hallownest","Highlight Path","Hubris","Infinite Spire","Jedi Mod","Minty Spire (QoL Compilation)","Permanent Neow","Rare Cards Sparkle","Relic Sorter","Relic Stats","Replay The Spire","Shedinja","Shop Mod","Spicy Shops","Spikes Relics","StS++","StSLib","Stuff the Spire","The Blue Laboratory","The Poker Player","TheBandit","Waifu the Spire","slay the spire mod where everything is the same but ironclad has a cowboy hat","vexMod"],"gold_per_floor":[110,125,138,174,10,10,42,42,42,42,59,74,74,104,104,200,200,219,237,237,237,237,237,250,250,250,125,145,0,12,26,26,123,123,139,239,259,259,259,293,45,60,60,60,70,90,90,90,90],"floor_reached":47,"language":"ENG","playtime":4094,"items_purged":[],"score":667,"play_id":"affad428-c445-4386-975f-816a42fd6eb1","local_time":"20210122165009","is_ascension_mode":false,"campfire_choices":[{"data":"wariomod:Smackflip","floor":6,"key":"SMITH"},{"data":"wariomod:Step","floor":8,"key":"SMITH"},{"data":"wariomod:Leapslam","floor":10,"key":"SMITH"},{"data":"wariomod:ShipSmash","floor":15,"key":"SMITH"},{"data":"hubris:StunningStrike","floor":23,"key":"SMITH"},{"data":"Perfected Strike","floor":25,"key":"SMITH"},{"data":"wariomod:ShipSmash","floor":32,"key":"SMITH"},{"data":"PokerPlayerMod:HeartStrike","floor":44,"key":"SMITH"}],"circlet_count":0,"master_deck":["wariomod:Strike","wariomod:Strike","wariomod:Strike","wariomod:Defend","wariomod:Defend","wariomod:Defend","wariomod:Defend","wariomod:Step+1","wariomod:Leap","wariomod:ShipSmash+1","wariomod:Leapslam+1","wariomod:Hopshield","wariomod:Smackflip+1","Bandage Up","wariomod:BoomBoom","wariomod:PoisonBombs","wariomod:BodyBlock+1","PokerPlayerMod:DiamondStrike","PokerPlayerMod:HeartStrike+1","ReplayTheSpireMod:Strike From Hell","Pommel Strike","hubris:StunningStrike+1","Perfected Strike+1","StuffTheSpire:Ambrosia","wariomod:ShipSmash+1","wariomod:EnergizedBombs","CurseOfTheBell","CurseOfTheBell","Hallucinations","wariomod:GodlyGift+1","Shame","ReplayTheSpireMod:Splinters","wariomod:DoubleDash","wariomod:DonateDraw+1","Shedinja:Absorb","Parasite","wariomod:EnergizedBombs"],"relics":["StuffTheSpire:OccultApparatus","hubris:Reverence","jedi:kaleidoscope","Incense Burner","jedi:crownofsimplicity","hubris:BottledRain","conspire:SpecialSausage","StSpp:BoiledEgg","infinitespire:FocusingShard","wariomod:GlassHat","hubris:ScarierMask","downfall:ExtraCursedBell","MiniBlackHole","Meat on the Bone","ZombieTooth","BicycleWheel","hubris:DisguiseKit","jedi:Pinwheel"],"acts_visited":["Exordium","TheCity","TheBeyond"],"potions_floor_usage":[2,16,28,28,33,42],"damage_taken":[{"damage":0,"enemies":"Cultist","floor":1,"turns":3},{"damage":0,"enemies":"2 Louse","floor":2,"turns":2},{"damage":3,"enemies":"Jaw Worm","floor":3,"turns":4},{"damage":1,"enemies":"conspire:MimicChest","floor":4,"turns":6},{"damage":9,"enemies":"3 Sentries","floor":7,"turns":4},{"damage":0,"enemies":"3 Louse","floor":11,"turns":2},{"damage":0,"enemies":"Lots of Slimes","floor":12,"turns":3},{"damage":16,"enemies":"Gremlin Nob","floor":14,"turns":3},{"damage":12,"enemies":"Slime Boss","floor":16,"turns":4},{"damage":0,"enemies":"Chosen","floor":18,"turns":4},{"damage":10,"enemies":"3 Byrds","floor":19,"turns":2},{"damage":0,"enemies":"Cultist and Chosen","floor":24,"turns":4},{"damage":0,"enemies":"Chosen and Byrds","floor":28,"turns":4},{"damage":0,"enemies":"Snake Plant","floor":30,"turns":3},{"damage":0,"enemies":"Snecko","floor":31,"turns":3},{"damage":28,"enemies":"conspire:MysteriousRune","floor":33,"turns":5},{"damage":0,"enemies":"3 Darklings","floor":35,"turns":2},{"damage":8,"enemies":"Orb Walker","floor":37,"turns":3},{"damage":8,"enemies":"Giant Head","floor":40,"turns":7},{"damage":27,"enemies":"Maw","floor":42,"turns":5},{"damage":2,"enemies":"Writhing Mass","floor":45,"turns":3},{"damage":0,"enemies":"Transient","floor":46,"turns":5},{"damage":83,"enemies":"Nightmare","floor":47,"turns":5}],"seed_played":"2609366052082024406","potions_obtained":[{"floor":1,"key":"blueLaboratory:StoneskinPotion"},{"floor":7,"key":"Death Potion"},{"floor":12,"key":"Weak Potion"},{"floor":18,"key":"SkillPotion"},{"floor":31,"key":"Dexterity Potion"},{"floor":40,"key":"jedi:StrikingPotion"},{"floor":46,"key":"DuplicationPotion"}],"is_trial":false,"path_per_floor":["M","M","M","?","$","R","E","R","T","R","M","M","?","E","R","B",null,"M","M","?","?","T","R","M","R","T","?","M","$","M","M","R","B",null,"M","?","M","?","?","E","$","M","T","R","M","M","NM"],"character_chosen":"THE_BANDIT","items_purchased":["Incense Burner","Bandage Up","wariomod:GlassHat","hubris:DisguiseKit"],"campfire_rested":0,"item_purchase_floors":[5,5,29,41],"current_hp_per_floor":[80,80,77,76,76,76,71,71,71,71,75,79,79,63,63,55,80,80,70,70,70,70,70,77,77,77,77,81,81,82,83,83,65,84,85,90,87,87,87,87,87,68,68,68,71,78,0,0,0],"gold":90,"neow_bonus":"ONE_RANDOM_RARE_CARD","is_daily":false,"chose_seed":false,"campfire_upgraded":8,"win_rate":0.0,"timestamp":1611352209,"path_taken":["M","?","M","?","$","R","E","R","T","R","M","M","?","E","R","BOSS","M","?","?","?","?","R","M","R","T","?","M","$","M","M","R","BOSS","M","?","M","?","?","E","$","M","T","R","?","M","NM"],"items_purchased_type":["Relic","Card","Relic","Relic"],"build_version":"2020-12-22","purchased_purges":0,"victory":false,"max_hp_per_floor":[80,80,80,80,80,80,80,80,80,80,80,80,80,80,80,80,80,80,80,80,80,80,80,80,80,80,80,81,81,82,83,83,84,84,85,90,91,91,91,92,92,93,93,93,94,95,96,96,96],"relic_stats":{"counters":[23,85],"obtain_stats":[{"hubris:DisguiseKit":41,"wariomod:TheHat":0,"conspire:SpecialSausage":17,"StSpp:BoiledEgg":22,"infinitespire:FocusingShard":26,"Incense Burner":5,"jedi:crownofsimplicity":7,"jedi:Pinwheel":43,"StuffTheSpire:OccultApparatus":21,"ZombieTooth":36,"jedi:kaleidoscope":4,"hubris:ScarierMask":34,"MiniBlackHole":36,"downfall:ExtraCursedBell":36,"BicycleWheel":40,"hubris:Reverence":9,"hubris:BottledRain":14,"wariomod:GlassHat":29,"Meat on the Bone":36},{"hubris:DisguiseKit":19,"wariomod:TheHat":0,"conspire:SpecialSausage":9,"StSpp:BoiledEgg":11,"infinitespire:FocusingShard":12,"Incense Burner":4,"jedi:crownofsimplicity":5,"jedi:Pinwheel":20,"StuffTheSpire:OccultApparatus":11,"ZombieTooth":17,"jedi:kaleidoscope":4,"hubris:ScarierMask":16,"MiniBlackHole":17,"downfall:ExtraCursedBell":17,"BicycleWheel":19,"hubris:Reverence":5,"hubris:BottledRain":8,"wariomod:GlassHat":13,"Meat on the Bone":17},{"hubris:DisguiseKit":67,"wariomod:TheHat":0,"conspire:SpecialSausage":31,"StSpp:BoiledEgg":37,"infinitespire:FocusingShard":41,"Incense Burner":15,"jedi:crownofsimplicity":19,"jedi:Pinwheel":72,"StuffTheSpire:OccultApparatus":37,"ZombieTooth":58,"jedi:kaleidoscope":15,"hubris:ScarierMask":56,"MiniBlackHole":58,"downfall:ExtraCursedBell":58,"BicycleWheel":67,"hubris:Reverence":19,"hubris:BottledRain":27,"wariomod:GlassHat":45,"Meat on the Bone":58}],"Meat on the Bone":0},"card_choices":[{"not_picked":["wariomod:NullJump","wariomod:DisarmingMoves"],"picked":"wariomod:Leapslam","floor":1},{"not_picked":["wariomod:AwfulLook","wariomod:DropBash"],"picked":"wariomod:Hopshield","floor":2},{"not_picked":["wariomod:BoomBoom","wariomod:Goblast"],"picked":"wariomod:Smackflip","floor":3},{"not_picked":["wariomod:BlastDash","wariomod:Sidestep"],"picked":"wariomod:BoomBoom","floor":7},{"not_picked":["wariomod:ThatsNotAll","wariomod:Bombshield"],"picked":"wariomod:HastyRush","floor":11},{"not_picked":["wariomod:HastyRush","wariomod:BlastDash","wariomod:EmptyMind"],"picked":"SKIP","floor":12},{"not_picked":["wariomod:OctoJump","wariomod:DisarmingMoves","wariomod:SmackSlam"],"picked":"SKIP","floor":14},{"not_picked":["wariomod:FabulousPrizes","wariomod:Sidestep"],"picked":"wariomod:PoisonBombs","floor":16},{"not_picked":["wariomod:Goblast","wariomod:DanceDash"],"picked":"wariomod:BodyBlock+1","floor":18},{"not_picked":["wariomod:DamnedStrength","wariomod:SmackSlam+1","wariomod:Game"],"picked":"SKIP","floor":19},{"not_picked":["wariomod:Bombshield","wariomod:SmackSlam+1","wariomod:SilenceBombs"],"picked":"SKIP","floor":24},{"not_picked":["wariomod:SmackSlam+1","wariomod:DiceyMove","wariomod:BlastDash"],"picked":"SKIP","floor":28},{"not_picked":["wariomod:Bombshield+1","wariomod:DeepDig+1","wariomod:ChargeForth"],"picked":"SKIP","floor":30},{"not_picked":["wariomod:ThatsNotAll","wariomod:Goblast"],"picked":"wariomod:ShipSmash","floor":31},{"not_picked":["wariomod:DeadlyDash","wariomod:WipeClean"],"picked":"wariomod:EnergizedBombs","floor":33},{"not_picked":["wariomod:RacingSpeed","wariomod:Boomsmack","wariomod:DropBash"],"picked":"SKIP","floor":35},{"not_picked":["wariomod:Leapslam+1","wariomod:DiceyMove"],"picked":"wariomod:DoubleDash","floor":37},{"not_picked":["wariomod:Leapslam","wariomod:SmackSlam"],"picked":"wariomod:DonateDraw+1","floor":40},{"not_picked":["wariomod:Boomsmack+1","wariomod:DanceDash+1","wariomod:AwfulLook"],"picked":"Shedinja:Absorb","floor":42},{"not_picked":["wariomod:HappyHit","wariomod:BlastDash+1","wariomod:SmackSlam+1","Shedinja:PowerBracer"],"picked":"SKIP","floor":45},{"not_picked":["wariomod:SmackSlam+1","wariomod:Bombshield+1","Shedinja:ShadowClaw"],"picked":"wariomod:EnergizedBombs","floor":46}],"player_experience":398060,"relics_obtained":[{"floor":4,"key":"jedi:kaleidoscope"},{"floor":7,"key":"jedi:crownofsimplicity"},{"floor":9,"key":"hubris:Reverence"},{"floor":14,"key":"hubris:BottledRain"},{"floor":22,"key":"StSpp:BoiledEgg"},{"floor":26,"key":"infinitespire:FocusingShard"},{"floor":36,"key":"MiniBlackHole"},{"floor":36,"key":"Meat on the Bone"},{"floor":36,"key":"ZombieTooth"},{"floor":40,"key":"BicycleWheel"},{"floor":43,"key":"jedi:Pinwheel"}],"event_choices":[{"damage_healed":0,"gold_gain":0,"player_choice":"Forge","damage_taken":0,"max_hp_gain":0,"max_hp_loss":0,"event_name":"Accursed Blacksmith","floor":39,"gold_loss":0,"cards_upgraded":["wariomod:GodlyGift"]}],"is_beta":false,"boss_relics":[{"not_picked":["ReplayTheSpireMod:DimensionalGlitch","energizedSpire:MagnifyingGlass"],"picked":"conspire:SpecialSausage"},{"not_picked":["aspiration:RunicSpoon","halation:ForbiddenBikini"],"picked":"hubris:ScarierMask"}],"items_purged_floors":[],"is_endless":false,"potions_floor_spawned":[1,7,12,18,24,31,40,46],"killed_by":"Nightmare","ascension_level":0}}