{"host":"appz8zkad29u9482","time":1611342153,"event":{"mods":["2.2 Compatiblity","Act Like it!","Aspiration","Bard","BaseMod","Beaked The Cultist","Better Altar","Better Match","Better Note","Better Sensory Stone","Better Skull","Better Third Choice","BetterRewards","CapriCore","Conspire","Energized Spire","GifTheSpireLib","Gold Saver","Halation","Hermit","Hubris","Jedi Mod","Marisa????????","Minty Spire (QoL Compilation)","Permanent Neow","Replay The Spire","Spicy Shops","StSLib","Strawberry Spire","Stuff the Spire","The Cursed","The Immortal","yUi"],"gold_per_floor":[602,578,120,120,45,45,45,59,59,59,0,0,0,16,16,119,119,133,133,146,161,186,186,169,169,245,123,123,137,137,150,150,150,150],"floor_reached":33,"language":"ENG","playtime":1331,"items_purged":[],"score":301,"play_id":"76b4b5e8-220d-496c-8824-c46214828dc0","local_time":"20210122090233","is_ascension_mode":true,"campfire_choices":[{"floor":6,"key":"REST"},{"data":"Feed","floor":10,"key":"SMITH"},{"data":"Strike_R","floor":15,"key":"PURGE"},{"data":"Cleave","floor":23,"key":"SMITH"},{"floor":28,"key":"REST"},{"data":"Wild Strike","floor":32,"key":"SMITH"}],"circlet_count":0,"master_deck":["Strike_R+1","Strike_R+1","Strike_R","Strike_R+1","Defend_R","Defend_R+1","Defend_R+1","Defend_R","Bash","Feed+1","Shrug It Off+1","Shrug It Off+1","Unload+1","Cleave+1","strawberrySpire:JustAWound","Enlightenment","Immolate","strawberrySpire:FireDrill","Cleave+1","Ghostly Armor+1","StuffTheSpire:Vigor","Wild Strike+1","hubris:NaturalOne"],"relics":["Burning Blood","betterThird:SlimedRelic","Juzu Bracelet","aspiration:HiddenCompartment","Whetstone","Regal Pillow","halation:PinkSoulGem","Replay:Bottled Eggs","hubris:Icosahedron","halation:Prosthetics","War Paint","halation:AfternoonTea","Nilry\u0027s Codex","ReplayTheSpireMod:Shallot","aspiration:Lifesprig"],"acts_visited":["Exordium","TheCity"],"potions_floor_usage":[16,21,31],"damage_taken":[{"damage":5,"enemies":"Small Slimes","floor":1,"turns":3},{"damage":0,"enemies":"Jaw Worm","floor":8,"turns":2},{"damage":3,"enemies":"conspire:RoseBush","floor":14,"turns":2},{"damage":49,"enemies":"Hexaghost","floor":16,"turns":16},{"damage":1,"enemies":"Spheric Guardian","floor":18,"turns":5},{"damage":17,"enemies":"3 Byrds","floor":20,"turns":6},{"damage":3,"enemies":"Snake Plant","floor":21,"turns":4},{"damage":3,"enemies":"Book of Stabbing","floor":24,"turns":4},{"damage":1,"enemies":"Centurion and Healer","floor":29,"turns":8},{"damage":8,"enemies":"Shelled Parasite and Fungi","floor":31,"turns":6},{"damage":74,"enemies":"Collector","floor":33,"turns":7}],"seed_played":"4564081177444493829","potions_obtained":[{"floor":8,"key":"SkillPotion"},{"floor":16,"key":"Weak Potion"},{"floor":18,"key":"BlessingOfTheForge"},{"floor":20,"key":"Fruit Juice"}],"is_trial":false,"path_per_floor":["M","?","$","?","?","R","?","M","T","R","?","?","?","M","R","B",null,"M","?","M","M","T","R","E","?","T","?","R","M","?","M","R","B"],"character_chosen":"IRONCLAD","items_purchased":["Juzu Bracelet","Shrug It Off","aspiration:HiddenCompartment","Whetstone"],"campfire_rested":2,"item_purchase_floors":[3,3,3,3],"current_hp_per_floor":[83,72,72,63,63,83,83,86,86,86,92,92,92,92,92,49,57,57,57,50,58,58,58,65,49,49,49,70,70,70,68,68,0,0],"gold":150,"neow_bonus":"ONE_RANDOM_RARE_CARD","is_daily":false,"chose_seed":false,"campfire_upgraded":3,"win_rate":0.0,"timestamp":1611342153,"path_taken":["M","?","?","?","?","R","?","M","T","R","?","?","?","M","R","BOSS","M","?","M","M","?","R","E","?","T","?","R","M","?","M","R","BOSS"],"items_purchased_type":["Relic","Card","Relic","Relic"],"build_version":"2020-12-22","purchased_purges":0,"victory":false,"max_hp_per_floor":[83,83,83,83,83,83,83,86,86,86,92,92,92,92,92,92,57,57,57,61,66,66,66,70,70,70,70,70,70,70,70,70,70,70],"card_choices":[{"not_picked":["strawberrySpire:FireDrill","StuffTheSpire:Incineration"],"picked":"Shrug It Off","floor":1},{"not_picked":["StuffTheSpire:Incineration+1","Warcry+1"],"picked":"Cleave+1","floor":5},{"not_picked":["strawberrySpire:ZonePlayer","Run Through"],"picked":"strawberrySpire:JustAWound","floor":8},{"not_picked":["Rupture","strawberrySpire:Spite","hubris:ReadiedAction"],"picked":"SKIP","floor":14},{"not_picked":["Eclipse","strawberrySpire:Beatdown"],"picked":"Immolate","floor":16},{"not_picked":["Body Slam","Cleave"],"picked":"strawberrySpire:FireDrill","floor":18},{"not_picked":["Perfected Strike","hubris:SharpeningStone"],"picked":"Cleave","floor":20},{"not_picked":["Seeing Red","strawberrySpire:Harvest"],"picked":"Ghostly Armor+1","floor":21},{"not_picked":["Body Slam","strawberrySpire:GettingOverIt","Ghostly Armor+1"],"picked":"SKIP","floor":24},{"not_picked":["Power Through+1","Iron Wave","Twin Strike+1"],"picked":"SKIP","floor":29},{"not_picked":["Warcry","Dual Wield"],"picked":"Wild Strike","floor":31}],"player_experience":533425,"relics_obtained":[{"floor":9,"key":"Replay:Bottled Eggs"},{"floor":22,"key":"War Paint"},{"floor":24,"key":"halation:AfternoonTea"},{"floor":25,"key":"Nilry\u0027s Codex"},{"floor":26,"key":"ReplayTheSpireMod:Shallot"}],"event_choices":[{"damage_healed":0,"gold_gain":0,"player_choice":"Slimed","damage_taken":11,"max_hp_gain":0,"max_hp_loss":0,"event_name":"betterThird:BetterGoop","floor":2,"gold_loss":24},{"damage_healed":0,"gold_gain":0,"player_choice":"2","damage_taken":0,"max_hp_gain":0,"max_hp_loss":0,"event_name":"betterMatch:BetterMatch","floor":5,"gold_loss":0,"cards_obtained":["betterMatch:CommonCard"]},{"damage_healed":0,"gold_gain":0,"player_choice":"RENOUNCE","damage_taken":59,"max_hp_gain":0,"max_hp_loss":0,"event_name":"betterThird:BetterSerpent","floor":11,"gold_loss":59,"cards_obtained":["Enlightenment"]},{"damage_healed":0,"gold_gain":0,"player_choice":"Obtained Book","damage_taken":16,"max_hp_gain":0,"max_hp_loss":0,"event_name":"Cursed Tome","floor":25,"gold_loss":0},{"damage_healed":0,"gold_gain":0,"player_choice":"Gave Potion","damage_taken":0,"relics_obtained":["aspiration:Lifesprig"],"max_hp_gain":0,"max_hp_loss":0,"event_name":"WeMeetAgain","floor":30,"gold_loss":0}],"is_beta":false,"boss_relics":[{"not_picked":["hubris:HollowSoul","beaked:MawFillet"],"picked":"halation:Prosthetics"}],"items_purged_floors":[],"is_endless":false,"potions_floor_spawned":[8,16,18,20],"killed_by":"Collector","ascension_level":4}}