{"host":"0x0gr83ly0vxzjzg","time":1611286511,"event":{"mods":["BaseMod","Bestiary","Better Skull","Curses Come First","Hubris","Infinite Spire","Minty Spire (QoL Compilation)","Shop Mod","Spire Arcade","StSLib","The Cursed","The Servant 0.9.4"],"gold_per_floor":[117,137,137,49,49,82,82,94,121,133,165,240,268,280,280,379,379,389,439,451,463,463,463],"floor_reached":22,"language":"ENG","playtime":976,"items_purged":[],"score":256,"play_id":"b6ced068-c45b-41dc-990e-c6b8b258cc6c","local_time":"20210121223511","is_ascension_mode":false,"campfire_choices":[{"data":"Armaments","floor":7,"key":"SMITH"},{"data":"Combust","floor":15,"key":"SMITH"}],"circlet_count":0,"master_deck":["Strike_R","Strike_R","Strike_R","Strike_R","Strike_R","Defend_R","Defend_R","Defend_R","Defend_R","Flex","Armaments+1","Combust+1","Flex","Immolate","Hemokinesis","Anger","Iron Wave","Offering","Rage","Warcry","Reaper","Shrug It Off","Shrug It Off+1","Armaments"],"relics":["Burning Blood","NeowsBlessing","hubris:DeckOfHolding","Lantern","Mummified Hand","Nunchaku","hubris:ScarierMask"],"acts_visited":["Exordium","TheCity"],"potions_floor_usage":[11,13,21],"damage_taken":[{"damage":0,"enemies":"Small Slimes","floor":1,"turns":1},{"damage":0,"enemies":"Jaw Worm","floor":2,"turns":1},{"damage":1,"enemies":"3 Sentries","floor":6,"turns":1},{"damage":2,"enemies":"Cultist","floor":8,"turns":3},{"damage":2,"enemies":"Exordium Wildlife","floor":10,"turns":2},{"damage":24,"enemies":"Gremlin Nob","floor":11,"turns":4},{"damage":9,"enemies":"3 Sentries","floor":13,"turns":3},{"damage":0,"enemies":"2 Fungi Beasts","floor":14,"turns":2},{"damage":50,"enemies":"The Guardian","floor":16,"turns":9},{"damage":12,"enemies":"3 Byrds","floor":18,"turns":3},{"damage":33,"enemies":"Spheric Guardian","floor":20,"turns":6},{"damage":35,"enemies":"Snake Plant","floor":21,"turns":4},{"damage":24,"enemies":"Centurion and Healer","floor":22,"turns":5}],"seed_played":"6438930014973925655","potions_obtained":[{"floor":2,"key":"BloodPotion"},{"floor":11,"key":"PowerPotion"},{"floor":20,"key":"PowerPotion"}],"is_trial":false,"path_per_floor":["M","M","?","$","?","E","R","M","T","M","E","?","E","M","R","B",null,"M","?","M","M","M"],"character_chosen":"IRONCLAD","items_purchased":["Combust","Flex"],"campfire_rested":0,"item_purchase_floors":[4,4],"current_hp_per_floor":[80,80,80,80,80,80,80,80,80,80,78,67,64,70,70,26,80,74,74,47,19,0,0],"gold":463,"neow_bonus":"THREE_ENEMY_KILL","is_daily":false,"chose_seed":false,"campfire_upgraded":2,"win_rate":0.0,"timestamp":1611286511,"path_taken":["M","M","?","$","?","E","R","M","T","?","E","?","E","M","R","BOSS","M","?","?","M","M"],"items_purchased_type":["Card","Card"],"build_version":"2020-12-22","purchased_purges":0,"victory":false,"max_hp_per_floor":[80,80,80,80,80,80,80,80,80,80,80,80,80,80,80,80,80,80,80,80,80,80,80],"card_choices":[{"not_picked":["Headbutt","Shrug It Off"],"picked":"Flex","floor":1},{"not_picked":["Headbutt","Perfected Strike"],"picked":"Armaments","floor":2},{"not_picked":["Burning Pact","Sword Boomerang"],"picked":"Hemokinesis","floor":6},{"not_picked":["Thunderclap","hubris:ReadiedAction"],"picked":"Anger","floor":8},{"not_picked":["Feel No Pain","Dark Embrace"],"picked":"Iron Wave","floor":10},{"not_picked":["Clothesline","Searing Blow"],"picked":"Offering","floor":11},{"not_picked":["Heavy Blade","Burning Pact"],"picked":"Rage","floor":13},{"not_picked":["Wild Strike","hubris:ReadiedAction"],"picked":"Warcry","floor":14},{"not_picked":["Limit Break","Immolate"],"picked":"Reaper","floor":16},{"not_picked":["Dark Embrace","Twin Strike"],"picked":"Shrug It Off","floor":18},{"not_picked":["Twin Strike+1","Flex"],"picked":"Shrug It Off+1","floor":20},{"not_picked":["Shrug It Off","Pommel Strike"],"picked":"Armaments","floor":21}],"player_experience":116656,"relics_obtained":[{"floor":6,"key":"hubris:DeckOfHolding"},{"floor":9,"key":"Lantern"},{"floor":11,"key":"Mummified Hand"},{"floor":13,"key":"Nunchaku"}],"event_choices":[{"damage_healed":0,"gold_gain":0,"player_choice":"Ignored","damage_taken":0,"max_hp_gain":0,"max_hp_loss":0,"event_name":"Golden Wing","floor":3,"gold_loss":0},{"damage_healed":0,"gold_gain":0,"cards_transformed":["Bash"],"player_choice":"Transformed","damage_taken":0,"max_hp_gain":0,"max_hp_loss":0,"event_name":"Transmorgrifier","floor":5,"gold_loss":0,"cards_obtained":["Immolate"]},{"damage_healed":0,"gold_gain":75,"player_choice":"Gather Gold","damage_taken":11,"max_hp_gain":0,"max_hp_loss":0,"event_name":"World of Goop","floor":12,"gold_loss":0},{"damage_healed":0,"gold_gain":100,"player_choice":"Bet on Murderer","damage_taken":0,"max_hp_gain":0,"max_hp_loss":0,"event_name":"The Joust","floor":19,"gold_loss":50}],"is_beta":false,"boss_relics":[{"not_picked":["SlaversCollar","Mark of Pain"],"picked":"hubris:ScarierMask"}],"items_purged_floors":[],"is_endless":false,"potions_floor_spawned":[2,11,20],"killed_by":"Centurion and Healer","ascension_level":0}}