{"host":"lnt5dzsuhru0aonl","time":1611321857,"event":{"mods":["2.2 Compatiblity","BaseMod","Colored Map","Colored Powertips","DeckTracker","Keyboard Shortcuts","Minty Spire (QoL Compilation)","Permanent Neow","Rare Cards Sparkle","StSLib","SuperFastMode","everything is the same but u backflip on backflip"],"gold_per_floor":[365,382,532,607,620,56,56,75,99,133,146,46,46,66,66,139,139,155,80,80,92,2,2,22,22,95,109,125,125,125,125],"floor_reached":30,"language":"KOR","playtime":1228,"items_purged":["Doubt","Strike_R"],"score":489,"play_id":"d58df887-7d60-4b22-bf4e-d721c9528243","local_time":"20210122222417","is_ascension_mode":true,"campfire_choices":[{"data":"Body Slam","floor":7.0,"key":"SMITH"},{"data":"Armaments","floor":13.0,"key":"SMITH"},{"data":"Whirlwind","floor":15.0,"key":"SMITH"},{"data":"Dark Embrace","floor":23.0,"key":"SMITH"},{"data":"Pommel Strike","floor":29,"key":"SMITH"}],"circlet_count":0,"master_deck":["AscendersBane","Pummel","Body Slam+1","Feel No Pain","Armaments+1","Ghostly Armor","Shrug It Off","Feed","Inflame","Whirlwind+1","Impervious","Limit Break","Impervious","Shockwave","Searing Blow","Metallicize","Spot Weakness","Dark Embrace+1","Impervious","Feel No Pain","Evolve","Pommel Strike+1"],"relics":["Burning Blood","Kunai","Akabeko","Centennial Puzzle","Pandora\u0027s Box","Pear"],"acts_visited":["Exordium","TheCity"],"potions_floor_usage":[28,28],"damage_taken":[{"damage":9.0,"enemies":"Jaw Worm","floor":1.0,"turns":4.0},{"damage":4.0,"enemies":"2 Louse","floor":2.0,"turns":5.0},{"damage":12.0,"enemies":"Small Slimes","floor":5.0,"turns":4.0},{"damage":1.0,"enemies":"3 Louse","floor":8.0,"turns":4.0},{"damage":12.0,"enemies":"Lagavulin","floor":10.0,"turns":8.0},{"damage":6.0,"enemies":"Looter","floor":11.0,"turns":2.0},{"damage":1.0,"enemies":"Exordium Thugs","floor":14.0,"turns":4.0},{"damage":17.0,"enemies":"The Guardian","floor":16.0,"turns":12.0},{"damage":10.0,"enemies":"2 Thieves","floor":18.0,"turns":5.0},{"damage":16.0,"enemies":"Chosen","floor":21.0,"turns":6.0},{"damage":63.0,"enemies":"3 Cultists","floor":24.0,"turns":7.0},{"damage":0,"enemies":"Snecko","floor":27,"turns":4},{"damage":13,"enemies":"Centurion and Healer","floor":28,"turns":9},{"damage":41,"enemies":"Slavers","floor":30,"turns":5}],"seed_played":"-3203567266242272146","potions_obtained":[{"floor":1.0,"key":"PowerPotion"},{"floor":2.0,"key":"SkillPotion"},{"floor":5.0,"key":"FairyPotion"},{"floor":8.0,"key":"Block Potion"},{"floor":16.0,"key":"PowerPotion"},{"floor":18.0,"key":"DistilledChaos"},{"floor":21.0,"key":"BloodPotion"},{"floor":27,"key":"EntropicBrew"}],"is_trial":false,"path_per_floor":["M","M","?","?","M","$","R","M","T","E","M","$","R","M","R","B",null,"M","?","?","M","$","R","M","?","T","M","M","R","E"],"character_chosen":"IRONCLAD","items_purchased":["Feel No Pain","Armaments","Ghostly Armor","Kunai","Feel No Pain"],"campfire_rested":0,"item_purchase_floors":[6,6,6,6,22],"current_hp_per_floor":[65,67,67,56,50,50,50,55,55,49,49,49,49,57,57,46,65,61,61,41,34,34,34,24,24,34,40,37,37,0,0],"gold":125,"neow_bonus":"TWO_FIFTY_GOLD","is_daily":false,"chose_seed":false,"campfire_upgraded":5,"win_rate":0.0,"timestamp":1611321857,"path_taken":["M","M","?","?","M","$","R","?","T","E","M","$","R","M","R","BOSS","M","?","?","M","$","R","M","?","T","M","M","R","E"],"items_purchased_type":["Card","Card","Card","Relic","Card"],"build_version":"2020-12-22","purchased_purges":2,"victory":false,"max_hp_per_floor":[68,68,68,68,68,68,68,68,68,68,68,68,68,71,71,71,71,71,71,76,79,79,79,82,82,92,92,96,96,96,96],"card_choices":[{"not_picked":["Anger","Searing Blow"],"picked":"Pummel","floor":1.0},{"not_picked":["Headbutt","Warcry"],"picked":"Body Slam","floor":2.0},{"not_picked":["Iron Wave","Warcry"],"picked":"Spot Weakness","floor":5.0},{"not_picked":["Pommel Strike","Sword Boomerang"],"picked":"Shrug It Off","floor":8.0},{"not_picked":["Carnage","Pummel"],"picked":"Feed","floor":10.0},{"not_picked":["Anger","Battle Trance"],"picked":"Inflame","floor":11.0},{"not_picked":["Dual Wield","Fire Breathing"],"picked":"Whirlwind","floor":14.0},{"not_picked":["Exhume","Double Tap"],"picked":"Impervious","floor":16.0},{"not_picked":["Shrug It Off","Anger","Iron Wave"],"picked":"SKIP","floor":18.0},{"not_picked":["Clothesline","Havoc","Disarm"],"picked":"SKIP","floor":21.0},{"not_picked":["Shrug It Off","Havoc+1","Wild Strike"],"picked":"SKIP","floor":24.0},{"not_picked":["Headbutt","Iron Wave"],"picked":"Evolve","floor":27},{"not_picked":["Second Wind","Havoc"],"picked":"Pommel Strike","floor":28}],"player_experience":727044,"relics_obtained":[{"floor":9.0,"key":"Akabeko"},{"floor":10.0,"key":"Centennial Puzzle"},{"floor":26.0,"key":"Pear"}],"event_choices":[{"damage_healed":0.0,"max_hp_gain":0.0,"max_hp_loss":0.0,"gold_gain":150.0,"event_name":"Liars Game","player_choice":"AGREE","floor":3.0,"gold_loss":0.0,"damage_taken":0.0,"cards_obtained":["Doubt"]},{"damage_healed":0.0,"max_hp_gain":0.0,"max_hp_loss":0.0,"gold_gain":75.0,"event_name":"World of Goop","player_choice":"Gather Gold","floor":4.0,"gold_loss":0.0,"damage_taken":11.0},{"cards_removed":["Bash"],"damage_healed":0.0,"max_hp_gain":0.0,"max_hp_loss":0.0,"gold_gain":0.0,"event_name":"Beggar","player_choice":"Gave Gold","floor":19.0,"gold_loss":75.0,"damage_taken":0.0},{"damage_healed":0.0,"max_hp_gain":5.0,"max_hp_loss":0.0,"gold_gain":0.0,"event_name":"Forgotten Altar","player_choice":"Shed Blood","floor":20.0,"gold_loss":0.0,"damage_taken":25.0},{"cards_removed":["Spot Weakness"],"damage_healed":0.0,"max_hp_gain":0.0,"max_hp_loss":0.0,"gold_gain":0.0,"event_name":"Purifier","player_choice":"Purged","floor":25.0,"gold_loss":0.0,"damage_taken":0.0}],"is_beta":false,"boss_relics":[{"not_picked":["Black Star","Calling Bell"],"picked":"Pandora\u0027s Box"}],"items_purged_floors":[6,12],"is_endless":false,"potions_floor_spawned":[1,2,5,8,16,18,21,27],"killed_by":"Slavers","ascension_level":20}}