{"host":"1mdoazogr9tl4b3g","time":1611324311,"event":{"mods":["Act Like it!","Aspiration","Bard","BaseMod","Beaked The Cultist","BetterRewards","Block Reminder","Conspire","Glutton Mod","Hubris","Infinite Spire","Marisa????????","Mimic Mod","Minty Spire (QoL Compilation)","Rare Cards Sparkle","Replay The Spire","Shop Mod","StSLib","The Bladedancer","The Construct","The Hierophant","The Runesmith","The Servant 0.9.4","Uncapped","Wandering Minibosses"],"gold_per_floor":[215,235,235,235,253,285,285,285,285,300,300,101,111,111,111,111,111],"floor_reached":16,"language":"ENG","playtime":940,"items_purged":[],"score":100,"play_id":"00ae6632-1e90-41bb-b30d-61d7ad189359","local_time":"20210122080511","is_ascension_mode":false,"campfire_choices":[{"data":"blademaster:DaggerAndCloak","floor":7,"key":"SMITH"},{"data":"blademaster:Strike","floor":15,"key":"PURGE"}],"circlet_count":0,"master_deck":["blademaster:Strike","blademaster:Strike","blademaster:Strike","blademaster:Defend","blademaster:Defend","blademaster:HighVoltage","blademaster:AspectOfLightning","blademaster:DaggerAndCloak+1","blademaster:DaggerAndCloak","blademaster:AwakeningStrike","blademaster:ParryingStrike","blademaster:Quickness+1"],"relics":["blademaster:DancersAmulet","Singing Bowl","Bag of Marbles","Bag of Preparation"],"acts_visited":["Exordium"],"potions_floor_usage":[],"damage_taken":[{"damage":0,"enemies":"Small Slimes","floor":1,"turns":3},{"damage":0,"enemies":"2 Louse","floor":2,"turns":2},{"damage":6,"enemies":"Cultist","floor":5,"turns":5},{"damage":7,"enemies":"3 Sentries","floor":6,"turns":8},{"damage":0,"enemies":"3 Louse","floor":10,"turns":2},{"damage":2,"enemies":"Exordium Wildlife","floor":13,"turns":4},{"damage":78,"enemies":"Fading Forest","floor":16,"turns":7}],"seed_played":"6116968053194455235","potions_obtained":[{"floor":10,"key":"SpeedPotion"},{"floor":13,"key":"LiquidBronze"}],"is_trial":false,"path_per_floor":["M","M","?","?","M","E","R","?","T","M","?","$","M","?","R","B"],"character_chosen":"THE_BLADEMASTER","items_purchased":["blademaster:ParryingStrike","Bag of Preparation"],"campfire_rested":0,"item_purchase_floors":[12,12],"current_hp_per_floor":[75,75,75,75,69,62,62,62,62,64,64,64,64,64,64,0,0],"gold":111,"neow_bonus":"HUNDRED_GOLD","is_daily":false,"chose_seed":false,"campfire_upgraded":1,"win_rate":0.0,"timestamp":1611324311,"path_taken":["M","M","?","?","M","E","R","?","T","?","?","?","M","?","R","BOSS"],"items_purchased_type":["Card","Relic"],"build_version":"2020-12-22","purchased_purges":0,"victory":false,"max_hp_per_floor":[75,75,75,75,75,75,75,75,75,77,77,77,79,79,79,79,79],"card_choices":[{"not_picked":["blademaster:Thrust","blademaster:Slice"],"picked":"blademaster:AspectOfLightning","floor":1},{"not_picked":["blademaster:Quickstep","blademaster:CombatPrep"],"picked":"blademaster:DaggerAndCloak","floor":2},{"not_picked":["blademaster:Stability","blademaster:DeadlyDance"],"picked":"blademaster:DaggerAndCloak","floor":5},{"not_picked":["blademaster:Blockade","blademaster:ThunderSlash"],"picked":"blademaster:AwakeningStrike","floor":6},{"not_picked":["blademaster:Frontflip","blademaster:AspectOfLightning","blademaster:ChargingUp"],"picked":"Singing Bowl","floor":10},{"not_picked":["blademaster:Quickstep","blademaster:EyeOfTheStorm","blademaster:Breeze"],"picked":"Singing Bowl","floor":13}],"player_experience":351264,"relics_obtained":[{"floor":6,"key":"blademaster:StrongPerk"},{"floor":6,"key":"Singing Bowl"},{"floor":9,"key":"Bag of Marbles"}],"event_choices":[{"cards_removed":["blademaster:Defend"],"damage_healed":0,"gold_gain":0,"player_choice":"Offered Basic","damage_taken":0,"max_hp_gain":0,"max_hp_loss":0,"event_name":"Bonfire Elementals","floor":8,"gold_loss":0}],"is_beta":false,"boss_relics":[],"items_purged_floors":[],"is_endless":false,"potions_floor_spawned":[10,13],"killed_by":"Fading Forest","ascension_level":0}}