{"host":"notgjglmecngcj3l","time":1611349984,"event":{"mods":["A Magickal Journey","Aspiration","Astrologer","Bard","BaseMod","Better Third Choice","Colored Powertips","Conspire","Downfall","Duelist Mod","Energized Spire","GifTheSpireLib","Hubris","Infinite Spire","Magitek Elite","Minty Spire (QoL Compilation)","Quick Restart","Robot Space Explorer","Spicy Shops","StSLib","Stuff the Spire","Td1madao Mod","The Animator","The Blackbeard","The Bladedancer","The Bug Knight","The Construct","The Cursed","The Disciple","The Hierophant","The Necromancer","The Poker Player","The Runesmith","The Servant 0.9.4","The Wild Card"],"gold_per_floor":[111,111,0,0,16,16,16,48,75,75,75,91,116,116,116,211,211,230,247,172,172,180,180],"floor_reached":22,"language":"ENG","playtime":1031,"items_purged":["theWildCard:BasicStrike"],"score":230,"play_id":"1fb6d6ea-5b4f-4a55-bd01-7573a6eca4e4","local_time":"20210122141304","is_ascension_mode":false,"campfire_choices":[{"data":"theWildCard:ArcaneArts","floor":6,"key":"SMITH"},{"data":"theWildCard:CallToAdventure","floor":11,"key":"SMITH"},{"data":"theWildCard:MagicalMight","floor":15,"key":"SMITH"}],"circlet_count":0,"master_deck":["theWildCard:BasicDefend","theWildCard:BasicDefend","theWildCard:BasicDefend","theWildCard:CallToAdventure+1","theWildCard:Arsene","theWildCard:Metatron+1","theWildCard:ArcaneArts+1","Burn","theWildCard:MagicalMight+1","Bane","Neutralize","theWildCard:PaleRider","theWildCard:Alice","theWildCard:TheArcanaUnleashed","theWildCard:ShieldOfMany","theWildCard:Unburden","Bite","Bite","Bite","Bite","Bite"],"relics":["theWildCard:VelvetContract","NeowsBlessing","Ancient Tea Set","Juzu Bracelet","Smiling Mask","Odd Mushroom","hubris:ScarierMask"],"acts_visited":["Exordium","TheCity"],"potions_floor_usage":[13,16,16],"damage_taken":[{"damage":0,"enemies":"Jaw Worm","floor":1,"turns":1},{"damage":0,"enemies":"Cultist","floor":5,"turns":1},{"damage":0,"enemies":"Gremlin Nob","floor":8,"turns":1},{"damage":0,"enemies":"Small Slimes","floor":12,"turns":1},{"damage":0,"enemies":"The Mushroom Lair","floor":13,"turns":1},{"damage":34,"enemies":"Hexaghost","floor":16,"turns":6},{"damage":21,"enemies":"conspire:FuzzyDice","floor":18,"turns":4},{"damage":17,"enemies":"Shell Parasite","floor":19,"turns":4},{"damage":40,"enemies":"conspire:MimicChest","floor":22,"turns":6}],"seed_played":"-8976327447155047942","potions_obtained":[{"floor":5,"key":"sneckomod:MuddlingPotion"},{"floor":12,"key":"hexamod:SoulburnPotion"},{"floor":13,"key":"PowerPotion"},{"floor":19,"key":"LiquidBronze"}],"is_trial":false,"path_per_floor":["M","?","$","?","M","R","?","E","T","?","R","M","?","?","R","B",null,"M","M","?","?","?"],"character_chosen":"THE_WILD_CARD","items_purchased":["theWildCard:Metatron"],"campfire_rested":0,"item_purchase_floors":[3],"current_hp_per_floor":[60,60,60,60,60,60,60,60,60,60,60,60,60,63,63,29,63,42,25,25,25,0,0],"gold":180,"neow_bonus":"THREE_ENEMY_KILL","is_daily":false,"chose_seed":false,"campfire_upgraded":3,"win_rate":0.0,"timestamp":1611349984,"path_taken":["M","?","?","?","M","R","?","E","T","?","R","M","?","?","R","BOSS","M","M","?","?","?"],"items_purchased_type":["Card"],"build_version":"2020-12-22","purchased_purges":1,"victory":false,"max_hp_per_floor":[60,60,60,60,60,60,60,60,60,60,60,60,60,63,63,63,63,63,63,63,44,44,44],"card_choices":[{"not_picked":["theWildCard:Impatience","theWildCard:EnergizedStroke"],"picked":"theWildCard:IdentityTheft","floor":1},{"not_picked":["theWildCard:StalwartBlade","theWildCard:Michael"],"picked":"theWildCard:ArcaneArts","floor":5},{"not_picked":["theWildCard:LadyLuck","theWildCard:SeveringSlash"],"picked":"theWildCard:MagicalMight","floor":8},{"not_picked":["theWildCard:EnergizedStroke","theWildCard:SeveringSlash"],"picked":"theWildCard:PaleRider","floor":12},{"not_picked":["theWildCard:StingingStrike","theWildCard:TheGreatSeal"],"picked":"theWildCard:Alice","floor":13},{"not_picked":["theWildCard:Satanael","theWildCard:FinalHour"],"picked":"theWildCard:TheArcanaUnleashed","floor":16},{"not_picked":["theWildCard:Alice","theWildCard:Salvation"],"picked":"theWildCard:ShieldOfMany","floor":18},{"not_picked":["theWildCard:ShieldOfMany","theWildCard:ArcanaArtistry+1"],"picked":"theWildCard:Unburden","floor":19}],"player_experience":400899,"relics_obtained":[{"floor":8,"key":"Juzu Bracelet"},{"floor":9,"key":"Smiling Mask"},{"floor":13,"key":"Odd Mushroom"}],"event_choices":[{"cards_removed":["theWildCard:IdentityTheft"],"damage_healed":0,"gold_gain":0,"player_choice":"Gave Card","damage_taken":0,"relics_obtained":["Ancient Tea Set"],"max_hp_gain":0,"max_hp_loss":0,"event_name":"WeMeetAgain","floor":2,"gold_loss":0},{"damage_healed":0,"gold_gain":0,"player_choice":"Grow","damage_taken":0,"max_hp_gain":0,"max_hp_loss":0,"event_name":"Living Wall","floor":4,"gold_loss":0,"cards_upgraded":["theWildCard:Metatron"]},{"damage_healed":60,"gold_gain":0,"player_choice":"Embrace Burn","damage_taken":0,"max_hp_gain":0,"max_hp_loss":60,"event_name":"betterThird:BetterShining","floor":7,"gold_loss":0},{"damage_healed":0,"gold_gain":0,"player_choice":"Fought Mushrooms","damage_taken":0,"max_hp_gain":0,"max_hp_loss":0,"event_name":"Mushrooms","floor":13,"gold_loss":0},{"cards_removed":["Catalyst"],"damage_healed":0,"gold_gain":0,"player_choice":"Gave Gold","damage_taken":0,"max_hp_gain":0,"max_hp_loss":0,"event_name":"Beggar","floor":20,"gold_loss":75},{"damage_healed":0,"gold_gain":0,"player_choice":"Became a vampire","damage_taken":0,"max_hp_gain":0,"max_hp_loss":19,"event_name":"Vampires","floor":21,"gold_loss":0,"cards_obtained":["Bite","Bite","Bite","Bite","Bite"]}],"is_beta":false,"boss_relics":[{"not_picked":["aspiration:PoetsPen_weak","Runesmith:UraniumAnvil"],"picked":"hubris:ScarierMask"}],"items_purged_floors":[3],"is_endless":false,"potions_floor_spawned":[5,12,13,19],"killed_by":"conspire:MimicChest","ascension_level":0}}