{"host":"b7j598ve05halrwk","time":1611288462,"event":{"mods":["2.2 Compatiblity","BaseMod","Block Reminder","DeckTracker","Minty Spire (QoL Compilation)","Relic Stats","Slay the Relics Exporter","StSLib","ojb\u0027s Better Paths Mod","ojb\u0027s Info Mod"],"gold_per_floor":[364,383,383,395,134,134,165,14,60,92,103,119,44,319,319,393,393,408,423,433,433,445,445,445,445,468,32,32,58,93,110,110,184,184,202,1,1,12,24,24,59,59,59,88,104,131,146,146,146,146,146,146,146,32,63,63],"floor_reached":57,"language":"ENG","playtime":4919,"items_purged":["Strike_B","Regret"],"score":2865,"play_id":"9605593a-f106-4a7a-8a41-9af250d23d62","local_time":"20210121230742","is_ascension_mode":true,"campfire_choices":[{"floor":6.0,"key":"REST"},{"data":"Defragment","floor":15.0,"key":"SMITH"},{"data":"Loop","floor":23.0,"key":"SMITH"},{"data":"Seek","floor":25.0,"key":"SMITH"},{"data":"Capacitor","floor":32.0,"key":"SMITH"},{"data":"Doom and Gloom","floor":40.0,"key":"SMITH"},{"floor":49.0,"key":"RECALL"},{"floor":53.0,"key":"REST"}],"circlet_count":0,"master_deck":["AscendersBane","Strike_B","Strike_B","Defend_B","Defend_B","Defend_B","Defend_B+1","Zap","Dualcast","Cold Snap","Rip and Tear","Defragment+1","Self Repair","Go for the Eyes","Genetic Algorithm+1","Loop+1","Doom and Gloom+1","Cold Snap","Undo","Ball Lightning","Seek+1","Sweeping Beam","Reinforced Body","Hologram+1","Cold Snap","Capacitor+1","Dark Shackles","Rainbow","Electrodynamics","Lockon+1","Glacier","Capacitor","Scrape","Conserve Battery+1","Hologram+1","Meteor Strike","Barrage","Skim","Barrage+1","Undo"],"relics":["Cracked Core","DataDisk","Cables","Tiny Chest","CaptainsWheel","Velvet Choker","Pantograph","Oddly Smooth Stone","ClockworkSouvenir","Bag of Marbles","White Beast Statue","Snecko Eye","Happy Flower","Mummified Hand","Meat on the Bone","Ornamental Fan","War Paint","Anchor"],"acts_visited":["Exordium","TheCity","TheBeyond","TheEnding"],"potions_floor_usage":[56,56,56,56],"damage_taken":[{"damage":9.0,"enemies":"Jaw Worm","floor":1.0,"turns":4.0},{"damage":11.0,"enemies":"Small Slimes","floor":2.0,"turns":3.0},{"damage":1.0,"enemies":"Cultist","floor":4.0,"turns":3.0},{"damage":6.0,"enemies":"Lagavulin","floor":7.0,"turns":6.0},{"damage":8.0,"enemies":"Gremlin Nob","floor":10.0,"turns":3.0},{"damage":9.0,"enemies":"Red Slaver","floor":11.0,"turns":3.0},{"damage":4.0,"enemies":"Gremlin Gang","floor":12.0,"turns":5.0},{"damage":16.0,"enemies":"Hexaghost","floor":16.0,"turns":6.0},{"damage":11.0,"enemies":"2 Thieves","floor":18.0,"turns":4.0},{"damage":1.0,"enemies":"Chosen","floor":19.0,"turns":5.0},{"damage":7.0,"enemies":"Snecko","floor":20.0,"turns":4.0},{"damage":8.0,"enemies":"Centurion and Healer","floor":22.0,"turns":8.0},{"damage":0.0,"enemies":"Gremlin Leader","floor":30.0,"turns":10.0},{"damage":11.0,"enemies":"Shelled Parasite and Fungi","floor":31.0,"turns":4.0},{"damage":4.0,"enemies":"Collector","floor":33.0,"turns":11.0},{"damage":0.0,"enemies":"Orb Walker","floor":35.0,"turns":3.0},{"damage":5.0,"enemies":"3 Shapes","floor":38.0,"turns":4.0},{"damage":1.0,"enemies":"Maw","floor":39.0,"turns":10.0},{"damage":40.0,"enemies":"Reptomancer","floor":41.0,"turns":7.0},{"damage":10.0,"enemies":"Giant Head","floor":44.0,"turns":10.0},{"damage":0.0,"enemies":"Writhing Mass","floor":45.0,"turns":6.0},{"damage":0.0,"enemies":"Reptomancer","floor":46.0,"turns":6.0},{"damage":0.0,"enemies":"3 Darklings","floor":47.0,"turns":3.0},{"damage":24.0,"enemies":"Donu and Deca","floor":50.0,"turns":8.0},{"damage":47.0,"enemies":"Awakened One","floor":51.0,"turns":16.0},{"damage":20.0,"enemies":"Shield and Spear","floor":55.0,"turns":10.0},{"damage":56,"enemies":"The Heart","floor":56,"turns":13}],"seed_played":"4663400087377632484","potions_obtained":[{"floor":7.0,"key":"SkillPotion"},{"floor":11.0,"key":"Block Potion"},{"floor":16.0,"key":"GamblersBrew"},{"floor":20.0,"key":"Energy Potion"},{"floor":22.0,"key":"DistilledChaos"},{"floor":30.0,"key":"ColorlessPotion"},{"floor":31.0,"key":"Regen Potion"},{"floor":33.0,"key":"SkillPotion"},{"floor":41.0,"key":"CultistPotion"},{"floor":44.0,"key":"DistilledChaos"},{"floor":45.0,"key":"Explosive Potion"},{"floor":47.0,"key":"FocusPotion"},{"floor":55.0,"key":"DistilledChaos"}],"is_trial":false,"path_per_floor":["M","M","?","M","$","R","E","$","T","E","M","M","?","?","R","B",null,"M","M","M","T","M","R","?","R","T","$","?","T","E","M","R","B",null,"M","$","?","M","M","R","E","T","T","E","M","E","M","T","R","B","B",null,"R","$","E","B",null],"character_chosen":"DEFECT","items_purchased":["AttackPotion","Self Repair","Go for the Eyes","Loop","Doom and Gloom","ClockworkSouvenir","Capacitor","Dark Shackles","Glacier","Capacitor","Scrape","EntropicBrew"],"campfire_rested":2,"item_purchase_floors":[5,5,5,8,8,27,27,27,36,36,36,54],"current_hp_per_floor":[55,44,26,25,25,44,45,45,45,37,35,38,38,38,38,29,55,51,57,57,57,56,56,56,56,56,56,39,39,46,42,42,69,69,69,69,69,69,69,69,50,50,50,47,54,61,61,61,61,52,41,62,69,69,56,32],"gold":63,"neow_bonus":"TWO_FIFTY_GOLD","is_daily":false,"chose_seed":false,"campfire_upgraded":5,"win_rate":0.0,"timestamp":1611288462,"path_taken":["M","M","?","M","$","R","E","?","T","E","M","M","?","?","R","BOSS","M","?","M","?","?","R","?","R","T","$","?","?","E","?","R","BOSS","M","$","?","M","?","R","E","?","T","E","M","E","M","?","R","BOSS","BOSS","R","$","E","BOSS"],"items_purchased_type":["Potion","Card","Card","Card","Card","Relic","Card","Card","Card","Card","Card","Potion"],"build_version":"2020-12-22","purchased_purges":2,"victory":true,"max_hp_per_floor":[64,64,64,64,64,64,64,64,64,64,64,64,64,64,64,64,64,64,64,64,64,64,64,64,64,64,64,69,69,69,69,69,69,69,69,69,69,69,69,69,69,69,69,69,69,69,69,69,69,69,69,69,69,69,69,69],"relic_stats":{"Happy Flower":[24],"counters":[27,174],"Mummified Hand":[102],"Ornamental Fan":[64],"Pantograph":63,"Snecko Eye":[169,181,175,175],"Tiny Chest":3,"War Paint":["Genetic Algorithm","Defend_B"],"obtain_stats":[{"Happy Flower":41,"Velvet Choker":17,"Oddly Smooth Stone":26,"War Paint":48,"White Beast Statue":30,"Cables":7,"ClockworkSouvenir":27,"DataDisk":3,"CaptainsWheel":10,"Anchor":55,"Mummified Hand":43,"Ornamental Fan":46,"Pantograph":21,"Snecko Eye":34,"Tiny Chest":9,"Bag of Marbles":29,"Cracked Core":0,"Meat on the Bone":44},{"Happy Flower":19,"Velvet Choker":8,"Oddly Smooth Stone":12,"War Paint":23,"White Beast Statue":13,"Cables":4,"ClockworkSouvenir":12,"DataDisk":2,"CaptainsWheel":5,"Anchor":26,"Mummified Hand":19,"Ornamental Fan":22,"Pantograph":11,"Snecko Eye":15,"Tiny Chest":4,"Bag of Marbles":12,"Cracked Core":0,"Meat on the Bone":20},{"Happy Flower":103,"Velvet Choker":33,"Oddly Smooth Stone":54,"War Paint":127,"White Beast Statue":64,"Cables":16,"ClockworkSouvenir":54,"DataDisk":7,"CaptainsWheel":19,"Anchor":161,"Mummified Hand":103,"Ornamental Fan":124,"Pantograph":46,"Snecko Eye":79,"Tiny Chest":16,"Bag of Marbles":54,"Cracked Core":0,"Meat on the Bone":113}],"Cables":[141,53,61,16,11],"Meat on the Bone":24},"card_choices":[{"not_picked":["Conserve Battery","Gash"],"picked":"Cold Snap","floor":1.0},{"not_picked":["Coolheaded","Sweeping Beam"],"picked":"Rip and Tear","floor":2.0},{"not_picked":["Hologram","Gash"],"picked":"Defragment","floor":4.0},{"not_picked":["Thunder Strike","Buffer"],"picked":"Genetic Algorithm","floor":7.0},{"not_picked":["Hello World","Conserve Battery"],"picked":"Cold Snap","floor":10.0},{"not_picked":["Gash","Streamline"],"picked":"Undo","floor":11.0},{"not_picked":["Barrage","Rebound"],"picked":"Ball Lightning","floor":12.0},{"not_picked":["Meteor Strike","All For One"],"picked":"Seek","floor":16.0},{"not_picked":["Hologram","Barrage"],"picked":"Sweeping Beam","floor":18.0},{"not_picked":["Fusion","Rip and Tear"],"picked":"Reinforced Body","floor":19.0},{"not_picked":["Compile Driver","Steam"],"picked":"Hologram","floor":20.0},{"not_picked":["Redo","Streamline"],"picked":"Cold Snap","floor":22.0},{"not_picked":["Sweeping Beam","Turbo"],"picked":"Rainbow","floor":30.0},{"not_picked":["Streamline+1","Beam Cell","Rebound"],"picked":"SKIP","floor":31.0},{"not_picked":["Buffer","Rainbow"],"picked":"Electrodynamics","floor":33.0},{"not_picked":["Chill","Compile Driver"],"picked":"Lockon+1","floor":35.0},{"not_picked":["Streamline","Leap+1"],"picked":"Conserve Battery+1","floor":38.0},{"not_picked":["Leap+1","Gash"],"picked":"Hologram+1","floor":39.0},{"not_picked":["Double Energy","Defragment"],"picked":"Meteor Strike","floor":41.0},{"not_picked":["Force Field","Reboot"],"picked":"Barrage","floor":44.0},{"not_picked":["Beam Cell","Gash"],"picked":"Skim","floor":45.0},{"not_picked":["Stack","Go for the Eyes"],"picked":"Barrage+1","floor":46.0},{"not_picked":["Self Repair","Blizzard"],"picked":"Undo","floor":47.0},{"not_picked":["Redo","Leap+1","Auto Shields"],"picked":"SKIP","floor":55.0}],"player_experience":1028020,"relics_obtained":[{"floor":7.0,"key":"Cables"},{"floor":9.0,"key":"Tiny Chest"},{"floor":10.0,"key":"CaptainsWheel"},{"floor":21.0,"key":"Pantograph"},{"floor":26.0,"key":"Oddly Smooth Stone"},{"floor":29.0,"key":"Bag of Marbles"},{"floor":30.0,"key":"White Beast Statue"},{"floor":41.0,"key":"Happy Flower"},{"floor":43.0,"key":"Mummified Hand"},{"floor":44.0,"key":"Meat on the Bone"},{"floor":46.0,"key":"Ornamental Fan"},{"floor":48.0,"key":"War Paint"},{"floor":55.0,"key":"Anchor"}],"event_choices":[{"damage_healed":0.0,"max_hp_gain":0.0,"max_hp_loss":0.0,"gold_gain":0.0,"event_name":"Scrap Ooze","player_choice":"Success","floor":3.0,"gold_loss":0.0,"damage_taken":18.0,"relics_obtained":["DataDisk"]},{"cards_removed":["Strike_B"],"damage_healed":0.0,"max_hp_gain":0.0,"max_hp_loss":0.0,"gold_gain":0.0,"event_name":"The Cleric","player_choice":"Card Removal","floor":13.0,"gold_loss":75.0,"damage_taken":0.0},{"damage_healed":0.0,"max_hp_gain":0.0,"max_hp_loss":0.0,"gold_gain":275.0,"event_name":"Golden Shrine","player_choice":"Desecrate","floor":14.0,"gold_loss":0.0,"damage_taken":0.0,"cards_obtained":["Regret"]},{"damage_healed":0.0,"max_hp_gain":0.0,"max_hp_loss":0.0,"gold_gain":0.0,"event_name":"Vampires","player_choice":"Ignored","floor":24.0,"gold_loss":0.0,"damage_taken":0.0},{"damage_healed":0.0,"max_hp_gain":5.0,"max_hp_loss":0.0,"gold_gain":0.0,"event_name":"Forgotten Altar","player_choice":"Shed Blood","floor":28.0,"gold_loss":0.0,"damage_taken":22.0},{"damage_healed":0.0,"max_hp_gain":0.0,"max_hp_loss":0.0,"gold_gain":0.0,"event_name":"Upgrade Shrine","player_choice":"Upgraded","floor":37.0,"gold_loss":0.0,"damage_taken":0.0,"cards_upgraded":["Hologram"]}],"is_beta":false,"boss_relics":[{"not_picked":["Cursed Key","SacredBark"],"picked":"Velvet Choker"},{"not_picked":["FrozenCore","Nuclear Battery"],"picked":"Snecko Eye"}],"items_purged_floors":[5,27],"is_endless":false,"potions_floor_spawned":[7,11,16,20,22,30,31,33,35,38,39,41,44,45,46,47,55],"ascension_level":20}}