{"host":"5p9hybygolzp0efr","time":1611317734,"event":{"mods":["AchievementEnabler","BaseMod","Bestiary","Colored Map","Googly Eyes","Minty Spire (QoL Compilation)","Permanent Neow","Relic Stats"],"gold_per_floor":[15,15,15,29,45,75,75,75,75,85,115,133,163,180,180,277,277,296,296,311,329,329,356,369,369,369,329,261,281,173,186,186,289,289,301,317,328,342,342,342,27,27,27,39,55,55,103,115,115,115,115,115,12,37,37,37],"floor_reached":55,"language":"ENG","playtime":4650,"items_purged":[],"score":713,"play_id":"39fa3bfc-5dfd-4c03-bd30-d4a79ef93afc","local_time":"20210122201534","is_ascension_mode":false,"campfire_choices":[{"data":"Glacier","floor":7.0,"key":"SMITH"},{"data":"Consume","floor":15.0,"key":"SMITH"},{"floor":25.0,"key":"RECALL"},{"floor":32.0,"key":"REST"},{"data":"Turbo","floor":40.0,"key":"SMITH"},{"data":"1","floor":42.0,"key":"LIFT"},{"floor":49.0,"key":"REST"},{"data":"Stack","floor":52.0,"key":"SMITH"}],"circlet_count":0,"master_deck":["Strike_B+1","Defend_B","Defend_B","Zap","Dualcast","Redo","Glacier+1","White Noise","Barrage","Cold Snap","Skim","Streamline","Reinforced Body+1","Consume+1","Multi-Cast","Sunder","Turbo+1","Gash+1","Doom and Gloom","Hologram","Gash","Electrodynamics","Core Surge","Hologram","Stack+1","Echo Form","Heatsinks+1","Self Repair+1","Parasite","Capacitor","Seek","Capacitor","Static Discharge+1"],"relics":["Cracked Core","TungstenRod","FaceOfCleric","Girya","Gremlin Horn","Kunai","Centennial Puzzle","Nuclear Battery","Oddly Smooth Stone","Ancient Tea Set","Empty Cage","Mummified Hand","CaptainsWheel","Bag of Marbles"],"acts_visited":["Exordium","TheCity","TheBeyond","TheEnding"],"potions_floor_usage":[55],"damage_taken":[{"damage":0.0,"enemies":"Jaw Worm","floor":1.0,"turns":3.0},{"damage":0.0,"enemies":"Small Slimes","floor":4.0,"turns":3.0},{"damage":0.0,"enemies":"Cultist","floor":5.0,"turns":4.0},{"damage":11.0,"enemies":"Lagavulin","floor":6.0,"turns":9.0},{"damage":0.0,"enemies":"Large Slime","floor":10.0,"turns":6.0},{"damage":14.0,"enemies":"3 Sentries","floor":11.0,"turns":10.0},{"damage":2.0,"enemies":"Lots of Slimes","floor":12.0,"turns":4.0},{"damage":12.0,"enemies":"Lagavulin","floor":13.0,"turns":9.0},{"damage":4.0,"enemies":"Blue Slaver","floor":14.0,"turns":3.0},{"damage":22.0,"enemies":"The Guardian","floor":16.0,"turns":16.0},{"damage":5.0,"enemies":"Shell Parasite","floor":18.0,"turns":9.0},{"damage":0.0,"enemies":"3 Byrds","floor":20.0,"turns":3.0},{"damage":17.0,"enemies":"Snake Plant","floor":21.0,"turns":8.0},{"damage":6.0,"enemies":"Gremlin Leader","floor":23.0,"turns":5.0},{"damage":8.0,"enemies":"Shelled Parasite and Fungi","floor":24.0,"turns":5.0},{"damage":10.0,"enemies":"Sentry and Sphere","floor":29.0,"turns":4.0},{"damage":2.0,"enemies":"Chosen and Byrds","floor":31.0,"turns":4.0},{"damage":42.0,"enemies":"Collector","floor":33.0,"turns":14.0},{"damage":2.0,"enemies":"3 Shapes","floor":35.0,"turns":5.0},{"damage":12.0,"enemies":"Orb Walker","floor":36.0,"turns":4.0},{"damage":14.0,"enemies":"Sphere and 2 Shapes","floor":37.0,"turns":5.0},{"damage":23.0,"enemies":"Writhing Mass","floor":38.0,"turns":9.0},{"damage":16.0,"enemies":"Spire Growth","floor":44.0,"turns":7.0},{"damage":7.0,"enemies":"Maw","floor":45.0,"turns":8.0},{"damage":37.0,"enemies":"2 Orb Walkers","floor":47.0,"turns":6.0},{"damage":16.0,"enemies":"4 Shapes","floor":48.0,"turns":4.0},{"damage":65.0,"enemies":"Time Eater","floor":50.0,"turns":11.0},{"damage":29.0,"enemies":"Shield and Spear","floor":54.0,"turns":9.0},{"damage":109,"enemies":"The Heart","floor":55,"turns":8}],"seed_played":"7307289832652547648","potions_obtained":[{"floor":4.0,"key":"Energy Potion"},{"floor":5.0,"key":"CultistPotion"},{"floor":12.0,"key":"EssenceOfDarkness"},{"floor":16.0,"key":"SkillPotion"},{"floor":33.0,"key":"Strength Potion"},{"floor":35.0,"key":"Swift Potion"},{"floor":47.0,"key":"Energy Potion"}],"is_trial":false,"path_per_floor":["M","?","?","M","M","E","R","?","T","M","E","M","E","M","R","B",null,"M","?","M","M","?","E","M","R","T","?","$","M","$","M","R","B",null,"M","M","M","M","?","R","$","R","T","M","M","?","?","M","R","B",null,"R","$","E","B"],"character_chosen":"DEFECT","items_purchased":["Electrodynamics","Hologram","Stack","Mummified Hand","Capacitor","Fruit Juice"],"campfire_rested":2,"item_purchase_floors":[28,30,30,41,41,53],"current_hp_per_floor":[75,75,75,76,77,67,67,78,78,79,66,65,54,51,51,30,84,80,80,81,65,65,60,53,53,53,53,53,44,44,43,70,29,92,91,80,67,65,65,65,65,65,65,70,74,74,48,43,73,19,101,101,101,93,0,0],"gold":37,"neow_bonus":"ONE_RARE_RELIC","is_daily":false,"chose_seed":false,"campfire_upgraded":4,"win_rate":0.0,"timestamp":1611317734,"path_taken":["M","?","?","M","?","E","R","?","T","M","E","M","E","?","R","BOSS","M","?","M","M","?","E","M","R","T","?","$","?","$","M","R","BOSS","M","M","?","M","?","R","$","R","T","M","M","?","?","M","R","BOSS","R","$","E","BOSS"],"items_purchased_type":["Card","Card","Card","Relic","Card","Potion"],"build_version":"2020-12-22","purchased_purges":0,"victory":false,"max_hp_per_floor":[75,75,75,76,77,78,78,78,78,79,80,81,82,83,83,84,84,85,85,86,87,87,88,89,89,89,89,89,90,90,91,91,92,92,93,94,95,96,96,96,96,96,96,97,98,98,99,100,100,101,101,101,101,102,107,107],"relic_stats":{"Centennial Puzzle":[60],"FaceOfCleric":27,"Gremlin Horn":[31,31],"counters":[29,194],"Mummified Hand":[50],"Kunai":[27],"obtain_stats":[{"Girya":6,"Gremlin Horn":9,"Oddly Smooth Stone":23,"Ancient Tea Set":26,"Empty Cage":34,"Nuclear Battery":17,"Centennial Puzzle":13,"CaptainsWheel":47,"FaceOfCleric":3,"Mummified Hand":41,"Bag of Marbles":54,"Kunai":11,"Cracked Core":0,"TungstenRod":0},{"Girya":4,"Gremlin Horn":4,"Oddly Smooth Stone":14,"Ancient Tea Set":15,"Empty Cage":18,"Nuclear Battery":10,"Centennial Puzzle":8,"CaptainsWheel":25,"FaceOfCleric":1,"Mummified Hand":22,"Bag of Marbles":28,"Kunai":6,"Cracked Core":0,"TungstenRod":0},{"Girya":19,"Gremlin Horn":19,"Oddly Smooth Stone":91,"Ancient Tea Set":96,"Empty Cage":118,"Nuclear Battery":66,"Centennial Puzzle":47,"CaptainsWheel":162,"FaceOfCleric":3,"Mummified Hand":141,"Bag of Marbles":186,"Kunai":35,"Cracked Core":0,"TungstenRod":0}],"TungstenRod":99},"card_choices":[{"not_picked":["Turbo","Aggregate","Heatsinks"],"picked":"SKIP","floor":1.0},{"not_picked":["Turbo","Heatsinks"],"picked":"Glacier","floor":4.0},{"not_picked":["Compile Driver","Steam"],"picked":"White Noise","floor":5.0},{"not_picked":["Fusion","Amplify"],"picked":"Barrage","floor":6.0},{"not_picked":["Sweeping Beam","Steam"],"picked":"Cold Snap","floor":10.0},{"not_picked":["Reprogram","Barrage"],"picked":"Skim","floor":11.0},{"not_picked":["Leap","Force Field"],"picked":"Streamline","floor":12.0},{"not_picked":["Steam","Rainbow"],"picked":"Reinforced Body","floor":13.0},{"not_picked":["Self Repair","Ball Lightning"],"picked":"Consume","floor":14.0},{"not_picked":["All For One","Reboot"],"picked":"Multi-Cast","floor":16.0},{"not_picked":["Redo+1","Cold Snap","Chaos"],"picked":"SKIP","floor":18.0},{"not_picked":["Streamline+1","Go for the Eyes"],"picked":"Turbo","floor":20.0},{"not_picked":["Redo+1","Rebound"],"picked":"Gash+1","floor":21.0},{"not_picked":["Beam Cell","Recycle"],"picked":"Hologram","floor":23.0},{"not_picked":["Consume","Leap"],"picked":"Gash","floor":24.0},{"not_picked":["Conserve Battery","Sunder"],"picked":"Core Surge","floor":29.0},{"not_picked":["Steam","Leap","Hologram"],"picked":"SKIP","floor":31.0},{"not_picked":["Amplify","Electrodynamics"],"picked":"Echo Form","floor":33.0},{"not_picked":["Stack","Undo"],"picked":"Heatsinks+1","floor":35.0},{"not_picked":["Barrage","Sweeping Beam","Lockon"],"picked":"SKIP","floor":36.0},{"not_picked":["Rebound","Conserve Battery"],"picked":"Self Repair+1","floor":37.0},{"not_picked":["Turbo+1","Conserve Battery","Compile Driver"],"picked":"SKIP","floor":38.0},{"not_picked":["Barrage","Redo+1"],"picked":"Seek","floor":44.0},{"not_picked":["Undo","Ball Lightning+1","Rebound"],"picked":"SKIP","floor":45.0},{"not_picked":["Ball Lightning","All For One"],"picked":"Capacitor","floor":48.0},{"not_picked":["Lockon+1","Seek"],"picked":"Static Discharge+1","floor":54.0}],"player_experience":484609,"relics_obtained":[{"floor":6.0,"key":"Girya"},{"floor":9.0,"key":"Gremlin Horn"},{"floor":11.0,"key":"Kunai"},{"floor":13.0,"key":"Centennial Puzzle"},{"floor":23.0,"key":"Oddly Smooth Stone"},{"floor":26.0,"key":"Ancient Tea Set"},{"floor":47.0,"key":"CaptainsWheel"},{"floor":54.0,"key":"Bag of Marbles"}],"event_choices":[{"damage_healed":0.0,"max_hp_gain":0.0,"max_hp_loss":0.0,"gold_gain":0.0,"cards_transformed":["Strike_B"],"event_name":"Living Wall","player_choice":"Change","floor":2.0,"gold_loss":0.0,"damage_taken":0.0,"cards_obtained":["Redo"]},{"damage_healed":0.0,"max_hp_gain":0.0,"max_hp_loss":0.0,"gold_gain":0.0,"event_name":"FaceTrader","player_choice":"Trade","floor":3.0,"gold_loss":0.0,"damage_taken":0.0,"relics_obtained":["FaceOfCleric"]},{"damage_healed":11.0,"max_hp_gain":0.0,"max_hp_loss":0.0,"gold_gain":0.0,"event_name":"Wheel of Change","player_choice":"Full Heal","floor":8.0,"gold_loss":0.0,"damage_taken":0.0},{"damage_healed":0.0,"max_hp_gain":0.0,"max_hp_loss":0.0,"gold_gain":0.0,"cards_transformed":["Defend_B","Strike_B"],"event_name":"Drug Dealer","player_choice":"Became Test Subject","floor":19.0,"gold_loss":0.0,"damage_taken":0.0,"cards_obtained":["Steam","Sunder"]},{"damage_healed":0.0,"max_hp_gain":0.0,"max_hp_loss":0.0,"gold_gain":0.0,"event_name":"The Library","player_choice":"Read","floor":22.0,"gold_loss":0.0,"damage_taken":0.0,"cards_obtained":["Doom and Gloom"]},{"damage_healed":0.0,"max_hp_gain":0.0,"max_hp_loss":0.0,"gold_gain":0.0,"event_name":"Designer","player_choice":"Upgraded Two","floor":27.0,"gold_loss":40.0,"damage_taken":0.0,"cards_upgraded":["Strike_B","Reinforced Body"]},{"damage_healed":0.0,"max_hp_gain":0.0,"max_hp_loss":0.0,"gold_gain":0.0,"event_name":"Tomb of Lord Red Mask","player_choice":"Ignored","floor":39.0,"gold_loss":0.0,"damage_taken":0.0},{"cards_removed":["Steam"],"damage_healed":0.0,"max_hp_gain":0.0,"max_hp_loss":0.0,"gold_gain":0.0,"event_name":"Falling","player_choice":"Removed Skill","floor":46.0,"gold_loss":0.0,"damage_taken":0.0},{"damage_healed":0.0,"max_hp_gain":0.0,"max_hp_loss":0.0,"gold_gain":0.0,"event_name":"Mysterious Sphere","player_choice":"Fight","floor":47.0,"gold_loss":0.0,"damage_taken":0.0}],"is_beta":false,"boss_relics":[{"not_picked":["SacredBark","SlaversCollar"],"picked":"Nuclear Battery"},{"not_picked":["Runic Dome","Busted Crown"],"picked":"Empty Cage"}],"items_purged_floors":[],"is_endless":false,"potions_floor_spawned":[4,5,12,16,18,20,21,33,35,36,47],"killed_by":"The Heart","ascension_level":0}}