{"host":"1zjc08c6hob33401","time":1611338704,"event":{"mods":["AchievementEnabler","Act Like it!","Aspiration","BaseMod","Downfall","Energized Spire","Evolution","Friendly Minions","Gensokyo","GifTheSpireLib","Hubris","Infinite Spire","Jedi Mod","Minty Spire (QoL Compilation)","Pale of the Ancients","Quick Restart","Replay The Spire","Retaliation","Shop Mod","Spire Arcade","StS++","StSLib","Stuff the Spire","The Blue Laboratory","Wandering Minibosses","vexMod","??????REMEMod"],"gold_per_floor":[114,114,126,56,76,107,107,125,125,205,35,28,56,65,65,157,157,173,98,45,45,45,45,77,77,77,77,2,18,26,26,26],"floor_reached":31,"language":"RUS","playtime":1728,"items_purged":["StuffTheSpire:NuclearReactor","jedi:overflow"],"score":389,"play_id":"3bdf5556-60d0-4e5f-bb31-e64815adec31","local_time":"20210122200504","is_ascension_mode":true,"campfire_choices":[{"data":"Corruption","floor":7.0,"key":"SMITH"},{"floor":15.0,"key":"REST"},{"data":"FIFO Queue","floor":23.0,"key":"SMITH"},{"data":"Genetic Algorithm","floor":25.0,"key":"SMITH"},{"data":"FIFO Queue","floor":27.0,"key":"SMITH"}],"circlet_count":0,"master_deck":["AscendersBane","Rebound","Rebound","Rebound","Leap","Leap","Zap+1","Corruption+1","Finesse","Coolheaded","Replay:Bag of Tricks","Deadly Poison+1","Genetic Algorithm+1","hubris:PowerSurge","White Noise","Chill","Cold Snap","Rainbow","FIFO Queue+1","FIFO Queue+1","infinitespire:SevenWalls+1","StuffTheSpire:Coldhearted","jedi:BurstFrost","StuffTheSpire:LoadUp"],"relics":["Cracked Core","REME_ComplimentaryCards","MerchantsRug","Bottled Tornado","jedi:paperlyon","jedi:shrinkray","aspiration:TomeofQuesting","Frozen Eye"],"acts_visited":["Gensokyo:Gensokyo","Gensokyo:Gensokyoer"],"potions_floor_usage":[],"damage_taken":[{"damage":6.0,"enemies":"Gensokyo:Gryphon","floor":1.0,"turns":3.0},{"damage":0.0,"enemies":"Gensokyo:Python","floor":3.0,"turns":3.0},{"damage":0.0,"enemies":"Gensokyo:3_Fairies","floor":5.0,"turns":4.0},{"damage":36.0,"enemies":"Gensokyo:Cirno","floor":6.0,"turns":7.0},{"damage":1.0,"enemies":"Gensokyo:Gryphon_and_Rabbit","floor":8.0,"turns":4.0},{"damage":0.0,"enemies":"Gensokyo:LivingMonolith","floor":12.0,"turns":6.0},{"damage":1.0,"enemies":"Gensokyo:Aya","floor":13.0,"turns":3.0},{"damage":0.0,"enemies":"Gensokyo:Kitsune","floor":14.0,"turns":2.0},{"damage":18.0,"enemies":"Gensokyo:Kokoro","floor":16.0,"turns":11.0},{"damage":3.0,"enemies":"Gensokyo:Chomper","floor":18.0,"turns":3.0},{"damage":11.0,"enemies":"Gensokyo:AngelMirror","floor":20.0,"turns":6.0},{"damage":11.0,"enemies":"Gensokyo:Reisen","floor":24.0,"turns":5.0},{"damage":26.0,"enemies":"Gensokyo:Slime_Group","floor":29.0,"turns":4.0},{"damage":0.0,"enemies":"Gensokyo:3_Gloops","floor":30.0,"turns":5.0},{"damage":16,"enemies":"Gensokyo:Koishi","floor":31,"turns":2}],"seed_played":"-4886355146768344994","potions_obtained":[{"floor":3.0,"key":"jedi:coolantleak"},{"floor":12.0,"key":"blueLaboratory:FrostheartPotion"},{"floor":13.0,"key":"Energy Potion"},{"floor":14.0,"key":"blueLaboratory:AbyssPotion"},{"floor":16.0,"key":"Milkshake"},{"floor":20.0,"key":"Explosive Potion"}],"is_trial":false,"path_per_floor":["M","?","M","?","M","E","R","M","T","?","$","M","E","M","R","B",null,"M","$","M","?","?","R","E","R","T","R","$","M","M","E"],"character_chosen":"DEFECT","items_purchased":["MerchantsRug","Bottled Tornado"],"campfire_rested":1,"item_purchase_floors":[11,11],"current_hp_per_floor":[62,62,62,62,62,26,26,25,25,25,25,25,24,24,46,28,63,60,60,49,49,49,49,38,38,38,38,38,12,12,0,0],"gold":26,"neow_bonus":"RANDOM_COLORLESS","is_daily":false,"chose_seed":false,"campfire_upgraded":4,"win_rate":0.0,"timestamp":1611338704,"path_taken":["M","?","?","?","M","E","R","M","T","?","$","M","E","M","R","BOSS","M","$","M","?","?","R","E","R","T","R","?","M","M","E"],"items_purchased_type":["Relic","Relic"],"build_version":"2020-12-22","purchased_purges":2,"victory":false,"max_hp_per_floor":[75,75,75,75,75,75,75,75,75,75,75,75,75,75,75,75,75,75,75,75,75,75,75,75,75,75,75,75,75,75,75,75],"card_choices":[{"not_picked":["StSpp:Unbreakable","StuffTheSpire:PlasmaPunch"],"picked":"Finesse","floor":0.0},{"not_picked":["Sweeping Beam","ReplayTheSpireMod:System Scan"],"picked":"Coolheaded","floor":1.0},{"not_picked":["Skim","Sweeping Beam"],"picked":"Genetic Algorithm","floor":3.0},{"not_picked":["Gash","Cold Snap"],"picked":"jedi:overflow","floor":5.0},{"not_picked":["Cold Snap","StSpp:Igniter"],"picked":"hubris:PowerSurge","floor":6.0},{"not_picked":["Compile Driver","Sweeping Beam"],"picked":"StuffTheSpire:NuclearReactor","floor":8.0},{"not_picked":["BasicCrystalCard","Conserve Battery"],"picked":"White Noise","floor":12.0},{"not_picked":["Multi-Cast","Auto Shields"],"picked":"Chill","floor":13.0},{"not_picked":["ReplayTheSpireMod:GoodbyeWorld","BasicCrystalCard"],"picked":"Cold Snap","floor":14.0},{"not_picked":["jedi:meditation","REME_Shoggoth"],"picked":"Rainbow","floor":16.0},{"not_picked":["Redo+1","Panic Button+1"],"picked":"FIFO Queue","floor":18.0},{"not_picked":["Ball Lightning","Auto Shields+1"],"picked":"FIFO Queue","floor":20.0},{"not_picked":["Redo","Recycle+1"],"picked":"StuffTheSpire:Coldhearted","floor":24.0},{"not_picked":["Hologram+1","Beam Cell+1"],"picked":"jedi:BurstFrost","floor":29.0},{"not_picked":["jedi:BurstFrost","Rebound+1"],"picked":"StuffTheSpire:LoadUp","floor":30.0}],"player_experience":652372,"relics_obtained":[{"floor":6.0,"key":"Calipers"},{"floor":9.0,"key":"Symbiotic Virus"},{"floor":13.0,"key":"REME_HandOfSuture"},{"floor":24.0,"key":"jedi:shrinkray"},{"floor":26.0,"key":"aspiration:TomeofQuesting"}],"event_choices":[],"is_beta":false,"boss_relics":[{"not_picked":["hubris:CrackedHourglass","StuffTheSpire:RunicConfusion"],"picked":"jedi:paperlyon"}],"items_purged_floors":[19,28],"is_endless":false,"potions_floor_spawned":[3,12,13,14,16,20],"killed_by":"Gensokyo:Koishi","ascension_level":11}}