{"host":"3jpwrwmmgyabjceh","time":1611342707,"event":{"mods":["AchievementEnabler","BaseMod","Colored Map","Colored Powertips","Highlight Path","Minty Spire (QoL Compilation)","Quick Restart","Relic Stats","StSLib","SuperFastMode"],"gold_per_floor":[110,110,110,121,137,165,175,209,233,233,246,211,211,225,225,321,321,332,332,257,268,284,310,310,336,336,355,355,382,160,160,160,160,160],"floor_reached":33,"language":"ENG","playtime":1599,"items_purged":["Strike_G"],"score":442,"play_id":"5aad2e57-abb9-4654-b0d5-38ee6e684490","local_time":"20210122221147","is_ascension_mode":true,"campfire_choices":[{"floor":10.0,"key":"REST"},{"data":"Predator","floor":13.0,"key":"SMITH"},{"data":"Bane","floor":15.0,"key":"SMITH"},{"data":"Acrobatics","floor":24.0,"key":"SMITH"},{"floor":28,"key":"REST"},{"data":"Bouncing Flask","floor":32,"key":"SMITH"}],"circlet_count":0,"master_deck":["Strike_G","Strike_G","Defend_G","Defend_G","Defend_G+1","Defend_G","Defend_G","Survivor","Neutralize+1","Flying Knee","Escape Plan+1","PiercingWail","Cloak And Dagger","Predator+1","Dagger Throw","Night Terror","Noxious Fumes","Bane+1","Acrobatics+1","Crippling Poison+1","Choke","Eviscerate+1","Riddle With Holes","Choke","Bouncing Flask+1","Footwork"],"relics":["Ring of the Snake","War Paint","PreservedInsect","Centennial Puzzle","Snecko Eye","Nunchaku","Boot","Paper Crane","Regal Pillow","TwistedFunnel"],"acts_visited":["Exordium","TheCity"],"potions_floor_usage":[],"damage_taken":[{"damage":5.0,"enemies":"Cultist","floor":1.0,"turns":4.0},{"damage":1.0,"enemies":"Jaw Worm","floor":4.0,"turns":4.0},{"damage":0.0,"enemies":"2 Louse","floor":5.0,"turns":4.0},{"damage":35.0,"enemies":"Lagavulin","floor":6.0,"turns":11.0},{"damage":0.0,"enemies":"Exordium Wildlife","floor":7.0,"turns":3.0},{"damage":18.0,"enemies":"Gremlin Nob","floor":8.0,"turns":5.0},{"damage":0.0,"enemies":"3 Louse","floor":11.0,"turns":4.0},{"damage":0.0,"enemies":"Large Slime","floor":14.0,"turns":5.0},{"damage":18.0,"enemies":"The Guardian","floor":16.0,"turns":11.0},{"damage":2.0,"enemies":"Chosen","floor":18.0,"turns":4.0},{"damage":1.0,"enemies":"3 Byrds","floor":21.0,"turns":4.0},{"damage":0.0,"enemies":"Snake Plant","floor":22.0,"turns":3.0},{"damage":8.0,"enemies":"Book of Stabbing","floor":23.0,"turns":4.0},{"damage":9.0,"enemies":"Slavers","floor":25.0,"turns":5.0},{"damage":0,"enemies":"Snecko","floor":27,"turns":2},{"damage":0,"enemies":"Book of Stabbing","floor":29,"turns":3},{"damage":72,"enemies":"Automaton","floor":33,"turns":6}],"seed_played":"-5083204604263612884","potions_obtained":[{"floor":1.0,"key":"Explosive Potion"},{"floor":4.0,"key":"SteroidPotion"},{"floor":7.0,"key":"LiquidBronze"},{"floor":8.0,"key":"GhostInAJar"},{"floor":21.0,"key":"FearPotion"},{"floor":22.0,"key":"GamblersBrew"}],"is_trial":false,"path_per_floor":["M","$","?","M","M","E","M","E","T","R","M","?","R","M","R","B",null,"M","?","?","M","M","E","R","E","T","M","R","E","$","?","R","B"],"character_chosen":"THE_SILENT","items_purchased":["TwistedFunnel"],"campfire_rested":2,"item_purchase_floors":[30],"current_hp_per_floor":[58,58,58,57,57,22,22,4,4,25,25,42,42,42,42,24,59,57,44,44,43,43,35,35,26,26,26,48,48,48,48,48,0,0],"gold":160,"neow_bonus":"UPGRADE_CARD","is_daily":false,"chose_seed":false,"campfire_upgraded":4,"win_rate":0.0,"timestamp":1611342707,"path_taken":["M","?","?","M","M","E","M","E","T","R","M","?","R","?","R","BOSS","M","?","?","M","M","E","R","E","T","M","R","E","$","?","R","BOSS"],"items_purchased_type":["Relic"],"build_version":"2020-12-22","purchased_purges":1,"victory":false,"max_hp_per_floor":[70,70,70,70,70,70,70,70,70,70,70,70,70,70,70,70,70,70,75,75,75,75,75,75,75,75,75,75,75,75,75,75,75,75],"relic_stats":{"Centennial Puzzle":[18],"Nunchaku":[3],"Regal Pillow":0,"counters":[17,82],"Snecko Eye":[63,72,78,69],"PreservedInsect":131,"War Paint":["Escape Plan","Defend_G"],"Boot":[31],"obtain_stats":[{"TwistedFunnel":30,"Centennial Puzzle":9,"Nunchaku":23,"Regal Pillow":29,"Snecko Eye":17,"PreservedInsect":8,"War Paint":6,"Paper Crane":26,"Boot":25,"Ring of the Snake":0},{"TwistedFunnel":16,"Centennial Puzzle":6,"Nunchaku":13,"Regal Pillow":16,"Snecko Eye":9,"PreservedInsect":6,"War Paint":4,"Paper Crane":14,"Boot":14,"Ring of the Snake":0},{"TwistedFunnel":76,"Centennial Puzzle":31,"Nunchaku":66,"Regal Pillow":76,"Snecko Eye":51,"PreservedInsect":31,"War Paint":23,"Paper Crane":71,"Boot":71,"Ring of the Snake":0}],"Ring of the Snake":[34]},"card_choices":[{"not_picked":["Backstab","Blade Dance"],"picked":"Flying Knee","floor":1.0},{"not_picked":["Sucker Punch","Caltrops"],"picked":"PiercingWail","floor":4.0},{"not_picked":["Dagger Spray","Envenom"],"picked":"Cloak And Dagger","floor":5.0},{"not_picked":["Quick Slash","Outmaneuver"],"picked":"Predator","floor":6.0},{"not_picked":["Noxious Fumes","Distraction"],"picked":"Dagger Throw","floor":7.0},{"not_picked":["Dagger Throw","Blur"],"picked":"Night Terror","floor":8.0},{"not_picked":["Flying Knee","Accuracy"],"picked":"Noxious Fumes","floor":11.0},{"not_picked":["Outmaneuver","Slice"],"picked":"Bane","floor":14.0},{"not_picked":["Well Laid Plans","Cloak And Dagger+1"],"picked":"Acrobatics","floor":18.0},{"not_picked":["PiercingWail","Distraction"],"picked":"Crippling Poison+1","floor":21.0},{"not_picked":["Dagger Spray+1","Slice+1"],"picked":"Choke","floor":22.0},{"not_picked":["Catalyst+1","Concentrate"],"picked":"Eviscerate+1","floor":23.0},{"not_picked":["Dagger Spray","Deflect+1"],"picked":"Riddle With Holes","floor":25.0},{"not_picked":["Cloak And Dagger","Accuracy"],"picked":"Choke","floor":27},{"not_picked":["Glass Knife","Reflex"],"picked":"Bouncing Flask","floor":29}],"player_experience":250398,"relics_obtained":[{"floor":6.0,"key":"War Paint"},{"floor":8.0,"key":"PreservedInsect"},{"floor":9.0,"key":"Centennial Puzzle"},{"floor":23.0,"key":"Nunchaku"},{"floor":25.0,"key":"Boot"},{"floor":26.0,"key":"Paper Crane"},{"floor":29,"key":"Regal Pillow"}],"event_choices":[{"damage_healed":0.0,"max_hp_gain":0.0,"max_hp_loss":0.0,"gold_gain":0.0,"cards_transformed":["Strike_G"],"event_name":"Living Wall","player_choice":"Change","floor":3.0,"gold_loss":0.0,"damage_taken":0.0,"cards_obtained":["Escape Plan"]},{"damage_healed":17.0,"max_hp_gain":0.0,"max_hp_loss":0.0,"gold_gain":0.0,"event_name":"The Cleric","player_choice":"Healed","floor":12.0,"gold_loss":35.0,"damage_taken":0.0},{"damage_healed":0.0,"max_hp_gain":5.0,"max_hp_loss":0.0,"gold_gain":0.0,"event_name":"Forgotten Altar","player_choice":"Shed Blood","floor":19.0,"gold_loss":0.0,"damage_taken":18.0},{"cards_removed":["Strike_G"],"damage_healed":0.0,"max_hp_gain":0.0,"max_hp_loss":0.0,"gold_gain":0.0,"event_name":"Beggar","player_choice":"Gave Gold","floor":20.0,"gold_loss":75.0,"damage_taken":0.0},{"damage_healed":0,"gold_gain":0,"player_choice":"Read","damage_taken":0,"max_hp_gain":0,"max_hp_loss":0,"event_name":"The Library","floor":31,"gold_loss":0,"cards_obtained":["Footwork"]}],"is_beta":false,"boss_relics":[{"not_picked":["Tiny House","Runic Dome"],"picked":"Snecko Eye"}],"items_purged_floors":[30],"is_endless":false,"potions_floor_spawned":[1,4,7,8,21,22],"killed_by":"Automaton","ascension_level":6}}