{"host":"ordk2y2ebcetabk6","time":1611291717,"event":{"mods":["AlwaysNeverKeys","Astrologer","Bard","BaseMod","Better Debug","Colored Map","Colored Powertips","Dark Map","Hermit","Highlight Path","Minty Spire (QoL Compilation)","Permanent Neow","Rare Cards Sparkle","Spire Arcade","StSLib","The Explorer","TheLocksmith","Wide Potions"],"gold_per_floor":[114,114,139,73,283,283,302,302,325,325,353,353,353,373,373,469,469,487,255,271,271,283,283,183,199,226,226,243,318,338,0,0,95,95,115,115,187,3,3,36,36,36,36,56,56,88,12,28,28,28],"floor_reached":51,"language":"ENG","playtime":1280,"items_purged":["locksmith:Strike","locksmith:Strike","locksmith:Strike","Parasite"],"score":741,"play_id":"cbe81f42-1797-4f46-ab4b-d8305ec877c0","local_time":"20210121220157","is_ascension_mode":false,"campfire_choices":[{"data":"locksmith:DrainingFog","floor":6.0,"key":"SMITH"},{"data":"locksmith:HitBurnDrawBurnBlockBurn","floor":8.0,"key":"SMITH"},{"data":"locksmith:TrashSlam","floor":10.0,"key":"SMITH"},{"floor":13.0,"key":"REST"},{"floor":15.0,"key":"REST"},{"data":"locksmith:Burden","floor":23.0,"key":"SMITH"},{"data":"locksmith:DrainingFog","floor":32,"key":"SMITH"},{"data":"locksmith:DoubleKey","floor":45,"key":"SMITH"},{"floor":49,"key":"REST"}],"circlet_count":0,"master_deck":["locksmith:KeyMove","locksmith:LockCrash","locksmith:HitBurnDrawBurnBlockBurn+1","locksmith:TrashSlam+1","locksmith:DrainingFog+1","locksmith:Burden+1","locksmith:DrainingFog+1","locksmith:Influx+1","locksmith:DrainingFog+1","locksmith:SlowSapping","locksmith:HiddenPower","locksmith:AoeMultiAttackPlusAKey","locksmith:DarkDoom","locksmith:PocketKey","locksmith:DoubleKey+1","Regret","locksmith:LockedGuard"],"relics":["locksmith:FreeKey","MawBank","StrikeDummy","Boot","Odd Mushroom","Cursed Key","TheAbacus","Happy Flower","ClockworkSouvenir","Pandora\u0027s Box","White Beast Statue","Strawberry","Ornamental Fan","Ancient Tea Set"],"acts_visited":["Exordium","TheCity","TheBeyond"],"potions_floor_usage":[50,50,50],"damage_taken":[{"damage":1.0,"enemies":"2 Louse","floor":1.0,"turns":3.0},{"damage":0.0,"enemies":"Small Slimes","floor":3.0,"turns":3.0},{"damage":1.0,"enemies":"Cultist","floor":7.0,"turns":3.0},{"damage":22.0,"enemies":"The Mushroom Lair","floor":11.0,"turns":3.0},{"damage":2.0,"enemies":"Looter","floor":14.0,"turns":3.0},{"damage":30.0,"enemies":"Slime Boss","floor":16.0,"turns":6.0},{"damage":5.0,"enemies":"Spheric Guardian","floor":18.0,"turns":3.0},{"damage":0.0,"enemies":"Chosen","floor":20.0,"turns":3.0},{"damage":11.0,"enemies":"Snake Plant","floor":22.0,"turns":3.0},{"damage":0.0,"enemies":"Cultist and Chosen","floor":25.0,"turns":5.0},{"damage":0,"enemies":"Chosen and Byrds","floor":28,"turns":3},{"damage":8,"enemies":"Snecko","floor":30,"turns":4},{"damage":4,"enemies":"Automaton","floor":33,"turns":5},{"damage":23,"enemies":"3 Darklings","floor":35,"turns":3},{"damage":26,"enemies":"Nemesis","floor":40,"turns":3},{"damage":0,"enemies":"Orb Walker","floor":44,"turns":2},{"damage":26,"enemies":"Giant Head","floor":46,"turns":6},{"damage":34,"enemies":"3 Darklings","floor":48,"turns":3},{"damage":33,"enemies":"Donu and Deca","floor":50,"turns":4}],"seed_played":"-2136631653758376872","potions_obtained":[{"floor":3.0,"key":"CultistPotion"},{"floor":5.0,"key":"PowerPotion"},{"floor":18.0,"key":"Strength Potion"},{"floor":22.0,"key":"DistilledChaos"}],"is_trial":false,"path_per_floor":["M","?","M","$","?","R","M","R","T","R","?","?","R","M","R","B",null,"M","$","M","?","M","R","$","M","T","?","M","?","M","$","R","B",null,"M","?","T","$","?","E","?","?","T","M","R","E","$","M","R","B",null],"character_chosen":"THE_LOCKSMITH","items_purchased":["locksmith:DrainingFog","TheAbacus","ClockworkSouvenir","locksmith:DrainingFog","locksmith:DoubleKey","locksmith:LockedGuard"],"campfire_rested":3,"item_purchase_floors":[4,19,31,31,38,47],"current_hp_per_floor":[78,60,60,60,60,60,59,59,59,59,37,42,67,65,84,54,84,79,79,79,79,68,68,68,68,68,68,68,60,52,52,52,48,84,61,61,61,61,61,42,42,77,77,77,77,51,51,17,40,7],"gold":28,"neow_bonus":"ONE_RANDOM_RARE_CARD","is_daily":false,"chose_seed":false,"campfire_upgraded":6,"win_rate":0.0,"timestamp":1611291717,"path_taken":["M","?","M","$","?","R","M","R","T","R","?","?","R","M","R","BOSS","M","$","M","?","?","R","$","M","T","?","?","?","M","?","R","BOSS","M","?","?","$","?","E","?","?","T","M","R","E","$","M","R","BOSS"],"items_purchased_type":["Card","Relic","Relic","Card","Card","Card"],"build_version":"2020-12-22","purchased_purges":4,"victory":true,"max_hp_per_floor":[79,79,79,79,79,79,79,79,79,79,79,84,84,84,84,84,84,84,84,84,84,84,84,84,84,84,84,84,84,84,84,84,84,84,84,84,84,81,81,88,88,77,77,77,77,77,77,77,77,77],"card_choices":[{"not_picked":["locksmith:BlockAndKey","locksmith:DeathGaze","locksmith:LockedGuard"],"picked":"SKIP","floor":1.0},{"not_picked":["locksmith:HexingDummy","locksmith:ValueDummy"],"picked":"locksmith:TrashSlam","floor":3.0},{"not_picked":["locksmith:PocketKey","locksmith:ShrapnelLock","locksmith:HiddenPower"],"picked":"SKIP","floor":7.0},{"not_picked":["locksmith:HiddenPower","locksmith:LockSmack","locksmith:ValueDummy"],"picked":"SKIP","floor":14.0},{"not_picked":["locksmith:EvilKeys","locksmith:Anime"],"picked":"locksmith:Burden","floor":16.0},{"not_picked":["locksmith:Horrify+1","locksmith:ExplodingDummy","locksmith:BuriedCurse"],"picked":"SKIP","floor":18.0},{"not_picked":["locksmith:Curse","locksmith:KeychainRain","locksmith:HiddenPower"],"picked":"SKIP","floor":20.0},{"not_picked":["locksmith:BuriedCurse+1","locksmith:HiddenPower","locksmith:Capitalize"],"picked":"SKIP","floor":22.0},{"not_picked":["locksmith:SliceSlash","locksmith:HiddenPower","locksmith:Capitalize"],"picked":"SKIP","floor":25.0},{"not_picked":["locksmith:PuppetGuard","locksmith:BlockAndKey","locksmith:KeychainRain"],"picked":"SKIP","floor":28},{"not_picked":["locksmith:DDummy","locksmith:BlockAndKey"],"picked":"locksmith:Influx+1","floor":30},{"not_picked":["locksmith:InfiniteKeys","locksmith:SlamCrush"],"picked":"locksmith:SlowSapping","floor":33},{"not_picked":["locksmith:Grab","locksmith:Curse","locksmith:Recharge+1"],"picked":"SKIP","floor":35},{"not_picked":["locksmith:GoAway+1","locksmith:LockSmack","locksmith:Prep"],"picked":"SKIP","floor":40},{"not_picked":["locksmith:LockBlock","locksmith:ShrapnelLock+1","locksmith:Keysmack"],"picked":"SKIP","floor":44},{"not_picked":["locksmith:InfiniteKeys","locksmith:Curse+1","locksmith:HexingDummy"],"picked":"SKIP","floor":46},{"not_picked":["locksmith:Exploit+1","locksmith:LockSmack+1","locksmith:PocketKey+1"],"picked":"SKIP","floor":48}],"player_experience":1049402,"relics_obtained":[{"floor":5.0,"key":"StrikeDummy"},{"floor":9.0,"key":"Boot"},{"floor":11.0,"key":"Odd Mushroom"},{"floor":26,"key":"Happy Flower"},{"floor":37,"key":"White Beast Statue"},{"floor":40,"key":"Strawberry"},{"floor":43,"key":"Ornamental Fan"},{"floor":46,"key":"Ancient Tea Set"}],"event_choices":[{"damage_healed":0.0,"max_hp_gain":0.0,"max_hp_loss":0.0,"gold_gain":0.0,"event_name":"Scrap Ooze","player_choice":"Success","floor":2.0,"gold_loss":0.0,"damage_taken":18.0,"relics_obtained":["MawBank"]},{"damage_healed":0.0,"max_hp_gain":0.0,"max_hp_loss":0.0,"gold_gain":0.0,"event_name":"Mushrooms","player_choice":"Fought Mushrooms","floor":11.0,"gold_loss":0.0,"damage_taken":0.0},{"damage_healed":0.0,"max_hp_gain":5.0,"max_hp_loss":0.0,"gold_gain":0.0,"event_name":"Big Fish","player_choice":"Donut","floor":12.0,"gold_loss":0.0,"damage_taken":0.0},{"damage_healed":0.0,"max_hp_gain":0.0,"max_hp_loss":0.0,"gold_gain":0.0,"event_name":"Duplicator","player_choice":"Copied","floor":21.0,"gold_loss":0.0,"damage_taken":0.0,"cards_obtained":["locksmith:DrainingFog"]},{"cards_removed":["Shame"],"damage_healed":0,"gold_gain":0,"player_choice":"Purged","damage_taken":0,"max_hp_gain":0,"max_hp_loss":0,"event_name":"Purifier","floor":27,"gold_loss":0},{"damage_healed":0,"gold_gain":75,"player_choice":"Touch","damage_taken":8,"max_hp_gain":0,"max_hp_loss":0,"event_name":"FaceTrader","floor":29,"gold_loss":0},{"cards_removed":["locksmith:Grab"],"damage_healed":0,"gold_gain":0,"player_choice":"Removed Attack","damage_taken":0,"max_hp_gain":0,"max_hp_loss":0,"event_name":"Falling","floor":36,"gold_loss":0},{"damage_healed":0,"gold_gain":0,"player_choice":"Memory 1","damage_taken":0,"max_hp_gain":0,"max_hp_loss":0,"event_name":"SensoryStone","floor":39,"gold_loss":0},{"damage_healed":0,"gold_gain":0,"player_choice":"Ignored","damage_taken":0,"max_hp_gain":0,"max_hp_loss":0,"event_name":"Mysterious Sphere","floor":41,"gold_loss":0},{"damage_healed":77,"gold_gain":0,"player_choice":"Heal","damage_taken":0,"max_hp_gain":0,"max_hp_loss":11,"event_name":"The Moai Head","floor":42,"gold_loss":0}],"is_beta":false,"boss_relics":[{"not_picked":["SlaversCollar","Black Star"],"picked":"Cursed Key"},{"not_picked":["Fusion Hammer","Tiny House"],"picked":"Pandora\u0027s Box"}],"items_purged_floors":[19,24,31,38],"is_endless":false,"potions_floor_spawned":[3,18,20,22,30,33,40,44,46,48],"ascension_level":0}}