{"host":"c44ey07ufggfw2m8","time":1611300296,"event":{"mods":["2.2 Compatiblity","BaseMod","Colored Map","DeckTracker","Highlight Path","Keyboard Shortcuts","Minty Spire (QoL Compilation)","Permanent Neow","Quick Restart","StSLib","SuperFastMode","UnlockEverythingMod"],"gold_per_floor":[118,132,57,57,57,57,69,81,107,139,165,182,182,207,207,308,308,322,338,358,358,370,370,396,0,0,0,30,0,0,0,0,102,102,113,131,6,6,6,6,6,6],"floor_reached":41,"language":"KOR","playtime":1880,"items_purged":["Doubt","Riddle With Holes","Glass Knife+1"],"score":626,"play_id":"8fe0791b-34a2-4462-b5d1-32b890ffc9e9","local_time":"20210122162456","is_ascension_mode":true,"campfire_choices":[{"data":"Glass Knife","floor":6,"key":"SMITH"},{"floor":15,"key":"REST"},{"data":"Tactician","floor":23,"key":"SMITH"},{"floor":27,"key":"REST"},{"floor":30,"key":"REST"},{"floor":32,"key":"REST"},{"floor":40,"key":"REST"}],"circlet_count":0,"master_deck":["Survivor","Neutralize","Prepared+1","Bouncing Flask","Tactician+1","Acrobatics+1","Catalyst","Malaise","Backflip","Die Die Die","Blur","Crippling Poison","Tools of the Trade","Escape Plan","Night Terror","PiercingWail","Deadly Poison+1","Footwork","Necronomicurse","Corpse Explosion","Bouncing Flask+1","A Thousand Cuts+1","Flechettes+1","Bouncing Flask+1"],"relics":["Ring of the Snake","Juzu Bracelet","Vajra","Potion Belt","Ancient Tea Set","Odd Mushroom","TungstenRod","Pandora\u0027s Box","The Specimen","Oddly Smooth Stone","Pantograph","Blood Vial","War Paint","Necronomicon","Astrolabe"],"acts_visited":["Exordium","TheCity","TheBeyond"],"potions_floor_usage":[10,10,12,24,33,33,38],"damage_taken":[{"damage":2,"enemies":"Small Slimes","floor":1,"turns":3},{"damage":0,"enemies":"2 Louse","floor":2,"turns":3},{"damage":1,"enemies":"Cultist","floor":7,"turns":3},{"damage":0,"enemies":"Exordium Wildlife","floor":8,"turns":2},{"damage":10,"enemies":"Gremlin Nob","floor":10,"turns":3},{"damage":17,"enemies":"The Mushroom Lair","floor":11,"turns":4},{"damage":7,"enemies":"Large Slime","floor":12,"turns":5},{"damage":11,"enemies":"Lagavulin","floor":14,"turns":7},{"damage":29,"enemies":"Slime Boss","floor":16,"turns":11},{"damage":11,"enemies":"2 Thieves","floor":18,"turns":3},{"damage":9,"enemies":"3 Byrds","floor":19,"turns":4},{"damage":4,"enemies":"Centurion and Healer","floor":20,"turns":6},{"damage":8,"enemies":"Cultist and Chosen","floor":22,"turns":5},{"damage":29,"enemies":"Slavers","floor":24,"turns":5},{"damage":18,"enemies":"Gremlin Leader","floor":28,"turns":4},{"damage":48,"enemies":"Collector","floor":33,"turns":10},{"damage":45,"enemies":"3 Darklings","floor":35,"turns":5},{"damage":21,"enemies":"3 Shapes","floor":36,"turns":6},{"damage":0,"enemies":"Writhing Mass","floor":38,"turns":4},{"damage":28,"enemies":"Giant Head","floor":41,"turns":7}],"seed_played":"-2166479918996585266","potions_obtained":[{"floor":1,"key":"SmokeBomb"},{"floor":2,"key":"Fruit Juice"},{"floor":10,"key":"Fruit Juice"},{"floor":11,"key":"SkillPotion"},{"floor":16,"key":"Fire Potion"},{"floor":20,"key":"Strength Potion"},{"floor":24,"key":"SpeedPotion"},{"floor":35,"key":"SteroidPotion"}],"is_trial":false,"path_per_floor":["M","M","$","?","?","R","M","M","T","E","?","M","?","E","R","B",null,"M","M","M","?","M","R","E","$","T","R","E","?","R","?","R","B",null,"M","M","$","M","?","R","E"],"character_chosen":"THE_SILENT","items_purchased":["Pantograph","Footwork"],"campfire_rested":5,"item_purchase_floors":[25,25],"current_hp_per_floor":[61,61,61,58,58,58,57,57,57,57,40,33,33,22,46,17,64,53,44,40,40,32,32,3,3,3,27,11,11,35,23,47,26,67,24,5,5,7,7,31,5,5],"gold":6,"neow_bonus":"TRANSFORM_TWO_CARDS","is_daily":false,"chose_seed":false,"campfire_upgraded":2,"win_rate":0.0,"timestamp":1611300296,"path_taken":["M","M","$","?","?","R","M","M","T","E","?","M","?","E","R","BOSS","M","M","M","?","M","R","E","$","T","R","E","?","R","?","R","BOSS","M","M","$","M","?","R","E"],"items_purchased_type":["Relic","Card"],"build_version":"2020-12-22","purchased_purges":3,"victory":false,"max_hp_per_floor":[70,70,70,70,70,70,70,70,70,80,80,80,80,80,80,80,80,80,80,80,80,80,80,80,80,80,80,80,80,80,80,80,80,80,80,80,80,80,80,80,80,80],"card_choices":[{"not_picked":["Riddle With Holes","All Out Attack"],"picked":"Prepared","floor":1},{"not_picked":["Caltrops","Outmaneuver"],"picked":"Bouncing Flask","floor":2},{"not_picked":["PiercingWail","Noxious Fumes"],"picked":"Tactician","floor":7},{"not_picked":["Outmaneuver","Flying Knee"],"picked":"Acrobatics","floor":8},{"not_picked":["Bane","Envenom","Outmaneuver"],"picked":"SKIP","floor":10},{"not_picked":["Dagger Throw","Prepared"],"picked":"Blade Dance","floor":11},{"not_picked":["Riddle With Holes","PiercingWail"],"picked":"Catalyst","floor":12},{"not_picked":["Blade Dance","PiercingWail"],"picked":"Backflip","floor":14},{"not_picked":["Tools of the Trade","A Thousand Cuts"],"picked":"Die Die Die","floor":16},{"not_picked":["Sucker Punch","Deflect"],"picked":"PiercingWail","floor":18},{"not_picked":["Infinite Blades","Reflex+1"],"picked":"Deadly Poison+1","floor":19},{"not_picked":["Heel Hook","Bane","Flying Knee+1"],"picked":"SKIP","floor":20},{"not_picked":["Finisher","Predator","Deflect+1"],"picked":"SKIP","floor":22},{"not_picked":["Sucker Punch","Expertise","Outmaneuver"],"picked":"SKIP","floor":24},{"not_picked":["Deflect","Night Terror","Slice+1"],"picked":"SKIP","floor":28},{"not_picked":["Storm of Steel","Malaise"],"picked":"Corpse Explosion","floor":33},{"not_picked":["Slice+1","Dagger Throw+1","Cloak And Dagger"],"picked":"SKIP","floor":35},{"not_picked":["Infinite Blades","Blade Dance+1"],"picked":"Bouncing Flask+1","floor":36}],"player_experience":51747,"relics_obtained":[{"floor":5,"key":"Vajra"},{"floor":9,"key":"Potion Belt"},{"floor":10,"key":"Ancient Tea Set"},{"floor":11,"key":"Odd Mushroom"},{"floor":14,"key":"TungstenRod"},{"floor":24,"key":"Oddly Smooth Stone"},{"floor":26,"key":"Blood Vial"},{"floor":28,"key":"War Paint"},{"floor":31,"key":"Necronomicon"}],"event_choices":[{"damage_healed":0,"gold_gain":0,"player_choice":"Success","damage_taken":3,"relics_obtained":["Juzu Bracelet"],"max_hp_gain":0,"max_hp_loss":0,"event_name":"Scrap Ooze","floor":4,"gold_loss":0},{"damage_healed":0,"gold_gain":0,"player_choice":"Relic","damage_taken":0,"max_hp_gain":0,"max_hp_loss":0,"event_name":"Wheel of Change","floor":5,"gold_loss":0},{"damage_healed":0,"gold_gain":0,"player_choice":"Fought Mushrooms","damage_taken":0,"max_hp_gain":0,"max_hp_loss":0,"event_name":"Mushrooms","floor":11,"gold_loss":0},{"damage_healed":0,"gold_gain":0,"cards_transformed":["Strike_G"],"player_choice":"Change","damage_taken":0,"max_hp_gain":0,"max_hp_loss":0,"event_name":"Living Wall","floor":13,"gold_loss":0,"cards_obtained":["Malaise"]},{"damage_healed":0,"gold_gain":0,"player_choice":"Opened","damage_taken":0,"relics_obtained":["The Specimen"],"max_hp_gain":0,"max_hp_loss":0,"event_name":"The Mausoleum","floor":21,"gold_loss":0},{"damage_healed":0,"gold_gain":0,"player_choice":"Paid Fearfully","damage_taken":0,"max_hp_gain":0,"max_hp_loss":0,"event_name":"Masked Bandits","floor":29,"gold_loss":30},{"damage_healed":0,"gold_gain":0,"player_choice":"Obtained Book","damage_taken":16,"max_hp_gain":0,"max_hp_loss":0,"event_name":"Cursed Tome","floor":31,"gold_loss":0},{"damage_healed":0,"gold_gain":0,"player_choice":"Ignored","damage_taken":0,"max_hp_gain":0,"max_hp_loss":0,"event_name":"SecretPortal","floor":39,"gold_loss":0}],"is_beta":false,"boss_relics":[{"not_picked":["Sozu","SacredBark"],"picked":"Pandora\u0027s Box"},{"not_picked":["Ring of the Serpent","Snecko Eye"],"picked":"Astrolabe"}],"items_purged_floors":[3,25,37],"is_endless":false,"potions_floor_spawned":[1,2,10,11,16,20,24,35],"killed_by":"Giant Head","ascension_level":7}}