{"host":"hw39lwcp0ma2fmrr","time":1611286844,"event":{"mods":["BaseMod","Minty Spire (QoL Compilation)"],"gold_per_floor":[117,132,146,157,157,157,184,184,211,230,242,242,271,286,286,385,385,395,408,421,190,201,201,226,226,249,274,274,274],"floor_reached":28,"language":"ENG","playtime":1278,"items_purged":["Strike_B"],"score":347,"play_id":"c621dfe5-779b-48cd-ab1b-e5687e1884c9","local_time":"20210121214044","is_ascension_mode":false,"campfire_choices":[{"data":"Buffer","floor":6,"key":"SMITH"},{"data":"Double Energy","floor":8,"key":"SMITH"},{"data":"Streamline","floor":12,"key":"SMITH"},{"data":"Buffer","floor":15,"key":"SMITH"},{"data":"Echo Form","floor":23,"key":"SMITH"}],"circlet_count":0,"master_deck":["Strike_B","Strike_B","Strike_B","Defend_B","Defend_B","Defend_B","Defend_B","Zap","Dualcast","Go for the Eyes","Streamline+1","Ball Lightning","Buffer+1","Double Energy+1","Force Field","Rebound","Buffer+1","Hyperbeam","BootSequence","Conserve Battery","Echo Form+1"],"relics":["Cracked Core","NeowsBlessing","Regal Pillow","Happy Flower","Bag of Preparation","Sozu","Toy Ornithopter","MealTicket","Ancient Tea Set"],"acts_visited":["Exordium","TheCity"],"potions_floor_usage":[24,24,24],"damage_taken":[{"damage":0,"enemies":"Small Slimes","floor":1,"turns":1},{"damage":0,"enemies":"Cultist","floor":2,"turns":1},{"damage":0,"enemies":"2 Louse","floor":3,"turns":1},{"damage":3,"enemies":"Large Slime","floor":4,"turns":4},{"damage":0,"enemies":"Gremlin Nob","floor":7,"turns":4},{"damage":11,"enemies":"Lots of Slimes","floor":10,"turns":2},{"damage":0,"enemies":"Exordium Wildlife","floor":11,"turns":3},{"damage":13,"enemies":"Lagavulin","floor":13,"turns":4},{"damage":0,"enemies":"2 Fungi Beasts","floor":14,"turns":3},{"damage":0,"enemies":"Slime Boss","floor":16,"turns":7},{"damage":0,"enemies":"Chosen","floor":18,"turns":3},{"damage":0,"enemies":"Shell Parasite","floor":19,"turns":3},{"damage":29,"enemies":"Cultist and Chosen","floor":20,"turns":6},{"damage":0,"enemies":"Centurion and Healer","floor":22,"turns":3},{"damage":17,"enemies":"Book of Stabbing","floor":24,"turns":7},{"damage":24,"enemies":"Slavers","floor":27,"turns":5},{"damage":20,"enemies":"Sentry and Sphere","floor":28,"turns":5}],"seed_played":"761862523971516566","potions_obtained":[{"floor":3,"key":"DuplicationPotion"},{"floor":4,"key":"Dexterity Potion"},{"floor":13,"key":"Regen Potion"},{"floor":16,"key":"ColorlessPotion"}],"is_trial":false,"path_per_floor":["M","M","M","M","?","R","E","R","T","M","M","R","E","M","R","B",null,"M","M","M","$","M","R","E","?","T","E","M"],"character_chosen":"DEFECT","items_purchased":["Echo Form"],"campfire_rested":0,"item_purchase_floors":[21],"current_hp_per_floor":[75,75,75,72,72,72,72,72,72,61,61,61,48,48,48,48,75,75,75,46,46,46,46,44,44,44,20,0,0],"gold":274,"neow_bonus":"THREE_ENEMY_KILL","is_daily":false,"chose_seed":false,"campfire_upgraded":5,"win_rate":0.0,"timestamp":1611286844,"path_taken":["M","M","M","M","?","R","E","R","T","M","M","R","E","M","R","BOSS","M","M","M","$","?","R","E","?","T","E","M"],"items_purchased_type":["Card"],"build_version":"2020-12-22","purchased_purges":1,"victory":false,"max_hp_per_floor":[75,75,75,75,75,75,75,75,75,75,75,75,75,75,75,75,75,75,75,75,75,75,75,75,75,75,75,75,75],"card_choices":[{"not_picked":["Hologram","Auto Shields"],"picked":"Go for the Eyes","floor":1},{"not_picked":["Rebound","Hologram"],"picked":"Streamline","floor":2},{"not_picked":["Lockon","Glacier"],"picked":"Ball Lightning","floor":3},{"not_picked":["Loop","Turbo"],"picked":"Buffer","floor":4},{"not_picked":["Lockon","Aggregate"],"picked":"Double Energy","floor":7},{"not_picked":["Go for the Eyes","Melter"],"picked":"Force Field","floor":10},{"not_picked":["Gash","Compile Driver"],"picked":"Rebound","floor":11},{"not_picked":["FTL","Streamline"],"picked":"Buffer","floor":13},{"not_picked":["Compile Driver","Gash","Redo"],"picked":"SKIP","floor":14},{"not_picked":["Thunder Strike","Rainbow"],"picked":"Hyperbeam","floor":16},{"not_picked":["Stack+1","Sweeping Beam+1"],"picked":"BootSequence","floor":18},{"not_picked":["White Noise","Streamline","Aggregate+1"],"picked":"SKIP","floor":19},{"not_picked":["Streamline+1","Stack"],"picked":"Conserve Battery","floor":20},{"not_picked":["Streamline","Cold Snap","Steam Power+1"],"picked":"SKIP","floor":22},{"not_picked":["Rainbow","Cold Snap","Sweeping Beam"],"picked":"SKIP","floor":24},{"not_picked":["Streamline","Redo+1","Cold Snap"],"picked":"SKIP","floor":27}],"player_experience":314459,"relics_obtained":[{"floor":7,"key":"Regal Pillow"},{"floor":9,"key":"Happy Flower"},{"floor":13,"key":"Bag of Preparation"},{"floor":24,"key":"Toy Ornithopter"},{"floor":26,"key":"MealTicket"},{"floor":27,"key":"Ancient Tea Set"}],"event_choices":[{"damage_healed":0,"gold_gain":0,"player_choice":"Bought 0 Potions","damage_taken":0,"max_hp_gain":0,"max_hp_loss":0,"event_name":"The Woman in Blue","floor":5,"gold_loss":0},{"damage_healed":0,"gold_gain":0,"player_choice":"Ignored","damage_taken":0,"max_hp_gain":0,"max_hp_loss":0,"event_name":"Ghosts","floor":25,"gold_loss":0}],"is_beta":false,"boss_relics":[{"not_picked":["Coffee Dripper","Cursed Key"],"picked":"Sozu"}],"items_purged_floors":[21],"is_endless":false,"potions_floor_spawned":[3,4,13,16,18,22,24],"killed_by":"Sentry and Sphere","ascension_level":0}}