{"host":"17uzppmr1r5fe5jj","time":1611337469,"event":{"mods":["BaseMod","Minty Spire (QoL Compilation)","Quick Restart","Relic Stats","StSLib","TestMod","[IsaacMod]以撒尖塔"],"gold_per_floor":[125,136,146,158,176,225,260,272,284,346,192,13,13,13,13,121,121,133,133,146,161,185,224,245,285,285,285,285,309,350,172,172,291,291,322,354,395,90,114,114,172,172,181,230,251,296,696,996,996,1046],"floor_reached":51,"language":"ZHS","playtime":2000,"items_purged":["Strike_B","Defend_B","Strike_B","Defend_B","Strike_B","Defend_B"],"score":989,"play_id":"5fe92ce3-c224-4c99-95e6-f545329ba1f9","local_time":"20210123014429","daily_mods":["Vintage","Heirloom","Flight","DeadlyEvents","Elite Swarm"],"is_ascension_mode":false,"campfire_choices":[{"data":"Thunder Strike","floor":8.0,"key":"SMITH"},{"data":"Zap","floor":13.0,"key":"SMITH"},{"data":"Dualcast","floor":15.0,"key":"SMITH"},{"floor":27,"key":"REST"},{"data":"Core Surge","floor":28,"key":"SMITH"},{"data":"Recycle","floor":32,"key":"SMITH"},{"data":"Turbo","floor":40,"key":"SMITH"},{"data":"Reboot","floor":42,"key":"SMITH"},{"data":"Lockon","floor":49,"key":"SMITH"}],"circlet_count":0,"master_deck":["Strike_B","Defend_B","Zap+1","Dualcast+1","BettingIsNotGood","Doubt","Doubt","Doubt","Creative AI+1","Thunder Strike+1","Echo Form+1","Defragment+1","Storm+1","Machine Learning+1","Static Discharge+1","Biased Cognition+1","Core Surge+1","Recycle+1","Lockon+1","Electrodynamics+1","Heatsinks+1","Turbo+1","Reboot+1","Decay"],"relics":["Cracked Core","testmod-TestBox","DoctorsRemote","testmod-DeterminationOfClimber","testmod-Laevatain","SatanicBible","Pen Nib","Darkstone Periapt","FossilizedHelix","Pear","Frozen Egg 2","MawBank","Regal Pillow","Blood Vial","testmod-StringDisintegrator","Smiling Mask","Letter Opener","testmod-Antiphasic","AnarchistCookbook","testmod-Acrobat","GnawedLeaf","CeramicFish","Anchor","BookofShadows","Cursed Key","DeathBook","Ancient Tea Set","Orichalcum","Medical Kit","Mango","Oddly Smooth Stone","testmod-Fortitude","Potion Belt","MoneyPower","Turnip"],"acts_visited":["Exordium","TheCity","TheBeyond"],"potions_floor_usage":[22,23,23,30,33],"damage_taken":[{"damage":6.0,"enemies":"Cultist","floor":1.0,"turns":3.0},{"damage":3.0,"enemies":"2 Louse","floor":2.0,"turns":2.0},{"damage":8.0,"enemies":"Small Slimes","floor":3.0,"turns":3.0},{"damage":12.0,"enemies":"2 Fungi Beasts","floor":4.0,"turns":3.0},{"damage":0.0,"enemies":"Large Slime","floor":5.0,"turns":2.0},{"damage":0.0,"enemies":"Gremlin Nob","floor":6.0,"turns":2.0},{"damage":0.0,"enemies":"Lagavulin","floor":7.0,"turns":7.0},{"damage":13.0,"enemies":"Gremlin Nob","floor":10.0,"turns":4.0},{"damage":5.0,"enemies":"The Guardian","floor":16.0,"turns":7.0},{"damage":13.0,"enemies":"Shell Parasite","floor":18.0,"turns":2.0},{"damage":20.0,"enemies":"2 Thieves","floor":20.0,"turns":3.0},{"damage":13,"enemies":"3 Cultists","floor":21,"turns":3},{"damage":5,"enemies":"Cultist and Chosen","floor":22,"turns":3},{"damage":27,"enemies":"Slavers","floor":23,"turns":3},{"damage":0,"enemies":"Snecko","floor":24,"turns":2},{"damage":32,"enemies":"Book of Stabbing","floor":25,"turns":3},{"damage":0,"enemies":"Sentry and Sphere","floor":29,"turns":3},{"damage":13,"enemies":"Slavers","floor":30,"turns":3},{"damage":18,"enemies":"Champ","floor":33,"turns":3},{"damage":0,"enemies":"3 Darklings","floor":35,"turns":2},{"damage":10,"enemies":"3 Shapes","floor":36,"turns":2},{"damage":12,"enemies":"Writhing Mass","floor":37,"turns":3},{"damage":0,"enemies":"4 Shapes","floor":39,"turns":2},{"damage":6,"enemies":"Nemesis","floor":41,"turns":3},{"damage":0,"enemies":"Maw","floor":44,"turns":2},{"damage":26,"enemies":"Writhing Mass","floor":45,"turns":3},{"damage":0,"enemies":"Reptomancer","floor":46,"turns":2},{"damage":46,"enemies":"Awakened One","floor":50,"turns":4}],"seed_played":"1170855795956055306","potions_obtained":[{"floor":2.0,"key":"PowerPotion"},{"floor":6.0,"key":"SkillPotion"},{"floor":16.0,"key":"SteroidPotion"},{"floor":20.0,"key":"PotionOfCapacity"},{"floor":21,"key":"LiquidBronze"},{"floor":23,"key":"testmod-TimePotion"},{"floor":30,"key":"LiquidBronze"},{"floor":37,"key":"Swift Potion"},{"floor":41,"key":"testmod-SpacePotion"},{"floor":46,"key":"Block Potion"}],"is_trial":true,"path_per_floor":["M","M","M","M","M","E","E","R","T","E","$","$","R","$","R","B",null,"M","?","M","M","M","E","M","E","T","R","R","M","E","$","R","B",null,"M","M","M","$","M","R","E","R","T","M","M","E","?","?","R","B",null],"character_chosen":"DEFECT","items_purchased":["Defragment+1","FearPotion","Storm+1","Static Discharge+1","Recycle","Lockon","Heatsinks+1","Turbo","Medical Kit"],"campfire_rested":1,"item_purchase_floors":[11,11,12,17,31,31,38,38,38],"current_hp_per_floor":[69,66,63,51,61,63,70,70,70,61,61,61,61,61,61,75,77,66,66,58,50,57,39,43,17,17,55,55,67,61,61,61,53,70,70,64,60,60,84,84,82,82,88,90,71,80,80,80,80,51],"gold":1046,"neow_bonus":"","is_daily":false,"chose_seed":false,"campfire_upgraded":8,"win_rate":0.0,"timestamp":1611337469,"path_taken":["M","M","M","M","M","E","E","R","T","E","$","$","R","?","R","BOSS","M","?","M","M","M","E","M","E","T","R","R","M","?","$","R","BOSS","M","M","M","$","M","R","E","R","T","M","M","E","?","?","R","BOSS"],"items_purchased_type":["Card","Potion","Card","Card","Card","Card","Card","Card","Relic"],"build_version":"2020-12-22","purchased_purges":6,"victory":true,"max_hp_per_floor":[75,75,75,75,85,85,85,85,85,85,85,85,85,85,85,85,77,77,77,77,77,77,77,77,77,77,77,77,77,77,77,77,77,70,70,70,70,70,84,84,84,84,90,90,90,90,90,90,90,95],"relic_stats":{"Darkstone Periapt":6,"Regal Pillow":15,"counters":[28,84],"CeramicFish":63,"Pen Nib":[7],"Letter Opener":[140],"Orichalcum":[18],"MawBank":48,"Smiling Mask":175,"Cursed Key":1,"Medical Kit":[1],"Blood Vial":30,"Turnip":[0],"obtain_stats":[{"Darkstone Periapt":3,"AnarchistCookbook":23,"Regal Pillow":9,"GnawedLeaf":25,"CeramicFish":26,"Mango":39,"Smiling Mask":18,"Cursed Key":34,"Ancient Tea Set":36,"SatanicBible":1,"Blood Vial":10,"DeathBook":35,"testmod-StringDisintegrator":17,"testmod-Laevatain":0,"testmod-DeterminationOfClimber":0,"Cracked Core":0,"KeepersGift":0,"Potion Belt":44,"DoctorsRemote":0,"BookofShadows":30,"testmod-TestBox":0,"Pear":5,"Oddly Smooth Stone":41,"Pen Nib":2,"MoneyPower":45,"Letter Opener":19,"Frozen Egg 2":6,"Orichalcum":37,"MawBank":7,"Medical Kit":38,"testmod-Fortitude":43,"testmod-Antiphasic":22,"Anchor":29,"testmod-Acrobat":24,"Turnip":46,"HushsDoor":0,"FossilizedHelix":4},{"Darkstone Periapt":3,"AnarchistCookbook":14,"Regal Pillow":7,"GnawedLeaf":16,"CeramicFish":16,"Mango":23,"Smiling Mask":10,"Cursed Key":19,"Ancient Tea Set":21,"SatanicBible":1,"Blood Vial":8,"DeathBook":20,"testmod-StringDisintegrator":9,"testmod-Laevatain":0,"testmod-DeterminationOfClimber":0,"Cracked Core":0,"KeepersGift":0,"Potion Belt":25,"DoctorsRemote":0,"BookofShadows":18,"testmod-TestBox":0,"Pear":5,"Oddly Smooth Stone":24,"Pen Nib":2,"MoneyPower":26,"Letter Opener":10,"Frozen Egg 2":6,"Orichalcum":22,"MawBank":7,"Medical Kit":22,"testmod-Fortitude":24,"testmod-Antiphasic":13,"Anchor":17,"testmod-Acrobat":15,"Turnip":27,"HushsDoor":0,"FossilizedHelix":4},{"Darkstone Periapt":8,"AnarchistCookbook":47,"Regal Pillow":22,"GnawedLeaf":52,"CeramicFish":52,"Mango":70,"Smiling Mask":35,"Cursed Key":61,"Ancient Tea Set":65,"SatanicBible":3,"Blood Vial":26,"DeathBook":63,"testmod-StringDisintegrator":33,"testmod-Laevatain":0,"testmod-DeterminationOfClimber":0,"Cracked Core":0,"KeepersGift":0,"Potion Belt":75,"DoctorsRemote":0,"BookofShadows":58,"testmod-TestBox":0,"Pear":13,"Oddly Smooth Stone":73,"Pen Nib":5,"MoneyPower":78,"Letter Opener":35,"Frozen Egg 2":15,"Orichalcum":68,"MawBank":22,"Medical Kit":68,"testmod-Fortitude":73,"testmod-Antiphasic":44,"Anchor":55,"testmod-Acrobat":49,"Turnip":80,"HushsDoor":0,"FossilizedHelix":11}]},"card_choices":[{"not_picked":[],"picked":"BettingIsNotGood","floor":0.0},{"not_picked":["Fission","ElectricPowerLearning+1"],"picked":"Creative AI+1","floor":6.0},{"not_picked":["Creative AI+1","Fission"],"picked":"Thunder Strike","floor":7.0},{"not_picked":["Creative AI+1","Fission"],"picked":"Echo Form+1","floor":10.0},{"not_picked":["Rainbow","Thunder Strike"],"picked":"Machine Learning+1","floor":16.0},{"not_picked":["Reboot","Multi-Cast"],"picked":"Biased Cognition+1","floor":23},{"not_picked":["Echo Form+1","Hyperbeam"],"picked":"Core Surge","floor":25},{"not_picked":["Multi-Cast","Machine Learning+1","Thunder Strike"],"picked":"SKIP","floor":30},{"not_picked":["Thunder Strike","Multi-Cast"],"picked":"Electrodynamics+1","floor":33},{"not_picked":["Seek","Amplify"],"picked":"Reboot","floor":41},{"not_picked":["Echo Form+1","Thunder Strike","Amplify"],"picked":"SKIP","floor":46}],"player_experience":98680,"relics_obtained":[{"floor":1.0,"key":"SatanicBible"},{"floor":2.0,"key":"Pen Nib"},{"floor":3.0,"key":"Darkstone Periapt"},{"floor":4.0,"key":"FossilizedHelix"},{"floor":5.0,"key":"Pear"},{"floor":6.0,"key":"Frozen Egg 2"},{"floor":7.0,"key":"MawBank"},{"floor":9.0,"key":"Regal Pillow"},{"floor":10.0,"key":"Blood Vial"},{"floor":18.0,"key":"Smiling Mask"},{"floor":22,"key":"testmod-Antiphasic"},{"floor":23,"key":"AnarchistCookbook"},{"floor":24,"key":"testmod-Acrobat"},{"floor":25,"key":"GnawedLeaf"},{"floor":26,"key":"CeramicFish"},{"floor":29,"key":"Anchor"},{"floor":30,"key":"BookofShadows"},{"floor":35,"key":"DeathBook"},{"floor":36,"key":"Ancient Tea Set"},{"floor":37,"key":"Orichalcum"},{"floor":39,"key":"Mango"},{"floor":41,"key":"Oddly Smooth Stone"},{"floor":43,"key":"testmod-Fortitude"},{"floor":44,"key":"Potion Belt"},{"floor":45,"key":"MoneyPower"},{"floor":46,"key":"Turnip"}],"event_choices":[{"damage_healed":0.0,"max_hp_gain":0.0,"max_hp_loss":0.0,"gold_gain":0.0,"event_name":"The Mausoleum","player_choice":"Opened","floor":19.0,"gold_loss":0.0,"damage_taken":0.0,"relics_obtained":["Letter Opener"]},{"damage_healed":0,"gold_gain":400,"player_choice":"Sell","damage_taken":0,"max_hp_gain":0,"max_hp_loss":0,"event_name":"恩洛斯的盘子","floor":47,"relics_lost":["HushsDoor"],"gold_loss":0}],"is_beta":false,"boss_relics":[{"not_picked":["Runic Dome","testmod-KeyOfTheVoid"],"picked":"testmod-StringDisintegrator"},{"not_picked":[]},{"not_picked":["Fusion Hammer","testmod-Fanaticism"],"picked":"Cursed Key"},{"not_picked":[]}],"items_purged_floors":[11,12,17,31,34,38],"is_endless":false,"potions_floor_spawned":[2,6,16,20,21,23,30,37,41,46],"ascension_level":0}}