{"host":"g8ufh7m4frdlkxwv","time":1611295519,"event":{"mods":["AchievementEnabler","BaseMod","Colored Map","Dark Map","Minty Spire (QoL Compilation)","Relic Stats","StSLib","ojb\u0027s Info Mod"],"gold_per_floor":[110,260,25,44,56,56,83,102,102,129,129,164,164,178,178,178,178],"floor_reached":16,"language":"ENG","playtime":874,"items_purged":["Doubt"],"score":290,"play_id":"a9705681-6d1c-4687-9b32-b4bb497957fa","local_time":"20210122070519","is_ascension_mode":true,"campfire_choices":[{"data":"Eviscerate","floor":6.0,"key":"SMITH"},{"floor":11.0,"key":"REST"},{"data":"Phantasmal Killer","floor":15.0,"key":"SMITH"}],"circlet_count":0,"master_deck":["AscendersBane","Strike_G","Strike_G","Strike_G","Strike_G","Strike_G","Defend_G","Defend_G","Defend_G","Defend_G","Survivor","Neutralize","Poisoned Stab","Eviscerate+1","Escape Plan","Slice","Phantasmal Killer+1","Die Die Die","Dagger Spray"],"relics":["Ring of the Snake","Akabeko","Darkstone Periapt","Mummified Hand","Orichalcum","Anchor"],"acts_visited":["Exordium"],"potions_floor_usage":[],"damage_taken":[{"damage":1.0,"enemies":"2 Louse","floor":1.0,"turns":4.0},{"damage":0.0,"enemies":"Small Slimes","floor":4.0,"turns":3.0},{"damage":4.0,"enemies":"Jaw Worm","floor":5.0,"turns":3.0},{"damage":38.0,"enemies":"Lagavulin","floor":7.0,"turns":7.0},{"damage":2.0,"enemies":"Gremlin Gang","floor":8.0,"turns":4.0},{"damage":12.0,"enemies":"3 Sentries","floor":10.0,"turns":4.0},{"damage":0.0,"enemies":"Gremlin Nob","floor":12.0,"turns":3.0},{"damage":0.0,"enemies":"Exordium Thugs","floor":14.0,"turns":3.0},{"damage":32,"enemies":"The Guardian","floor":16,"turns":9}],"seed_played":"2311740237969633502","potions_obtained":[{"floor":7.0,"key":"ColorlessPotion"},{"floor":8.0,"key":"AttackPotion"},{"floor":12.0,"key":"Explosive Potion"}],"is_trial":false,"path_per_floor":["M","?","$","M","M","R","E","M","T","E","R","E","?","M","R","B"],"character_chosen":"THE_SILENT","items_purchased":["Akabeko"],"campfire_rested":1,"item_purchase_floors":[3],"current_hp_per_floor":[64,64,64,64,60,60,22,20,20,8,29,29,29,29,29,0,0],"gold":178,"neow_bonus":"TEN_PERCENT_HP_BONUS","is_daily":false,"chose_seed":false,"campfire_upgraded":2,"win_rate":0.0,"timestamp":1611295519,"path_taken":["M","?","$","M","M","R","E","M","T","E","R","E","?","M","R","BOSS"],"items_purchased_type":["Relic"],"build_version":"2020-12-22","purchased_purges":1,"victory":false,"max_hp_per_floor":[72,72,72,72,72,72,72,72,72,72,72,72,72,72,72,72,72],"relic_stats":{"Darkstone Periapt":0,"counters":[9,40],"Mummified Hand":[0],"Orichalcum":[36],"obtain_stats":[{"Darkstone Periapt":7,"Anchor":12,"Mummified Hand":9,"Orichalcum":10,"Akabeko":3,"Ring of the Snake":0},{"Darkstone Periapt":4,"Anchor":7,"Mummified Hand":5,"Orichalcum":6,"Akabeko":1,"Ring of the Snake":0},{"Darkstone Periapt":17,"Anchor":28,"Mummified Hand":21,"Orichalcum":25,"Akabeko":4,"Ring of the Snake":0}],"Ring of the Snake":[18]},"card_choices":[{"not_picked":["Deadly Poison","Escape Plan"],"picked":"Poisoned Stab","floor":1.0},{"not_picked":["Bouncing Flask","Reflex","Caltrops"],"picked":"SKIP","floor":4.0},{"not_picked":["Acrobatics","PiercingWail"],"picked":"Eviscerate","floor":5.0},{"not_picked":["Choke","Blur"],"picked":"Escape Plan","floor":7.0},{"not_picked":["Backflip","Catalyst"],"picked":"Slice","floor":8.0},{"not_picked":["Skewer","Flying Knee","Deflect"],"picked":"SKIP","floor":10.0},{"not_picked":["Dodge and Roll","PiercingWail"],"picked":"Phantasmal Killer","floor":12.0},{"not_picked":["Outmaneuver","Deflect"],"picked":"Dagger Spray","floor":14.0}],"player_experience":1070751,"relics_obtained":[{"floor":7.0,"key":"Darkstone Periapt"},{"floor":9.0,"key":"Mummified Hand"},{"floor":10.0,"key":"Orichalcum"},{"floor":12.0,"key":"Anchor"}],"event_choices":[{"damage_healed":0.0,"max_hp_gain":0.0,"max_hp_loss":0.0,"gold_gain":150.0,"event_name":"Liars Game","player_choice":"AGREE","floor":2.0,"gold_loss":0.0,"damage_taken":0.0,"cards_obtained":["Doubt"]},{"damage_healed":0.0,"max_hp_gain":0.0,"max_hp_loss":0.0,"gold_gain":0.0,"cards_transformed":["Defend_G"],"event_name":"Living Wall","player_choice":"Change","floor":13.0,"gold_loss":0.0,"damage_taken":0.0,"cards_obtained":["Die Die Die"]}],"is_beta":false,"boss_relics":[],"items_purged_floors":[3],"is_endless":false,"potions_floor_spawned":[7,8,12],"killed_by":"The Guardian","ascension_level":20}}