{"host":"Bilverbakes","time":1611349447,"event":{"mods":["2.2 Compatiblity","AchievementEnabler","BaseMod","Bestiary","Colored Map","Minty Spire (QoL Compilation)","Relic Stats","StSLib","ojb\u0027s Info Mod"],"gold_per_floor":[368,17,37,48,58,90,102,102,127,162,162,162,178,195,195,195,195],"floor_reached":16,"language":"ENG","playtime":719,"items_purged":["Parasite"],"score":278,"play_id":"c76a508a-e5d3-45d6-8c11-9bd4f345fd14","local_time":"20210122150407","is_ascension_mode":true,"campfire_choices":[{"data":"Eruption","floor":8.0,"key":"SMITH"},{"floor":15.0,"key":"DIG"}],"circlet_count":0,"master_deck":["AscendersBane","Strike_P","Strike_P","Strike_P","Strike_P","Defend_P","Defend_P","Defend_P","Defend_P","Eruption+1","Vigilance","BowlingBash","EmptyFist","Vault","Conclude","EmptyMind","Meditate+1"],"relics":["PureWater","Ornamental Fan","Shovel","Omamori","Bag of Marbles","Regal Pillow"],"acts_visited":["Exordium"],"potions_floor_usage":[16],"damage_taken":[{"damage":14.0,"enemies":"Cultist","floor":1.0,"turns":6.0},{"damage":0.0,"enemies":"2 Louse","floor":3.0,"turns":2.0},{"damage":0.0,"enemies":"Small Slimes","floor":4.0,"turns":2.0},{"damage":2.0,"enemies":"Gremlin Gang","floor":5.0,"turns":5.0},{"damage":32.0,"enemies":"Gremlin Nob","floor":6.0,"turns":4.0},{"damage":0.0,"enemies":"Exordium Thugs","floor":7.0,"turns":5.0},{"damage":0.0,"enemies":"3 Sentries","floor":10.0,"turns":2.0},{"damage":0.0,"enemies":"Looter","floor":13.0,"turns":1.0},{"damage":0.0,"enemies":"Large Slime","floor":14.0,"turns":5.0},{"damage":29,"enemies":"The Guardian","floor":16,"turns":10}],"seed_played":"-7437967511792426099","potions_obtained":[{"floor":3.0,"key":"GamblersBrew"},{"floor":5.0,"key":"SkillPotion"},{"floor":13.0,"key":"DuplicationPotion"}],"is_trial":false,"path_per_floor":["M","$","M","M","M","E","M","R","T","E","?","?","M","M","R","B"],"character_chosen":"WATCHER","items_purchased":["Ornamental Fan"],"campfire_rested":0,"item_purchase_floors":[2],"current_hp_per_floor":[47,47,47,47,45,13,13,13,13,13,34,34,34,34,34,5,5],"gold":195,"neow_bonus":"TWO_FIFTY_GOLD","is_daily":false,"chose_seed":false,"campfire_upgraded":1,"win_rate":0.0,"timestamp":1611349447,"path_taken":["M","$","M","M","?","E","M","R","T","E","?","?","?","M","R","BOSS"],"items_purchased_type":["Relic"],"build_version":"2020-12-18","purchased_purges":1,"victory":false,"max_hp_per_floor":[68,65,65,65,65,65,65,65,65,65,65,65,65,65,65,65,65],"relic_stats":{"Regal Pillow":0,"Shovel":1,"counters":[10,42],"Ornamental Fan":[56],"obtain_stats":[{"Regal Pillow":15,"Shovel":6,"Ornamental Fan":2,"Omamori":9,"Bag of Marbles":10,"PureWater":0},{"Regal Pillow":9,"Shovel":5,"Ornamental Fan":1,"Omamori":6,"Bag of Marbles":7,"PureWater":0},{"Regal Pillow":32,"Shovel":19,"Ornamental Fan":6,"Omamori":24,"Bag of Marbles":26,"PureWater":0}]},"card_choices":[{"not_picked":["CrushJoints","ClearTheMind"],"picked":"BowlingBash","floor":1.0},{"not_picked":["Consecrate","WindmillStrike"],"picked":"EmptyFist","floor":3.0},{"not_picked":["BowlingBash","WaveOfTheHand"],"picked":"Vault","floor":4.0},{"not_picked":["Perseverance","Adaptation"],"picked":"Conclude","floor":5.0},{"not_picked":["PathToVictory","BattleHymn","Alpha"],"picked":"SKIP","floor":6.0},{"not_picked":["CarveReality","ClearTheMind"],"picked":"EmptyMind","floor":7.0},{"not_picked":["ReachHeaven","SashWhip"],"picked":"Meditate","floor":10.0},{"not_picked":["Fasting2","SashWhip","Halt"],"picked":"SKIP","floor":13.0},{"not_picked":["Halt","SpiritShield","Prostrate"],"picked":"SKIP","floor":14.0}],"player_experience":775421,"relics_obtained":[{"floor":6.0,"key":"Shovel"},{"floor":9.0,"key":"Omamori"},{"floor":10.0,"key":"Bag of Marbles"},{"floor":15.0,"key":"Regal Pillow"}],"event_choices":[{"damage_healed":21.0,"max_hp_gain":0.0,"max_hp_loss":0.0,"gold_gain":0.0,"event_name":"Big Fish","player_choice":"Banana","floor":11.0,"gold_loss":0.0,"damage_taken":0.0},{"damage_healed":0.0,"max_hp_gain":0.0,"max_hp_loss":0.0,"gold_gain":0.0,"event_name":"Upgrade Shrine","player_choice":"Upgraded","floor":12.0,"gold_loss":0.0,"damage_taken":0.0,"cards_upgraded":["Meditate"]}],"is_beta":true,"boss_relics":[],"items_purged_floors":[2],"is_endless":false,"potions_floor_spawned":[3,5,13],"killed_by":"The Guardian","ascension_level":20}}