{"host":"TheShotgunBoss","time":1611283265,"event":{"mods":["AchievementEnabler","Always Whale","Aspiration","BaseMod","Beaked The Cultist","Colored Map","Colored Powertips","Colorless Booster Pack","Conspire","Downfall","Energized Spire","FetchMod","GifTheSpireLib","Halation","Hubris","Infinite Spire","Jedi Mod","Minty Spire (QoL Compilation)","Poor People Problems","Quick Restart","RNG!","Relic Sorter","SacredBarkPlus","Shop Mod","Spikes Relics","StSLib","Stuff the Spire","The Blue Laboratory","The Construct","Uncapped","Unceasing Turn Reminder","everything is the same but u backflip on backflip","vexMod","??????REMEMod"],"gold_per_floor":[99,99,99,99,99,99,152,152,8,37,37,62,62,74,93,195,195,95,105,123,123,123,208,233,98,98,110,10,37,37,49,64,160,210,210,226,240,149,159,65,65,92,42,42,52,68,68,153,222,272,272,272,272,272],"floor_reached":52,"language":"ENG","playtime":3224,"items_purged":["hubris:Compulsion","Injury","Guardian:Strike_Guardian"],"score":823,"play_id":"5feb44a5-1350-46b4-b529-c78a90cd2881","local_time":"20210121214105","is_ascension_mode":true,"campfire_choices":[{"data":"expansioncontent:StudyTheSpire","floor":1,"key":"SMITH"},{"data":"Guardian:TwinSlam","floor":8,"key":"SMITH"},{"data":"Guardian:Orbwalk","floor":13,"key":"SMITH"},{"data":"Guardian:Suspension","floor":18,"key":"SMITH"},{"data":"Guardian:Repulse","floor":22,"key":"SMITH"},{"floor":26,"key":"RECALL"},{"data":"Guardian:VentSteam","floor":28,"key":"SMITH"},{"data":"Guardian:CurlUp","floor":35,"key":"SMITH"},{"floor":43,"key":"REST"},{"floor":47,"key":"REST"}],"circlet_count":0,"master_deck":["Guardian:Strike_Guardian+1","Guardian:Strike_Guardian+1","Guardian:Strike_Guardian+1","Guardian:Defend_Guardian","Guardian:Defend_Guardian","Guardian:Defend_Guardian+1","Guardian:Defend_Guardian+1","Guardian:CurlUp+1","Guardian:TwinSlam+1","expansioncontent:StudyTheSpire+1","Guardian:PolyBeam+1","Guardian:PrimingBeam+1","Guardian:Orbwalk+1","Guardian:Recover","Guardian:Suspension+1","Guardian:BronzeOrb+1","Guardian:StasisStrike+1","Guardian:Repulse+1","Guardian:DecasProtection+1","Guardian:RollAttack+1","Guardian:VentSteam+1","Guardian:Emergency","Guardian:ShieldCharger+1","Guardian:StasisField+1","Guardian:GuardianWhirl+1","Guardian:Clone+1","Guardian:Orbwalk+1","Hatred","Guardian:BaubleBeam+1","Guardian:Preprogram+1"],"relics":["Guardian:ModeShifter","hubris:Icosahedron","REME_ComplimentaryCards","downfall:HeartsMalice","Molten Egg 2","jedi:arcanewood","construct:RocketBooster","Pear","Cursed Key","downfall:HeartBlessingGreen","jedi:crownofsimplicity","downfall:HeartBlessingRed","Bronze Scales","vexMod:MysteryBossChallenge","Tiny House","StuffTheSpire:NeowsTribute","hubris:MobiusCoin","downfall:HeartBlessingBlue","hubris:TenFootPole"],"acts_visited":["Exordium","TheCity","TheBeyond","TheEnding"],"potions_floor_usage":[33],"damage_taken":[{"damage":0,"enemies":"2 Louse","floor":2,"turns":1},{"damage":0,"enemies":"Small Slimes","floor":5,"turns":1},{"damage":0,"enemies":"downfall:FleeingMerchant","floor":9,"turns":1},{"damage":27,"enemies":"Gremlin Nob","floor":10,"turns":6},{"damage":18,"enemies":"Lagavulin","floor":12,"turns":8},{"damage":0,"enemies":"Cultist","floor":14,"turns":3},{"damage":15,"enemies":"Large Slime","floor":15,"turns":5},{"damage":1,"enemies":"WA_ARCHETYPE_RETAIN","floor":16,"turns":7},{"damage":3,"enemies":"Chosen","floor":19,"turns":4},{"damage":0,"enemies":"Snecko","floor":20,"turns":5},{"damage":2,"enemies":"downfall:FleeingMerchant","floor":25,"turns":4},{"damage":1,"enemies":"Cultist and Chosen","floor":27,"turns":5},{"damage":18,"enemies":"Slavers","floor":29,"turns":5},{"damage":0,"enemies":"Snake Plant","floor":31,"turns":3},{"damage":2,"enemies":"Chosen and Byrds","floor":32,"turns":4},{"damage":24,"enemies":"IC_MUSHROOM_ARCHETYPE","floor":33,"turns":6},{"damage":0,"enemies":"Orb Walker","floor":36,"turns":3},{"damage":11,"enemies":"3 Shapes","floor":37,"turns":3},{"damage":0,"enemies":"downfall:FleeingMerchant","floor":38,"turns":4},{"damage":21,"enemies":"Spire Growth","floor":39,"turns":5},{"damage":0,"enemies":"downfall:FleeingMerchant","floor":40,"turns":4},{"damage":41,"enemies":"Giant Head","floor":42,"turns":9},{"damage":0,"enemies":"4 Shapes","floor":45,"turns":5},{"damage":1,"enemies":"Transient","floor":46,"turns":5},{"damage":11,"enemies":"Reptomancer","floor":48,"turns":5},{"damage":0,"enemies":"3 Darklings","floor":49,"turns":6},{"damage":3,"enemies":"SI_POISON_ARCHETYPE","floor":50,"turns":14},{"damage":144,"enemies":"downfall:CharBossMerchant","floor":52,"turns":11}],"seed_played":"819127473227831709","potions_obtained":[{"floor":10,"key":"Ancient Potion"},{"floor":14,"key":"blueLaboratory:NullPotion"},{"floor":15,"key":"blueLaboratory:HeartbeatPotion"},{"floor":16,"key":"blueLaboratory:PolymorphPotion"},{"floor":27,"key":"blueLaboratory:CorrosionFlask"},{"floor":31,"key":"blueLaboratory:BubblePotion"},{"floor":32,"key":"blueLaboratory:RememoryPotion"},{"floor":34,"key":"Ancient Potion"},{"floor":36,"key":"SpeedPotion"},{"floor":46,"key":"blueLaboratory:BottleOfVodka"}],"is_trial":false,"path_per_floor":["R","M","?","?","M","?","T","R","$","E","?","E","R","M","M","B",null,"R","M","M","?","R","?","T","$","R","M","R","E","$","M","M","B",null,"R","M","M","?","M","$","T","E","R","?","M","M","R","E","M","B",null,"E"],"character_chosen":"GUARDIAN","items_purchased":["Guardian:PolyBeam+1","Guardian:PrimingBeam+1","Guardian:Gem_Lightblue","Guardian:RollAttack+1","Guardian:Clone","Guardian:Orbwalk","StuffTheSpire:NeowsTribute"],"campfire_rested":2,"item_purchase_floors":[9,9,9,25,38,40,40],"current_hp_per_floor":[80,80,80,80,80,80,80,80,80,53,53,45,45,45,30,29,90,90,87,87,90,90,74,74,72,72,71,71,53,48,48,46,22,95,95,95,84,84,63,63,63,22,63,63,63,62,93,82,82,79,105,0,0,0],"gold":272,"neow_bonus":"THREE_ENEMY_KILL","is_daily":false,"chose_seed":false,"campfire_upgraded":7,"win_rate":0.0,"timestamp":1611283265,"path_taken":["R","M","?","?","M","?","T","R","$","E","?","E","R","?","M","BOSS","R","M","M","?","?","?","T","$","R","M","R","E","?","?","M","BOSS","R","M","M","?","M","$","T","E","R","?","M","M","?","E","M","BOSS","E"],"items_purchased_type":["Card","Card","Card","Card","Card","Card","Relic"],"build_version":"2020-12-18","purchased_purges":3,"victory":false,"max_hp_per_floor":[80,80,80,80,80,80,80,80,80,80,80,90,90,90,90,90,90,90,90,90,90,90,90,90,90,90,90,90,90,90,90,90,90,95,95,95,95,95,95,95,95,95,105,105,105,105,105,105,105,105,105,105,105,105],"card_choices":[{"not_picked":["Guardian:PrimingBeam","Guardian:ShieldSpikes"],"picked":"Guardian:Gem_Green","floor":2},{"not_picked":["Guardian:Clone","Guardian:Reroute+1","Guardian:TemporalShield"],"picked":"SKIP","floor":5},{"not_picked":["Guardian:WalkerClaw+1","Guardian:Gem_Lightblue"],"picked":"Guardian:Gem_Purple","floor":9},{"not_picked":["Guardian:Clone","Guardian:PolyBeam+1"],"picked":"Guardian:Orbwalk","floor":10},{"not_picked":["Guardian:Gem_Green","Guardian:VentSteam"],"picked":"Guardian:Recover","floor":12},{"not_picked":["Guardian:RevengeProtocol","Guardian:RefractedBeam+1"],"picked":"Guardian:Suspension","floor":14},{"not_picked":["Guardian:ShieldCharger","Guardian:PiercingHide"],"picked":"Guardian:BronzeOrb+1","floor":15},{"not_picked":["Guardian:RevengeProtocol","Guardian:ConstructionForm"],"picked":"Guardian:StasisStrike+1","floor":16},{"not_picked":["Guardian:WalkerClaw+1","Guardian:Gem_Red"],"picked":"Guardian:Repulse","floor":19},{"not_picked":["Guardian:ChargeCore+1","Guardian:Gem_Lightblue"],"picked":"Guardian:DecasProtection+1","floor":20},{"not_picked":["Guardian:TemporalStrike+1","Guardian:ShieldCharger","Guardian:PiercingHide"],"picked":"SKIP","floor":25},{"not_picked":["Guardian:FastForward","Guardian:SentryBeam+1"],"picked":"Guardian:VentSteam","floor":27},{"not_picked":["Guardian:TemporalStrike+1","Guardian:CrystalBeam+1"],"picked":"Guardian:Emergency","floor":29},{"not_picked":["Guardian:Repulse","Guardian:Recover"],"picked":"Guardian:Gem_Purple","floor":31},{"not_picked":["Guardian:Reroute+1","Guardian:Incinerate+1"],"picked":"Guardian:ShieldCharger+1","floor":32},{"not_picked":["Guardian:Gem_Orange","Guardian:ConstructionForm"],"picked":"Guardian:StasisField","floor":33},{"not_picked":["Guardian:Gem_Cyan","Guardian:Incinerate+1"],"picked":"Guardian:GuardianWhirl+1","floor":34},{"not_picked":["Guardian:Incinerate+1","Guardian:PrimingBeam+1","Guardian:DonusPower"],"picked":"SKIP","floor":36},{"not_picked":["Guardian:CrystalBeam+1","Guardian:VentSteam"],"picked":"Guardian:Gem_Cyan","floor":37},{"not_picked":["Guardian:CrystalBeam+1","Guardian:TemporalStrike+1","Guardian:Emergency+1"],"picked":"SKIP","floor":38},{"not_picked":["Guardian:ShieldSpikes+1","Guardian:EvasiveProtocol+1"],"picked":"Guardian:Gem_Purple","floor":39},{"not_picked":["Guardian:Incinerate+1","Guardian:Reroute+1"],"picked":"Guardian:Gem_Green","floor":40},{"not_picked":["Guardian:Recover+1","Guardian:Incinerate+1"],"picked":"Guardian:BaubleBeam+1","floor":42},{"not_picked":["Guardian:Gem_Fragmented","Guardian:TimeCapacitor+1","Guardian:PrimingBeam+1"],"picked":"SKIP","floor":45},{"not_picked":["Guardian:ShieldSpikes+1","Guardian:Gem_Yellow"],"picked":"Guardian:Preprogram+1","floor":46},{"not_picked":["Guardian:Harden","Guardian:RollAttack+1","Guardian:PrimingBeam+1"],"picked":"SKIP","floor":48},{"not_picked":["Guardian:Gem_Lightblue","Guardian:Incinerate+1","Guardian:PrimingBeam+1"],"picked":"SKIP","floor":49}],"player_experience":286885,"relics_obtained":[{"floor":7,"key":"jedi:arcanewood"},{"floor":10,"key":"construct:RocketBooster"},{"floor":12,"key":"Pear"},{"floor":24,"key":"jedi:crownofsimplicity"},{"floor":29,"key":"Bronze Scales"},{"floor":42,"key":"hubris:MobiusCoin"},{"floor":48,"key":"hubris:TenFootPole"}],"event_choices":[],"is_beta":true,"boss_relics":[{"not_picked":["halation:CatFaceCupcake","energizedSpire:EnergizedDie"],"picked":"Cursed Key"},{"not_picked":["aspiration:BeakedSkillbook","halation:PinkAlligatorPlush"],"picked":"vexMod:MysteryBossChallenge"}],"items_purged_floors":[25,30,40],"is_endless":false,"potions_floor_spawned":[10,14,15,16,27,31,32,36,39,45,46,49],"killed_by":"downfall:CharBossMerchant","ascension_level":1}}