{"host":"6p0attdrtjqaih7v","time":1611351466,"event":{"mods":["2.2 Compatiblity","AchievementEnabler","Bard","BaseMod","Better Skull","Better Third Choice","Colored Powertips","Hermit","Highlight Path","Jorbs\u0027s Wanderer Trilogy","Key Reminder","Minty Spire (QoL Compilation)","Permanent Neow","Quick Restart","Random Character Button","Relic Stats","Replay The Spire","Robot Space Explorer","StSLib"],"gold_per_floor":[109,122,138,148,148,148,174,234,234,31,42,42,54,127,127,202,202,215,215,232,242,255,255,290,308,331,331,362,70,70,103,103,179,179,198,198,209,134,134,168,168,197,251,251,38,71,71,103,103,103,103],"floor_reached":52,"language":"ENG","playtime":2620,"items_purged":["Strike_R"],"score":2198,"play_id":"cd0410b6-ae88-4930-960f-aa33cf306473","local_time":"20210122163746","is_ascension_mode":true,"campfire_choices":[{"data":"Bash","floor":6,"key":"SMITH"},{"data":"Immolate","floor":12,"key":"SMITH"},{"floor":15,"key":"REST"},{"data":"Flame Barrier","floor":23,"key":"SMITH"},{"data":"True Grit","floor":30,"key":"SMITH"},{"data":"Clothesline","floor":32,"key":"SMITH"},{"data":"Fiend Fire","floor":41,"key":"SMITH"},{"data":"Strike_R","floor":47,"key":"PURGE"}],"circlet_count":0,"master_deck":["AscendersBane","Strike_R","Strike_R","Strike_R+1","Defend_R","Defend_R","Defend_R+1","Defend_R","Bash+1","Clothesline+1","Cleave","Battle Trance","Second Wind","Twin Strike","Anger","Immolate+1","Flame Barrier+1","Thunderclap","Life Link","Dark Embrace","Shrug It Off","Replay:Undeath\u0027s Touch","True Grit+1","Demon Form+1","Fiend Fire+1","Heavy Blade+1","Apotheosis","Master of Strategy","ReplayTheSpireMod:Private Reserves","Shrug It Off","Replay:Undeath\u0027s Touch","Life Link+1"],"relics":["Burning Blood","Akabeko","Replay:Multitool","Iron Hammer","Replay:Bottled Steam","Bottled Lightning","Runic Pyramid","Nilry\u0027s Codex","Eternal Feather","Gambling Chip","Juzu Bracelet","Paper Frog","Mercury Hourglass","Calipers","keyreminder:keyreminder","Mark of Pain","Blue Doll","Pen Nib","Simple Rune","OrangePellets","Mummified Hand","Divine Protection"],"acts_visited":["Exordium","TheCity","TheBeyond"],"potions_floor_usage":[7,31,51],"damage_taken":[{"damage":2,"enemies":"Cultist","floor":1,"turns":4},{"damage":6,"enemies":"Jaw Worm","floor":2,"turns":4},{"damage":5,"enemies":"Small Slimes","floor":3,"turns":3},{"damage":12,"enemies":"Blue Slaver","floor":4,"turns":4},{"damage":32,"enemies":"Gremlin Nob","floor":7,"turns":4},{"damage":41,"enemies":"Lagavulin Event","floor":8,"turns":6},{"damage":0,"enemies":"Looter","floor":11,"turns":2},{"damage":0,"enemies":"Exordium Wildlife","floor":13,"turns":3},{"damage":0,"enemies":"Slime Boss","floor":16,"turns":7},{"damage":16,"enemies":"2 Thieves","floor":18,"turns":4},{"damage":0,"enemies":"3 Byrds","floor":20,"turns":3},{"damage":0,"enemies":"Snecko","floor":21,"turns":2},{"damage":0,"enemies":"3 Cultists","floor":22,"turns":3},{"damage":21,"enemies":"Slavers","floor":24,"turns":3},{"damage":31,"enemies":"Gremlin Leader","floor":28,"turns":6},{"damage":33,"enemies":"Book of Stabbing","floor":31,"turns":5},{"damage":84,"enemies":"Collector","floor":33,"turns":10},{"damage":0,"enemies":"3 Darklings","floor":35,"turns":1},{"damage":3,"enemies":"Orb Walker","floor":37,"turns":3},{"damage":13,"enemies":"R_Hoarder","floor":40,"turns":8},{"damage":0,"enemies":"Reptomancer","floor":42,"turns":3},{"damage":10,"enemies":"Giant Head","floor":46,"turns":6},{"damage":16,"enemies":"Reptomancer","floor":48,"turns":6},{"damage":14,"enemies":"Time Eater","floor":50,"turns":5},{"damage":4,"enemies":"Donu and Deca","floor":51,"turns":4}],"seed_played":"6899269885643955289","potions_obtained":[{"floor":2,"key":"SteroidPotion"},{"floor":13,"key":"Ancient Potion"},{"floor":28,"key":"FairyPotion"},{"floor":37,"key":"Adrenaline Potion"}],"is_trial":false,"path_per_floor":["M","M","M","M","?","R","E","?","T","$","M","R","M","T","R","B",null,"M","?","M","M","M","R","E","?","T","?","E","$","R","E","R","B",null,"M","?","M","$","?","E","R","E","T","?","$","E","R","E","R","B","B",null],"character_chosen":"IRONCLAD","items_purchased":["Immolate","Weak Potion","True Grit","Mercury Hourglass","OrangePellets","Shrug It Off"],"campfire_rested":1,"item_purchase_floors":[10,10,29,29,45,45],"current_hp_per_floor":[72,72,73,67,72,72,46,11,11,11,17,17,23,23,47,53,73,67,46,56,62,68,68,75,49,49,49,55,55,70,43,58,11,63,69,69,80,80,80,73,80,80,80,70,70,66,80,70,76,68,70],"gold":103,"neow_bonus":"RANDOM_COMMON_RELIC","is_daily":false,"chose_seed":false,"campfire_upgraded":6,"win_rate":0.0,"timestamp":1611351466,"path_taken":["M","M","M","?","?","R","E","?","T","$","M","R","M","?","R","BOSS","M","?","M","M","M","R","E","?","T","?","E","$","R","E","R","BOSS","M","?","M","$","?","E","R","E","T","?","$","E","R","E","R","BOSS","BOSS"],"items_purchased_type":["Card","Potion","Card","Relic","Relic","Card"],"build_version":"2020-12-22","purchased_purges":1,"victory":true,"max_hp_per_floor":[75,75,75,75,80,80,80,80,80,80,80,80,80,80,80,80,80,80,80,80,80,80,80,80,80,80,80,80,80,80,80,80,80,80,80,80,80,80,80,80,80,80,80,80,80,80,80,80,76,76,76],"relic_stats":{"OrangePellets":[10],"counters":[25,109],"Mummified Hand":[14],"Gambling Chip":[33],"Eternal Feather":61,"Pen Nib":[4],"Juzu Bracelet":1,"obtain_stats":[{"Divine Protection":48,"Calipers":31,"Nilry\u0027s Codex":19,"Eternal Feather":24,"Blue Doll":40,"Pen Nib":42,"Replay:Multitool":7,"Juzu Bracelet":26,"Burning Blood":0,"Akabeko":0,"Mercury Hourglass":29,"keyreminder:keyreminder":31,"OrangePellets":45,"Mummified Hand":46,"Gambling Chip":25,"Simple Rune":43,"Iron Hammer":8,"Mark of Pain":34,"Bottled Lightning":14,"Replay:Bottled Steam":9,"Runic Pyramid":17,"Paper Frog":28},{"Divine Protection":23,"Calipers":16,"Nilry\u0027s Codex":10,"Eternal Feather":14,"Blue Doll":20,"Pen Nib":21,"Replay:Multitool":5,"Juzu Bracelet":14,"Burning Blood":0,"Akabeko":0,"Mercury Hourglass":15,"keyreminder:keyreminder":16,"OrangePellets":21,"Mummified Hand":22,"Gambling Chip":14,"Simple Rune":21,"Iron Hammer":5,"Mark of Pain":17,"Bottled Lightning":8,"Replay:Bottled Steam":6,"Runic Pyramid":9,"Paper Frog":15},{"Divine Protection":100,"Calipers":63,"Nilry\u0027s Codex":41,"Eternal Feather":52,"Blue Doll":85,"Pen Nib":88,"Replay:Multitool":19,"Juzu Bracelet":52,"Burning Blood":0,"Akabeko":0,"Mercury Hourglass":58,"keyreminder:keyreminder":63,"OrangePellets":88,"Mummified Hand":94,"Gambling Chip":52,"Simple Rune":88,"Iron Hammer":19,"Mark of Pain":73,"Bottled Lightning":30,"Replay:Bottled Steam":25,"Runic Pyramid":37,"Paper Frog":58}],"Burning Blood":141,"Mercury Hourglass":[190]},"card_choices":[{"not_picked":["Flex","Rampage"],"picked":"Clothesline","floor":1},{"not_picked":["Warcry","Seeing Red"],"picked":"Cleave","floor":2},{"not_picked":["Searing Blow","Warcry"],"picked":"Battle Trance","floor":3},{"not_picked":["Perfected Strike","Double Tap"],"picked":"Second Wind","floor":4},{"not_picked":["Pommel Strike","Perfected Strike"],"picked":"Twin Strike","floor":7},{"not_picked":["Pummel","ReplayTheSpireMod:Strike From Hell"],"picked":"Anger","floor":8},{"not_picked":["Rupture","Cleave"],"picked":"Flame Barrier","floor":11},{"not_picked":["Twin Strike","Clash","Sword Boomerang"],"picked":"SKIP","floor":13},{"not_picked":["Juggernaut","Immolate"],"picked":"Reaper","floor":16},{"not_picked":["Anger","Sword Boomerang"],"picked":"Thunderclap","floor":18},{"not_picked":["Iron Wave","Evolve+1"],"picked":"Life Link","floor":20},{"not_picked":["Pommel Strike","Clothesline+1","Body Slam"],"picked":"SKIP","floor":21},{"not_picked":["Twin Strike","Searing Blow+1"],"picked":"Dark Embrace","floor":22},{"not_picked":["Wild Strike","Life Link+1","Limit Break"],"picked":"SKIP","floor":24},{"not_picked":["Wild Strike","Life Link+1","Limit Break"],"picked":"SKIP","floor":24},{"not_picked":["Armaments","Cleave"],"picked":"Shrug It Off","floor":25},{"not_picked":["Warcry","ReplayTheSpireMod:Limb From Limb"],"picked":"Replay:Undeath\u0027s Touch","floor":28},{"not_picked":["Armaments","Battle Trance","Pommel Strike"],"picked":"SKIP","floor":31},{"not_picked":["Brutality","Exhume"],"picked":"Demon Form","floor":33},{"not_picked":["Wild Strike","Reckless Charge","Pommel Strike"],"picked":"SKIP","floor":35},{"not_picked":["Iron Wave","Havoc","Limit Break"],"picked":"SKIP","floor":37},{"not_picked":["Clothesline","Power Through"],"picked":"Fiend Fire","floor":40},{"not_picked":["Armaments","Cleave"],"picked":"Heavy Blade+1","floor":42},{"not_picked":["Madness","Blind"],"picked":"Apotheosis","floor":44},{"not_picked":["Dark Shackles","Swift Strike"],"picked":"Master of Strategy","floor":44},{"not_picked":["Thinking Ahead","Enlightenment"],"picked":"ReplayTheSpireMod:Private Reserves","floor":44},{"not_picked":["Seeing Red","Pummel+1"],"picked":"Replay:Undeath\u0027s Touch","floor":46},{"not_picked":["Hemokinesis","Sever Soul+1"],"picked":"Life Link+1","floor":48}],"player_experience":916922,"relics_obtained":[{"floor":7,"key":"Replay:Multitool"},{"floor":9,"key":"Replay:Bottled Steam"},{"floor":14,"key":"Bottled Lightning"},{"floor":19,"key":"Nilry\u0027s Codex"},{"floor":24,"key":"Eternal Feather"},{"floor":25,"key":"Gambling Chip"},{"floor":26,"key":"Juzu Bracelet"},{"floor":28,"key":"Paper Frog"},{"floor":31,"key":"Calipers"},{"floor":40,"key":"Blue Doll"},{"floor":42,"key":"Pen Nib"},{"floor":43,"key":"Simple Rune"},{"floor":46,"key":"Mummified Hand"},{"floor":48,"key":"Divine Protection"}],"event_choices":[{"damage_healed":0,"gold_gain":0,"player_choice":"Donut","damage_taken":0,"max_hp_gain":5,"max_hp_loss":0,"event_name":"Big Fish","floor":5,"gold_loss":0},{"damage_healed":0,"gold_gain":0,"player_choice":"Searched \u00272\u0027 times","damage_taken":0,"relics_obtained":["Iron Hammer"],"max_hp_gain":0,"max_hp_loss":0,"event_name":"Dead Adventurer","floor":8,"gold_loss":0},{"damage_healed":0,"gold_gain":0,"player_choice":"Obtained Book","damage_taken":21,"max_hp_gain":0,"max_hp_loss":0,"event_name":"Cursed Tome","floor":19,"gold_loss":0},{"damage_healed":0,"gold_gain":0,"player_choice":"Ignored","damage_taken":0,"max_hp_gain":0,"max_hp_loss":0,"event_name":"The Mausoleum","floor":27,"gold_loss":0},{"damage_healed":0,"gold_gain":0,"player_choice":"Forge","damage_taken":0,"max_hp_gain":0,"max_hp_loss":0,"event_name":"Accursed Blacksmith","floor":36,"gold_loss":0,"cards_upgraded":["Demon Form"]},{"cards_removed":["Reaper"],"damage_healed":0,"gold_gain":0,"player_choice":"Removed Attack","damage_taken":0,"max_hp_gain":0,"max_hp_loss":0,"event_name":"Falling","floor":39,"gold_loss":0},{"damage_healed":0,"gold_gain":0,"player_choice":"Memory 3","damage_taken":10,"max_hp_gain":0,"max_hp_loss":0,"event_name":"SensoryStone","floor":44,"gold_loss":0},{"damage_healed":0,"gold_gain":0,"player_choice":"Max HP","damage_taken":0,"max_hp_gain":0,"max_hp_loss":4,"event_name":"Winding Halls","floor":49,"gold_loss":0}],"is_beta":false,"boss_relics":[{"not_picked":["Astrolabe","Pandora\u0027s Box"],"picked":"Runic Pyramid"},{"not_picked":["Kintsugi","Replay:Drink Me"],"picked":"Mark of Pain"}],"items_purged_floors":[38],"is_endless":false,"potions_floor_spawned":[2,13,16,20,21,28,37],"ascension_level":20}}