{"host":"9ndbo4kgsfoemf7y","time":1611323470,"event":{"mods":["AchievementEnabler","BaseMod","Colored Map","DeckTracker","Keyboard Shortcuts","Minty Spire (QoL Compilation)","Permanent Neow","Quick Restart","Relic Stats","StSLib","SuperFastMode"],"gold_per_floor":[118,118,118,64,64,64,64,64,64,77,126,195,195,225,225,360,360,360,360,360,89,89,89,89,89,89,89,89,89,89,26,26,26,26,26,0,0,0,0,0,0,0,0,0,0,0,0,0,0,0],"floor_reached":51,"language":"KOR","playtime":960,"items_purged":[],"score":821,"play_id":"77f92867-a7b6-4e21-b3d9-2d2843d2ba58","local_time":"20210122225110","is_ascension_mode":false,"campfire_choices":[{"data":"Perfected Strike","floor":6.0,"key":"SMITH"},{"data":"Perfected Strike","floor":8.0,"key":"SMITH"},{"data":"Pommel Strike","floor":13.0,"key":"SMITH"},{"data":"Bash","floor":15.0,"key":"SMITH"},{"data":"Feed","floor":23.0,"key":"SMITH"},{"data":"Flex","floor":28.0,"key":"SMITH"},{"data":"Pommel Strike","floor":32.0,"key":"SMITH"},{"data":"Fiend Fire","floor":40.0,"key":"SMITH"},{"floor":45.0,"key":"REST"},{"data":"Double Tap","floor":47.0,"key":"SMITH"},{"data":"Shockwave","floor":49,"key":"SMITH"}],"circlet_count":0,"master_deck":["Strike_R","Strike_R","Strike_R","Strike_R","Strike_R+1","Defend_R","Defend_R","Defend_R","Defend_R","Bash+1","Perfected Strike+1","Perfected Strike+1","Wild Strike","Pommel Strike+1","Flex+1","Feed+1","Uppercut+1","Perfected Strike+1","Twin Strike","Shame","Cleave","Pommel Strike+1","Wild Strike+1","Fiend Fire+1","Pommel Strike+1","Perfected Strike+1","Shrug It Off+1","Shockwave+1","Double Tap+1"],"relics":["Burning Blood","NeowsBlessing","Golden Idol","HornCleat","CeramicFish","Sundial","Ectoplasm","Membership Card","Whetstone","Lizard Tail","The Courier","Bottled Lightning","Medical Kit","Cursed Key","Red Mask","Du-Vu Doll","Eternal Feather"],"acts_visited":["Exordium","TheCity","TheBeyond"],"potions_floor_usage":[],"damage_taken":[{"damage":0.0,"enemies":"Small Slimes","floor":1.0,"turns":1.0},{"damage":0.0,"enemies":"2 Louse","floor":10.0,"turns":1.0},{"damage":0.0,"enemies":"Gremlin Nob","floor":11.0,"turns":1.0},{"damage":18.0,"enemies":"Lagavulin Event","floor":12.0,"turns":4.0},{"damage":6.0,"enemies":"Jaw Worm","floor":14.0,"turns":2.0},{"damage":36.0,"enemies":"Hexaghost","floor":16.0,"turns":7.0},{"damage":10.0,"enemies":"Chosen","floor":18.0,"turns":4.0},{"damage":0.0,"enemies":"Spheric Guardian","floor":20.0,"turns":3.0},{"damage":45.0,"enemies":"Slavers","floor":25.0,"turns":4.0},{"damage":0.0,"enemies":"Snecko","floor":27.0,"turns":3.0},{"damage":3.0,"enemies":"3 Cultists","floor":29.0,"turns":4.0},{"damage":10.0,"enemies":"Cultist and Chosen","floor":30.0,"turns":3.0},{"damage":53.0,"enemies":"Champ","floor":33.0,"turns":9.0},{"damage":10.0,"enemies":"Orb Walker","floor":35.0,"turns":2.0},{"damage":5.0,"enemies":"3 Shapes","floor":37.0,"turns":3.0},{"damage":0.0,"enemies":"Spire Growth","floor":39.0,"turns":2.0},{"damage":11.0,"enemies":"3 Darklings","floor":41.0,"turns":5.0},{"damage":18.0,"enemies":"Writhing Mass","floor":42.0,"turns":3.0},{"damage":60.0,"enemies":"Giant Head","floor":44.0,"turns":7.0},{"damage":0.0,"enemies":"Nemesis","floor":46.0,"turns":3.0},{"damage":69,"enemies":"Time Eater","floor":50,"turns":6}],"seed_played":"-9035030396611470810","potions_obtained":[{"floor":11.0,"key":"Weak Potion"},{"floor":16.0,"key":"GamblersBrew"},{"floor":25.0,"key":"BloodPotion"},{"floor":27.0,"key":"Block Potion"},{"floor":46.0,"key":"BloodPotion"}],"is_trial":false,"path_per_floor":["M","?","?","$","?","R","$","R","T","M","E","?","R","M","R","B",null,"M","?","M","$","?","R","?","E","T","M","R","M","M","$","R","B",null,"M","?","M","?","M","R","M","M","T","E","R","E","R","T","R","B",null],"character_chosen":"IRONCLAD","items_purchased":["Perfected Strike","Membership Card","Perfected Strike","Twin Strike","Whetstone","Medical Kit"],"campfire_rested":1,"item_purchase_floors":[4,21,21,21,21,31],"current_hp_per_floor":[80,60,65,65,65,65,65,65,65,71,77,65,65,65,65,35,85,81,75,81,81,81,81,81,46,46,52,52,55,55,55,55,8,93,89,89,90,90,93,93,88,76,76,22,49,55,70,70,85,22],"gold":0,"neow_bonus":"THREE_ENEMY_KILL","is_daily":false,"chose_seed":false,"campfire_upgraded":10,"win_rate":0.0,"timestamp":1611323470,"path_taken":["M","?","?","?","?","R","$","R","T","?","E","?","R","M","R","BOSS","M","?","?","$","?","R","?","E","T","M","R","M","?","$","R","BOSS","M","?","M","?","M","R","?","M","T","E","R","E","R","?","R","BOSS"],"items_purchased_type":["Card","Relic","Card","Card","Relic","Relic"],"build_version":"2020-12-22","purchased_purges":0,"victory":true,"max_hp_per_floor":[80,80,85,85,85,85,85,85,85,85,85,85,85,85,85,85,85,85,85,85,85,85,85,85,89,89,89,89,89,93,93,93,93,93,93,93,93,93,93,93,93,93,93,93,93,93,93,93,93,93],"relic_stats":{"Lizard Tail":0,"counters":[21,77],"Golden Idol":173,"Sundial":[4],"CeramicFish":27,"Eternal Feather":30,"Ectoplasm":529,"Whetstone":["Strike_R","Perfected Strike"],"Medical Kit":[7],"Cursed Key":0,"obtain_stats":[{"NeowsBlessing":0,"Golden Idol":2,"CeramicFish":11,"Eternal Feather":46,"The Courier":25,"Whetstone":21,"Medical Kit":31,"Cursed Key":34,"Burning Blood":0,"Du-Vu Doll":44,"Lizard Tail":22,"HornCleat":9,"Sundial":12,"Ectoplasm":17,"Red Mask":36,"Membership Card":21,"Bottled Lightning":26},{"NeowsBlessing":0,"Golden Idol":1,"CeramicFish":3,"Eternal Feather":20,"The Courier":9,"Whetstone":8,"Medical Kit":12,"Cursed Key":13,"Burning Blood":0,"Du-Vu Doll":19,"Lizard Tail":8,"HornCleat":1,"Sundial":4,"Ectoplasm":6,"Red Mask":14,"Membership Card":8,"Bottled Lightning":9},{"NeowsBlessing":0,"Golden Idol":1,"CeramicFish":3,"Eternal Feather":71,"The Courier":27,"Whetstone":23,"Medical Kit":37,"Cursed Key":46,"Burning Blood":0,"Du-Vu Doll":68,"Lizard Tail":23,"HornCleat":1,"Sundial":7,"Ectoplasm":16,"Red Mask":48,"Membership Card":23,"Bottled Lightning":27}],"Burning Blood":117},"card_choices":[{"not_picked":["Wild Strike","Seeing Red"],"picked":"Perfected Strike","floor":1.0},{"not_picked":["Metallicize","Anger"],"picked":"Wild Strike","floor":10.0},{"not_picked":["Flex","Burning Pact"],"picked":"Pommel Strike","floor":11.0},{"not_picked":["Rage","Armaments"],"picked":"Flex","floor":14.0},{"not_picked":["Double Tap","Impervious"],"picked":"Feed","floor":16.0},{"not_picked":["Sword Boomerang","Spot Weakness"],"picked":"Uppercut+1","floor":18.0},{"not_picked":["Havoc","Thunderclap","Iron Wave"],"picked":"SKIP","floor":20.0},{"not_picked":["Blood for Blood","Metallicize"],"picked":"Pommel Strike","floor":25.0},{"not_picked":["Cleave","Body Slam","Carnage+1"],"picked":"SKIP","floor":27.0},{"not_picked":["Havoc","True Grit","Carnage"],"picked":"SKIP","floor":29.0},{"not_picked":["Headbutt","Iron Wave"],"picked":"Wild Strike+1","floor":30.0},{"not_picked":["Reaper","Juggernaut"],"picked":"Fiend Fire","floor":33.0},{"not_picked":["True Grit+1","Clash","Twin Strike"],"picked":"SKIP","floor":35.0},{"not_picked":["Bloodletting","Clash+1"],"picked":"Pommel Strike+1","floor":37.0},{"not_picked":["Twin Strike","True Grit+1","Armaments"],"picked":"SKIP","floor":39.0},{"not_picked":["Clash+1","Twin Strike","Uppercut+1"],"picked":"SKIP","floor":41.0},{"not_picked":["Power Through+1","Immolate"],"picked":"Shrug It Off+1","floor":42.0},{"not_picked":["Entrench","Headbutt+1"],"picked":"Shockwave","floor":44.0},{"not_picked":["Entrench+1","Intimidate"],"picked":"Double Tap","floor":46.0}],"player_experience":840763,"relics_obtained":[{"floor":9.0,"key":"HornCleat"},{"floor":11.0,"key":"CeramicFish"},{"floor":12.0,"key":"Sundial"},{"floor":25.0,"key":"The Courier"},{"floor":26.0,"key":"Bottled Lightning"},{"floor":44.0,"key":"Du-Vu Doll"},{"floor":46.0,"key":"Eternal Feather"}],"event_choices":[{"damage_healed":0.0,"max_hp_gain":0.0,"max_hp_loss":0.0,"gold_gain":0.0,"event_name":"Golden Idol","player_choice":"Take Damage","floor":2.0,"gold_loss":0.0,"damage_taken":20.0,"relics_obtained":["Golden Idol"]},{"damage_healed":0.0,"max_hp_gain":5.0,"max_hp_loss":0.0,"gold_gain":0.0,"event_name":"Big Fish","player_choice":"Donut","floor":3.0,"gold_loss":0.0,"damage_taken":0.0},{"damage_healed":0.0,"max_hp_gain":0.0,"max_hp_loss":0.0,"gold_gain":0.0,"event_name":"Match and Keep!","player_choice":"0 cards matched","floor":5.0,"gold_loss":0.0,"damage_taken":0.0,"cards_obtained":[]},{"damage_healed":0.0,"max_hp_gain":0.0,"max_hp_loss":0.0,"gold_gain":0.0,"event_name":"Dead Adventurer","player_choice":"Searched \u00272\u0027 times","floor":12.0,"gold_loss":0.0,"damage_taken":0.0},{"damage_healed":0.0,"max_hp_gain":0.0,"max_hp_loss":0.0,"gold_gain":0.0,"event_name":"Knowing Skull","player_choice":"","floor":19.0,"potions_obtained":[],"gold_loss":0.0,"damage_taken":6.0,"cards_obtained":[]},{"damage_healed":0.0,"max_hp_gain":0.0,"max_hp_loss":0.0,"gold_gain":0.0,"event_name":"Addict","player_choice":"Stole Relic","floor":22.0,"gold_loss":0.0,"damage_taken":0.0,"relics_obtained":["Lizard Tail"],"cards_obtained":["Shame"]},{"damage_healed":0.0,"max_hp_gain":0.0,"max_hp_loss":0.0,"gold_gain":0.0,"event_name":"The Library","player_choice":"Read","floor":24.0,"gold_loss":0.0,"damage_taken":0.0,"cards_obtained":["Cleave"]},{"damage_healed":0.0,"max_hp_gain":0.0,"max_hp_loss":0.0,"gold_gain":0.0,"event_name":"Tomb of Lord Red Mask","player_choice":"Paid","floor":36.0,"gold_loss":26.0,"damage_taken":0.0,"relics_obtained":["Red Mask"]},{"damage_healed":0.0,"max_hp_gain":0.0,"max_hp_loss":0.0,"gold_gain":0.0,"event_name":"Duplicator","player_choice":"Copied","floor":38.0,"gold_loss":0.0,"damage_taken":0.0,"cards_obtained":["Perfected Strike"]}],"is_beta":false,"boss_relics":[{"not_picked":["Velvet Choker","Empty Cage"],"picked":"Ectoplasm"},{"not_picked":["Astrolabe","Calling Bell"],"picked":"Cursed Key"}],"items_purged_floors":[],"is_endless":false,"potions_floor_spawned":[11,16,25,27,37,46],"ascension_level":0}}