{"host":"69vp7ghydxptgibg","time":1611329444,"event":{"mods":["Bartender","BaseMod","BetterRewards","Downfall","Hubris","Infinite Spire","Ironclad Rager","Jorbs\u0027s Wanderer Trilogy","Minty Spire (QoL Compilation)","READ ME - Guardian Mod","StSLib","The Bladedancer","The Cursed","The Exalted","The Hierophant","The Judge","The Jungle","The Necromancer","The Servant 0.9.4"],"gold_per_floor":[99,119,119,137,137,166,193,29,58,58,71,102,102,87,100,100,100,100],"floor_reached":16,"language":"ENG","playtime":1882,"items_purged":["TheCursedMod:Dregs"],"score":176,"play_id":"0f65da68-0315-4a61-9e0f-d09c06aa254d","local_time":"20210122163044","is_ascension_mode":true,"campfire_choices":[{"data":"Guardian:TwinSlam","floor":1,"key":"SMITH"},{"data":"Guardian:SentryBeam","floor":13,"key":"SMITH"}],"circlet_count":0,"master_deck":["Guardian:Strike_Guardian","Guardian:Strike_Guardian","Guardian:Strike_Guardian","Guardian:Defend_Guardian","Guardian:Defend_Guardian","Guardian:Defend_Guardian","Guardian:CurlUp","Guardian:TwinSlam+1","Guardian:MultiBeam","Guardian:Orbwalk","Guardian:RefractedBeam","Guardian:CompilePackage","Guardian:SentryBeam+1","Guardian:GuardianWhirl","Guardian:Gem_Red"],"relics":["Guardian:ModeShifter","Bromod:ArcaneUltimatum","hubris:Towel","Guardian:StasisCodex","Happy Flower","PreservedInsect","Bromod:ArcaneAegis"],"acts_visited":["Exordium"],"potions_floor_usage":[16,16],"damage_taken":[{"damage":1,"enemies":"Jaw Worm","floor":2,"turns":4},{"damage":1,"enemies":"Cultist","floor":4,"turns":4},{"damage":35,"enemies":"Gremlin Nob","floor":6,"turns":6},{"damage":0,"enemies":"downfall:FleeingMerchant","floor":8,"turns":4},{"damage":0,"enemies":"Lagavulin","floor":9,"turns":7},{"damage":0,"enemies":"Small Slimes","floor":11,"turns":2},{"damage":0,"enemies":"Gremlin Nob","floor":12,"turns":3},{"damage":15,"enemies":"downfall:FleeingMerchant","floor":14,"turns":4},{"damage":0,"enemies":"3 Louse","floor":15,"turns":3},{"damage":28,"enemies":"DF_ARCHETYPE_STREAMLINE","floor":16,"turns":6}],"seed_played":"5628861778693636680","potions_obtained":[{"floor":2,"key":"sneckomod:MuddlingPotion"},{"floor":9,"key":"Fire Potion"},{"floor":11,"key":"ColorlessPotion"},{"floor":15,"key":"PowerPotion"}],"is_trial":false,"path_per_floor":["R","M","?","M","?","E","T","$","E","?","M","E","R","$","M","B"],"character_chosen":"GUARDIAN","items_purchased":["Guardian:CompilePackage"],"campfire_rested":0,"item_purchase_floors":[8],"current_hp_per_floor":[80,79,79,78,78,43,43,43,43,43,43,43,43,28,28,0,0,0],"gold":100,"neow_bonus":"ONE_RARE_RELIC","is_daily":false,"chose_seed":false,"campfire_upgraded":2,"win_rate":0.0,"timestamp":1611329444,"path_taken":["R","M","?","M","?","E","T","$","E","?","M","E","R","$","M","BOSS"],"items_purchased_type":["Card"],"build_version":"2020-12-22","purchased_purges":1,"victory":false,"max_hp_per_floor":[80,80,80,80,80,80,80,80,80,80,80,80,80,80,80,80,80,80],"card_choices":[{"not_picked":["Guardian:PrimingBeam","Guardian:ArmoredProtocol"],"picked":"Guardian:MultiBeam","floor":2},{"not_picked":["Guardian:PrimingBeam","Guardian:VentSteam"],"picked":"Guardian:Orbwalk","floor":4},{"not_picked":["Guardian:Harden","Guardian:ChargeCore","Guardian:DonusPower"],"picked":"SKIP","floor":6},{"not_picked":["Guardian:BronzeOrb","Guardian:Gem_Red"],"picked":"Guardian:RefractedBeam","floor":8},{"not_picked":["Guardian:Gem_Lightblue","Guardian:ArmoredProtocol"],"picked":"Guardian:SentryBeam","floor":9},{"not_picked":["Guardian:PrimingBeam","Guardian:TemporalShield"],"picked":"Guardian:Gem_Red","floor":11},{"not_picked":["Guardian:MultiBeam","Guardian:PrismaticBarrier","Guardian:Emergency"],"picked":"SKIP","floor":12},{"not_picked":["Guardian:FuturePlans","Guardian:ChargeCore"],"picked":"Guardian:GuardianWhirl","floor":14},{"not_picked":["Guardian:Gem_Synthetic","Guardian:PrimingBeam"],"picked":"Guardian:Gem_Red","floor":15}],"player_experience":556496,"relics_obtained":[{"floor":6,"key":"Guardian:StasisCodex"},{"floor":7,"key":"Happy Flower"},{"floor":9,"key":"PreservedInsect"},{"floor":12,"key":"Bromod:ArcaneAegis"}],"event_choices":[],"is_beta":false,"boss_relics":[],"items_purged_floors":[8],"is_endless":false,"potions_floor_spawned":[2,9,11,15],"killed_by":"DF_ARCHETYPE_STREAMLINE","ascension_level":1}}