{"host":"tcdxiwht2vajk3tk","time":1611348330,"event":{"mods":["AchievementEnabler","BaseMod","Beaked The Cultist","Conspire","Defuse TimeMaze Blight","Downfall","Halation","Hermit","Hubris","Infinite Spire","Lobotomy","Minty Spire (QoL Compilation)","Shop Mod","StSLib","The Cursed","The Disciple","vexMod"],"gold_per_floor":[99,110,121,21,21,6,52,67,87,104,104,130,130,143,158,257,257,257,272,272,292,292,298,298,298],"floor_reached":23,"language":"ENG","playtime":2114,"items_purged":[],"score":203,"play_id":"6a16ea69-0c19-45b2-80b8-bab8d81a4b80","local_time":"20210122154530","is_ascension_mode":true,"campfire_choices":[{"data":"champ:DancingMaster","floor":1,"key":"SMITH"},{"data":"champ:PerfectedStrike","floor":11,"key":"SMITH"},{"floor":13,"key":"REST"},{"data":"champ:IgnorePain","floor":18,"key":"SMITH"}],"circlet_count":0,"master_deck":["champ:Strike","champ:Strike","champ:Strike","champ:Strike","champ:Defend","champ:Defend","champ:Defend","champ:Defend","champ:Execute","champ:Taunt","champ:DancingMaster+1","champ:Endure","champ:PerfectedStrike+1","Ghostly","champ:StanceDance","champ:BringItOn","champ:FancyFootwork","champ:PreemptiveStrike","champ:Improvising","champ:DefensiveShout","champ:Shatter","champ:IgnorePain+1","champ:GutPunch+1","Slimebound:CheckThePlaybook","champ:DefensiveShout"],"relics":["champ:ChampionCrown","halation:PinkSoulGem","Nunchaku","HornCleat","conspire:RoyalGoblet","hubris:FruitBowl","infinitespire:Midas Blood"],"acts_visited":["Exordium","TheCity"],"potions_floor_usage":[16,21],"damage_taken":[{"damage":28,"enemies":"Jaw Worm","floor":2,"turns":5},{"damage":16,"enemies":"conspire:RoseBush","floor":3,"turns":7},{"damage":10,"enemies":"downfall:FleeingMerchant","floor":6,"turns":4},{"damage":16,"enemies":"Cultist","floor":8,"turns":5},{"damage":0,"enemies":"Lots of Slimes","floor":9,"turns":1},{"damage":0,"enemies":"Exordium Wildlife","floor":10,"turns":3},{"damage":49,"enemies":"Lagavulin","floor":12,"turns":8},{"damage":0,"enemies":"Gremlin Gang","floor":14,"turns":1},{"damage":0,"enemies":"Blue Slaver","floor":15,"turns":2},{"damage":69,"enemies":"WA_ARCHETYPE_RETAIN","floor":16,"turns":9},{"damage":21,"enemies":"3 Byrds","floor":19,"turns":8},{"damage":0,"enemies":"Spheric Guardian","floor":21,"turns":2},{"damage":20,"enemies":"Gremlin Leader","floor":23,"turns":4}],"seed_played":"47671701159998091","potions_obtained":[{"floor":8,"key":"SteroidPotion"},{"floor":9,"key":"Strength Potion"},{"floor":10,"key":"Swift Potion"},{"floor":16,"key":"Fire Potion"}],"is_trial":false,"path_per_floor":["R","M","M","?","?","$","T","M","M","M","R","E","R","M","M","B",null,"R","M","?","M","$","E"],"character_chosen":"THE_CHAMP","items_purchased":["hubris:FruitBowl","infinitespire:Midas Blood"],"campfire_rested":1,"item_purchase_floors":[22,22],"current_hp_per_floor":[90,82,81,81,81,81,81,80,80,80,80,56,83,83,83,44,90,90,79,48,48,14,0,0,0],"gold":298,"neow_bonus":"ONE_RANDOM_RARE_CARD","is_daily":false,"chose_seed":false,"campfire_upgraded":3,"win_rate":0.0,"timestamp":1611348330,"path_taken":["R","M","M","?","?","$","T","M","?","?","R","E","R","M","M","BOSS","R","?","?","M","?","E"],"items_purchased_type":["Relic","Relic"],"build_version":"2020-12-22","purchased_purges":0,"victory":false,"max_hp_per_floor":[90,90,90,90,90,90,90,90,90,90,90,90,90,90,90,90,90,90,90,90,90,90,90,90,90],"card_choices":[{"not_picked":["champ:FocusedDefense","champ:HeartStrike"],"picked":"champ:Endure","floor":2},{"not_picked":["champ:Shatter","champ:TornadoPunch"],"picked":"champ:PerfectedStrike","floor":3},{"not_picked":["champ:DefensiveShout","champ:CrookedStrike"],"picked":"champ:StanceDance","floor":6},{"not_picked":["champ:FalseCounter","champ:FancyFootwork"],"picked":"champ:BringItOn","floor":8},{"not_picked":["champ:AdrenalArmor","champ:BladeFlurry"],"picked":"champ:FancyFootwork","floor":9},{"not_picked":["champ:FanOfKnives","champ:RisingSlash"],"picked":"champ:PreemptiveStrike","floor":10},{"not_picked":["champ:BringItOn","champ:RageSigil"],"picked":"champ:Improvising","floor":12},{"not_picked":["champ:FaceSlap","champ:TornadoPunch"],"picked":"champ:DefensiveShout","floor":14},{"not_picked":["champ:EnGarde","champ:TornadoPunch"],"picked":"champ:Shatter","floor":15},{"not_picked":["champ:StrikeOfGenius","champ:Improvising"],"picked":"champ:IgnorePain","floor":16},{"not_picked":["champ:StanceDance","champ:Backstep"],"picked":"champ:GutPunch+1","floor":19},{"not_picked":["champ:Haymaker","champ:ShieldSlam"],"picked":"champ:DefensiveShout","floor":21}],"player_experience":1612763,"relics_obtained":[{"floor":7,"key":"Nunchaku"},{"floor":12,"key":"HornCleat"}],"event_choices":[{"damage_healed":0,"gold_gain":0,"player_choice":"Argue","damage_taken":0,"max_hp_gain":0,"max_hp_loss":0,"event_name":"conspire:LoneGhost","floor":4,"gold_loss":0}],"is_beta":false,"boss_relics":[{"not_picked":["halation:MonkeysPaw","halation:Yufonium"],"picked":"conspire:RoyalGoblet"}],"items_purged_floors":[],"is_endless":false,"potions_floor_spawned":[8,9,10,14,16,19],"killed_by":"Gremlin Leader","ascension_level":1}}