{"host":"cpsd6klcopw7ctxe","time":1611309295,"event":{"mods":["ATMod(阿瑾Mod)","Aspiration","BaseMod","BetterRewards","Colored Powertips","Downfall","Minty Spire (QoL Compilation)","MostiFishMod","Quick Restart","Remove Card Discount Mod","RumiaBox-露米娅的神秘盒子","Shop Mod","Spicy Shops","StSLib","TestMod","【遗物卡牌】REMEMod"],"gold_per_floor":[99,1098,1098,609,709,742,766,796,807,846,746,765,765,793,805,918,-482,-482,-464,-355,-355,-355,-355,-328,-314,-314,-314,-285,-253,-241,-229,-201,-61,-49,-37,122,229,241,291,372,456,277,386,509,630,695,817,431,492,535,535,610,13,22,148,194],"floor_reached":57,"language":"ZHS","playtime":3923,"items_purged":["Parasite","Slimebound:Strike_Slimebound","Slimebound:Strike_Slimebound","Slimebound:Defend_Slimebound","Slimebound:Defend_Slimebound","Slimebound:Defend_Slimebound","Slimebound:Defend_Slimebound","Slimebound:CorrosiveSpit","Slimebound:Strike_Slimebound+1","Slimebound:Tackle+1"],"score":1956,"play_id":"9a5e84b9-5070-464f-8c70-c45178aa861b","local_time":"20210122175455","is_ascension_mode":true,"campfire_choices":[{"data":"Exhume","floor":1.0,"key":"SMITH"},{"data":"Slimebound:OozeBath","floor":11.0,"key":"SMITH"},{"floor":13.0,"key":"RECALL"},{"data":"Slimebound:MassRepurpose","floor":18.0,"key":"SMITH"},{"data":"Slimebound:MegaLick","floor":23.0,"key":"SMITH"},{"data":"Slimebound:Split","floor":30.0,"key":"SMITH"},{"data":"Slimebound:Gluttony","floor":35.0,"key":"SMITH"},{"floor":42.0,"key":"REST"},{"floor":54.0,"key":"REST"}],"circlet_count":0,"master_deck":["Slimebound:Split+1","MostiFishMod:EE1D+1","MostiFishMod:EE1D+1","MostiFishMod:EE1D+1","Exhume+1","Slimebound:Gluttony+1","Slimebound:OozeBath+1","Slimebound:MassRepurpose+1","Slimebound:MegaLick+1","Slimebound:GrowthPunch+1","Slimebound:SlimeSlap+1","Slimebound:HauntingLick+1","Slimebound:AcidTongue+1","Slimebound:HauntingLick+1","Slimebound:HauntingLick+1","Slimebound:RejuvenatingLick+1","Slimebound:HauntingLick+1","Slimebound:TongueLash+1","Slimebound:DuplicatedForm+1","Slimebound:RejuvenatingLick+1","Slimebound:WasteNot+1","Slimebound:HauntingLick+1"],"relics":["DaveBox","testmod-TestBox","REME_ComplimentaryCards","AT_ATBox","DianPoetry","testmod-RealStoneCalender","Civilization","AT_BellowingDragoncrestRing","Juzu Bracelet","AT_ChloranthyRing","AT_SeraphEmbrace","testmod-AssaultLearning","CeramicFish","downfall:HeartBlessingBlue","AT_BellDemon","AT_SunfireAegis","testmod-IndustrialRevolution","aspiration:Lifesprig","Whetstone","Nunchaku","SynthV:MejaisSoulstealer","Mercury Hourglass","testmod-Muramasa","testmod-Hope","InkBottle","Slimebound:AggressiveSlimeRelic","testmod-TurbochargingSystem","AT_SilvercatRing","MawBank","Molten Egg 2","AT_MibuBalloonWealth","Prayer Wheel","SoulBox","ZombieArmy","Pocketwatch","Vajra","GodSword1","testmod-Antiphasic","Dream Catcher","Toxic Egg 2","downfall:HeartBlessingRed","downfall:HeartBlessingGreen","AT_EbonyIvory","Ancient Tea Set","Bronze Scales","Lantern","REME_ArchaeologicalTools","ArrowTower","aspiration:FetidBarrel","GodSword3","testmod-Register","testmod-ArcanaOfDestiny","Orichalcum","GodSword4","aspiration:Nostalgia","hexamod:SpiritBrand","AT_Manta","Boot"],"acts_visited":["Exordium","TheCity","TheBeyond","TheEnding"],"potions_floor_usage":[55],"damage_taken":[{"damage":0.0,"enemies":"downfall:FleeingMerchant","floor":4.0,"turns":7.0},{"damage":0.0,"enemies":"Gremlin Nob","floor":6.0,"turns":4.0},{"damage":0.0,"enemies":"Lagavulin","floor":8.0,"turns":4.0},{"damage":0.0,"enemies":"2 Louse","floor":9.0,"turns":3.0},{"damage":0.0,"enemies":"3 Sentries","floor":10.0,"turns":4.0},{"damage":0.0,"enemies":"downfall:FleeingMerchant","floor":12.0,"turns":4.0},{"damage":0.0,"enemies":"Lagavulin","floor":14.0,"turns":3.0},{"damage":0.0,"enemies":"Jaw Worm","floor":15.0,"turns":2.0},{"damage":0.0,"enemies":"DF_ARCHETYPE_STREAMLINE","floor":16.0,"turns":4.0},{"damage":0.0,"enemies":"Spheric Guardian","floor":19.0,"turns":3.0},{"damage":0.0,"enemies":"Colosseum Nobs","floor":20.0,"turns":3.0},{"damage":0.0,"enemies":"Shelled Parasite and Fungi","floor":25.0,"turns":2.0},{"damage":0.0,"enemies":"REME_1_Revenger","floor":28.0,"turns":2.0},{"damage":0.0,"enemies":"Chosen and Byrds","floor":29.0,"turns":2.0},{"damage":0.0,"enemies":"3 Cultists","floor":32.0,"turns":2.0},{"damage":0.0,"enemies":"IC_MUSHROOM_ARCHETYPE","floor":33.0,"turns":3.0},{"damage":0.0,"enemies":"3 Darklings","floor":36.0,"turns":2.0},{"damage":0.0,"enemies":"2 Orb Walkers","floor":37.0,"turns":2.0},{"damage":0.0,"enemies":"Orb Walker","floor":39.0,"turns":2.0},{"damage":0.0,"enemies":"Giant Head","floor":40.0,"turns":2.0},{"damage":0.0,"enemies":"Sphere and 2 Shapes","floor":43.0,"turns":2.0},{"damage":0.0,"enemies":"Jaw Worm Horde","floor":44.0,"turns":2.0},{"damage":0.0,"enemies":"Reptomancer","floor":45.0,"turns":2.0},{"damage":0.0,"enemies":"Writhing Mass","floor":46.0,"turns":1.0},{"damage":0.0,"enemies":"Nemesis","floor":47.0,"turns":1.0},{"damage":0.0,"enemies":"Spire Growth","floor":49.0,"turns":1.0},{"damage":0.0,"enemies":"WA_ARCHETYPE_DIVINITY","floor":50.0,"turns":2.0},{"damage":0.0,"enemies":"downfall:CharBossMerchant","floor":52.0,"turns":2.0},{"damage":16,"enemies":"downfall:NeowBoss","floor":55,"turns":4},{"damage":15,"enemies":"downfall:NeowBossFinal","floor":56,"turns":2}],"seed_played":"-4000460354260596316","potions_obtained":[{"floor":6.0,"key":"testmod-TestPotion"},{"floor":8.0,"key":"AttackPotion"},{"floor":9.0,"key":"BlessingOfTheForge"},{"floor":25.0,"key":"champ:CounterPotion"}],"is_trial":false,"path_per_floor":["R","?","T","$","?","E","T","E","M","E","R","$","R","E","M","B",null,"R","M","?","$","?","R","T","M","$","?","E","M","R","?","M","B",null,"R","M","?","?","M","E","T","R","M","M","E","M","E","$","M","B",null,"E","$","R","B","B",null],"character_chosen":"SLIMEBOUND","items_purchased":["Civilization","AT_BellowingDragoncrestRing","Juzu Bracelet","AT_BellDemon","AT_SunfireAegis","GodSword3","testmod-Register","aspiration:Nostalgia","AT_Manta","Boot","Slimebound:WasteNot+1"],"campfire_rested":2,"item_purchase_floors":[4,4,4,12,12,48,48,53,53,53,53],"current_hp_per_floor":[65,65,65,62,62,63,63,65,69,74,84,89,89,94,99,104,104,104,109,114,114,90,90,90,95,95,95,100,105,105,105,110,115,144,144,149,154,154,159,164,164,164,169,174,179,184,189,189,194,199,199,204,204,204,209,214],"gold":194,"neow_bonus":"BOSS_RELIC","is_daily":false,"chose_seed":false,"campfire_upgraded":6,"win_rate":0.0,"timestamp":1611309295,"path_taken":["R","?","?","$","?","E","T","E","M","E","R","$","R","E","M","BOSS","R","M","?","$","?","R","T","M","?","?","E","M","R","?","M","BOSS","R","M","?","?","M","E","T","R","M","M","E","M","E","$","M","BOSS","E","$","R","BOSS","BOSS"],"items_purchased_type":["Relic","Relic","Relic","Relic","Relic","Relic","Relic","Relic","Relic","Relic","Card"],"build_version":"2020-12-22","purchased_purges":10,"victory":true,"max_hp_per_floor":[65,65,65,62,62,63,63,65,69,74,84,89,89,94,99,104,104,104,109,114,114,119,119,119,124,124,124,129,134,134,134,139,144,144,144,149,154,154,159,164,164,164,169,174,179,184,189,189,194,199,199,204,204,204,209,214],"card_choices":[{"not_picked":["Slimebound:Schlurp","Slimebound:MegaLick"],"picked":"Slimebound:Gluttony","floor":4.0},{"not_picked":["Slimebound:SplitBruiser","Slimebound:LeechingTouch","Slimebound:ComboTackle"],"picked":"SKIP","floor":6.0},{"not_picked":["Slimebound:ItLooksTasty","Slimebound:SlimeSpikes","Slimebound:LeadByExample"],"picked":"SKIP","floor":8.0},{"not_picked":["Slimebound:RollThrough","Slimebound:DisruptingSlam","Slimebound:DivideAndConquer"],"picked":"SKIP","floor":9.0},{"not_picked":["Slimebound:SplitLeeching","Slimebound:SlimeSpikes"],"picked":"Slimebound:OozeBath","floor":10.0},{"not_picked":["Slimebound:Nibble","Slimebound:SamplingLick","Slimebound:FormOfPuddle"],"picked":"SKIP","floor":12.0},{"not_picked":["Slimebound:SlimeSpikes","Slimebound:ServeAndProtect","Slimebound:Prepare"],"picked":"SKIP","floor":14.0},{"not_picked":["Slimebound:LeechingTouch","Slimebound:FinishingTackle","Slimebound:DisruptingSlam"],"picked":"SKIP","floor":15.0},{"not_picked":["Slimebound:CheckThePlaybook","Slimebound:RallyTheTroops"],"picked":"Slimebound:MassRepurpose","floor":16.0},{"not_picked":["Slimebound:LeechEnergy","Slimebound:LeadByExample","Slimebound:ItLooksTasty"],"picked":"SKIP","floor":19.0},{"not_picked":["Slimebound:RejuvenatingLick","Slimebound:SamplingLick+1"],"picked":"Slimebound:MegaLick","floor":20.0},{"not_picked":["Slimebound:Schlurp+1","Slimebound:LeechEnergy","Slimebound:SplitAcid"],"picked":"SKIP","floor":25.0},{"not_picked":["Slimebound:FinishingTackle","Slimebound:Chomp+1","Slimebound:Schlurp+1"],"picked":"SKIP","floor":28.0},{"not_picked":["Slimebound:SlimeSpikes","Slimebound:SplitAcid","Slimebound:HauntingLick"],"picked":"SKIP","floor":29.0},{"not_picked":["Slimebound:FinishingTackle+1","Slimebound:ProtectTheBoss+1","Slimebound:PressTheAttack+1"],"picked":"SKIP","floor":32.0},{"not_picked":["Slimebound:Gluttony","Slimebound:LivingWall+1","Slimebound:ForwardTackle+1"],"picked":"SKIP","floor":36.0},{"not_picked":["Slimebound:RollThrough+1","Slimebound:SplitAcid+1","Slimebound:GrowthPunch+1"],"picked":"SKIP","floor":36.0},{"not_picked":["Slimebound:RollThrough+1","Slimebound:SplitAcid+1"],"picked":"Slimebound:GrowthPunch+1","floor":36.0},{"not_picked":["Slimebound:Gluttony","Slimebound:LivingWall+1","Slimebound:ForwardTackle+1"],"picked":"SKIP","floor":36.0},{"not_picked":["Slimebound:GoopSpray","Slimebound:LeechEnergy+1","Slimebound:SlimeBrawl"],"picked":"SKIP","floor":39.0},{"not_picked":["Slimebound:SplitBruiser+1","Slimebound:LeechEnergy+1","Slimebound:SlimeBrawl+1"],"picked":"SKIP","floor":39.0},{"not_picked":["Slimebound:CheckThePlaybook","Slimebound:MegaLick"],"picked":"Slimebound:SlimeSlap+1","floor":40.0},{"not_picked":["Slimebound:Chomp+1","Slimebound:Gluttony"],"picked":"Slimebound:HauntingLick+1","floor":42.0},{"not_picked":["Slimebound:FormOfPuddle+1","Slimebound:GoopSpray+1"],"picked":"Slimebound:AcidTongue+1","floor":43.0},{"not_picked":["Slimebound:DisruptingSlam+1","Slimebound:MegaLick+1","Slimebound:Replication+1"],"picked":"SKIP","floor":43.0},{"not_picked":["Slimebound:DivideAndConquer+1","Slimebound:GrowthPunch+1"],"picked":"Slimebound:HauntingLick+1","floor":44.0},{"not_picked":["Slimebound:LeechingTouch+1","Slimebound:ItLooksTasty+1"],"picked":"Slimebound:HauntingLick+1","floor":44.0},{"not_picked":["Slimebound:SplitBruiser+1","Slimebound:Dissolve+1"],"picked":"Slimebound:RejuvenatingLick+1","floor":45.0},{"not_picked":["Slimebound:Prepare+1","Slimebound:SplitLeeching+1"],"picked":"Slimebound:HauntingLick+1","floor":46.0},{"not_picked":["Slimebound:ItLooksTasty+1","Slimebound:DisruptingSlam+1"],"picked":"Slimebound:TongueLash+1","floor":46.0},{"not_picked":["Slimebound:ProtectTheBoss+1","Slimebound:SlimeBarrage+1","Slimebound:Grow"],"picked":"SKIP","floor":47.0},{"not_picked":["Slimebound:SpikyOuterGoop+1","Slimebound:Prepare+1"],"picked":"Slimebound:DuplicatedForm","floor":49.0},{"not_picked":["Slimebound:SplitLeeching+1","Slimebound:ItLooksTasty+1","Slimebound:LivingWall+1"],"picked":"SKIP","floor":49.0},{"not_picked":["Slimebound:Schlurp+1","Slimebound:LeadByExample"],"picked":"Slimebound:RejuvenatingLick+1","floor":52.0},{"not_picked":["Slimebound:ViciousTackle+1","Slimebound:ComboTackle+1"],"picked":"Slimebound:HauntingLick+1","floor":54.0}],"player_experience":355441,"relics_obtained":[{"floor":6.0,"key":"AT_ChloranthyRing"},{"floor":7.0,"key":"AT_ArchangelStaff"},{"floor":8.0,"key":"testmod-AssaultLearning"},{"floor":10.0,"key":"CeramicFish"},{"floor":14.0,"key":"testmod-IndustrialRevolution"},{"floor":14.0,"key":"aspiration:Lifesprig"},{"floor":15.0,"key":"Whetstone"},{"floor":16.0,"key":"Nunchaku"},{"floor":19.0,"key":"Mercury Hourglass"},{"floor":20.0,"key":"testmod-Muramasa"},{"floor":20.0,"key":"testmod-Hope"},{"floor":20.0,"key":"InkBottle"},{"floor":24.0,"key":"Slimebound:AggressiveSlimeRelic"},{"floor":25.0,"key":"testmod-TurbochargingSystem"},{"floor":28.0,"key":"AT_SilvercatRing"},{"floor":28.0,"key":"MawBank"},{"floor":29.0,"key":"Molten Egg 2"},{"floor":32.0,"key":"AT_MibuBalloonWealth"},{"floor":33.0,"key":"Prayer Wheel"},{"floor":36.0,"key":"ZombieArmy"},{"floor":37.0,"key":"Pocketwatch"},{"floor":37.0,"key":"Vajra"},{"floor":39.0,"key":"GodSword1"},{"floor":40.0,"key":"testmod-Antiphasic"},{"floor":40.0,"key":"Dream Catcher"},{"floor":41.0,"key":"Toxic Egg 2"},{"floor":43.0,"key":"AT_EbonyIvory"},{"floor":44.0,"key":"Ancient Tea Set"},{"floor":45.0,"key":"Bronze Scales"},{"floor":45.0,"key":"Lantern"},{"floor":46.0,"key":"REME_ArchaeologicalTools"},{"floor":47.0,"key":"ArrowTower"},{"floor":47.0,"key":"aspiration:FetidBarrel"},{"floor":49.0,"key":"testmod-ArcanaOfDestiny"},{"floor":52.0,"key":"Orichalcum"},{"floor":52.0,"key":"GodSword4"}],"event_choices":[{"damage_healed":0.0,"max_hp_gain":0.0,"max_hp_loss":0.0,"gold_gain":999.0,"event_name":"恩洛斯的盘子","player_choice":"Sell","floor":2.0,"relics_lost":["EE1DDrone"],"gold_loss":0.0,"damage_taken":0.0},{"damage_healed":0.0,"max_hp_gain":0.0,"max_hp_loss":0.0,"gold_gain":0.0,"event_name":"Vampires","player_choice":"Ignored","floor":31.0,"gold_loss":0.0,"damage_taken":0.0},{"damage_healed":0.0,"max_hp_gain":0.0,"max_hp_loss":0.0,"gold_gain":0.0,"event_name":"Mysterious Sphere","player_choice":"Fight","floor":37.0,"gold_loss":0.0,"damage_taken":0.0}],"is_beta":false,"boss_relics":[{"not_picked":["testmod-Temperance","MoonlightInvasionPlan"],"picked":"SynthV:MejaisSoulstealer"},{"not_picked":["aspiration:SilentSkillbook","xbg"],"picked":"SoulBox"}],"items_purged_floors":[4,4,4,4,4,4,48,48,48,53],"is_endless":false,"potions_floor_spawned":[6,8,9,14,25,28,29,43,44,46,49],"ascension_level":1}}