{"host":"u7z1lmrchu4dzqy1","time":1611342399,"event":{"mods":["AchievementEnabler","BaseMod","Colored Map","DeckTracker","Highlight Path","Minty Spire (QoL Compilation)","Permanent Neow","StSLib","SuperFastMode","The Hierophant"],"gold_per_floor":[112,71,86,66,84,84,47,76,100,116,116,116,142,172,184,272,284,316,328,340,364,376,388,45,45,72,19,52,52,72,72,72,72,72],"floor_reached":33,"language":"KOR","playtime":1611,"items_purged":["Defend_G"],"score":553,"play_id":"a6be5190-901a-4c32-93d9-ee30e5587501","local_time":"20210123040639","is_ascension_mode":true,"campfire_choices":[{"data":"Glass Knife","floor":6.0,"key":"SMITH"},{"data":"Neutralize","floor":12.0,"key":"SMITH"},{"data":"Footwork","floor":15.0,"key":"SMITH"},{"data":"Night Terror","floor":23,"key":"SMITH"},{"data":"Cloak And Dagger","floor":25,"key":"SMITH"},{"data":"After Image","floor":32,"key":"SMITH"}],"circlet_count":0,"master_deck":["AscendersBane","Defend_G","Defend_G","Defend_G","Defend_G","Survivor","Neutralize+1","Glass Knife+1","Dash","Dagger Spray","Footwork+1","After Image+1","Backflip","Night Terror+1","Cloak And Dagger+1","Glass Knife+1","Outmaneuver+1","Forethought","Blade Dance","Bite","Bite","Bite","Bite","Bite","Acrobatics","Storm of Steel"],"relics":["Ring of the Snake","Oddly Smooth Stone","Potion Belt","Matryoshka","MawBank","SlaversCollar","Anchor","MealTicket","Tiny Chest","Juzu Bracelet"],"acts_visited":["Exordium","TheCity"],"potions_floor_usage":[18,24,30],"damage_taken":[{"damage":0.0,"enemies":"2 Louse","floor":1.0,"turns":3.0},{"damage":1.0,"enemies":"Cultist","floor":3.0,"turns":3.0},{"damage":4.0,"enemies":"Small Slimes","floor":5.0,"turns":2.0},{"damage":6.0,"enemies":"3 Sentries","floor":8.0,"turns":10.0},{"damage":2.0,"enemies":"Exordium Thugs","floor":10.0,"turns":3.0},{"damage":19.0,"enemies":"Lagavulin","floor":13.0,"turns":10.0},{"damage":1.0,"enemies":"Blue Slaver","floor":14.0,"turns":4.0},{"damage":19.0,"enemies":"The Guardian","floor":16.0,"turns":15.0},{"damage":5,"enemies":"3 Byrds","floor":18,"turns":2},{"damage":24,"enemies":"Shell Parasite","floor":21,"turns":7},{"damage":38,"enemies":"Book of Stabbing","floor":28,"turns":7},{"damage":6,"enemies":"Snecko","floor":30,"turns":9},{"damage":28,"enemies":"Automaton","floor":33,"turns":4}],"seed_played":"-7668972895255084727","potions_obtained":[{"floor":1.0,"key":"Regen Potion"},{"floor":4.0,"key":"SkillPotion"},{"floor":10.0,"key":"Regen Potion"},{"floor":13.0,"key":"PowerPotion"}],"is_trial":false,"path_per_floor":["M","$","M","?","M","R","$","E","T","M","?","R","E","M","R","B",null,"M","?","$","M","?","R","$","R","T","$","E","?","M","?","R","B"],"character_chosen":"THE_SILENT","items_purchased":["Dash","Footwork","Fruit Juice","DuplicationPotion","Forethought","Blade Dance"],"campfire_rested":0,"item_purchase_floors":[2,7,24,24,24,27],"current_hp_per_floor":[44,44,43,43,39,39,39,48,48,46,46,46,42,41,41,22,55,50,50,50,26,26,26,31,31,31,46,8,8,18,18,18,0,0],"gold":72,"neow_bonus":"THREE_RARE_CARDS","is_daily":false,"chose_seed":false,"campfire_upgraded":6,"win_rate":0.0,"timestamp":1611342399,"path_taken":["M","$","M","?","M","R","?","E","T","?","?","R","E","?","R","BOSS","M","?","?","M","?","R","$","R","T","$","E","?","M","?","R","BOSS"],"items_purchased_type":["Card","Card","Potion","Potion","Card","Card"],"build_version":"2020-12-22","purchased_purges":1,"victory":false,"max_hp_per_floor":[66,66,66,66,66,66,66,66,66,66,66,66,66,66,66,66,66,66,66,66,66,66,66,71,71,71,71,71,49,49,49,49,49,49],"card_choices":[{"not_picked":["Doppelganger","Wraith Form v2"],"picked":"Glass Knife","floor":0.0},{"not_picked":["Leg Sweep","Reflex"],"picked":"Poisoned Stab","floor":1.0},{"not_picked":["Infinite Blades","Poisoned Stab","Finisher"],"picked":"SKIP","floor":3.0},{"not_picked":["Calculated Gamble","Cloak And Dagger"],"picked":"Dagger Spray","floor":5.0},{"not_picked":["Dagger Throw","Catalyst"],"picked":"After Image","floor":8.0},{"not_picked":["Dash","Poisoned Stab"],"picked":"Backflip","floor":10.0},{"not_picked":["Dagger Spray","Slice"],"picked":"Quick Slash","floor":13.0},{"not_picked":["Distraction","Underhanded Strike","Outmaneuver"],"picked":"SKIP","floor":14.0},{"not_picked":["Unload","Phantasmal Killer"],"picked":"Night Terror","floor":16.0},{"not_picked":["Acrobatics","Dagger Spray"],"picked":"Cloak And Dagger","floor":18},{"not_picked":["Accuracy","Dodge and Roll"],"picked":"Outmaneuver+1","floor":21},{"not_picked":["Outmaneuver","Tactician+1","Slice"],"picked":"SKIP","floor":28},{"not_picked":["Deflect","Bane"],"picked":"Acrobatics","floor":30}],"player_experience":567947,"relics_obtained":[{"floor":8.0,"key":"Oddly Smooth Stone"},{"floor":9.0,"key":"Potion Belt"},{"floor":11.0,"key":"Matryoshka"},{"floor":13.0,"key":"MawBank"},{"floor":26,"key":"MealTicket"},{"floor":26,"key":"Tiny Chest"},{"floor":28,"key":"Juzu Bracelet"}],"event_choices":[{"damage_healed":0.0,"max_hp_gain":0.0,"max_hp_loss":0.0,"gold_gain":0.0,"event_name":"The Woman in Blue","player_choice":"Bought 1 Potion","floor":4.0,"gold_loss":0.0,"damage_taken":0.0},{"damage_healed":0.0,"max_hp_gain":0.0,"max_hp_loss":0.0,"gold_gain":0.0,"event_name":"Wheel of Change","player_choice":"Relic","floor":11.0,"gold_loss":0.0,"damage_taken":0.0},{"damage_healed":0,"gold_gain":0,"player_choice":"Copied","damage_taken":0,"max_hp_gain":0,"max_hp_loss":0,"event_name":"Duplicator","floor":19,"gold_loss":0,"cards_obtained":["Glass Knife"]},{"cards_removed":["Quick Slash"],"damage_healed":0,"gold_gain":0,"player_choice":"Gave Card","damage_taken":0,"relics_obtained":["Anchor"],"max_hp_gain":0,"max_hp_loss":0,"event_name":"WeMeetAgain","floor":22,"gold_loss":0},{"damage_healed":0,"gold_gain":0,"player_choice":"Became a vampire","damage_taken":0,"max_hp_gain":0,"max_hp_loss":22,"event_name":"Vampires","floor":29,"gold_loss":0,"cards_obtained":["Bite","Bite","Bite","Bite","Bite"]},{"damage_healed":0,"gold_gain":0,"cards_transformed":["Poisoned Stab"],"player_choice":"Transformed","damage_taken":0,"max_hp_gain":0,"max_hp_loss":0,"event_name":"Transmorgrifier","floor":31,"gold_loss":0,"cards_obtained":["Storm of Steel"]}],"is_beta":false,"boss_relics":[{"not_picked":["Ring of the Serpent","Runic Dome"],"picked":"SlaversCollar"}],"items_purged_floors":[24],"is_endless":false,"potions_floor_spawned":[1,10,13],"killed_by":"Automaton","ascension_level":19}}