{"host":"mi0eibewekhugwl1","time":1611295426,"event":{"mods":["AchievementEnabler","BaseMod","Colored Map","Colored Powertips","DeckTracker","Keyboard Shortcuts","Minty Spire (QoL Compilation)","Quick Restart","Rare Cards Sparkle","Relic Stats","StSLib","SuperFastMode","everything is the same but u backflip on backflip"],"gold_per_floor":[113,38,54,54,329,355,369,369,395,415,55,55,65,78,78,156,156,167,183,183,9,19,19,32,45,95,110,110,123,123,134,134,134,134],"floor_reached":33,"language":"KOR","playtime":753,"items_purged":["Regret","Strike_G"],"score":556,"play_id":"f5a88fa2-7c98-4c8d-8110-17ce0aaf5d48","local_time":"20210122150346","is_ascension_mode":true,"campfire_choices":[{"data":"Crippling Poison","floor":8.0,"key":"SMITH"},{"data":"Tactician","floor":12.0,"key":"SMITH"},{"data":"Malaise","floor":15.0,"key":"SMITH"},{"floor":23,"key":"REST"},{"floor":28,"key":"REST"},{"floor":32,"key":"REST"}],"circlet_count":0,"master_deck":["AscendersBane","Strike_G","Strike_G","Strike_G","Defend_G","Defend_G","Defend_G","Defend_G","Defend_G","Survivor","Neutralize","Deadly Poison","Crippling Poison+1","Tactician+1","Dagger Throw","Poisoned Stab","Malaise+1","After Image","Footwork","Deadly Poison+1","Well Laid Plans","Corpse Explosion","Backflip"],"relics":["Ring of the Snake","NeowsBlessing","Omamori","Ancient Tea Set","Meat on the Bone","Philosopher\u0027s Stone","Toy Ornithopter","Nunchaku"],"acts_visited":["Exordium","TheCity"],"potions_floor_usage":[22,31,33],"damage_taken":[{"damage":0.0,"enemies":"2 Louse","floor":1.0,"turns":1.0},{"damage":0.0,"enemies":"Cultist","floor":3.0,"turns":1.0},{"damage":0.0,"enemies":"3 Sentries","floor":6.0,"turns":3.0},{"damage":11.0,"enemies":"Small Slimes","floor":7.0,"turns":4.0},{"damage":7.0,"enemies":"2 Fungi Beasts","floor":10.0,"turns":4.0},{"damage":1.0,"enemies":"3 Louse","floor":13.0,"turns":2.0},{"damage":4.0,"enemies":"Lots of Slimes","floor":14.0,"turns":2.0},{"damage":20.0,"enemies":"The Guardian","floor":16.0,"turns":12.0},{"damage":29.0,"enemies":"Chosen","floor":18.0,"turns":6.0},{"damage":13.0,"enemies":"Spheric Guardian","floor":19.0,"turns":6.0},{"damage":24,"enemies":"Snecko","floor":22,"turns":7},{"damage":7,"enemies":"Centurion and Healer","floor":24,"turns":8},{"damage":26,"enemies":"Shelled Parasite and Fungi","floor":25,"turns":5},{"damage":13,"enemies":"Snecko","floor":27,"turns":5},{"damage":3,"enemies":"Centurion and Healer","floor":29,"turns":10},{"damage":30,"enemies":"Chosen and Byrds","floor":31,"turns":5},{"damage":61,"enemies":"Collector","floor":33,"turns":6}],"seed_played":"-4138483614376907891","potions_obtained":[{"floor":3.0,"key":"LiquidMemories"},{"floor":6.0,"key":"Weak Potion"},{"floor":14.0,"key":"FearPotion"},{"floor":18.0,"key":"GamblersBrew"},{"floor":24,"key":"Fire Potion"},{"floor":27,"key":"AttackPotion"},{"floor":31,"key":"DistilledChaos"}],"is_trial":false,"path_per_floor":["M","?","M","?","?","E","M","R","T","M","$","R","M","M","R","B",null,"M","M","?","$","M","R","M","M","T","M","R","M","?","M","R","B"],"character_chosen":"THE_SILENT","items_purchased":["Meat on the Bone","Footwork"],"campfire_rested":3,"item_purchase_floors":[11,21],"current_hp_per_floor":[59,59,59,59,59,59,48,48,48,41,41,41,40,36,36,28,57,40,39,39,39,32,51,44,30,30,29,48,45,45,32,51,0,0],"gold":134,"neow_bonus":"THREE_ENEMY_KILL","is_daily":false,"chose_seed":false,"campfire_upgraded":3,"win_rate":0.0,"timestamp":1611295426,"path_taken":["M","?","M","?","?","E","M","R","T","M","$","R","M","M","R","BOSS","M","?","?","$","M","R","M","M","T","M","R","M","?","M","R","BOSS"],"items_purchased_type":["Relic","Card"],"build_version":"2020-12-22","purchased_purges":2,"victory":false,"max_hp_per_floor":[66,66,66,66,66,66,66,66,66,66,66,66,66,66,66,66,66,66,66,66,66,66,66,66,66,66,66,66,66,66,66,66,66,66],"relic_stats":{"Nunchaku":[3],"counters":[17,87],"obtain_stats":[{"Nunchaku":26,"NeowsBlessing":0,"Philosopher\u0027s Stone":17,"Omamori":6,"Ancient Tea Set":9,"Toy Ornithopter":20,"Ring of the Snake":0,"Meat on the Bone":11},{"Nunchaku":13,"NeowsBlessing":0,"Philosopher\u0027s Stone":8,"Omamori":3,"Ancient Tea Set":4,"Toy Ornithopter":10,"Ring of the Snake":0,"Meat on the Bone":5},{"Nunchaku":61,"NeowsBlessing":0,"Philosopher\u0027s Stone":29,"Omamori":5,"Ancient Tea Set":9,"Toy Ornithopter":41,"Ring of the Snake":0,"Meat on the Bone":13}],"Toy Ornithopter":15,"Ring of the Snake":[34],"Meat on the Bone":84},"card_choices":[{"not_picked":["PiercingWail","Concentrate"],"picked":"Deadly Poison","floor":1.0},{"not_picked":["Backflip","Tactician"],"picked":"Crippling Poison","floor":3.0},{"not_picked":["Doppelganger","Prepared"],"picked":"Tactician","floor":6.0},{"not_picked":["Heel Hook","Dodge and Roll","Quick Slash"],"picked":"SKIP","floor":7.0},{"not_picked":["Deflect","Poisoned Stab"],"picked":"Dagger Throw","floor":10.0},{"not_picked":["Riddle With Holes","Endless Agony"],"picked":"Poisoned Stab","floor":13.0},{"not_picked":["Quick Slash","Tactician"],"picked":"Malaise","floor":14.0},{"not_picked":["Die Die Die","Glass Knife"],"picked":"After Image","floor":16.0},{"not_picked":["All Out Attack","Endless Agony","Acrobatics"],"picked":"SKIP","floor":18.0},{"not_picked":["Deadly Poison","Prepared","Finisher"],"picked":"SKIP","floor":19.0},{"not_picked":["Bane","Eviscerate"],"picked":"Deadly Poison+1","floor":22},{"not_picked":["PiercingWail","Setup"],"picked":"Well Laid Plans","floor":24},{"not_picked":["Dodge and Roll","Caltrops"],"picked":"Corpse Explosion","floor":25},{"not_picked":["Prepared","Caltrops","Blade Dance"],"picked":"SKIP","floor":27},{"not_picked":["Bane","Dagger Throw","Predator"],"picked":"SKIP","floor":29},{"not_picked":["All Out Attack","Sucker Punch"],"picked":"Backflip","floor":31}],"player_experience":1750737,"relics_obtained":[{"floor":6.0,"key":"Omamori"},{"floor":9.0,"key":"Ancient Tea Set"},{"floor":26,"key":"Nunchaku"}],"event_choices":[{"cards_removed":["Strike_G"],"damage_healed":0.0,"max_hp_gain":0.0,"max_hp_loss":0.0,"gold_gain":0.0,"event_name":"The Cleric","player_choice":"Card Removal","floor":2.0,"gold_loss":75.0,"damage_taken":0.0},{"damage_healed":0.0,"max_hp_gain":0.0,"max_hp_loss":0.0,"gold_gain":0.0,"event_name":"Liars Game","player_choice":"Ignored","floor":4.0,"gold_loss":0.0,"damage_taken":0.0},{"damage_healed":0.0,"max_hp_gain":0.0,"max_hp_loss":0.0,"gold_gain":275.0,"event_name":"Golden Shrine","player_choice":"Desecrate","floor":5.0,"gold_loss":0.0,"damage_taken":0.0,"cards_obtained":["Regret"]},{"damage_healed":0,"gold_gain":0,"player_choice":"Opened","damage_taken":0,"relics_obtained":["Toy Ornithopter"],"max_hp_gain":0,"max_hp_loss":0,"event_name":"The Mausoleum","floor":20,"gold_loss":0,"cards_obtained":["Writhe"]},{"damage_healed":0,"gold_gain":0,"player_choice":"Ignored","damage_taken":0,"max_hp_gain":0,"max_hp_loss":0,"event_name":"Ghosts","floor":30,"gold_loss":0}],"is_beta":false,"boss_relics":[{"not_picked":["SlaversCollar","Sozu"],"picked":"Philosopher\u0027s Stone"}],"items_purged_floors":[11,21],"is_endless":false,"potions_floor_spawned":[3,6,13,14,18,24,27,31],"killed_by":"Collector","ascension_level":20}}