{"host":"cy2xqrw0a4jjdcnp","time":1611349350,"event":{"mods":["AchievementEnabler","BaseMod","Colored Map","Minty Spire (QoL Compilation)","Permanent Neow"],"gold_per_floor":[119,138,63,63,63,103,103,127,127,136,186,186,233,258,258,391,418,441,450,450,52,86,86,105,121,121,121,146,158,191,222,234,348,360,396,57,119,128,145,145,145],"floor_reached":40,"language":"ENG","playtime":2893,"items_purged":["Defend_P","Writhe","Defend_P"],"score":506,"play_id":"587fe994-a398-4e7d-8f30-5241b7b6f8ac","local_time":"20210122190230","is_ascension_mode":true,"campfire_choices":[{"data":"Meditate","floor":7.0,"key":"SMITH"},{"data":"Establishment","floor":12.0,"key":"SMITH"},{"data":"Adaptation","floor":15.0,"key":"SMITH"},{"data":"Omniscience","floor":23.0,"key":"SMITH"},{"data":"WindmillStrike","floor":29.0,"key":"SMITH"},{"data":"Ragnarok","floor":32,"key":"SMITH"}],"circlet_count":0,"master_deck":["Eruption+1","Vigilance","Consecrate","CutThroughFate","Meditate+1","JustLucky","Wireheading","Omniscience+1","Establishment+1","Prostrate","Adaptation+1","Ragnarok+1","Perseverance+1","DevaForm+1","FlyingSleeves+1","WindmillStrike+1","Fasting2+1","MentalFortress+1","Study+1","WreathOfFlame+1","Trip","EmptyFist+1","CrushJoints"],"relics":["PureWater","Bloody Idol","Question Card","CeramicFish","White Beast Statue","TeardropLocket","Astrolabe","Frozen Egg 2","TungstenRod","Red Mask","MawBank","Sozu","Bronze Scales","Unceasing Top"],"acts_visited":["Exordium","TheCity","TheBeyond"],"potions_floor_usage":[31,33],"damage_taken":[{"damage":0.0,"enemies":"2 Louse","floor":1.0,"turns":3.0},{"damage":2.0,"enemies":"Jaw Worm","floor":2.0,"turns":3.0},{"damage":7.0,"enemies":"Lagavulin","floor":6.0,"turns":7.0},{"damage":0.0,"enemies":"Cultist","floor":8.0,"turns":2.0},{"damage":2.0,"enemies":"3 Sentries","floor":11.0,"turns":3.0},{"damage":13.0,"enemies":"Lagavulin","floor":13.0,"turns":4.0},{"damage":7.0,"enemies":"3 Louse","floor":14.0,"turns":2.0},{"damage":4.0,"enemies":"Hexaghost","floor":16.0,"turns":7.0},{"damage":1.0,"enemies":"Chosen","floor":18.0,"turns":4.0},{"damage":1.0,"enemies":"Masked Bandits","floor":22.0,"turns":3.0},{"damage":0.0,"enemies":"Spheric Guardian","floor":24.0,"turns":3.0},{"damage":0.0,"enemies":"Shelled Parasite and Fungi","floor":25.0,"turns":1.0},{"damage":39.0,"enemies":"Book of Stabbing","floor":28.0,"turns":4.0},{"damage":13.0,"enemies":"Snake Plant","floor":30.0,"turns":4.0},{"damage":0,"enemies":"Sentry and Sphere","floor":31,"turns":3},{"damage":36,"enemies":"Collector","floor":33,"turns":5},{"damage":30,"enemies":"3 Shapes","floor":35,"turns":4},{"damage":50,"enemies":"2 Orb Walkers","floor":37,"turns":4},{"damage":9,"enemies":"Orb Walker","floor":39,"turns":2},{"damage":37,"enemies":"Nemesis","floor":40,"turns":2}],"seed_played":"-8914182875758494565","potions_obtained":[{"floor":1.0,"key":"SpeedPotion"},{"floor":6.0,"key":"Block Potion"},{"floor":8.0,"key":"Explosive Potion"},{"floor":13.0,"key":"GamblersBrew"},{"floor":14.0,"key":"EssenceOfSteel"},{"floor":16.0,"key":"EssenceOfSteel"},{"floor":18.0,"key":"AttackPotion"},{"floor":22.0,"key":"LiquidMemories"},{"floor":24.0,"key":"DuplicationPotion"},{"floor":25.0,"key":"ColorlessPotion"},{"floor":28.0,"key":"BlessingOfTheForge"},{"floor":30.0,"key":"Swift Potion"},{"floor":31,"key":"Ancient Potion"},{"floor":33,"key":"Strength Potion"}],"is_trial":false,"path_per_floor":["M","M","$","?","?","E","R","M","T","?","E","R","E","M","R","B",null,"M","?","?","$","?","R","M","M","T","?","E","R","M","M","R","B",null,"M","$","?","?","M","E"],"character_chosen":"WATCHER","items_purchased":["TungstenRod","Trip","Bronze Scales"],"campfire_rested":0,"item_purchase_floors":[21,36,36],"current_hp_per_floor":[72,70,70,52,52,45,45,45,45,45,43,43,30,23,23,19,72,71,71,71,71,72,72,72,72,72,72,38,43,45,60,65,39,72,52,62,22,27,23,0,0],"gold":145,"neow_bonus":"UPGRADE_CARD","is_daily":false,"chose_seed":false,"campfire_upgraded":6,"win_rate":0.0,"timestamp":1611349350,"path_taken":["M","M","$","?","?","E","R","?","T","?","E","R","E","M","R","BOSS","M","?","?","$","?","R","M","M","T","?","E","R","M","M","R","BOSS","M","$","?","?","M","E"],"items_purchased_type":["Relic","Card","Relic"],"build_version":"2020-12-22","purchased_purges":3,"victory":false,"max_hp_per_floor":[72,72,72,72,72,72,72,72,72,72,72,72,72,72,72,72,72,72,72,72,72,72,72,72,72,72,72,72,72,72,72,72,72,72,72,72,72,72,72,72,72],"card_choices":[{"not_picked":["Weave","Nirvana"],"picked":"Consecrate","floor":1.0},{"not_picked":["Swivel","Consecrate"],"picked":"CutThroughFate","floor":2.0},{"not_picked":["Meditate","Worship"],"picked":"JustLucky","floor":6.0},{"not_picked":["JustLucky","Fasting2","PathToVictory"],"picked":"Wireheading","floor":8.0},{"not_picked":["CrushJoints","LikeWater","FollowUp"],"picked":"Establishment","floor":11.0},{"not_picked":["ThirdEye","Establishment","FlyingSleeves"],"picked":"Prostrate","floor":13.0},{"not_picked":["CarveReality","FlurryOfBlows","BattleHymn"],"picked":"Adaptation","floor":14.0},{"not_picked":["MasterReality","Blasphemy","ConjureBlade"],"picked":"Ragnarok","floor":16.0},{"not_picked":["ReachHeaven+1","ForeignInfluence","FlyingSleeves","CrushJoints"],"picked":"SKIP","floor":18.0},{"not_picked":["Halt","JustLucky","BowlingBash"],"picked":"WindmillStrike","floor":22.0},{"not_picked":["Evaluate","Prostrate+1","CutThroughFate"],"picked":"Fasting2+1","floor":24.0},{"not_picked":["FlyingSleeves","SandsOfTime","ReachHeaven+1","JustLucky"],"picked":"SKIP","floor":25.0},{"not_picked":["Brilliance","Meditate+1","FollowUp","Evaluate"],"picked":"SKIP","floor":28.0},{"not_picked":["WindmillStrike","PathToVictory","FearNoEvil"],"picked":"MentalFortress+1","floor":30.0},{"not_picked":["Adaptation+1","Consecrate","EmptyBody"],"picked":"Study+1","floor":31},{"not_picked":["Prostrate","CarveReality+1","Protect"],"picked":"WreathOfFlame+1","floor":35},{"not_picked":["CrushJoints+1","ClearTheMind","Evaluate+1"],"picked":"EmptyFist+1","floor":37},{"not_picked":["Halt","Wish","Evaluate","Consecrate"],"picked":"SKIP","floor":39}],"player_experience":1473419,"relics_obtained":[{"floor":6.0,"key":"Question Card"},{"floor":9.0,"key":"CeramicFish"},{"floor":11.0,"key":"White Beast Statue"},{"floor":13.0,"key":"TeardropLocket"},{"floor":22.0,"key":"Red Mask"},{"floor":28.0,"key":"MawBank"},{"floor":37,"key":"Unceasing Top"}],"event_choices":[{"damage_healed":0.0,"max_hp_gain":0.0,"max_hp_loss":0.0,"gold_gain":0.0,"event_name":"Golden Idol","player_choice":"Take Damage","floor":4.0,"gold_loss":0.0,"damage_taken":18.0,"relics_obtained":["Golden Idol"]},{"damage_healed":0.0,"max_hp_gain":0.0,"max_hp_loss":0.0,"gold_gain":0.0,"cards_transformed":["Strike_P"],"event_name":"Transmorgrifier","player_choice":"Transformed","floor":5.0,"gold_loss":0.0,"damage_taken":0.0,"cards_obtained":["Meditate"]},{"damage_healed":0.0,"max_hp_gain":0.0,"max_hp_loss":0.0,"gold_gain":0.0,"cards_transformed":["Strike_P"],"event_name":"Transmorgrifier","player_choice":"Transformed","floor":10.0,"gold_loss":0.0,"damage_taken":0.0,"cards_obtained":["Omniscience"]},{"damage_healed":0.0,"max_hp_gain":0.0,"max_hp_loss":0.0,"gold_gain":0.0,"event_name":"The Mausoleum","player_choice":"Opened","floor":19.0,"gold_loss":0.0,"damage_taken":0.0,"relics_obtained":["Frozen Egg 2"],"cards_obtained":["Writhe"]},{"damage_healed":0.0,"max_hp_gain":0.0,"max_hp_loss":0.0,"gold_gain":0.0,"event_name":"Forgotten Altar","player_choice":"Gave Idol","floor":20.0,"relics_lost":["Golden Idol"],"gold_loss":0.0,"damage_taken":0.0,"relics_obtained":["Bloody Idol"]},{"damage_healed":0.0,"max_hp_gain":0.0,"max_hp_loss":0.0,"gold_gain":0.0,"event_name":"Masked Bandits","player_choice":"Fought Bandits","floor":22.0,"gold_loss":0.0,"damage_taken":0.0},{"damage_healed":0.0,"max_hp_gain":0.0,"max_hp_loss":0.0,"gold_gain":0.0,"event_name":"Vampires","player_choice":"Ignored","floor":27.0,"gold_loss":0.0,"damage_taken":0.0},{"damage_healed":0,"gold_gain":0,"player_choice":"Fight","damage_taken":0,"max_hp_gain":0,"max_hp_loss":0,"event_name":"Mysterious Sphere","floor":37,"gold_loss":0},{"damage_healed":0,"gold_gain":0,"cards_transformed":["Defend_P"],"player_choice":"Transformed","damage_taken":0,"max_hp_gain":0,"max_hp_loss":0,"event_name":"Transmorgrifier","floor":38,"gold_loss":0,"cards_obtained":["CrushJoints"]}],"is_beta":false,"boss_relics":[{"not_picked":["Fusion Hammer","Empty Cage"],"picked":"Astrolabe"},{"not_picked":["Runic Dome","Pandora\u0027s Box"],"picked":"Sozu"}],"items_purged_floors":[3,21,36],"is_endless":false,"potions_floor_spawned":[1,6,8,13,14,16,18,22,24,25,28,30,31,33,35,37,39],"killed_by":"Nemesis","ascension_level":4}}