{"host":"xkfvvb2eqyo6l3km","time":1611356180,"event":{"mods":["AchievementEnabler","AlwaysNeverKeys","BaseMod","Better Third Choice","BetterRewards","Block Reminder","Card Forge","Colored Map","Colored Powertips","DeckTracker","Energized Spire","Force Act Four","Hubris","Jorbs\u0027s Wanderer Trilogy","Minty Spire (QoL Compilation)","Permanent Neow","Quick Restart","Replay The Spire","Spicy Shops","StSLib","The Blackbeard","The Blue Laboratory","The Cursed","The Disciple","The Hierophant","The Necromancer","The Sage","The Valiant","vexMod"],"gold_per_floor":[110,110,60,80,80,109,121,156,181,181,195,213,224,242,242,343,343,357,357,373,373,423,451,16,43,43,43,62,62,81,95,95,195,195,205,215,215,230,179,211,211,106,106,116,146,162,162,193,193,193,193,193,48,78,78,78],"floor_reached":55,"language":"ENG","playtime":2884,"items_purged":["Defend_P","Strike_P","ConjureBlade"],"score":1084,"play_id":"044507bb-cc85-4479-8e5c-d1c6536117a9","local_time":"20210122205620","is_ascension_mode":false,"campfire_choices":[{"floor":10.0,"key":"REST"},{"data":"Eruption","floor":27,"key":"SMITH"},{"data":"DevaForm","floor":32,"key":"SMITH"},{"data":"Madness","floor":49,"key":"SMITH"},{"data":"Protect","floor":52,"key":"SMITH"}],"circlet_count":0,"master_deck":["Strike_P","Strike_P","Strike_P","Defend_P","Eruption+1","Vigilance+1","BattleHymn","Protect+1","Study+1","Consecrate","FlyingSleeves","Evaluate+1","Protect+1","Replay:BluntJabs","FlyingSleeves","DevaForm+1","Consecrate+1","WindmillStrike","Indignation","Halt","CutThroughFate+1","CutThroughFate+1","Wallop+1","Adaptation+1","JustLucky","Madness+1","Madness+1","SashWhip+1","Consecrate+1","FlurryOfBlows","FlurryOfBlows","Swift Strike","FlurryOfBlows"],"relics":["PureWater","Hammer of Thor","Seething Fire","Anvil of the Gods","Kunai","Strange Spoon","Lizard Tail","Iron Hammer","Shuriken","Bronze Scales","Coffee Dripper","hubris:BottledHeart","Anchor","Gremlin Food","Replay:Accelerometer","PreservedInsect","ReplayTheSpireMod:Ninjato","Ornamental Fan","Damaru","WarpedTongs","vexMod:TanglingVine","sagemod:Creepy_Carousel","Garlic","vexMod:BarristanHead","MealTicket","Happy Flower"],"acts_visited":["Exordium","TheCity","TheBeyond","TheEnding"],"potions_floor_usage":[33,42,44,55,55],"damage_taken":[{"damage":2.0,"enemies":"Cultist","floor":1.0,"turns":3.0},{"damage":0.0,"enemies":"Jaw Worm","floor":4.0,"turns":3.0},{"damage":14.0,"enemies":"Gremlin Nob","floor":6.0,"turns":5.0},{"damage":0.0,"enemies":"2 Louse","floor":7.0,"turns":2.0},{"damage":0.0,"enemies":"Lagavulin","floor":8.0,"turns":3.0},{"damage":4.0,"enemies":"Large Slime","floor":11.0,"turns":4.0},{"damage":4.0,"enemies":"Blue Slaver","floor":12.0,"turns":3.0},{"damage":0.0,"enemies":"2 Fungi Beasts","floor":13.0,"turns":3.0},{"damage":6.0,"enemies":"Exordium Thugs","floor":14.0,"turns":3.0},{"damage":9.0,"enemies":"The Guardian","floor":16.0,"turns":6.0},{"damage":13.0,"enemies":"3 Byrds","floor":18.0,"turns":4.0},{"damage":0.0,"enemies":"Shell Parasite","floor":20.0,"turns":5.0},{"damage":0,"enemies":"Slavers","floor":23,"turns":5},{"damage":0,"enemies":"Replay:Snechameleon","floor":25,"turns":2},{"damage":0,"enemies":"3 Cultists","floor":28,"turns":3},{"damage":0,"enemies":"Shelled Parasite and Fungi","floor":30,"turns":3},{"damage":0,"enemies":"Centurion and Healer","floor":31,"turns":3},{"damage":0,"enemies":"Champ","floor":33,"turns":5},{"damage":0,"enemies":"Orb Walker","floor":35,"turns":3},{"damage":0,"enemies":"3 Shapes","floor":36,"turns":3},{"damage":0,"enemies":"Transient","floor":38,"turns":5},{"damage":0,"enemies":"R_Hoarder","floor":40,"turns":5},{"damage":0,"enemies":"Spire Growth","floor":44,"turns":4},{"damage":0,"enemies":"Giant Head","floor":45,"turns":4},{"damage":0,"enemies":"Jaw Worm Horde","floor":46,"turns":3},{"damage":0,"enemies":"Nemesis","floor":48,"turns":3},{"damage":0,"enemies":"Awakened One","floor":50,"turns":8},{"damage":0,"enemies":"Shield and Spear","floor":54,"turns":4},{"damage":68,"enemies":"The Heart","floor":55,"turns":5}],"seed_played":"-8852115628677972368","potions_obtained":[{"floor":4.0,"key":"blueLaboratory:FrostheartPotion"},{"floor":11.0,"key":"sagemod:Wine"},{"floor":14.0,"key":"blueLaboratory:EpiphanyPotion"},{"floor":16.0,"key":"BottledMiracle"},{"floor":23,"key":"blueLaboratory:FruitPunch"},{"floor":33,"key":"Energy Potion"},{"floor":45,"key":"blueLaboratory:PhilterOfMotion"},{"floor":54,"key":"blueLaboratory:LouseDecoction"}],"is_trial":false,"path_per_floor":["M","?","?","M","$","E","M","E","T","R","M","M","M","M","R_BF","B",null,"M","?","M","?","T","E","$","E","T","R","M","?","M","M","R","B",null,"M","M","?","M","$","E","?","$","T","M","E","M","?","E","R","B",null,"R","$","E","B"],"character_chosen":"WATCHER","items_purchased":["Kunai","Strange Spoon","BattleHymn","PreservedInsect","ReplayTheSpireMod:Ninjato","Halt","JustLucky","FlurryOfBlows","Swift Strike"],"campfire_rested":1,"item_purchase_floors":[0,0,0,24,24,24,39,53,53],"current_hp_per_floor":[38,38,38,38,38,24,24,24,24,45,41,37,37,31,52,43,72,59,1,1,1,1,1,1,1,1,1,1,1,1,1,1,1,1,1,1,1,1,1,1,1,1,1,1,1,1,1,1,1,1,1,1,1,1,0,0],"gold":78,"neow_bonus":"","is_daily":false,"chose_seed":false,"campfire_upgraded":4,"win_rate":0.0,"timestamp":1611356180,"path_taken":["M","?","?","M","?","E","?","E","T","R","M","M","M","M","R_BF","BOSS","M","?","M","?","?","E","$","E","T","R","M","?","M","?","R","BOSS","M","M","?","M","?","E","?","$","T","M","E","M","?","E","R","BOSS","R","$","E","BOSS"],"items_purchased_type":["Relic","Relic","Card","Relic","Relic","Card","Card","Card","Card"],"build_version":"2020-12-22","purchased_purges":3,"victory":false,"max_hp_per_floor":[72,72,72,72,72,72,72,72,72,72,72,72,72,72,72,72,72,72,1,1,1,1,1,1,1,1,1,1,1,1,1,1,1,1,1,1,1,1,1,1,1,1,1,1,1,1,1,1,1,1,1,1,1,1,1,1],"card_choices":[{"not_picked":["PathToVictory","SashWhip"],"picked":"Protect","floor":1.0},{"not_picked":["Evaluate","Replay:Cycle"],"picked":"Study","floor":4.0},{"not_picked":["BowlingBash","PathToVictory"],"picked":"Consecrate","floor":6.0},{"not_picked":["Protect","Replay:Cycle"],"picked":"FlyingSleeves","floor":7.0},{"not_picked":["Sanctity","Weave","Vengeance"],"picked":"SKIP","floor":8.0},{"not_picked":["LikeWater","Judgement"],"picked":"Evaluate","floor":11.0},{"not_picked":["BattleHymn","EmptyFist"],"picked":"Protect","floor":12.0},{"not_picked":["Replay:AtTheReady","EmptyBody"],"picked":"Replay:BluntJabs","floor":13.0},{"not_picked":["Conclude","BattleHymn"],"picked":"FlyingSleeves","floor":14.0},{"not_picked":["ConjureBlade","DeusExMachina"],"picked":"DevaForm","floor":16.0},{"not_picked":["Adaptation","Pray"],"picked":"Consecrate+1","floor":18.0},{"not_picked":["FlurryOfBlows+1","FlyingSleeves+1"],"picked":"WindmillStrike","floor":20.0},{"not_picked":["PathToVictory","Adaptation"],"picked":"Indignation","floor":23},{"not_picked":["EmptyBody","BattleHymn","LikeWater"],"picked":"SKIP","floor":25},{"not_picked":["DevaForm","ClearTheMind"],"picked":"CutThroughFate+1","floor":28},{"not_picked":["Replay:ManipulateFuture","Halt","WaveOfTheHand"],"picked":"SKIP","floor":30},{"not_picked":["Sanctity","PathToVictory+1","EmptyFist+1"],"picked":"SKIP","floor":31},{"not_picked":["DevaForm","Establishment"],"picked":"ConjureBlade","floor":33},{"not_picked":["Crescendo+1","Replay:Vibes+1"],"picked":"CutThroughFate+1","floor":35},{"not_picked":["Replay:BluntJabs+1","DeceiveReality"],"picked":"Wallop+1","floor":36},{"not_picked":["Vengeance+1","Worship+1"],"picked":"Adaptation+1","floor":38},{"not_picked":["Pray+1","Replay:DivineShield","SignatureMove"],"picked":"SKIP","floor":40},{"not_picked":["Protect","Swivel"],"picked":"SashWhip+1","floor":44},{"not_picked":["WreathOfFlame","InnerPeace"],"picked":"Consecrate+1","floor":45},{"not_picked":["PathToVictory+1","BowlingBash"],"picked":"FlurryOfBlows","floor":46},{"not_picked":["Halt+1","Vengeance","WaveOfTheHand+1"],"picked":"SKIP","floor":48},{"not_picked":["EmptyBody","DevaForm"],"picked":"FlurryOfBlows","floor":54}],"player_experience":281897,"relics_obtained":[{"floor":6.0,"key":"Iron Hammer"},{"floor":8.0,"key":"Shuriken"},{"floor":9.0,"key":"Bronze Scales"},{"floor":22,"key":"Gremlin Food"},{"floor":23,"key":"Replay:Accelerometer"},{"floor":25,"key":"Ornamental Fan"},{"floor":26,"key":"Damaru"},{"floor":40,"key":"sagemod:Creepy_Carousel"},{"floor":43,"key":"Garlic"},{"floor":45,"key":"vexMod:BarristanHead"},{"floor":48,"key":"MealTicket"},{"floor":54,"key":"Happy Flower"}],"event_choices":[{"cards_removed":["Defend_P"],"damage_healed":0.0,"max_hp_gain":0.0,"max_hp_loss":0.0,"gold_gain":0.0,"event_name":"The Cleric","player_choice":"Card Removal","floor":3.0,"gold_loss":50.0,"damage_taken":0.0},{"damage_healed":0,"gold_gain":0,"player_choice":"Anchor","damage_taken":0,"relics_obtained":["Anchor"],"max_hp_gain":0,"max_hp_loss":0,"event_name":"blackbeard:ShipwreckEvent","floor":21,"gold_loss":0},{"damage_healed":0,"gold_gain":0,"player_choice":"Rummage","damage_taken":0,"relics_obtained":["WarpedTongs"],"max_hp_gain":0,"max_hp_loss":0,"event_name":"Accursed Blacksmith","floor":29,"gold_loss":0,"cards_obtained":["Pain"]},{"damage_healed":0,"gold_gain":0,"player_choice":"Upgraded","damage_taken":0,"max_hp_gain":0,"max_hp_loss":0,"event_name":"Upgrade Shrine","floor":37,"gold_loss":0,"cards_upgraded":["Evaluate"]},{"damage_healed":0,"gold_gain":0,"player_choice":"Embrace Madness","damage_taken":0,"max_hp_gain":0,"max_hp_loss":0,"event_name":"Winding Halls","floor":41,"gold_loss":0,"cards_obtained":["Madness","Madness"]}],"is_beta":false,"boss_relics":[{"not_picked":["Busted Crown","hubris:HollowSoul"],"picked":"Coffee Dripper"},{"not_picked":["Runic Dome","vexMod:RockOfEvil"],"picked":"vexMod:TanglingVine"}],"items_purged_floors":[0,0,42],"is_endless":false,"potions_floor_spawned":[4,11,14,16,23,31,33,38,40,45,54],"killed_by":"The Heart","ascension_level":0}}