{"host":"b7mawubrjc2hdxhd","time":1611343070,"event":{"mods":["AchievementEnabler","BaseMod","BetterRewards","Ironclad Rager","Minty Spire (QoL Compilation)","Relic Stats","Spicy Shops","Spire Arcade","StSLib"],"gold_per_floor":[110,110,270,284,295,323,333,361,361,75,93,93,93,111,111,215,215,228,228],"floor_reached":18,"language":"ENG","playtime":1036,"items_purged":[],"score":288,"play_id":"4ad29da7-1144-427b-bdef-54cf129782bc","local_time":"20210122191750","is_ascension_mode":true,"campfire_choices":[{"floor":12,"key":"REST"},{"floor":15,"key":"REST"}],"circlet_count":0,"master_deck":["Strike_G","Strike_G","Strike_G","Strike_G","Strike_G","Defend_G","Defend_G","Defend_G","Defend_G","Defend_G","Survivor","Neutralize","Infinite Blades+1","Leg Sweep","Acrobatics","Quick Slash","Endless Agony","Slice","Slice","Noxious Fumes","Pain","Outmaneuver","Unload"],"relics":["Ring of the Snake","Ornamental Fan","HandDrill","Letter Opener","Matryoshka","White Beast Statue","Blood Vial","Question Card","Ginger","WarpedTongs","HoveringKite"],"acts_visited":["Exordium","TheCity"],"potions_floor_usage":[16,16],"damage_taken":[{"damage":0,"enemies":"2 Louse","floor":1,"turns":5},{"damage":0,"enemies":"Jaw Worm","floor":4,"turns":4},{"damage":0,"enemies":"Small Slimes","floor":5,"turns":3},{"damage":11,"enemies":"3 Sentries","floor":6,"turns":10},{"damage":5,"enemies":"Gremlin Gang","floor":7,"turns":7},{"damage":13,"enemies":"Lagavulin","floor":8,"turns":9},{"damage":1,"enemies":"3 Louse","floor":11,"turns":3},{"damage":7,"enemies":"Exordium Wildlife","floor":14,"turns":3},{"damage":24,"enemies":"Hexaghost","floor":16,"turns":10},{"damage":27,"enemies":"Spheric Guardian","floor":18,"turns":5}],"seed_played":"5138890778124930486","potions_obtained":[{"floor":3,"key":"DistilledChaos"},{"floor":5,"key":"Explosive Potion"},{"floor":8,"key":"BlessingOfTheForge"},{"floor":16,"key":"BlessingOfTheForge"},{"floor":18,"key":"PowerPotion"}],"is_trial":false,"path_per_floor":["M","?","?","M","M","E","M","E","T","$","M","R","?","M","R","B",null,"M"],"character_chosen":"THE_SILENT","items_purchased":["Ornamental Fan","Infinite Blades","HandDrill","Ginger"],"campfire_rested":2,"item_purchase_floors":[0,0,0,10],"current_hp_per_floor":[70,70,70,70,70,59,54,41,41,41,42,63,63,58,70,46,70,43,43],"gold":228,"neow_bonus":"","is_daily":false,"chose_seed":false,"campfire_upgraded":0,"win_rate":0.0,"timestamp":1611343070,"path_taken":["M","?","?","M","M","E","M","E","T","$","M","R","?","M","R","BOSS","M"],"items_purchased_type":["Relic","Card","Relic","Relic"],"build_version":"2020-12-22","purchased_purges":0,"victory":false,"max_hp_per_floor":[70,70,70,70,70,70,70,70,70,70,70,70,70,70,70,70,70,70,70],"relic_stats":{"Blood Vial":24,"counters":[37,174],"Ornamental Fan":[352],"HoveringKite":[2],"HandDrill":[24],"Letter Opener":[15],"Ginger":[4],"Question Card":4,"obtain_stats":[{"Lantern":21,"Regal Pillow":39,"CeramicFish":43,"HoveringKite":17,"Ginger":10,"PrismaticShard":4,"Blood Vial":9,"TheAbacus":21,"Matryoshka":6,"Mummified Hand":41,"HandDrill":0,"Ring of the Snake":0,"The Courier":23,"Letter Opener":3,"Frozen Egg 2":9,"Question Card":9,"Akabeko":41,"White Beast Statue":8,"WarpedTongs":13,"SlaversCollar":17,"Ornamental Fan":27,"Shuriken":46,"Black Star":34,"StrikeDummy":7,"Pocketwatch":0,"Meat on the Bone":26},{"Lantern":12,"Regal Pillow":22,"CeramicFish":23,"HoveringKite":36,"Ginger":33,"PrismaticShard":3,"Blood Vial":33,"TheAbacus":12,"Matryoshka":31,"Mummified Hand":23,"HandDrill":27,"Ring of the Snake":0,"The Courier":13,"Letter Opener":28,"Frozen Egg 2":5,"Question Card":33,"Akabeko":23,"White Beast Statue":33,"WarpedTongs":34,"SlaversCollar":10,"Ornamental Fan":14,"Shuriken":25,"Black Star":19,"StrikeDummy":5,"Pocketwatch":0,"Meat on the Bone":14},{"Lantern":45,"Regal Pillow":91,"CeramicFish":98,"HoveringKite":169,"Ginger":153,"PrismaticShard":12,"Blood Vial":153,"TheAbacus":45,"Matryoshka":137,"Mummified Hand":98,"HandDrill":115,"Ring of the Snake":0,"The Courier":49,"Letter Opener":120,"Frozen Egg 2":21,"Question Card":153,"Akabeko":98,"White Beast Statue":153,"WarpedTongs":156,"SlaversCollar":38,"Ornamental Fan":54,"Shuriken":108,"Black Star":76,"StrikeDummy":21,"Pocketwatch":0,"Meat on the Bone":54}],"Ring of the Snake":[76],"WarpedTongs":[18]},"card_choices":[{"not_picked":["Prepared","Deflect"],"picked":"Leg Sweep","floor":1},{"not_picked":["Flechettes","Dodge and Roll"],"picked":"Acrobatics","floor":4},{"not_picked":["Acrobatics","Sucker Punch"],"picked":"Quick Slash","floor":5},{"not_picked":["Flechettes","Finisher"],"picked":"Endless Agony","floor":6},{"not_picked":["Bane","Quick Slash"],"picked":"Slice","floor":7},{"not_picked":["Bane","Bullet Time"],"picked":"Slice","floor":8},{"not_picked":["Poisoned Stab","Footwork","Dagger Spray"],"picked":"Noxious Fumes","floor":11},{"not_picked":["Calculated Gamble","PiercingWail","Dodge and Roll"],"picked":"Outmaneuver","floor":14},{"not_picked":["Corpse Explosion","Venomology","Phantasmal Killer"],"picked":"Unload","floor":16}],"player_experience":57106,"relics_obtained":[{"floor":3,"key":"Letter Opener"},{"floor":6,"key":"Matryoshka"},{"floor":8,"key":"White Beast Statue"},{"floor":9,"key":"Blood Vial"},{"floor":9,"key":"Question Card"}],"event_choices":[{"damage_healed":0,"gold_gain":0,"player_choice":"Grow","damage_taken":0,"max_hp_gain":0,"max_hp_loss":0,"event_name":"Living Wall","floor":2,"gold_loss":0,"cards_upgraded":["Infinite Blades"]},{"damage_healed":0,"gold_gain":0,"player_choice":"Rummage","damage_taken":0,"relics_obtained":["WarpedTongs"],"max_hp_gain":0,"max_hp_loss":0,"event_name":"Accursed Blacksmith","floor":13,"gold_loss":0,"cards_obtained":["Pain"]}],"is_beta":false,"boss_relics":[{"not_picked":["SacredBark","Cursed Key"],"picked":"HoveringKite"}],"items_purged_floors":[],"is_endless":false,"potions_floor_spawned":[5,8,11,14,16,18],"killed_by":"Spheric Guardian","ascension_level":1}}