{"host":"foq4mrde4mssg7vt","time":1611306624,"event":{"mods":["AchievementEnabler","BaseMod","Colored Map","Colored Powertips","Highlight Path","Minty Spire (QoL Compilation)","Relic Stats","everything is the same but u backflip on backflip"],"gold_per_floor":[111,129,21,32,42,42,68,81,81,81,94,129,129,155,155,232,232,246,264,24,24,74,74,101,117,141,141,2,2,2,16,16,92,92,104,119,37,37,37,63,76,111,111,131,131,159,159,179,179,179,179,179,179,19,47,47,47],"floor_reached":56,"language":"ENG","playtime":2618,"items_purged":["Strike_B","Defend_B"],"score":1900,"play_id":"7bb50e72-04aa-4c36-b834-ef1834001c87","local_time":"20210122171024","is_ascension_mode":true,"campfire_choices":[{"data":"Defragment","floor":6.0,"key":"SMITH"},{"data":"Sunder","floor":10.0,"key":"SMITH"},{"floor":13.0,"key":"REST"},{"floor":15.0,"key":"REST"},{"data":"Loop","floor":23.0,"key":"SMITH"},{"floor":27.0,"key":"REST"},{"floor":29.0,"key":"REST"},{"data":"Coolheaded","floor":32.0,"key":"SMITH"},{"floor":45.0,"key":"REST"},{"floor":49.0,"key":"RECALL"},{"data":"Seek","floor":53.0,"key":"SMITH"}],"circlet_count":0,"master_deck":["AscendersBane","Strike_B","Strike_B","Strike_B","Defend_B","Defend_B","Defend_B","Zap","Dualcast","Capacitor","Coolheaded+1","Cold Snap","Leap","Defragment+1","Compile Driver","Sunder+1","Ball Lightning","Reinforced Body","Loop+1","Steam Power","Electrodynamics","Defragment+1","Stack+1","Barrage+1","Coolheaded","Seek+1","Hologram","Go for the Eyes+1","Echo Form","Hologram+1","Force Field"],"relics":["Cracked Core","Bag of Marbles","Boot","Bronze Scales","Vajra","Molten Egg 2","Velvet Choker","Membership Card","Ornamental Fan","Omamori","Bag of Preparation","Inserter","DataDisk","Emotion Chip","Anchor","Gambling Chip","Orichalcum","StoneCalendar"],"acts_visited":["Exordium","TheCity","TheBeyond","TheEnding"],"potions_floor_usage":[56],"damage_taken":[{"damage":0.0,"enemies":"Cultist","floor":1.0,"turns":3.0},{"damage":2.0,"enemies":"Jaw Worm","floor":2.0,"turns":3.0},{"damage":3.0,"enemies":"2 Louse","floor":4.0,"turns":4.0},{"damage":1.0,"enemies":"Exordium Wildlife","floor":5.0,"turns":5.0},{"damage":7.0,"enemies":"Lagavulin","floor":7.0,"turns":10.0},{"damage":7.0,"enemies":"3 Louse","floor":8.0,"turns":3.0},{"damage":10.0,"enemies":"Exordium Thugs","floor":11.0,"turns":3.0},{"damage":21.0,"enemies":"Gremlin Nob","floor":12.0,"turns":4.0},{"damage":12.0,"enemies":"Lagavulin","floor":14.0,"turns":6.0},{"damage":23.0,"enemies":"Slime Boss","floor":16.0,"turns":9.0},{"damage":10.0,"enemies":"Chosen","floor":18.0,"turns":4.0},{"damage":12.0,"enemies":"3 Byrds","floor":19.0,"turns":2.0},{"damage":15.0,"enemies":"Gremlin Leader","floor":24.0,"turns":5.0},{"damage":19.0,"enemies":"Shelled Parasite and Fungi","floor":25.0,"turns":7.0},{"damage":0.0,"enemies":"Snecko","floor":31.0,"turns":5.0},{"damage":23.0,"enemies":"Collector","floor":33.0,"turns":9.0},{"damage":12.0,"enemies":"Orb Walker","floor":35.0,"turns":3.0},{"damage":2.0,"enemies":"3 Shapes","floor":36.0,"turns":4.0},{"damage":4.0,"enemies":"Nemesis","floor":40.0,"turns":7.0},{"damage":3.0,"enemies":"Sphere and 2 Shapes","floor":41.0,"turns":4.0},{"damage":18.0,"enemies":"Giant Head","floor":42.0,"turns":9.0},{"damage":0.0,"enemies":"Maw","floor":44.0,"turns":8.0},{"damage":3.0,"enemies":"Nemesis","floor":46.0,"turns":5.0},{"damage":1.0,"enemies":"4 Shapes","floor":48.0,"turns":2.0},{"damage":12.0,"enemies":"Donu and Deca","floor":50.0,"turns":11.0},{"damage":34.0,"enemies":"Time Eater","floor":51.0,"turns":12.0},{"damage":20.0,"enemies":"Shield and Spear","floor":55.0,"turns":6.0},{"damage":35,"enemies":"The Heart","floor":56,"turns":3}],"seed_played":"7775037036185388262","potions_obtained":[{"floor":2.0,"key":"FocusPotion"},{"floor":8.0,"key":"Strength Potion"},{"floor":11.0,"key":"Dexterity Potion"},{"floor":42.0,"key":"Weak Potion"}],"is_trial":false,"path_per_floor":["M","M","$","M","M","R","E","M","T","R","M","E","R","E","R","B",null,"M","M","$","?","?","R","E","M","T","R","$","R","?","M","R","B",null,"M","M","$","?","?","E","M","E","T","M","R","E","?","M","R","B","B",null,"R","$","E","B"],"character_chosen":"DEFECT","items_purchased":["Cold Snap","Leap","Membership Card","Defragment","Bag of Preparation","Barrage+1","Coolheaded","DataDisk","Orichalcum","Energy Potion"],"campfire_rested":5,"item_purchase_floors":[3,3,20,20,28,28,28,37,54,54],"current_hp_per_floor":[64,62,62,59,58,58,51,44,44,44,34,13,34,22,43,20,58,48,36,36,36,36,36,21,2,2,23,23,44,44,44,44,21,59,47,45,45,45,45,41,38,20,20,20,40,37,67,66,66,54,20,55,55,55,35,0,0],"gold":47,"neow_bonus":"RANDOM_COMMON_RELIC","is_daily":false,"chose_seed":false,"campfire_upgraded":5,"win_rate":0.0,"timestamp":1611306624,"path_taken":["M","M","$","M","M","R","E","?","T","R","M","E","R","E","R","BOSS","M","M","$","?","?","R","E","M","T","R","?","R","?","?","R","BOSS","M","M","$","?","?","E","M","E","T","M","R","E","?","?","R","BOSS","BOSS","R","$","E","BOSS"],"items_purchased_type":["Card","Card","Relic","Card","Relic","Card","Card","Relic","Relic","Potion"],"build_version":"2020-12-22","purchased_purges":2,"victory":false,"max_hp_per_floor":[71,71,71,71,71,71,71,71,71,71,71,71,71,71,71,71,71,71,71,71,71,71,71,71,71,71,71,71,71,71,71,71,71,71,71,71,71,71,67,67,67,67,67,67,67,67,67,67,67,67,67,67,67,67,67,67,67],"relic_stats":{"Emotion Chip":[52,26,26,0,0],"Inserter":[36],"counters":[28,154],"Ornamental Fan":[72],"Bronze Scales":[395],"Gambling Chip":[24],"StoneCalendar":[0],"Bag of Preparation":[28],"Orichalcum":[12],"Boot":[54],"obtain_stats":[{"Inserter":34,"Vajra":12,"Velvet Choker":17,"StoneCalendar":55,"Omamori":26,"Bag of Preparation":28,"Orichalcum":54,"Boot":7,"DataDisk":37,"Emotion Chip":40,"Anchor":42,"Ornamental Fan":24,"Bronze Scales":9,"Gambling Chip":46,"Molten Egg 2":14,"Bag of Marbles":0,"Membership Card":20,"Cracked Core":0},{"Inserter":16,"Vajra":8,"Velvet Choker":10,"StoneCalendar":27,"Omamori":14,"Bag of Preparation":14,"Orichalcum":26,"Boot":5,"DataDisk":18,"Emotion Chip":19,"Anchor":21,"Ornamental Fan":13,"Bronze Scales":6,"Gambling Chip":23,"Molten Egg 2":9,"Bag of Marbles":0,"Membership Card":12,"Cracked Core":0},{"Inserter":81,"Vajra":35,"Velvet Choker":50,"StoneCalendar":151,"Omamori":68,"Bag of Preparation":68,"Orichalcum":145,"Boot":25,"DataDisk":88,"Emotion Chip":95,"Anchor":107,"Ornamental Fan":61,"Bronze Scales":28,"Gambling Chip":120,"Molten Egg 2":41,"Bag of Marbles":0,"Membership Card":56,"Cracked Core":0}]},"card_choices":[{"not_picked":["Hologram","Go for the Eyes"],"picked":"Capacitor","floor":1.0},{"not_picked":["Barrage","Loop"],"picked":"Coolheaded","floor":2.0},{"not_picked":["Hello World","Melter"],"picked":"Defragment","floor":4.0},{"not_picked":["Stack","White Noise"],"picked":"Compile Driver","floor":5.0},{"not_picked":["Stack","Hyperbeam"],"picked":"Sunder","floor":7.0},{"not_picked":["Fusion","Stack"],"picked":"Ball Lightning","floor":8.0},{"not_picked":["Static Discharge","Go for the Eyes"],"picked":"Reinforced Body","floor":11.0},{"not_picked":["Stack","Capacitor"],"picked":"Loop","floor":12.0},{"not_picked":["BootSequence","Tempest"],"picked":"Steam Power","floor":14.0},{"not_picked":["Amplify","All For One+1"],"picked":"Electrodynamics","floor":16.0},{"not_picked":["Capacitor","Storm","Beam Cell+1"],"picked":"SKIP","floor":18.0},{"not_picked":["Gash+1","Ball Lightning+1","Redo"],"picked":"SKIP","floor":19.0},{"not_picked":["Steam+1","Thunder Strike+1"],"picked":"Stack+1","floor":24.0},{"not_picked":["Lockon+1","Cold Snap+1","Stack"],"picked":"SKIP","floor":25.0},{"not_picked":["Chaos","Rebound+1","Conserve Battery"],"picked":"SKIP","floor":31.0},{"not_picked":["Rainbow","Reboot"],"picked":"Seek","floor":33.0},{"not_picked":["Coolheaded","Beam Cell+1","Redo"],"picked":"SKIP","floor":35.0},{"not_picked":["Leap+1","Tempest","Turbo"],"picked":"SKIP","floor":36.0},{"not_picked":["Reprogram","Rip and Tear+1","Conserve Battery+1"],"picked":"SKIP","floor":40.0},{"not_picked":["Sweeping Beam+1","Barrage+1"],"picked":"Hologram","floor":41.0},{"not_picked":["Rip and Tear+1","Hologram","Sweeping Beam+1"],"picked":"SKIP","floor":42.0},{"not_picked":["Conserve Battery","Gash+1"],"picked":"Go for the Eyes+1","floor":44.0},{"not_picked":["Tempest","Blizzard+1"],"picked":"Echo Form","floor":46.0},{"not_picked":["Gash+1","Tempest"],"picked":"Hologram+1","floor":48.0},{"not_picked":["Self Repair","Streamline+1"],"picked":"Force Field","floor":55.0}],"player_experience":536297,"relics_obtained":[{"floor":7.0,"key":"Boot"},{"floor":9.0,"key":"Bronze Scales"},{"floor":12.0,"key":"Vajra"},{"floor":14.0,"key":"Molten Egg 2"},{"floor":24.0,"key":"Ornamental Fan"},{"floor":26.0,"key":"Omamori"},{"floor":40.0,"key":"Emotion Chip"},{"floor":42.0,"key":"Anchor"},{"floor":46.0,"key":"Gambling Chip"},{"floor":55.0,"key":"StoneCalendar"}],"event_choices":[{"damage_healed":0.0,"max_hp_gain":0.0,"max_hp_loss":0.0,"gold_gain":50.0,"event_name":"Nest","player_choice":"Stole From Cult","floor":22.0,"gold_loss":0.0,"damage_taken":0.0},{"damage_healed":0.0,"max_hp_gain":0.0,"max_hp_loss":0.0,"gold_gain":0.0,"event_name":"Accursed Blacksmith","player_choice":"Forge","floor":30.0,"gold_loss":0.0,"damage_taken":0.0,"cards_upgraded":["Defragment"]},{"damage_healed":0.0,"max_hp_gain":0.0,"max_hp_loss":0.0,"gold_gain":0.0,"event_name":"Mysterious Sphere","player_choice":"Ignored","floor":38.0,"gold_loss":0.0,"damage_taken":0.0},{"damage_healed":0.0,"max_hp_gain":0.0,"max_hp_loss":4.0,"gold_gain":0.0,"event_name":"Winding Halls","player_choice":"Max HP","floor":39.0,"gold_loss":0.0,"damage_taken":0.0},{"damage_healed":30.0,"max_hp_gain":0.0,"max_hp_loss":0.0,"gold_gain":0.0,"event_name":"MindBloom","player_choice":"Heal","floor":47.0,"gold_loss":0.0,"damage_taken":0.0,"cards_obtained":["Doubt"]}],"is_beta":false,"boss_relics":[{"not_picked":["Tiny House","SlaversCollar"],"picked":"Velvet Choker"},{"not_picked":["Sozu","Nuclear Battery"],"picked":"Inserter"}],"items_purged_floors":[20,54],"is_endless":false,"potions_floor_spawned":[2,8,11,25,31,33,35,40,41,42],"killed_by":"The Heart","ascension_level":20}}