{"host":"sxnl403xm2xmiyj1","time":1611296503,"event":{"mods":["AchievementEnabler","BaseMod","Colored Map","Keyboard Shortcuts","Minty Spire (QoL Compilation)","Quick Restart","StSLib","SuperFastMode"],"gold_per_floor":[109,120,138,155,168,168,203,231,243,265,69,69,81,91,91,165,165,182,182,182],"floor_reached":19,"language":"KOR","playtime":686,"items_purged":["Strike_B"],"score":350,"play_id":"3a3b0dfb-cb82-4e40-ad7b-7293391a6c97","local_time":"20210122152143","is_ascension_mode":true,"campfire_choices":[{"floor":6.0,"key":"REST"},{"data":"Capacitor","floor":12.0,"key":"SMITH"},{"data":"Chaos","floor":15.0,"key":"SMITH"}],"circlet_count":0,"master_deck":["AscendersBane","Strike_B","Strike_B","Strike_B","Defend_B","Defend_B","Defend_B","Defend_B","Zap","Dualcast","Streamline","Storm","Coolheaded","Barrage","Rip and Tear","Chaos+1","Self Repair","Compile Driver","Capacitor+1","Coolheaded","Reinforced Body","Electrodynamics","CurseOfTheBell","Cold Snap"],"relics":["Cracked Core","Thread and Needle","MawBank","Unceasing Top","Calling Bell","Happy Flower","Sundial","Ginger"],"acts_visited":["Exordium","TheCity"],"potions_floor_usage":[],"damage_taken":[{"damage":0.0,"enemies":"Cultist","floor":1.0,"turns":3.0},{"damage":3.0,"enemies":"Jaw Worm","floor":2.0,"turns":3.0},{"damage":7.0,"enemies":"2 Louse","floor":3.0,"turns":2.0},{"damage":8.0,"enemies":"Exordium Thugs","floor":4.0,"turns":4.0},{"damage":6.0,"enemies":"2 Fungi Beasts","floor":5.0,"turns":4.0},{"damage":19.0,"enemies":"Lagavulin","floor":7.0,"turns":6.0},{"damage":4.0,"enemies":"Large Slime","floor":8.0,"turns":4.0},{"damage":12.0,"enemies":"Red Slaver","floor":10.0,"turns":4.0},{"damage":13.0,"enemies":"3 Louse","floor":13.0,"turns":4.0},{"damage":5.0,"enemies":"Large Slime","floor":14.0,"turns":7.0},{"damage":6.0,"enemies":"Hexaghost","floor":16.0,"turns":10.0},{"damage":38.0,"enemies":"2 Thieves","floor":18.0,"turns":4.0},{"damage":23,"enemies":"3 Byrds","floor":19,"turns":2}],"seed_played":"-4402816683387923660","potions_obtained":[{"floor":2.0,"key":"EssenceOfDarkness"},{"floor":7.0,"key":"Fruit Juice"},{"floor":8.0,"key":"Block Potion"},{"floor":10.0,"key":"LiquidBronze"},{"floor":14.0,"key":"Block Potion"}],"is_trial":false,"path_per_floor":["M","M","M","M","M","R","E","M","T","M","$","R","M","M","R","B",null,"M","M"],"character_chosen":"DEFECT","items_purchased":["Capacitor","Coolheaded"],"campfire_rested":1,"item_purchase_floors":[11,11],"current_hp_per_floor":[46,43,36,28,22,43,24,25,25,20,20,20,14,16,16,17,61,23,0,0],"gold":182,"neow_bonus":"ONE_RARE_RELIC","is_daily":false,"chose_seed":false,"campfire_upgraded":2,"win_rate":0.0,"timestamp":1611296503,"path_taken":["M","M","M","?","M","R","E","M","T","M","$","R","M","?","R","BOSS","M","M"],"items_purchased_type":["Card","Card"],"build_version":"2020-12-22","purchased_purges":1,"victory":false,"max_hp_per_floor":[71,71,71,71,71,71,71,76,76,76,76,76,76,76,76,76,76,76,76,76],"card_choices":[{"not_picked":["Hologram","Stack"],"picked":"Streamline","floor":1.0},{"not_picked":["Ball Lightning","Turbo"],"picked":"Storm","floor":2.0},{"not_picked":["Doom and Gloom","Hologram"],"picked":"Coolheaded","floor":3.0},{"not_picked":["Amplify","Rebound"],"picked":"Barrage","floor":4.0},{"not_picked":["Steam","Barrage"],"picked":"Rip and Tear","floor":5.0},{"not_picked":["Coolheaded","Stack"],"picked":"Chaos","floor":7.0},{"not_picked":["Amplify","Coolheaded"],"picked":"Self Repair","floor":8.0},{"not_picked":["Turbo","Conserve Battery"],"picked":"Compile Driver","floor":10.0},{"not_picked":["Redo","Doom and Gloom"],"picked":"Reinforced Body","floor":13.0},{"not_picked":["Sweeping Beam","Auto Shields","Rebound"],"picked":"SKIP","floor":14.0},{"not_picked":["Fission","Seek"],"picked":"Electrodynamics","floor":16.0},{"not_picked":["Chaos","Coolheaded"],"picked":"Cold Snap","floor":18.0}],"player_experience":172338,"relics_obtained":[{"floor":7.0,"key":"MawBank"},{"floor":9.0,"key":"Unceasing Top"},{"floor":17.0,"key":"Happy Flower"},{"floor":17.0,"key":"Sundial"},{"floor":17.0,"key":"Ginger"}],"event_choices":[],"is_beta":false,"boss_relics":[{"not_picked":["Philosopher\u0027s Stone","Runic Dome"],"picked":"Calling Bell"}],"items_purged_floors":[11],"is_endless":false,"potions_floor_spawned":[2,7,8,10,14],"killed_by":"3 Byrds","ascension_level":20}}