{"host":"nbmmy2ys5j9alw05","time":1611288566,"event":{"mods":["AchievementEnabler","BaseMod","Bestiary","Better Vampires","Colored Map","Colored Powertips","Googly Eyes","Minty Spire (QoL Compilation)","Quick Restart","StSLib","The Hierophant","The IronCluck","everything is the same but u backflip on backflip"],"gold_per_floor":[116,66,66,76,76,76,76,107,107,124,124,111,130,106,106,96,96],"floor_reached":16,"language":"ENG","playtime":337,"items_purged":[],"score":138,"play_id":"8ad2aef8-3dd8-453d-89f4-06327539ff76","local_time":"20210121200926","is_ascension_mode":true,"campfire_choices":[{"data":"hierophant:Repentance","floor":6,"key":"SMITH"},{"data":"hierophant:Purify","floor":15,"key":"SMITH"}],"circlet_count":0,"master_deck":["hierophant:Strike_Hierophant","hierophant:Strike_Hierophant","hierophant:Punish","hierophant:Defend_Hierophant","hierophant:Defend_Hierophant","hierophant:Defend_Hierophant+1","hierophant:Defend_Hierophant+1","hierophant:ChurchCoffers","hierophant:DisplayOfPower","hierophant:Repentance+1","hierophant:Purify+1","hierophant:HammerAndAnvil","hierophant:PassingBell","hierophant:Zeal"],"relics":["hierophant:PropheticMaskRelic","NeowsBlessing","Omamori","White Beast Statue","Bag of Preparation"],"acts_visited":["Exordium"],"potions_floor_usage":[],"damage_taken":[{"damage":0,"enemies":"Small Slimes","floor":1,"turns":1},{"damage":0,"enemies":"Jaw Worm","floor":4,"turns":1},{"damage":0,"enemies":"3 Sentries","floor":8,"turns":2},{"damage":0,"enemies":"Cultist","floor":10,"turns":3},{"damage":6,"enemies":"2 Fungi Beasts","floor":12,"turns":2},{"damage":23,"enemies":"Red Slaver","floor":13,"turns":3},{"damage":16,"enemies":"The Guardian","floor":16,"turns":4}],"seed_played":"-1335861297778608580","potions_obtained":[{"floor":1,"key":"SteroidPotion"},{"floor":10,"key":"CultistPotion"},{"floor":12,"key":"Strength Potion"},{"floor":13,"key":"Dexterity Potion"}],"is_trial":false,"path_per_floor":["M","?","?","M","?","R","?","E","T","M","?","M","M","$","R","B"],"character_chosen":"HIEROPHANT","items_purchased":["hierophant:Zeal"],"campfire_rested":0,"item_purchase_floors":[14],"current_hp_per_floor":[75,75,60,60,60,60,60,60,60,60,60,54,31,31,31,15,15],"gold":96,"neow_bonus":"THREE_ENEMY_KILL","is_daily":false,"chose_seed":false,"campfire_upgraded":2,"win_rate":0.0,"timestamp":1611288566,"path_taken":["M","?","?","M","?","R","?","E","T","?","?","?","M","$","R","BOSS"],"items_purchased_type":["Card"],"build_version":"2020-12-22","purchased_purges":0,"victory":false,"max_hp_per_floor":[75,75,75,75,75,75,75,75,75,75,75,75,75,75,75,75,75],"card_choices":[{"not_picked":["hierophant:Mercenaries","hierophant:Encroach"],"picked":"hierophant:DisplayOfPower","floor":1},{"not_picked":["hierophant:Sermon","hierophant:MorningPrayer"],"picked":"hierophant:Repentance","floor":4},{"not_picked":["hierophant:MirrorShield","hierophant:DisplayOfPower"],"picked":"hierophant:Purify","floor":8},{"not_picked":["hierophant:FlamingChariot","hierophant:Sermon"],"picked":"hierophant:HammerAndAnvil","floor":10},{"not_picked":["hierophant:Upheaval","hierophant:OrnateBuckler"],"picked":"hierophant:PassingBell","floor":12},{"not_picked":["hierophant:Embezzle","hierophant:AuricBeam","hierophant:FieryStrike"],"picked":"SKIP","floor":13}],"player_experience":528729,"relics_obtained":[{"floor":8,"key":"Omamori"},{"floor":9,"key":"White Beast Statue"}],"event_choices":[{"cards_removed":["hierophant:Strike_Hierophant"],"damage_healed":0,"gold_gain":0,"player_choice":"Card Removal","damage_taken":0,"max_hp_gain":0,"max_hp_loss":0,"event_name":"The Cleric","floor":2,"gold_loss":50},{"damage_healed":0,"gold_gain":0,"player_choice":"Entered Light","damage_taken":15,"max_hp_gain":0,"max_hp_loss":0,"event_name":"Shining Light","floor":3,"gold_loss":0,"cards_upgraded":["hierophant:Defend_Hierophant","hierophant:Defend_Hierophant"]},{"damage_healed":0,"gold_gain":0,"player_choice":"Ignored","damage_taken":0,"max_hp_gain":0,"max_hp_loss":0,"event_name":"Liars Game","floor":5,"gold_loss":0},{"cards_removed":["hierophant:Strike_Hierophant"],"damage_healed":0,"gold_gain":0,"player_choice":"Offered Basic","damage_taken":0,"max_hp_gain":0,"max_hp_loss":0,"event_name":"Bonfire Elementals","floor":7,"gold_loss":0},{"damage_healed":0,"gold_gain":0,"player_choice":"Gave Potion","damage_taken":0,"relics_obtained":["Bag of Preparation"],"max_hp_gain":0,"max_hp_loss":0,"event_name":"WeMeetAgain","floor":11,"gold_loss":0}],"is_beta":false,"boss_relics":[],"items_purged_floors":[],"is_endless":false,"potions_floor_spawned":[1,10,12,13],"killed_by":"The Guardian","ascension_level":2}}