{"host":"aqym1xxr3lb31d9m","time":1611354355,"event":{"mods":["BaseMod","Block Reminder","Colored Map","Colored Powertips","DeckTracker","Highlight Path","Minty Spire (QoL Compilation)","Quick Restart","Random Character Button","StSLib","SuperFastMode","UnlockEverythingMod"],"gold_per_floor":[368,368,368,382,59,59,84,84,84,110,120,120,120,146,146,219,219,232,107,122,122,138,138,163,163,163,163,163,163,177,56,56,129,129,142,142,157,172,3,35,35,63,63,98,48,48,48,66,66,66,66,66,66,19,49,49],"floor_reached":57,"language":"JPN","playtime":2513,"items_purged":["Shame","Shame"],"score":2919,"play_id":"2c0f99f9-3081-48f6-8a58-a1172f0849cf","local_time":"20210123072555","is_ascension_mode":true,"campfire_choices":[{"data":"Bash","floor":6,"key":"SMITH"},{"data":"Carnage","floor":13,"key":"SMITH"},{"data":"Limit Break","floor":15,"key":"SMITH"},{"data":"Disarm","floor":23,"key":"SMITH"},{"data":"Shrug It Off","floor":28,"key":"SMITH"},{"data":"Inflame","floor":29,"key":"SMITH"},{"floor":32,"key":"REST"},{"floor":47,"key":"RECALL"},{"data":"Flame Barrier","floor":49,"key":"SMITH"},{"data":"Shockwave","floor":53,"key":"SMITH"}],"circlet_count":0,"master_deck":["AscendersBane","Strike_R+1","Strike_R+1","Strike_R+1","Strike_R+1","Strike_R+1","Defend_R+1","Defend_R+1","Defend_R+1","Defend_R+1","Bash+1","Wild Strike+1","Carnage+1","Disarm+1","Anger","Shrug It Off+1","Thunderclap","Limit Break+1","Offering","CurseOfTheBell","Dropkick","Inflame+1","Twin Strike","Flame Barrier+1","Disarm","Reaper","Thunderclap+1","Pain","Shockwave+1","Pummel","PanicButton","Dark Shackles","Flash of Steel","Second Wind+1","Feel No Pain","Shrug It Off","Second Wind"],"relics":["Burning Blood","Red Skull","Membership Card","Vajra","Paper Frog","StrikeDummy","Gremlin Horn","InkBottle","Calling Bell","War Paint","Shuriken","WingedGreaves","Centennial Puzzle","Boot","Orichalcum","Lizard Tail","PreservedInsect","Cursed Key","WarpedTongs","Torii","Ancient Tea Set","Happy Flower","Sundial","Letter Opener"],"acts_visited":["TheCity","TheBeyond","TheEnding"],"potions_floor_usage":[7,10,16,24,24,44,56,56],"damage_taken":[{"damage":7,"enemies":"Cultist","floor":1,"turns":4},{"damage":7,"enemies":"Jaw Worm","floor":4,"turns":2},{"damage":15,"enemies":"Lagavulin","floor":7,"turns":4},{"damage":21,"enemies":"3 Sentries","floor":10,"turns":6},{"damage":0,"enemies":"2 Louse","floor":11,"turns":1},{"damage":0,"enemies":"Gremlin Nob","floor":14,"turns":2},{"damage":0,"enemies":"Slime Boss","floor":16,"turns":4},{"damage":4,"enemies":"2 Thieves","floor":18,"turns":3},{"damage":14,"enemies":"Shell Parasite","floor":20,"turns":2},{"damage":18,"enemies":"Centurion and Healer","floor":22,"turns":4},{"damage":12,"enemies":"Gremlin Leader","floor":24,"turns":3},{"damage":6,"enemies":"Sentry and Sphere","floor":30,"turns":2},{"damage":32,"enemies":"Automaton","floor":33,"turns":5},{"damage":7,"enemies":"Orb Walker","floor":35,"turns":3},{"damage":32,"enemies":"3 Shapes","floor":37,"turns":8},{"damage":12,"enemies":"Sphere and 2 Shapes","floor":38,"turns":2},{"damage":14,"enemies":"Nemesis","floor":40,"turns":5},{"damage":34,"enemies":"Giant Head","floor":42,"turns":6},{"damage":10,"enemies":"Nemesis","floor":44,"turns":7},{"damage":4,"enemies":"Spire Growth","floor":48,"turns":3},{"damage":74,"enemies":"Donu and Deca","floor":50,"turns":7},{"damage":47,"enemies":"Awakened One","floor":51,"turns":14},{"damage":62,"enemies":"Shield and Spear","floor":55,"turns":6},{"damage":116,"enemies":"The Heart","floor":56,"turns":8}],"seed_played":"2580587274829575960","potions_obtained":[{"floor":4,"key":"FearPotion"},{"floor":11,"key":"LiquidMemories"},{"floor":16,"key":"BlessingOfTheForge"},{"floor":20,"key":"Strength Potion"},{"floor":22,"key":"Block Potion"},{"floor":37,"key":"SkillPotion"},{"floor":38,"key":"LiquidBronze"},{"floor":44,"key":"SkillPotion"},{"floor":55,"key":"Regen Potion"}],"is_trial":false,"path_per_floor":["M","?","T","M","$","R","E","?","T","E","M","?","R","E","R","B",null,"M","$","M","?","M","R","E","?","T","?","R","R","M","$","R","B",null,"M","?","M","M","$","E","?","E","T","E","$","?","R","M","R","B","B",null,"R","$","E","B",null],"character_chosen":"IRONCLAD","items_purchased":["Membership Card","Vajra","Disarm","AttackPotion","Inflame","Centennial Puzzle","PreservedInsect","Torii","Feel No Pain","Shrug It Off"],"campfire_rested":1,"item_purchase_floors":[5,5,5,5,19,19,31,39,54,54],"current_hp_per_floor":[49,49,49,48,48,48,39,39,39,24,30,30,30,36,36,42,67,69,69,61,40,28,28,22,22,22,22,22,22,22,22,46,20,65,69,69,57,79,79,71,71,43,43,80,80,70,70,80,80,37,46,72,72,72,16,14],"gold":49,"neow_bonus":"TWO_FIFTY_GOLD","is_daily":false,"chose_seed":false,"campfire_upgraded":8,"win_rate":0.0,"timestamp":1611354355,"path_taken":["M","?","?","M","$","R","E","?","T","E","M","?","R","E","R","BOSS","M","$","M","?","M","R","E","?","T","?","R","R","M","$","R","BOSS","M","?","M","?","?","E","?","E","T","E","$","?","R","M","R","BOSS","BOSS","R","$","E","BOSS"],"items_purchased_type":["Relic","Relic","Card","Potion","Card","Relic","Relic","Relic","Card","Card"],"build_version":"2020-12-22","purchased_purges":2,"victory":true,"max_hp_per_floor":[75,75,75,75,75,75,75,75,75,75,75,75,75,75,75,75,75,75,75,75,80,80,80,80,80,80,80,80,80,80,80,80,80,80,80,80,80,80,80,80,80,80,80,80,80,80,80,80,80,80,80,80,80,80,80,80],"card_choices":[{"not_picked":["Shrug It Off","Cleave"],"picked":"Wild Strike","floor":1},{"not_picked":["Perfected Strike","Flex"],"picked":"Carnage","floor":4},{"not_picked":["Ghostly Armor","Entrench"],"picked":"Anger","floor":7},{"not_picked":["Perfected Strike","Sever Soul"],"picked":"Shrug It Off","floor":10},{"not_picked":["Bloodletting","Body Slam"],"picked":"Thunderclap","floor":11},{"not_picked":["Clothesline","Havoc"],"picked":"Limit Break","floor":14},{"not_picked":["Fiend Fire","Feed"],"picked":"Offering","floor":16},{"not_picked":["Dual Wield","Rampage"],"picked":"Dropkick","floor":18},{"not_picked":["Warcry","Iron Wave"],"picked":"Twin Strike","floor":20},{"not_picked":["Warcry+1","Pommel Strike"],"picked":"Flame Barrier","floor":22},{"not_picked":["Demon Form","Fire Breathing","Body Slam"],"picked":"SKIP","floor":24},{"not_picked":["Headbutt","Cleave"],"picked":"Disarm","floor":30},{"not_picked":["Feed","Limit Break"],"picked":"Reaper","floor":33},{"not_picked":["Iron Wave+1","Sever Soul+1"],"picked":"Thunderclap+1","floor":35},{"not_picked":["Heavy Blade","Twin Strike"],"picked":"Shockwave","floor":37},{"not_picked":["Thunderclap","Armaments"],"picked":"Evolve+1","floor":38},{"not_picked":["Iron Wave+1","Heavy Blade+1","Body Slam"],"picked":"SKIP","floor":40},{"not_picked":["Anger+1","Whirlwind","Twin Strike"],"picked":"SKIP","floor":42},{"not_picked":["Berserk","Havoc"],"picked":"Pummel","floor":44},{"not_picked":["Jack Of All Trades","Enlightenment"],"picked":"PanicButton","floor":46},{"not_picked":["Violence","PanicButton"],"picked":"Dark Shackles","floor":46},{"not_picked":["Impatience","Transmutation"],"picked":"Flash of Steel","floor":46},{"not_picked":["Anger","True Grit"],"picked":"Second Wind+1","floor":48},{"not_picked":["Wild Strike","Pommel Strike+1"],"picked":"Second Wind","floor":55}],"player_experience":3970816,"relics_obtained":[{"floor":3,"key":"Red Skull"},{"floor":7,"key":"Paper Frog"},{"floor":9,"key":"StrikeDummy"},{"floor":10,"key":"Gremlin Horn"},{"floor":14,"key":"InkBottle"},{"floor":17,"key":"War Paint"},{"floor":17,"key":"Shuriken"},{"floor":17,"key":"WingedGreaves"},{"floor":24,"key":"Boot"},{"floor":26,"key":"Orichalcum"},{"floor":40,"key":"Ancient Tea Set"},{"floor":42,"key":"Happy Flower"},{"floor":44,"key":"Sundial"},{"floor":55,"key":"Letter Opener"}],"event_choices":[{"damage_healed":0,"gold_gain":0,"player_choice":"Grow","damage_taken":0,"max_hp_gain":0,"max_hp_loss":0,"event_name":"Living Wall","floor":2,"gold_loss":0,"cards_upgraded":["Wild Strike"]},{"damage_healed":0,"gold_gain":0,"player_choice":"Ignored","damage_taken":0,"max_hp_gain":0,"max_hp_loss":0,"event_name":"Liars Game","floor":8,"gold_loss":0},{"damage_healed":0,"gold_gain":0,"player_choice":"Fled","damage_taken":0,"max_hp_gain":0,"max_hp_loss":0,"event_name":"Scrap Ooze","floor":12,"gold_loss":0},{"damage_healed":0,"gold_gain":0,"player_choice":"Shed Blood","damage_taken":26,"max_hp_gain":5,"max_hp_loss":0,"event_name":"Forgotten Altar","floor":21,"gold_loss":0},{"damage_healed":0,"gold_gain":0,"player_choice":"Simplicity","damage_taken":0,"max_hp_gain":0,"max_hp_loss":0,"event_name":"Back to Basics","floor":25,"gold_loss":0,"cards_upgraded":["Strike_R","Strike_R","Strike_R","Strike_R","Strike_R","Defend_R","Defend_R"]},{"damage_healed":0,"gold_gain":0,"player_choice":"Stole Relic","damage_taken":0,"relics_obtained":["Lizard Tail"],"max_hp_gain":0,"max_hp_loss":0,"event_name":"Addict","floor":27,"gold_loss":0,"cards_obtained":["Shame"]},{"damage_healed":0,"gold_gain":0,"player_choice":"Rummage","damage_taken":0,"relics_obtained":["WarpedTongs"],"max_hp_gain":0,"max_hp_loss":0,"event_name":"Accursed Blacksmith","floor":36,"gold_loss":0,"cards_obtained":["Pain"]},{"cards_removed":["Evolve"],"damage_healed":0,"gold_gain":0,"player_choice":"Removed Power","damage_taken":0,"max_hp_gain":0,"max_hp_loss":0,"event_name":"Falling","floor":41,"gold_loss":0},{"damage_healed":0,"gold_gain":0,"player_choice":"Memory 3","damage_taken":10,"max_hp_gain":0,"max_hp_loss":0,"event_name":"SensoryStone","floor":46,"gold_loss":0}],"is_beta":false,"boss_relics":[{"not_picked":["Busted Crown","Empty Cage"],"picked":"Calling Bell"},{"not_picked":["Runic Dome","Tiny House"],"picked":"Cursed Key"}],"items_purged_floors":[31,45],"is_endless":false,"potions_floor_spawned":[4,11,16,20,22,37,38,40,44,55],"ascension_level":20}}