{"host":"sc0o2qwpf9j16a4i","time":1611335216,"event":{"mods":["AchievementEnabler","BaseMod","BetterRewards","Block Reminder","Colored Map","Colored Powertips","Custom Start","Highlight Path","Minty Spire (QoL Compilation)","Relic Stats"],"gold_per_floor":[115,133,48,63,82,28,55,69,94,109,109,109,109,125,125,219,219,235,249,47,71,71,71,102,116,116,72,20,35,78,91,91,190,490,515,515,540,555,575,575,598,634,679,26,26,60,393,417,417,417,417],"floor_reached":52,"language":"ENG","playtime":2349,"items_purged":[],"score":2137,"play_id":"b48d10ce-9aef-47e4-aad4-c3a5d06572c5","local_time":"20210122190656","daily_mods":["Draft","Colorless Cards","Night Terrors"],"is_ascension_mode":true,"campfire_choices":[{"data":"Calculated Gamble","floor":11.0,"key":"SMITH"},{"data":"Jack Of All Trades","floor":15.0,"key":"SMITH"},{"data":"Secret Technique","floor":23.0,"key":"SMITH"},{"floor":32,"key":"REST"},{"floor":40,"key":"REST"},{"data":"Well Laid Plans","floor":45,"key":"SMITH"},{"data":"Dark Shackles","floor":49,"key":"SMITH"}],"circlet_count":0,"master_deck":["AscendersBane","Blade Dance","Cloak And Dagger","Infinite Blades","Dark Shackles+1","Deflect","Blur","Blade Dance","Predator","Jack Of All Trades+1","Deflect","Flash of Steel","Calculated Gamble+1","Finisher","Backstab","Dagger Throw","Terror","Finisher","Violence","Well Laid Plans+1","Accuracy+1","Secret Technique+1","Backflip+1","Backflip","Accuracy","Deflect","Deep Breath","Magnetism+1","Acrobatics","Panache+1","Deflect+1","Dodge and Roll+1","Panache+1","PiercingWail","Deflect","Acrobatics"],"relics":["Ring of the Snake","Omamori","Smiling Mask","Blood Vial","Empty Cage","Anchor","Pen Nib","Sundial","Frozen Egg 2","Calling Bell","Vajra","Mummified Hand","Old Coin","Ornamental Fan","Nunchaku","Medical Kit","Dream Catcher","Potion Belt","Bag of Preparation"],"acts_visited":["Exordium","TheCity","TheBeyond"],"potions_floor_usage":[33,42,51],"damage_taken":[{"damage":0.0,"enemies":"2 Louse","floor":1.0,"turns":2.0},{"damage":5.0,"enemies":"Small Slimes","floor":2.0,"turns":2.0},{"damage":0.0,"enemies":"Jaw Worm","floor":4.0,"turns":2.0},{"damage":8.0,"enemies":"Exordium Thugs","floor":5.0,"turns":4.0},{"damage":7.0,"enemies":"Lagavulin","floor":7.0,"turns":5.0},{"damage":0.0,"enemies":"2 Fungi Beasts","floor":8.0,"turns":2.0},{"damage":0.0,"enemies":"Red Slaver","floor":10.0,"turns":4.0},{"damage":0.0,"enemies":"Looter","floor":14.0,"turns":1.0},{"damage":41.0,"enemies":"The Guardian","floor":16.0,"turns":8.0},{"damage":0.0,"enemies":"Spheric Guardian","floor":18.0,"turns":1.0},{"damage":14.0,"enemies":"Shell Parasite","floor":19.0,"turns":3.0},{"damage":0.0,"enemies":"Cultist and Chosen","floor":21.0,"turns":3.0},{"damage":0.0,"enemies":"Gremlin Leader","floor":24.0,"turns":5.0},{"damage":8.0,"enemies":"Shelled Parasite and Fungi","floor":25.0,"turns":3.0},{"damage":0,"enemies":"Snake Plant","floor":29,"turns":4},{"damage":21,"enemies":"Slavers","floor":30,"turns":5},{"damage":10,"enemies":"Cultist and Chosen","floor":31,"turns":6},{"damage":51,"enemies":"Champ","floor":33,"turns":9},{"damage":3,"enemies":"3 Darklings","floor":35,"turns":3},{"damage":0,"enemies":"Orb Walker","floor":37,"turns":2},{"damage":0,"enemies":"Spire Growth","floor":38,"turns":2},{"damage":39,"enemies":"Transient","floor":39,"turns":6},{"damage":2,"enemies":"Writhing Mass","floor":41,"turns":5},{"damage":0,"enemies":"Reptomancer","floor":42,"turns":3},{"damage":17,"enemies":"Nemesis","floor":46,"turns":5},{"damage":0,"enemies":"Time Eater","floor":50,"turns":8},{"damage":27,"enemies":"Donu and Deca","floor":51,"turns":7}],"seed_played":"2896576987085563167","potions_obtained":[{"floor":5.0,"key":"Swift Potion"},{"floor":14.0,"key":"FearPotion"},{"floor":18.0,"key":"DistilledChaos"},{"floor":21.0,"key":"GhostInAJar"},{"floor":25,"key":"SpeedPotion"},{"floor":35,"key":"SpeedPotion"},{"floor":38,"key":"FairyPotion"},{"floor":42,"key":"Fruit Juice"},{"floor":46,"key":"EssenceOfSteel"}],"is_trial":true,"path_per_floor":["M","M","$","M","M","$","E","M","T","M","R","?","?","M","R","B",null,"M","M","$","M","?","R","E","M","T","$","$","M","E","M","R","B",null,"M","?","M","M","M","R","M","E","T","$","R","E","?","T","R","B","B",null],"character_chosen":"THE_SILENT","items_purchased":["Backstab","Explosive Potion","Well Laid Plans","Anchor","Accuracy","Deflect","Panache+1","Medical Kit","PiercingWail","Dream Catcher","Deflect"],"campfire_rested":2,"item_purchase_floors":[3,6,20,20,27,28,44,44,44,44,44],"current_hp_per_floor":[59,54,54,54,46,46,39,39,39,39,39,39,39,41,41,2,50,52,40,40,42,42,42,44,38,38,38,38,40,21,13,61,10,48,47,47,49,51,14,56,54,61,61,61,61,44,44,44,44,46,21],"gold":417,"neow_bonus":"","is_daily":false,"chose_seed":false,"campfire_upgraded":5,"win_rate":0.0,"timestamp":1611335216,"path_taken":["M","?","$","M","?","$","E","?","T","M","R","?","?","M","R","BOSS","M","?","$","M","?","R","E","M","T","?","$","M","E","M","R","BOSS","M","?","M","M","?","R","M","E","T","$","R","E","?","?","R","BOSS","BOSS"],"items_purchased_type":["Card","Potion","Card","Relic","Card","Card","Card","Relic","Card","Relic","Card"],"build_version":"2020-12-22","purchased_purges":0,"victory":true,"max_hp_per_floor":[66,66,66,66,66,66,66,66,66,66,66,66,66,66,66,66,66,66,66,66,66,66,66,66,66,66,66,66,66,66,66,61,61,61,61,61,61,61,61,56,56,61,61,61,61,61,61,61,61,61,61],"relic_stats":{"counters":[27,110],"Pen Nib":[18],"Bag of Preparation":[4],"Smiling Mask":0,"Medical Kit":[7],"Blood Vial":34,"Nunchaku":[4],"Dream Catcher":0,"Sundial":[16],"Mummified Hand":[50],"Ornamental Fan":[40],"obtain_stats":[{"Potion Belt":46,"Golden Idol":12,"Vajra":34,"Pen Nib":24,"Omamori":7,"Bag of Preparation":48,"Frozen Egg 2":30,"Smiling Mask":9,"Empty Cage":17,"Medical Kit":44,"Old Coin":34,"Blood Vial":13,"Calling Bell":34,"Anchor":20,"Nunchaku":43,"Dream Catcher":44,"Sundial":26,"Mummified Hand":34,"Ornamental Fan":42,"Ring of the Snake":0},{"Potion Belt":25,"Golden Idol":7,"Vajra":18,"Pen Nib":13,"Omamori":5,"Bag of Preparation":25,"Frozen Egg 2":16,"Smiling Mask":6,"Empty Cage":9,"Medical Kit":24,"Old Coin":18,"Blood Vial":7,"Calling Bell":18,"Anchor":11,"Nunchaku":24,"Dream Catcher":24,"Sundial":14,"Mummified Hand":18,"Ornamental Fan":24,"Ring of the Snake":0},{"Potion Belt":95,"Golden Idol":21,"Vajra":69,"Pen Nib":42,"Omamori":15,"Bag of Preparation":95,"Frozen Egg 2":54,"Smiling Mask":17,"Empty Cage":30,"Medical Kit":90,"Old Coin":69,"Blood Vial":21,"Calling Bell":69,"Anchor":34,"Nunchaku":90,"Dream Catcher":90,"Sundial":45,"Mummified Hand":69,"Ornamental Fan":90,"Ring of the Snake":0}],"Ring of the Snake":[54]},"card_choices":[{"not_picked":["Deflect","Dodge and Roll"],"picked":"Blade Dance","floor":0.0},{"not_picked":["Catalyst","Finesse"],"picked":"Noxious Fumes","floor":0.0},{"not_picked":["Outmaneuver","Deflect"],"picked":"Cloak And Dagger","floor":0.0},{"not_picked":["Slice","PiercingWail"],"picked":"Infinite Blades","floor":0.0},{"not_picked":["Impatience","Slice"],"picked":"Quick Slash","floor":0.0},{"not_picked":["Reflex","Choke"],"picked":"Dark Shackles","floor":0.0},{"not_picked":["Dodge and Roll","Quick Slash"],"picked":"Deflect","floor":0.0},{"not_picked":["Bouncing Flask","Tactician"],"picked":"Blur","floor":0.0},{"not_picked":["Dodge and Roll","PiercingWail"],"picked":"Blade Dance","floor":0.0},{"not_picked":["Underhanded Strike","PiercingWail"],"picked":"Predator","floor":0.0},{"not_picked":["Panacea","Dagger Spray"],"picked":"Flying Knee","floor":0.0},{"not_picked":["Poisoned Stab","All Out Attack"],"picked":"Jack Of All Trades","floor":0.0},{"not_picked":["Slice","Setup"],"picked":"Deflect","floor":0.0},{"not_picked":["Prepared","Bane"],"picked":"Flash of Steel","floor":0.0},{"not_picked":["Backflip","Cloak And Dagger"],"picked":"Calculated Gamble","floor":0.0},{"not_picked":["Deflect","Dark Shackles"],"picked":"Finisher","floor":1.0},{"not_picked":["Bane","Slice","PiercingWail"],"picked":"SKIP","floor":2.0},{"not_picked":["Catalyst","Madness","Reflex"],"picked":"SKIP","floor":4.0},{"not_picked":["Predator","Slice"],"picked":"Dagger Throw","floor":5.0},{"not_picked":["The Bomb","Slice","Underhanded Strike"],"picked":"SKIP","floor":7.0},{"not_picked":["Acrobatics","Blade Dance"],"picked":"Terror","floor":8.0},{"not_picked":["Jack Of All Trades","Enlightenment"],"picked":"Finisher","floor":10.0},{"not_picked":["Quick Slash","Underhanded Strike","Acrobatics"],"picked":"SKIP","floor":14.0},{"not_picked":["Magnetism","Unload"],"picked":"Violence","floor":16.0},{"not_picked":["Dodge and Roll","Cloak And Dagger","Purity"],"picked":"SKIP","floor":18.0},{"not_picked":["Poisoned Stab","Bouncing Flask","Terror"],"picked":"SKIP","floor":19.0},{"not_picked":["Footwork","Madness"],"picked":"Accuracy+1","floor":21.0},{"not_picked":["Crippling Poison+1","Backstab"],"picked":"Backflip+1","floor":24.0},{"not_picked":["Slice","Riddle With Holes"],"picked":"Backflip","floor":25},{"not_picked":["Underhanded Strike","Flying Knee"],"picked":"Deep Breath","floor":29},{"not_picked":["Flying Knee","Impatience"],"picked":"Magnetism+1","floor":30},{"not_picked":["Deadly Poison","Poisoned Stab"],"picked":"Acrobatics","floor":31},{"not_picked":["Magnetism+1","Thinking Ahead"],"picked":"Panache+1","floor":33},{"not_picked":["Expertise","Skewer","Choke"],"picked":"SKIP","floor":35},{"not_picked":["Dodge and Roll","Outmaneuver+1"],"picked":"Deflect+1","floor":37},{"not_picked":["Dagger Throw","Quick Slash+1","Slice"],"picked":"SKIP","floor":38},{"not_picked":["Dagger Throw","Flying Knee"],"picked":"Dodge and Roll+1","floor":39},{"not_picked":["Expertise+1","Slice","Underhanded Strike"],"picked":"SKIP","floor":41},{"not_picked":["Glass Knife","Backflip+1","All Out Attack"],"picked":"SKIP","floor":42},{"not_picked":["Dagger Spray","Dagger Throw"],"picked":"Acrobatics","floor":46}],"player_experience":893264,"relics_obtained":[{"floor":7.0,"key":"Omamori"},{"floor":9.0,"key":"Smiling Mask"},{"floor":24.0,"key":"Pen Nib"},{"floor":26,"key":"Sundial"},{"floor":30,"key":"Frozen Egg 2"},{"floor":34,"key":"Vajra"},{"floor":34,"key":"Mummified Hand"},{"floor":34,"key":"Old Coin"},{"floor":42,"key":"Ornamental Fan"},{"floor":43,"key":"Nunchaku"},{"floor":46,"key":"Potion Belt"},{"floor":48,"key":"Bag of Preparation"}],"event_choices":[{"damage_healed":0.0,"max_hp_gain":0.0,"max_hp_loss":0.0,"gold_gain":0.0,"event_name":"Golden Idol","player_choice":"Take Wound","floor":12.0,"gold_loss":0.0,"damage_taken":0.0,"relics_obtained":["Golden Idol"],"cards_obtained":["Injury"]},{"damage_healed":0.0,"max_hp_gain":0.0,"max_hp_loss":0.0,"gold_gain":0.0,"event_name":"WeMeetAgain","player_choice":"Gave Potion","floor":13.0,"gold_loss":0.0,"damage_taken":0.0,"relics_obtained":["Blood Vial"]},{"damage_healed":0.0,"max_hp_gain":0.0,"max_hp_loss":0.0,"gold_gain":0.0,"cards_transformed":["Quick Slash"],"event_name":"Transmorgrifier","player_choice":"Transformed","floor":22.0,"gold_loss":0.0,"damage_taken":0.0,"cards_obtained":["Secret Technique"]},{"damage_healed":0,"gold_gain":0,"player_choice":"Ignored","damage_taken":0,"max_hp_gain":0,"max_hp_loss":0,"event_name":"SecretPortal","floor":36,"gold_loss":0},{"damage_healed":0,"gold_gain":333,"player_choice":"Gave Idol","damage_taken":0,"max_hp_gain":0,"max_hp_loss":0,"event_name":"The Moai Head","floor":47,"relics_lost":["Golden Idol"],"gold_loss":0}],"is_beta":false,"boss_relics":[{"not_picked":["Fusion Hammer","Runic Dome"],"picked":"Empty Cage"},{"not_picked":["Philosopher\u0027s Stone","SlaversCollar"],"picked":"Calling Bell"}],"items_purged_floors":[],"is_endless":false,"potions_floor_spawned":[5,7,14,18,21,25,31,35,38,42,46],"ascension_level":20}}