{"host":"phniwng9zo19jwdb","time":1611338257,"event":{"mods":["AchievementEnabler","BaseMod","Colored Powertips","Dark Map","Faster Ascension Climbing","GifTheSpireLib","Minty Spire (QoL Compilation)","Permanent Neow","Rare Cards Sparkle","StSLib"],"gold_per_floor":[15,15,29,44,62,95,95,139,139,182,182,205,205,205],"floor_reached":13,"language":"ENG","playtime":529,"items_purged":[],"score":200,"play_id":"d4a7436e-de7e-4bc5-981d-f1eeb5a3ad22","local_time":"20210122185737","is_ascension_mode":true,"campfire_choices":[{"data":"Noxious Fumes","floor":7,"key":"SMITH"},{"floor":11,"key":"REST"}],"circlet_count":0,"master_deck":["AscendersBane","Strike_G","Strike_G","Strike_G","Strike_G","Strike_G","Defend_G+1","Defend_G+1","Defend_G","Defend_G","Defend_G","Survivor","Neutralize","Bane","Noxious Fumes+1","Blur","Backstab","Corpse Explosion","Backflip"],"relics":["Ring of the Snake","Gambling Chip","Golden Idol","Singing Bowl","Omamori","War Paint","Pantograph"],"acts_visited":["Exordium"],"potions_floor_usage":[6,8,10,10],"damage_taken":[{"damage":5,"enemies":"Jaw Worm","floor":1,"turns":8},{"damage":8,"enemies":"Small Slimes","floor":3,"turns":7},{"damage":1,"enemies":"Cultist","floor":4,"turns":3},{"damage":6,"enemies":"Large Slime","floor":5,"turns":8},{"damage":16,"enemies":"Gremlin Nob","floor":6,"turns":4},{"damage":11,"enemies":"Lagavulin","floor":8,"turns":7},{"damage":7,"enemies":"3 Sentries","floor":10,"turns":4},{"damage":0,"enemies":"2 Fungi Beasts","floor":12,"turns":2},{"damage":30,"enemies":"Gremlin Nob","floor":13,"turns":3}],"seed_played":"-3757480862211538881","potions_obtained":[{"floor":3,"key":"Energy Potion"},{"floor":4,"key":"BlessingOfTheForge"},{"floor":6,"key":"EssenceOfSteel"},{"floor":8,"key":"SteroidPotion"}],"is_trial":false,"path_per_floor":["M","?","M","M","M","E","R","E","T","E","R","M","E"],"character_chosen":"THE_SILENT","items_purchased":[],"campfire_rested":1,"item_purchase_floors":[],"current_hp_per_floor":[54,54,46,45,39,25,25,14,14,9,28,28,0,0],"gold":205,"neow_bonus":"ONE_RARE_RELIC","is_daily":false,"chose_seed":false,"campfire_upgraded":1,"win_rate":0.0,"timestamp":1611338257,"path_taken":["M","?","M","M","M","E","R","E","T","E","R","M","E"],"items_purchased_type":[],"build_version":"2020-12-22","purchased_purges":0,"victory":false,"max_hp_per_floor":[66,60,60,60,60,62,62,62,62,64,64,64,64,64],"card_choices":[{"not_picked":["Dodge and Roll","Deflect"],"picked":"Bane","floor":1},{"not_picked":["Deadly Poison","Dagger Spray"],"picked":"Noxious Fumes","floor":3},{"not_picked":["Quick Slash","Sucker Punch"],"picked":"Blur","floor":4},{"not_picked":["Deflect","Bouncing Flask"],"picked":"Backstab","floor":5},{"not_picked":["Tactician","Dagger Spray","Prepared"],"picked":"Singing Bowl","floor":6},{"not_picked":["Deadly Poison","Prepared"],"picked":"Corpse Explosion","floor":8},{"not_picked":["Riddle With Holes","Catalyst","Deadly Poison"],"picked":"Singing Bowl","floor":10},{"not_picked":["Masterful Stab","Predator"],"picked":"Backflip","floor":12}],"player_experience":56467,"relics_obtained":[{"floor":6,"key":"Singing Bowl"},{"floor":8,"key":"Omamori"},{"floor":9,"key":"War Paint"},{"floor":10,"key":"Pantograph"}],"event_choices":[{"damage_healed":0,"gold_gain":0,"player_choice":"Lose Max HP","damage_taken":0,"relics_obtained":["Golden Idol"],"max_hp_gain":0,"max_hp_loss":6,"event_name":"Golden Idol","floor":2,"gold_loss":0}],"is_beta":false,"boss_relics":[],"items_purged_floors":[],"is_endless":false,"potions_floor_spawned":[3,4,6,8],"killed_by":"Gremlin Nob","ascension_level":18}}