{"host":"p9t7qd83igtcp2bh","time":1611356019,"event":{"mods":["2.2 Compatiblity","AchievementEnabler","BaseMod","Colored Map","Colored Powertips","Custom Start","DeckTracker","Keyboard Shortcuts","Minty Spire (QoL Compilation)","Permanent Neow","StSLib","SuperFastMode","everything is the same but u backflip on backflip"],"gold_per_floor":[361,371,81,101,61,61,79,95,95,112,148,148,166,194,194,194,194],"floor_reached":16,"language":"KOR","playtime":431,"items_purged":[],"score":212,"play_id":"3ef6c4b8-669f-401e-af56-8ae9a5ebd0b4","local_time":"20210123075339","is_ascension_mode":true,"campfire_choices":[{"floor":6.0,"key":"REST"},{"floor":12.0,"key":"REST"},{"data":"Consume","floor":15.0,"key":"SMITH"}],"circlet_count":0,"master_deck":["AscendersBane","Strike_B","Strike_B","Strike_B","Strike_B","Defend_B","Defend_B","Defend_B","Defend_B","Zap","Dualcast","Beam Cell","Ball Lightning","Capacitor","Ball Lightning","Reinforced Body","Turbo","Conserve Battery","Rainbow","Consume+1","Echo Form"],"relics":["Cracked Core","Medical Kit","CeramicFish"],"acts_visited":["Exordium"],"potions_floor_usage":[16,16],"damage_taken":[{"damage":4.0,"enemies":"Jaw Worm","floor":1.0,"turns":4.0},{"damage":1.0,"enemies":"Cultist","floor":2.0,"turns":3.0},{"damage":7.0,"enemies":"Small Slimes","floor":4.0,"turns":3.0},{"damage":22.0,"enemies":"Gremlin Gang","floor":7.0,"turns":3.0},{"damage":6.0,"enemies":"Blue Slaver","floor":8.0,"turns":3.0},{"damage":6.0,"enemies":"Looter","floor":10.0,"turns":2.0},{"damage":20.0,"enemies":"3 Sentries","floor":11.0,"turns":9.0},{"damage":3.0,"enemies":"Large Slime","floor":13.0,"turns":5.0},{"damage":9.0,"enemies":"2 Fungi Beasts","floor":14.0,"turns":3.0},{"damage":22,"enemies":"Slime Boss","floor":16,"turns":6}],"seed_played":"-4589968145997566540","potions_obtained":[{"floor":5.0,"key":"SteroidPotion"},{"floor":5.0,"key":"Dexterity Potion"},{"floor":7.0,"key":"Block Potion"},{"floor":13.0,"key":"Energy Potion"}],"is_trial":false,"path_per_floor":["M","M","$","M","?","R","M","M","T","M","E","R","M","M","R","B"],"character_chosen":"DEFECT","items_purchased":["Capacitor","Ball Lightning","Medical Kit"],"campfire_rested":2,"item_purchase_floors":[3,3,3],"current_hp_per_floor":[42,41,41,34,34,55,33,27,27,21,1,22,19,10,10,0,0],"gold":194,"neow_bonus":"TWO_FIFTY_GOLD","is_daily":false,"chose_seed":false,"campfire_upgraded":1,"win_rate":0.0,"timestamp":1611356019,"path_taken":["M","M","$","M","?","R","M","M","T","M","E","R","M","M","R","BOSS"],"items_purchased_type":["Card","Card","Relic"],"build_version":"2020-12-22","purchased_purges":0,"victory":false,"max_hp_per_floor":[71,71,71,71,71,71,71,71,71,71,71,71,71,71,71,71,71],"card_choices":[{"not_picked":["Turbo","Storm"],"picked":"Beam Cell","floor":1.0},{"not_picked":["Skim","Streamline"],"picked":"Ball Lightning","floor":2.0},{"not_picked":["Steam","Barrage"],"picked":"Reinforced Body","floor":4.0},{"not_picked":["Go for the Eyes","Stack"],"picked":"Turbo","floor":7.0},{"not_picked":["Rebound","Fusion"],"picked":"Conserve Battery","floor":8.0},{"not_picked":["Leap","Chill"],"picked":"Rainbow","floor":10.0},{"not_picked":["Storm","Reprogram"],"picked":"Consume","floor":11.0},{"not_picked":["Sunder","Go for the Eyes","Ball Lightning"],"picked":"SKIP","floor":13.0},{"not_picked":["Gash","Rebound"],"picked":"Echo Form","floor":14.0}],"player_experience":667786,"relics_obtained":[{"floor":11.0,"key":"CeramicFish"}],"event_choices":[{"damage_healed":0.0,"max_hp_gain":0.0,"max_hp_loss":0.0,"gold_gain":0.0,"event_name":"The Woman in Blue","player_choice":"Bought 3 Potions","floor":5.0,"gold_loss":0.0,"damage_taken":0.0}],"is_beta":false,"boss_relics":[],"items_purged_floors":[],"is_endless":false,"potions_floor_spawned":[7,13,14],"killed_by":"Slime Boss","ascension_level":20}}