{"host":"469irindqmhbk5qw","time":1611279901,"event":{"mods":["BaseMod","Colored Map","Downfall","Hermit","Highlight Path","Hubris","Infinite Spire","Marisa????????","Minty Spire (QoL Compilation)","StSLib","Synergy Search","The Cursed","The Disciple","The Jungle"],"gold_per_floor":[99,14,14,14,24,24,24,53,66,77,77,77,111,111,126,230,230,130,147,147,147,165,191,215,215,215,215],"floor_reached":25,"language":"ENG","playtime":2138,"items_purged":[],"score":238,"play_id":"de18a12a-d62d-4c59-85a4-16be7d5a9bd1","local_time":"20210121204501","is_ascension_mode":true,"campfire_choices":[{"data":"Guardian:TwinSlam","floor":1,"key":"SMITH"},{"floor":6,"key":"REST"},{"floor":12,"key":"REST"},{"data":"Guardian:TimeSifter","floor":18,"key":"SMITH"}],"circlet_count":0,"master_deck":["Guardian:CurlUp","Guardian:TwinSlam+1","Guardian:StasisField","Guardian:Orbwalk","Guardian:Gem_Purple","Guardian:Gem_Blue","Guardian:Gem_Yellow","Guardian:ChargeCore","Guardian:Reroute","Guardian:Suspension","Guardian:Gem_Purple","Guardian:Gem_Fragmented","Guardian:Gem_Blue","Guardian:Gem_Orange","Guardian:FierceBash","Guardian:VentSteam","Guardian:TimeSifter+1","Guardian:FastForward","Guardian:StasisField","Guardian:ChargeUp","Guardian:SpikerProtocol","Guardian:DonusPower","Reckless Charge","Guardian:TemporalStrike","Guardian:ChargeCore"],"relics":["Guardian:ModeShifter","Bottled Tornado","hubris:SlimyHat","Guardian:SackOfGems","Pandora\u0027s Box","downfall:HeartBlessingGreen","hubris:Reverence","infinitespire:Satchel"],"acts_visited":["Exordium","TheCity"],"potions_floor_usage":[16,16,16,25],"damage_taken":[{"damage":0,"enemies":"downfall:FleeingMerchant","floor":2,"turns":4},{"damage":5,"enemies":"2 Louse","floor":5,"turns":4},{"damage":20,"enemies":"3 Sentries","floor":8,"turns":13},{"damage":5,"enemies":"Small Slimes","floor":9,"turns":6},{"damage":0,"enemies":"Cultist","floor":10,"turns":5},{"damage":9,"enemies":"Lagavulin","floor":13,"turns":8},{"damage":9,"enemies":"Blue Slaver","floor":15,"turns":3},{"damage":8,"enemies":"SI_SHIV_ARCHETYPE","floor":16,"turns":8},{"damage":6,"enemies":"Chosen","floor":19,"turns":5},{"damage":2,"enemies":"Spheric Guardian","floor":22,"turns":5},{"damage":54,"enemies":"Slavers","floor":23,"turns":10},{"damage":13,"enemies":"Snake Plant","floor":25,"turns":1}],"seed_played":"2401537430071681127","potions_obtained":[{"floor":5,"key":"Weak Potion"},{"floor":10,"key":"hexamod:SoulburnPotion"},{"floor":13,"key":"Weak Potion"},{"floor":16,"key":"Guardian:AcceleratePotion"},{"floor":22,"key":"Dexterity Potion"}],"is_trial":false,"path_per_floor":["R","$","?","?","M","R","T","E","M","M","?","R","E","?","M","B",null,"R","M","?","?","M","E","T","M"],"character_chosen":"GUARDIAN","items_purchased":["Guardian:Orbwalk"],"campfire_rested":2,"item_purchase_floors":[2],"current_hp_per_floor":[72,72,48,48,43,64,64,44,39,39,39,60,51,51,42,34,72,72,66,66,66,64,10,10,0,0,0],"gold":215,"neow_bonus":"TRANSFORM_TWO_CARDS","is_daily":false,"chose_seed":false,"campfire_upgraded":2,"win_rate":0.0,"timestamp":1611279901,"path_taken":["R","$","?","?","M","R","T","E","M","?","?","R","E","?","M","BOSS","R","M","?","?","?","E","T","M"],"items_purchased_type":["Card"],"build_version":"2020-12-22","purchased_purges":0,"victory":false,"max_hp_per_floor":[72,72,72,72,72,72,72,72,72,72,72,72,72,72,72,72,72,72,72,72,72,72,72,72,72,72,72],"card_choices":[{"not_picked":["Guardian:Gem_Green","Guardian:Recover"],"picked":"Guardian:Gem_White","floor":2},{"not_picked":["Guardian:RollAttack","Guardian:Gem_Crimson"],"picked":"Guardian:ChargeCore","floor":5},{"not_picked":["Guardian:DecasProtection","Guardian:SentryBeam"],"picked":"Guardian:Gem_Synthetic","floor":8},{"not_picked":["Guardian:Clone","Guardian:Gem_Red"],"picked":"Guardian:Reroute","floor":9},{"not_picked":["Guardian:Emergency","Guardian:Gem_Red"],"picked":"Guardian:Suspension","floor":10},{"not_picked":["Guardian:SpikerProtocol","Guardian:GuardianWhirl"],"picked":"Guardian:FierceBash","floor":13},{"not_picked":["Guardian:Gem_Green","Guardian:Gem_Lightblue"],"picked":"Guardian:VentSteam","floor":15},{"not_picked":["Guardian:StasisStrike","Guardian:Gem_Orange"],"picked":"Guardian:TimeSifter","floor":16},{"not_picked":["Guardian:Gem_Lightblue","Guardian:SpikerProtocol"],"picked":"Guardian:DonusPower","floor":19},{"not_picked":["Guardian:Suspension","Guardian:Gem_Cyan"],"picked":"Guardian:TemporalStrike","floor":22},{"not_picked":["Guardian:SphericShield","Guardian:Gem_Green"],"picked":"Guardian:ChargeCore","floor":23}],"player_experience":188968,"relics_obtained":[{"floor":7,"key":"Bottled Tornado"},{"floor":8,"key":"hubris:SlimyHat"},{"floor":13,"key":"Guardian:SackOfGems"},{"floor":23,"key":"hubris:Reverence"},{"floor":24,"key":"infinitespire:Satchel"}],"event_choices":[{"damage_healed":0,"gold_gain":0,"player_choice":"Read","damage_taken":0,"max_hp_gain":0,"max_hp_loss":0,"event_name":"The Library","floor":21,"gold_loss":0,"cards_obtained":["Reckless Charge"]}],"is_beta":false,"boss_relics":[{"not_picked":["Guardian:ModeShifterPlus","hubris:RunicObelisk"],"picked":"Pandora\u0027s Box"}],"items_purged_floors":[],"is_endless":false,"potions_floor_spawned":[5,10,13,16,22],"killed_by":"Snake Plant","ascension_level":1}}