{"host":"a7n5dzefz0hsmd08","time":1611342742,"event":{"mods":["2.2 Compatiblity","AchievementEnabler","BaseMod","Minty Spire (QoL Compilation)","Relic Stats","StSLib"],"gold_per_floor":[118,293,313,313,331,362,362,5,5,5,21,42,42,63,63,192,192,207,207,68,0,19,51,68,68,68,88,88,88,6,6,6,110,160,173,28,40,40,53,53,53],"floor_reached":40,"language":"ENG","playtime":3737,"items_purged":[],"score":431,"play_id":"c69883e8-8bb3-4219-949f-e8b0161622d2","local_time":"20210122201222","is_ascension_mode":false,"campfire_choices":[{"data":"Sunder","floor":7,"key":"SMITH"},{"floor":10,"key":"REST"},{"floor":15,"key":"REST"},{"floor":25,"key":"REST"},{"data":"Echo Form","floor":28,"key":"SMITH"},{"data":"Genetic Algorithm","floor":29,"key":"SMITH"},{"floor":32,"key":"REST"}],"circlet_count":0,"master_deck":["Strike_B","Strike_B","Strike_B","Strike_B","Defend_B","Defend_B","Defend_B","Defend_B","Zap+1","Dualcast","Defragment","Ball Lightning","Steam","Sunder+1","Hologram","Hello World","Coolheaded","Cold Snap","Thunder Strike","Chill","Genetic Algorithm+1","FTL","Redo+1","Streamline+1","Compile Driver","Echo Form+1","Doom and Gloom","Electrodynamics","Rebound","Gash","Genetic Algorithm+1","Capacitor+1","Hologram+1"],"relics":["Cracked Core","Bloody Idol","WingedGreaves","Incense Burner","Kunai","Akabeko","SlaversCollar","Potion Belt","Pear","Tiny House","DollysMirror"],"acts_visited":["Exordium","TheCity","TheBeyond"],"potions_floor_usage":[18,24,27,27,37,40],"damage_taken":[{"damage":11,"enemies":"2 Louse","floor":1,"turns":3},{"damage":5,"enemies":"Jaw Worm","floor":3,"turns":4},{"damage":0,"enemies":"Cultist","floor":5,"turns":3},{"damage":15,"enemies":"Lagavulin","floor":6,"turns":5},{"damage":12,"enemies":"Exordium Wildlife","floor":11,"turns":4},{"damage":1,"enemies":"Blue Slaver","floor":12,"turns":3},{"damage":23,"enemies":"Gremlin Gang","floor":14,"turns":3},{"damage":1,"enemies":"Slime Boss","floor":16,"turns":11},{"damage":20,"enemies":"2 Thieves","floor":18,"turns":4},{"damage":7,"enemies":"Shell Parasite","floor":22,"turns":6},{"damage":28,"enemies":"Gremlin Leader","floor":23,"turns":9},{"damage":15,"enemies":"Snecko","floor":24,"turns":5},{"damage":23,"enemies":"3 Cultists","floor":27,"turns":7},{"damage":41,"enemies":"Champ","floor":33,"turns":10},{"damage":3,"enemies":"3 Shapes","floor":35,"turns":3},{"damage":17,"enemies":"3 Darklings","floor":37,"turns":4},{"damage":36,"enemies":"4 Shapes","floor":39,"turns":5},{"damage":93,"enemies":"Reptomancer","floor":40,"turns":6}],"seed_played":"-928918065540616497","potions_obtained":[{"floor":5,"key":"SpeedPotion"},{"floor":11,"key":"LiquidBronze"},{"floor":14,"key":"Strength Potion"},{"floor":23,"key":"Strength Potion"},{"floor":24,"key":"SkillPotion"},{"floor":27,"key":"Block Potion"},{"floor":34,"key":"AttackPotion"},{"floor":37,"key":"FairyPotion"}],"is_trial":false,"path_per_floor":["M","?","M","?","M","E","R","$","T","R","M","M","T","M","R","B",null,"M","?","$","?","M","E","M","R","T","M","R","R","$","?","R","B",null,"M","$","M","$","M","E"],"character_chosen":"DEFECT","items_purchased":["Incense Burner","Hologram","Genetic Algorithm","FTL","Doom and Gloom","DollysMirror"],"campfire_rested":4,"item_purchase_floors":[8,8,20,20,30,36],"current_hp_per_floor":[64,64,59,41,41,26,26,26,26,48,36,35,35,12,34,33,75,55,55,55,55,53,30,20,42,52,34,34,34,34,34,59,23,90,90,90,78,78,47,0,0],"gold":53,"neow_bonus":"UPGRADE_CARD","is_daily":false,"chose_seed":false,"campfire_upgraded":3,"win_rate":0.0,"timestamp":1611342742,"path_taken":["M","?","M","?","M","E","R","$","T","R","M","M","?","M","R","BOSS","M","?","$","?","M","E","M","R","T","M","R","R","$","?","R","BOSS","M","$","M","$","?","E"],"items_purchased_type":["Relic","Card","Card","Card","Card","Relic"],"build_version":"2020-12-22","purchased_purges":0,"victory":false,"max_hp_per_floor":[75,75,75,75,75,75,75,75,75,75,75,75,75,75,75,75,75,75,75,75,75,75,75,75,75,85,85,85,85,85,85,85,85,90,90,90,90,90,90,90,90],"relic_stats":{"counters":[18,95],"Bloody Idol":43,"Kunai":[18],"obtain_stats":[{"Potion Belt":23,"SlaversCollar":17,"Pear":26,"Tiny House":34,"Golden Idol":4,"DollysMirror":36,"Bloody Idol":19,"WingedGreaves":6,"Incense Burner":8,"Kunai":9,"Cracked Core":0,"Akabeko":13},{"Potion Belt":11,"SlaversCollar":8,"Pear":12,"Tiny House":14,"Golden Idol":2,"DollysMirror":15,"Bloody Idol":9,"WingedGreaves":4,"Incense Burner":4,"Kunai":4,"Cracked Core":0,"Akabeko":6},{"Potion Belt":55,"SlaversCollar":36,"Pear":60,"Tiny House":77,"Golden Idol":7,"DollysMirror":80,"Bloody Idol":40,"WingedGreaves":15,"Incense Burner":15,"Kunai":15,"Cracked Core":0,"Akabeko":22}]},"card_choices":[{"not_picked":["Stack","Scrape"],"picked":"Defragment","floor":1},{"not_picked":["Beam Cell","Steam"],"picked":"Ball Lightning","floor":3},{"not_picked":["Turbo","Glacier"],"picked":"Steam","floor":5},{"not_picked":["Cold Snap","Aggregate"],"picked":"Sunder","floor":6},{"not_picked":["Redo","Stack"],"picked":"Hello World","floor":11},{"not_picked":["Stack","Hyperbeam"],"picked":"Coolheaded","floor":12},{"not_picked":["Rip and Tear","Turbo"],"picked":"Cold Snap","floor":14},{"not_picked":["Buffer","Meteor Strike"],"picked":"Thunder Strike","floor":16},{"not_picked":["Cold Snap","Aggregate"],"picked":"Chill","floor":18},{"not_picked":["Undo","Cold Snap"],"picked":"Redo+1","floor":22},{"not_picked":["Hologram","Beam Cell"],"picked":"Streamline","floor":23},{"not_picked":["Turbo","Hologram"],"picked":"Compile Driver","floor":24},{"not_picked":["Stack","Rip and Tear"],"picked":"Echo Form","floor":27},{"not_picked":["Core Surge","Reboot"],"picked":"Electrodynamics","floor":33},{"not_picked":["Glacier","Turbo"],"picked":"Rebound","floor":34},{"not_picked":["Streamline","Rip and Tear+1"],"picked":"Gash","floor":35},{"not_picked":["Steam+1","Gash"],"picked":"Capacitor+1","floor":37},{"not_picked":["Coolheaded","Darkness+1"],"picked":"Hologram+1","floor":39}],"player_experience":175859,"relics_obtained":[{"floor":6,"key":"WingedGreaves"},{"floor":9,"key":"Kunai"},{"floor":13,"key":"Akabeko"},{"floor":23,"key":"Potion Belt"},{"floor":26,"key":"Pear"}],"event_choices":[{"damage_healed":0,"gold_gain":175,"player_choice":"AGREE","damage_taken":0,"max_hp_gain":0,"max_hp_loss":0,"event_name":"Liars Game","floor":2,"gold_loss":0,"cards_obtained":["Doubt"]},{"damage_healed":0,"gold_gain":0,"player_choice":"Take Damage","damage_taken":18,"relics_obtained":["Golden Idol"],"max_hp_gain":0,"max_hp_loss":0,"event_name":"Golden Idol","floor":4,"gold_loss":0},{"damage_healed":0,"gold_gain":0,"player_choice":"Gave Idol","damage_taken":0,"relics_obtained":["Bloody Idol"],"max_hp_gain":0,"max_hp_loss":0,"event_name":"Forgotten Altar","floor":19,"relics_lost":["Golden Idol"],"gold_loss":0},{"damage_healed":0,"gold_gain":0,"player_choice":"Paid Fearfully","damage_taken":0,"max_hp_gain":0,"max_hp_loss":0,"event_name":"Masked Bandits","floor":21,"gold_loss":68},{"cards_removed":["Doubt"],"damage_healed":0,"gold_gain":0,"player_choice":"Removed Curses","damage_taken":0,"max_hp_gain":0,"max_hp_loss":0,"event_name":"Fountain of Cleansing","floor":31,"gold_loss":0}],"is_beta":false,"boss_relics":[{"not_picked":["SacredBark","Black Star"],"picked":"SlaversCollar"},{"not_picked":["Coffee Dripper","Runic Dome"],"picked":"Tiny House"}],"items_purged_floors":[],"is_endless":false,"potions_floor_spawned":[5,11,14,23,24,27,37],"killed_by":"Reptomancer","ascension_level":0}}