{"host":"d6c1my71jrq4jqot","time":1611350491,"event":{"mods":["AchievementEnabler","BaseMod","Colored Powertips","Minty Spire (QoL Compilation)","Relic Stats","Slay the Relics Exporter"],"gold_per_floor":[119,119,63,338,356,384,384,396,446,456,531,557,571,606,606,606,606],"floor_reached":16,"language":"ENG","playtime":576,"items_purged":[],"score":268,"play_id":"4a6dfc33-a119-4d5b-a774-c9fe6c2f6cf3","local_time":"20210122192131","is_ascension_mode":true,"campfire_choices":[{"data":"Underhanded Strike","floor":7,"key":"SMITH"},{"data":"Malaise","floor":15,"key":"SMITH"}],"circlet_count":0,"master_deck":["AscendersBane","Strike_G","Strike_G","Strike_G","Strike_G","Strike_G","Defend_G","Defend_G","Defend_G","Defend_G","Defend_G","Survivor","Neutralize","Underhanded Strike+1","Regret","Acrobatics","Escape Plan","Backstab","Backflip","Dagger Throw","Malaise+1"],"relics":["Ring of the Snake","NeowsBlessing","Toy Ornithopter","PreservedInsect","Lantern","Bag of Marbles"],"acts_visited":["Exordium"],"potions_floor_usage":[12,12,16],"damage_taken":[{"damage":0,"enemies":"Jaw Worm","floor":1,"turns":1},{"damage":0,"enemies":"Small Slimes","floor":5,"turns":1},{"damage":0,"enemies":"3 Sentries","floor":6,"turns":1},{"damage":0,"enemies":"Cultist","floor":8,"turns":4},{"damage":14,"enemies":"Blue Slaver","floor":10,"turns":6},{"damage":16,"enemies":"Gremlin Nob","floor":12,"turns":3},{"damage":2,"enemies":"Looter","floor":13,"turns":4},{"damage":20,"enemies":"3 Sentries","floor":14,"turns":6},{"damage":18,"enemies":"Hexaghost","floor":16,"turns":14}],"seed_played":"4514251989146747138","potions_obtained":[{"floor":1,"key":"Block Potion"},{"floor":6,"key":"CunningPotion"},{"floor":14,"key":"Explosive Potion"}],"is_trial":false,"path_per_floor":["M","?","$","?","M","E","R","M","T","M","?","E","M","E","R","B"],"character_chosen":"THE_SILENT","items_purchased":["Poison Potion"],"campfire_rested":0,"item_purchase_floors":[3],"current_hp_per_floor":[59,64,64,64,64,64,64,64,64,50,39,33,31,11,11,0,0],"gold":606,"neow_bonus":"THREE_ENEMY_KILL","is_daily":false,"chose_seed":false,"campfire_upgraded":2,"win_rate":0.0,"timestamp":1611350491,"path_taken":["M","?","$","?","M","E","R","M","T","?","?","E","M","E","R","BOSS"],"items_purchased_type":["Potion"],"build_version":"2020-12-22","purchased_purges":0,"victory":false,"max_hp_per_floor":[66,71,71,71,71,71,71,71,71,71,71,71,71,71,71,71,71],"relic_stats":{"counters":[9,40],"PreservedInsect":54,"obtain_stats":[{"Lantern":12,"NeowsBlessing":0,"PreservedInsect":9,"Bag of Marbles":14,"Toy Ornithopter":6,"Ring of the Snake":0},{"Lantern":6,"NeowsBlessing":0,"PreservedInsect":4,"Bag of Marbles":8,"Toy Ornithopter":3,"Ring of the Snake":0},{"Lantern":16,"NeowsBlessing":0,"PreservedInsect":7,"Bag of Marbles":26,"Toy Ornithopter":3,"Ring of the Snake":0}],"Toy Ornithopter":15,"Ring of the Snake":[18]},"card_choices":[{"not_picked":["Setup","Backflip"],"picked":"Underhanded Strike","floor":1},{"not_picked":["Poisoned Stab","Dodge and Roll"],"picked":"Acrobatics","floor":5},{"not_picked":["All Out Attack","Cloak And Dagger","Quick Slash"],"picked":"SKIP","floor":6},{"not_picked":["Phantasmal Killer","Deadly Poison"],"picked":"Escape Plan","floor":8},{"not_picked":["Blade Dance","Concentrate"],"picked":"Backstab","floor":10},{"not_picked":["Deflect","Acrobatics"],"picked":"Backflip","floor":12},{"not_picked":["Acrobatics","Concentrate"],"picked":"Dagger Throw","floor":13},{"not_picked":["Poisoned Stab","Outmaneuver"],"picked":"Malaise","floor":14}],"player_experience":641494,"relics_obtained":[{"floor":6,"key":"Toy Ornithopter"},{"floor":9,"key":"PreservedInsect"},{"floor":12,"key":"Lantern"},{"floor":14,"key":"Bag of Marbles"}],"event_choices":[{"damage_healed":0,"gold_gain":0,"player_choice":"Donut","damage_taken":0,"max_hp_gain":5,"max_hp_loss":0,"event_name":"Big Fish","floor":2,"gold_loss":0},{"damage_healed":0,"gold_gain":275,"player_choice":"Desecrate","damage_taken":0,"max_hp_gain":0,"max_hp_loss":0,"event_name":"Golden Shrine","floor":4,"gold_loss":0,"cards_obtained":["Regret"]},{"damage_healed":0,"gold_gain":75,"player_choice":"Gather Gold","damage_taken":11,"max_hp_gain":0,"max_hp_loss":0,"event_name":"World of Goop","floor":11,"gold_loss":0}],"is_beta":false,"boss_relics":[],"items_purged_floors":[],"is_endless":false,"potions_floor_spawned":[1,6,10,14],"killed_by":"Hexaghost","ascension_level":17}}