{"host":"4nqeo0vu1vuav7gg","time":1611332903,"event":{"mods":["AchievementEnabler","BaseMod","Block Reminder","Colored Map","Colored Powertips","Highlight Path","Minty Spire (QoL Compilation)","Quick Restart","Rare Cards Sparkle","Relic Relevance Reorder","StSLib"],"gold_per_floor":[119,136,211,221,238,273,273,308,308,99,99,21,40,40,40,40,40],"floor_reached":16,"language":"ENG","playtime":434,"items_purged":["Strike_B"],"score":215,"play_id":"970f3b41-b05f-40aa-aa78-d30968fb981c","local_time":"20210122172823","is_ascension_mode":true,"campfire_choices":[{"floor":7.0,"key":"REST"},{"floor":15.0,"key":"REST"}],"circlet_count":0,"master_deck":["AscendersBane","Strike_B","Strike_B","Strike_B","Defend_B","Defend_B","Defend_B","Defend_B","Zap","Dualcast","Fusion","Sunder","Electrodynamics","Consume","Go for the Eyes","Cold Snap","Self Repair","Coolheaded"],"relics":["Cracked Core","Lantern","Sundial","NeowsBlessing","Question Card","Matryoshka"],"acts_visited":["Exordium"],"potions_floor_usage":[],"damage_taken":[{"damage":0.0,"enemies":"Jaw Worm","floor":1.0,"turns":1.0},{"damage":0.0,"enemies":"Small Slimes","floor":2.0,"turns":1.0},{"damage":0.0,"enemies":"Cultist","floor":4.0,"turns":1.0},{"damage":4.0,"enemies":"Looter","floor":5.0,"turns":3.0},{"damage":43.0,"enemies":"Gremlin Nob","floor":6.0,"turns":4.0},{"damage":25.0,"enemies":"Lagavulin","floor":8.0,"turns":5.0},{"damage":0.0,"enemies":"Exordium Wildlife","floor":13.0,"turns":2.0},{"damage":53,"enemies":"The Guardian","floor":16,"turns":8}],"seed_played":"6073877109317215466","potions_obtained":[{"floor":1.0,"key":"BlessingOfTheForge"},{"floor":4.0,"key":"SkillPotion"},{"floor":6.0,"key":"CultistPotion"},{"floor":8.0,"key":"Block Potion"}],"is_trial":false,"path_per_floor":["M","M","?","M","M","E","R","E","T","$","?","$","M","T","R","B"],"character_chosen":"DEFECT","items_purchased":["FairyPotion","Cold Snap","Self Repair"],"campfire_rested":2,"item_purchase_floors":[10,10,12],"current_hp_per_floor":[64,64,53,53,49,6,27,2,2,2,2,2,2,2,23,0,0],"gold":40,"neow_bonus":"THREE_ENEMY_KILL","is_daily":false,"chose_seed":false,"campfire_upgraded":0,"win_rate":0.0,"timestamp":1611332903,"path_taken":["M","M","?","M","M","E","R","E","T","$","?","$","M","?","R","BOSS"],"items_purchased_type":["Potion","Card","Card"],"build_version":"2020-12-22","purchased_purges":1,"victory":false,"max_hp_per_floor":[71,71,71,71,71,71,71,71,71,71,71,71,71,71,71,71,71],"card_choices":[{"not_picked":["Stack","Barrage"],"picked":"Fusion","floor":1.0},{"not_picked":["Barrage","Stack"],"picked":"Sunder","floor":2.0},{"not_picked":["Undo","Hologram"],"picked":"Electrodynamics","floor":4.0},{"not_picked":["Scrape","Turbo","Leap"],"picked":"SKIP","floor":5.0},{"not_picked":["Streamline","Blizzard"],"picked":"Consume","floor":6.0},{"not_picked":["Sweeping Beam","Darkness"],"picked":"Go for the Eyes","floor":8.0},{"not_picked":["Streamline","Hologram","Electrodynamics"],"picked":"Coolheaded","floor":13.0}],"player_experience":1067185,"relics_obtained":[{"floor":6.0,"key":"Lantern"},{"floor":8.0,"key":"Question Card"},{"floor":9.0,"key":"Sundial"},{"floor":14.0,"key":"Matryoshka"}],"event_choices":[{"damage_healed":0.0,"max_hp_gain":0.0,"max_hp_loss":0.0,"gold_gain":75.0,"event_name":"World of Goop","player_choice":"Gather Gold","floor":3.0,"gold_loss":0.0,"damage_taken":11.0},{"damage_healed":0.0,"max_hp_gain":0.0,"max_hp_loss":0.0,"gold_gain":0.0,"event_name":"Scrap Ooze","player_choice":"Fled","floor":11.0,"gold_loss":0.0,"damage_taken":0.0}],"is_beta":false,"boss_relics":[],"items_purged_floors":[10],"is_endless":false,"potions_floor_spawned":[1,4,6,8],"killed_by":"The Guardian","ascension_level":19}}