{"host":"pnw33a014vs8wril","time":1611314603,"event":{"mods":["BaseMod","Downfall","Highlight Path","Minty Spire (QoL Compilation)","StSLib"],"gold_per_floor":[99,111,122,38,50,50,50,85,99,99,131,152,152,176,201,306,306,306,330,330,35,54,54,101,137,37,37,4,23,23,83,108,210,210,210,235,235,246,160,160,207,107,7,49,49,64,64,5,15,15],"floor_reached":51,"language":"ENG","playtime":2984,"items_purged":["hexamod:Strike","Pain","downfall:Bewildered"],"score":864,"play_id":"6a443984-40fe-40b2-b67f-123a37cb771f","local_time":"20210122122323","is_ascension_mode":true,"campfire_choices":[{"data":"hexamod:Float","floor":1,"key":"SMITH"},{"data":"hexamod:TimeWarp","floor":6,"key":"SMITH"},{"data":"hexamod:Sear","floor":10,"key":"SMITH"},{"data":"hexamod:FlamesFromBeyond","floor":13,"key":"SMITH"},{"data":"hexamod:VolcanoVisage","floor":18,"key":"SMITH"},{"data":"hexamod:Incineration","floor":23,"key":"SMITH"},{"data":"hexamod:CatchUp","floor":26,"key":"SMITH"},{"data":"hexamod:VolcanoVisage","floor":35,"key":"SMITH"},{"data":"hexamod:EtherealExpedition","floor":40,"key":"SMITH"},{"floor":42,"key":"RECALL"}],"circlet_count":0,"master_deck":["hexamod:Strike","hexamod:Strike","hexamod:Strike","hexamod:Defend","hexamod:Defend","hexamod:Defend","hexamod:Defend","hexamod:Sear+1","hexamod:Float+1","hexamod:HauntingEcho","hexamod:TimeWarp+1","hexamod:PhantomFireball","hexamod:EmpoweredFlame","hexamod:FourthSeal","hexamod:StepThrough","hexamod:FlamesFromBeyond+1","hexamod:SecondSeal","hexamod:AdvancingGuard","hexamod:RadiantFlame","hexamod:GhostOfSpireFuture","hexamod:VolcanoVisage+1","hexamod:Hexaguard","Necronomicurse","hexamod:EtherealExpedition+1","hexamod:Incineration+1","hexamod:SwordOfDarkness","hexamod:CatchUp+1","hexamod:TimeWarp","hexamod:UnleashSpirits","hexamod:FirstSeal","hexamod:PowerFromBeyond+1","hexamod:ThirdSeal","hexamod:InspiringFlames","hexamod:SpectralSpark","hexamod:ShieldOfDarkness","hexamod:Hexaguard+1","hexamod:Hexaguard","hexamod:VolcanoVisage+1","hexamod:VolcanoVisage+1","hexamod:ThermalTransfer+1","hexamod:FastForward+1","hexamod:BurningTouch+1","hexamod:GhostShield","hexamod:InspiringFlames","hexamod:ShieldOfDarkness","hexamod:FirstSeal","Doubt","hexamod:SwordOfDarkness","hexamod:FastForward","hexamod:AdvancingGuard+1"],"relics":["hexamod:SpiritBrand","Orichalcum","Pear","The Courier","Sozu","Necronomicon","hexamod:MatchstickCase","Vajra","Bag of Marbles","downfall:HeartBlessingGreen","Bottled Flame","Bronze Scales","Cursed Key","downfall:HeartBlessingBlue","Dead Branch"],"acts_visited":["Exordium","TheCity","TheBeyond"],"potions_floor_usage":[5,16,29],"damage_taken":[{"damage":0,"enemies":"Small Slimes","floor":2,"turns":3},{"damage":2,"enemies":"2 Louse","floor":3,"turns":2},{"damage":0,"enemies":"downfall:FleeingMerchant","floor":4,"turns":4},{"damage":1,"enemies":"Cultist","floor":5,"turns":3},{"damage":6,"enemies":"Lagavulin","floor":8,"turns":7},{"damage":5,"enemies":"Exordium Thugs","floor":9,"turns":3},{"damage":8,"enemies":"3 Sentries","floor":11,"turns":6},{"damage":9,"enemies":"Blue Slaver","floor":12,"turns":3},{"damage":3,"enemies":"Lots of Slimes","floor":14,"turns":4},{"damage":3,"enemies":"3 Louse","floor":15,"turns":4},{"damage":69,"enemies":"IC_STATUS_ARCHETYPE","floor":16,"turns":10},{"damage":5,"enemies":"Chosen","floor":19,"turns":4},{"damage":10,"enemies":"downfall:FleeingMerchant","floor":21,"turns":4},{"damage":8,"enemies":"Shell Parasite","floor":22,"turns":3},{"damage":15,"enemies":"Slavers","floor":25,"turns":5},{"damage":8,"enemies":"downfall:FleeingMerchant","floor":28,"turns":4},{"damage":9,"enemies":"Snake Plant","floor":29,"turns":2},{"damage":0,"enemies":"downfall:FleeingMerchant","floor":31,"turns":1},{"damage":0,"enemies":"Sentry and Sphere","floor":32,"turns":3},{"damage":6,"enemies":"SI_MIRROR_ARCHETYPE","floor":33,"turns":6},{"damage":16,"enemies":"3 Shapes","floor":36,"turns":3},{"damage":7,"enemies":"3 Darklings","floor":38,"turns":3},{"damage":40,"enemies":"Reptomancer","floor":44,"turns":6},{"damage":20,"enemies":"Jaw Worm Horde","floor":46,"turns":3},{"damage":7,"enemies":"Maw","floor":49,"turns":4},{"damage":43,"enemies":"DF_ARCHETYPE_ORBS","floor":50,"turns":6}],"seed_played":"6731278781121726097","potions_obtained":[{"floor":5,"key":"Fruit Juice"},{"floor":8,"key":"bronze:BurnAndBuffPotion"},{"floor":9,"key":"Slimebound:ThreeZeroPotion"},{"floor":11,"key":"FairyPotion"},{"floor":15,"key":"hexamod:SoulburnPotion"},{"floor":16,"key":"DuplicationPotion"},{"floor":16,"key":"SpeedPotion"}],"is_trial":false,"path_per_floor":["R","M","M","$","M","R","T","E","M","R","E","M","R","M","M","B",null,"R","M","?","$","M","R","T","E","R","?","$","M","T","$","M","B",null,"R","M","?","M","$","R","T","R","$","E","?","M","?","$","M","B",null],"character_chosen":"THE_SPIRIT","items_purchased":["hexamod:EmpoweredFlame","hexamod:MatchstickCase","hexamod:Incineration","hexamod:SwordOfDarkness","hexamod:FirstSeal","hexamod:ThirdSeal","hexamod:InspiringFlames","hexamod:SpectralSpark","hexamod:ShieldOfDarkness","hexamod:InspiringFlames","hexamod:ShieldOfDarkness","hexamod:SwordOfDarkness","hexamod:FastForward"],"campfire_rested":0,"item_purchase_floors":[4,21,21,21,28,31,31,31,31,39,39,48,48],"current_hp_per_floor":[77,77,75,75,79,79,79,83,78,78,70,61,61,58,55,20,92,92,87,71,61,53,53,53,38,38,38,30,35,35,35,35,36,92,92,76,76,69,69,69,69,79,79,46,46,26,102,102,95,66],"gold":15,"neow_bonus":"TEN_PERCENT_HP_BONUS","is_daily":false,"chose_seed":false,"campfire_upgraded":9,"win_rate":0.0,"timestamp":1611314603,"path_taken":["R","M","M","$","M","R","T","E","M","R","E","M","R","M","M","BOSS","R","M","?","$","M","R","T","E","R","?","$","?","?","$","M","BOSS","R","M","?","?","$","R","T","R","$","E","?","M","?","$","M","BOSS"],"items_purchased_type":["Card","Relic","Card","Card","Card","Card","Card","Card","Card","Card","Card","Card","Card"],"build_version":"2020-12-22","purchased_purges":3,"victory":true,"max_hp_per_floor":[77,77,77,77,82,82,82,92,92,92,92,92,92,92,92,92,92,92,92,92,92,92,92,92,92,92,92,92,92,92,92,92,92,92,92,92,92,92,92,92,92,102,102,102,102,102,102,102,102,102],"card_choices":[{"not_picked":["hexamod:Hexaguard","hexamod:GhostLash"],"picked":"hexamod:HauntingEcho","floor":2},{"not_picked":["hexamod:SwordOfDarkness","hexamod:SuperheatedStrike"],"picked":"hexamod:TimeWarp","floor":3},{"not_picked":["hexamod:SuperheatedStrike","hexamod:Again"],"picked":"hexamod:PhantomFireball","floor":4},{"not_picked":["hexamod:SpectersWail","hexamod:Incineration"],"picked":"hexamod:FourthSeal","floor":5},{"not_picked":["hexamod:Haunt","hexamod:Hexaguard"],"picked":"hexamod:StepThrough","floor":8},{"not_picked":["hexamod:NightmareStrike","hexamod:ThermalTransfer"],"picked":"hexamod:FlamesFromBeyond","floor":9},{"not_picked":["hexamod:FlamesFromBeyond","hexamod:SwordOfDarkness"],"picked":"hexamod:SecondSeal","floor":11},{"not_picked":["hexamod:RainOfEmbers","hexamod:ShieldOfDarkness"],"picked":"hexamod:AdvancingGuard","floor":12},{"not_picked":["hexamod:GhostLash","hexamod:SkipABeat"],"picked":"hexamod:RadiantFlame","floor":14},{"not_picked":["hexamod:NightmareGuise","hexamod:FlamesFromBeyond"],"picked":"hexamod:GhostOfSpireFuture","floor":15},{"not_picked":["hexamod:TimeOfNeed","hexamod:ParanormalForm"],"picked":"hexamod:VolcanoVisage","floor":16},{"not_picked":["hexamod:StepThrough","hexamod:BurningTouch"],"picked":"hexamod:Hexaguard","floor":19},{"not_picked":["hexamod:ShieldOfDarkness","hexamod:FlamesFromBeyond"],"picked":"hexamod:EtherealExpedition","floor":21},{"not_picked":["hexamod:ThermalTransfer","hexamod:Again+1"],"picked":"hexamod:CatchUp","floor":22},{"not_picked":["hexamod:CatchUp","hexamod:NightmareGuise"],"picked":"hexamod:TimeWarp","floor":25},{"not_picked":["hexamod:BacktrackSmack","hexamod:Hexaguard+1"],"picked":"hexamod:UnleashSpirits","floor":28},{"not_picked":["hexamod:SkipABeat","hexamod:RainOfEmbers","hexamod:SuperheatedStrike"],"picked":"SKIP","floor":29},{"not_picked":["hexamod:StepThrough+1","hexamod:BacktrackSmack"],"picked":"hexamod:PowerFromBeyond+1","floor":31},{"not_picked":["hexamod:GhostOfSpireFuture+1","hexamod:FlamesFromBeyond"],"picked":"hexamod:Hexaguard+1","floor":32},{"not_picked":["hexamod:SoulSteal","hexamod:FourthSeal"],"picked":"hexamod:Hexaguard","floor":32},{"not_picked":["hexamod:ApocalypseNow","hexamod:ForkedFlame"],"picked":"hexamod:VolcanoVisage","floor":33},{"not_picked":["hexamod:WildfireWeapon","hexamod:UnlimitedPower"],"picked":"hexamod:VolcanoVisage","floor":33},{"not_picked":["hexamod:GhostLash+1","hexamod:SpectralSpark+1"],"picked":"hexamod:ThermalTransfer+1","floor":36},{"not_picked":["hexamod:Again+1","hexamod:PowerFromBeyond"],"picked":"hexamod:FastForward+1","floor":36},{"not_picked":["hexamod:CatchUp","hexamod:GhostOfSpireFuture+1"],"picked":"hexamod:BurningTouch","floor":38},{"not_picked":["hexamod:GhostLash","hexamod:HauntingEcho"],"picked":"hexamod:GhostShield","floor":38},{"not_picked":["hexamod:EtherealExpedition","hexamod:InspiringFlames"],"picked":"hexamod:FirstSeal","floor":44},{"not_picked":["hexamod:Firestarter+1","hexamod:BacktrackSmack+1","hexamod:InspiringFlames"],"picked":"SKIP","floor":46},{"not_picked":["hexamod:ThermalTransfer","hexamod:Incineration"],"picked":"hexamod:AdvancingGuard+1","floor":49}],"player_experience":972250,"relics_obtained":[{"floor":7,"key":"Orichalcum"},{"floor":8,"key":"Pear"},{"floor":11,"key":"The Courier"},{"floor":20,"key":"Necronomicon"},{"floor":24,"key":"Vajra"},{"floor":25,"key":"Bag of Marbles"},{"floor":30,"key":"Bronze Scales"},{"floor":44,"key":"Dead Branch"}],"event_choices":[{"damage_healed":0,"gold_gain":0,"player_choice":"Forge","damage_taken":0,"max_hp_gain":0,"max_hp_loss":0,"event_name":"Accursed Blacksmith","floor":37,"gold_loss":0,"cards_upgraded":["hexamod:VolcanoVisage"]}],"is_beta":false,"boss_relics":[{"not_picked":["hexamod:UnbrokenSoul","Runic Pyramid"],"picked":"Sozu"},{"not_picked":["Calling Bell","Pandora\u0027s Box"],"picked":"Cursed Key"}],"items_purged_floors":[21,31,43],"is_endless":false,"potions_floor_spawned":[5,8,11,15,16,22,32,44,49],"ascension_level":1}}