{"host":"Qube","time":1611341037,"event":{"mods":["AchievementEnabler","BaseMod","Colored Map","Colored Powertips","Highlight Path","Minty Spire (QoL Compilation)","Permanent Neow","Quick Restart","Random Character Button","StSLib"],"gold_per_floor":[113,129,129,129,44,77,97,97,176,176,186,221,234,252,252,331,331,345,345,61,73,73,102,102,117,117,117,42,68,86,98,98,175,225,238,238,238,248,264,264,264,264],"floor_reached":41,"language":"ENG","playtime":2140,"items_purged":["Unload"],"score":1015,"play_id":"4b7262ba-d185-47e1-ac9c-c3c39cd63fc9","local_time":"20210122104357","is_ascension_mode":true,"campfire_choices":[{"data":"Venomology","floor":8.0,"key":"SMITH"},{"data":"Choke","floor":10.0,"key":"SMITH"},{"data":"Adrenaline","floor":15.0,"key":"SMITH"},{"floor":24.0,"key":"REST"},{"data":"Mayhem","floor":27.0,"key":"SMITH"},{"floor":32.0,"key":"REST"},{"floor":40,"key":"REST"}],"circlet_count":0,"master_deck":["AscendersBane","Survivor","Dagger Throw+1","Venomology+1","A Thousand Cuts","Choke+1","Unload","Underhanded Strike","Adrenaline+1","Blur","Predator","Catalyst","Prepared","Adrenaline+1","Poisoned Stab+1","Bullet Time","Mayhem+1","Deadly Poison+1","Backflip+1"],"relics":["Pandora\u0027s Box","Strawberry","MealTicket","CaptainsWheel","Molten Egg 2","Pear","Busted Crown","MutagenicStrength","Vajra","Toxic Egg 2","Mummified Hand","Tiny House"],"acts_visited":["Exordium","TheCity","TheBeyond"],"potions_floor_usage":[39,39],"damage_taken":[{"damage":0.0,"enemies":"2 Louse","floor":1.0,"turns":2.0},{"damage":0.0,"enemies":"Small Slimes","floor":2.0,"turns":2.0},{"damage":6.0,"enemies":"Gremlin Nob","floor":6.0,"turns":3.0},{"damage":0.0,"enemies":"Cultist","floor":7.0,"turns":3.0},{"damage":0.0,"enemies":"Exordium Wildlife","floor":11.0,"turns":1.0},{"damage":1.0,"enemies":"3 Sentries","floor":12.0,"turns":5.0},{"damage":0.0,"enemies":"3 Louse","floor":13.0,"turns":2.0},{"damage":0.0,"enemies":"Large Slime","floor":14.0,"turns":1.0},{"damage":0.0,"enemies":"Slime Boss","floor":16.0,"turns":7.0},{"damage":0.0,"enemies":"Chosen","floor":18.0,"turns":2.0},{"damage":0.0,"enemies":"2 Thieves","floor":19.0,"turns":1.0},{"damage":0.0,"enemies":"Snecko","floor":21.0,"turns":3.0},{"damage":24.0,"enemies":"Slavers","floor":23.0,"turns":5.0},{"damage":15.0,"enemies":"Centurion and Healer","floor":25.0,"turns":3.0},{"damage":10.0,"enemies":"Book of Stabbing","floor":29.0,"turns":3.0},{"damage":10.0,"enemies":"Snake Plant","floor":30.0,"turns":3.0},{"damage":4.0,"enemies":"Snecko","floor":31.0,"turns":4.0},{"damage":55.0,"enemies":"Collector","floor":33.0,"turns":8.0},{"damage":44.0,"enemies":"3 Darklings","floor":35.0,"turns":3.0},{"damage":22,"enemies":"3 Shapes","floor":38,"turns":3},{"damage":0,"enemies":"Maw","floor":39,"turns":5},{"damage":51,"enemies":"Nemesis","floor":41,"turns":6}],"seed_played":"7215968808886478925","potions_obtained":[{"floor":1.0,"key":"Regen Potion"},{"floor":12.0,"key":"DuplicationPotion"},{"floor":13.0,"key":"Strength Potion"},{"floor":14.0,"key":"Fire Potion"},{"floor":16.0,"key":"Fire Potion"},{"floor":23.0,"key":"Ancient Potion"},{"floor":25.0,"key":"Strength Potion"},{"floor":30.0,"key":"LiquidBronze"},{"floor":34.0,"key":"Weak Potion"}],"is_trial":false,"path_per_floor":["M","M","?","?","?","E","M","R","T","R","M","E","M","M","R","B",null,"M","M","$","M","?","E","R","M","T","R","?","E","M","M","R","B",null,"M","?","?","M","M","R","E"],"character_chosen":"THE_SILENT","items_purchased":["Mayhem"],"campfire_rested":3,"item_purchase_floors":[20],"current_hp_per_floor":[59,59,55,55,55,49,58,58,58,58,58,67,67,67,67,67,79,79,79,83,83,83,59,83,68,68,68,68,58,48,44,68,13,71,27,27,27,5,20,46,0,0],"gold":264,"neow_bonus":"BOSS_RELIC","is_daily":false,"chose_seed":false,"campfire_upgraded":4,"win_rate":0.0,"timestamp":1611341037,"path_taken":["M","M","?","?","?","E","?","R","T","R","M","E","M","M","R","BOSS","M","M","$","M","?","E","R","M","T","R","?","E","M","M","R","BOSS","M","?","?","M","M","R","E"],"items_purchased_type":["Card"],"build_version":"2020-12-18","purchased_purges":1,"victory":false,"max_hp_per_floor":[66,66,73,73,73,73,73,73,73,73,73,83,83,83,83,83,83,83,83,83,83,83,83,83,83,83,83,83,83,83,83,83,83,88,88,88,88,88,88,88,88,88],"card_choices":[{"not_picked":["Prepared","Cloak And Dagger"],"picked":"Predator","floor":1.0},{"not_picked":["Setup","Choke","Flying Knee"],"picked":"SKIP","floor":2.0},{"not_picked":["Setup","Tactician","Caltrops"],"picked":"SKIP","floor":6.0},{"not_picked":["Bane","Backstab"],"picked":"Catalyst","floor":7.0},{"not_picked":["Sucker Punch+1","Dagger Throw+1","Concentrate"],"picked":"SKIP","floor":11.0},{"not_picked":["Acrobatics","Blur"],"picked":"Prepared","floor":12.0},{"not_picked":["Tactician","Sucker Punch+1"],"picked":"Adrenaline","floor":13.0},{"not_picked":["Endless Agony+1","PiercingWail"],"picked":"Poisoned Stab+1","floor":14.0},{"not_picked":["Tools of the Trade","Adrenaline"],"picked":"Bullet Time","floor":16.0},{"not_picked":["Well Laid Plans"],"picked":"SKIP","floor":18.0},{"not_picked":["Outmaneuver"],"picked":"SKIP","floor":21.0},{"not_picked":["Setup"],"picked":"SKIP","floor":23.0},{"not_picked":["Heel Hook+1"],"picked":"SKIP","floor":25.0},{"not_picked":["PiercingWail+1"],"picked":"SKIP","floor":29.0},{"not_picked":["Quick Slash+1"],"picked":"SKIP","floor":30.0},{"not_picked":["Outmaneuver+1"],"picked":"SKIP","floor":31.0},{"not_picked":[],"picked":"Deadly Poison+1","floor":34.0},{"not_picked":["Flying Knee+1"],"picked":"SKIP","floor":35.0},{"not_picked":[],"picked":"Backflip+1","floor":38},{"not_picked":["Sucker Punch+1"],"picked":"SKIP","floor":39}],"player_experience":951157,"relics_obtained":[{"floor":6.0,"key":"CaptainsWheel"},{"floor":9.0,"key":"Molten Egg 2"},{"floor":12.0,"key":"Pear"},{"floor":23.0,"key":"Vajra"},{"floor":26.0,"key":"Toxic Egg 2"},{"floor":29.0,"key":"Mummified Hand"}],"event_choices":[{"damage_healed":0.0,"max_hp_gain":0.0,"max_hp_loss":0.0,"gold_gain":0.0,"event_name":"Scrap Ooze","player_choice":"Success","floor":3.0,"gold_loss":0.0,"damage_taken":11.0,"relics_obtained":["Strawberry"]},{"damage_healed":0.0,"max_hp_gain":0.0,"max_hp_loss":0.0,"gold_gain":0.0,"event_name":"Living Wall","player_choice":"Grow","floor":4.0,"gold_loss":0.0,"damage_taken":0.0,"cards_upgraded":["Adrenaline"]},{"damage_healed":0.0,"max_hp_gain":0.0,"max_hp_loss":0.0,"gold_gain":0.0,"event_name":"WeMeetAgain","player_choice":"Paid Gold","floor":5.0,"gold_loss":85.0,"damage_taken":0.0,"relics_obtained":["MealTicket"]},{"damage_healed":0.0,"max_hp_gain":0.0,"max_hp_loss":0.0,"gold_gain":0.0,"event_name":"Drug Dealer","player_choice":"Inject Mutagens","floor":22.0,"gold_loss":0.0,"damage_taken":0.0,"relics_obtained":["MutagenicStrength"]},{"cards_removed":["Neutralize"],"damage_healed":0.0,"max_hp_gain":0.0,"max_hp_loss":0.0,"gold_gain":0.0,"event_name":"Beggar","player_choice":"Gave Gold","floor":28.0,"gold_loss":75.0,"damage_taken":0.0},{"cards_removed":["Blur"],"damage_healed":0.0,"max_hp_gain":0.0,"max_hp_loss":0.0,"gold_gain":0.0,"event_name":"Falling","player_choice":"Removed Skill","floor":36.0,"gold_loss":0.0,"damage_taken":0.0},{"damage_healed":0.0,"max_hp_gain":0.0,"max_hp_loss":0.0,"gold_gain":0.0,"event_name":"SensoryStone","player_choice":"Memory 1","floor":37.0,"gold_loss":0.0,"damage_taken":0.0}],"is_beta":true,"boss_relics":[{"not_picked":["Fusion Hammer","Philosopher\u0027s Stone"],"picked":"Busted Crown"},{"not_picked":["Cursed Key","Runic Dome"],"picked":"Tiny House"}],"items_purged_floors":[20],"is_endless":false,"potions_floor_spawned":[1,7,12,13,14,16,23,25,30,31],"killed_by":"Nemesis","ascension_level":20}}