{"host":"4a6fro0of1ie0h2w","time":1611335242,"event":{"mods":["Aspiration","BaseMod","CCEM","Colored Map","Conspire","Downfall","GifTheSpireLib","Halation","Highlight Path","Hubris","Infinite Spire","Marisa????????","Minty Spire (QoL Compilation)","Permanent Neow","Replay The Spire","StSLib","Stuff the Spire","The Servant 0.9.4"],"gold_per_floor":[99,117,131,131,62,78,101,101,126,126,126,154,168,3,23,23,23,23],"floor_reached":16,"language":"ENG","playtime":853,"items_purged":[],"score":142,"play_id":"4dacc9ed-c083-43ec-858a-5aa9ec451d26","local_time":"20210122190722","is_ascension_mode":true,"campfire_choices":[{"data":"champ:Taunt","floor":1,"key":"SMITH"},{"data":"champ:GutPunch","floor":8,"key":"SMITH"},{"floor":10,"key":"RECALL"}],"circlet_count":0,"master_deck":["champ:Strike","champ:Defend","champ:Defend","champ:Execute","champ:Taunt+1","champ:TornadoPunch","champ:FlashCut","champ:FlashCut","champ:SkillfulDodge+1","champ:GutPunch+1","champ:SwordSigil","hubris:Despair","champ:DefensiveShout","champ:BerserkersShout","champ:RageSigil","champ:AdrenalArmor"],"relics":["champ:ChampionCrown","aspiration:Lifesprig","Blood Vial","MealTicket","hubris:Metronome","CCEMRelics:JestersCrown"],"acts_visited":["Exordium"],"potions_floor_usage":[15,16,16,16],"damage_taken":[{"damage":10,"enemies":"2 Louse","floor":2,"turns":3},{"damage":11,"enemies":"Jaw Worm","floor":3,"turns":4},{"damage":20,"enemies":"downfall:FleeingMerchant","floor":5,"turns":4},{"damage":21,"enemies":"Cultist","floor":6,"turns":3},{"damage":42,"enemies":"Lagavulin","floor":9,"turns":5},{"damage":20,"enemies":"Gremlin Nob","floor":12,"turns":3},{"damage":16,"enemies":"Exordium Wildlife","floor":13,"turns":3},{"damage":25,"enemies":"downfall:FleeingMerchant","floor":14,"turns":4},{"damage":37,"enemies":"conspire:2 RoseBushes","floor":15,"turns":3},{"damage":102,"enemies":"DF_ARCHETYPE_STREAMLINE","floor":16,"turns":7}],"seed_played":"-66328293661367174","potions_obtained":[{"floor":2,"key":"champ:OpenerPotion"},{"floor":6,"key":"Explosive Potion"},{"floor":9,"key":"ColorlessPotion"},{"floor":12,"key":"PowerPotion"},{"floor":15,"key":"bronze:BurnAndBuffPotion"}],"is_trial":false,"path_per_floor":["R","M","M","?","$","M","T","R","E","R","?","E","M","$","M","B"],"character_chosen":"THE_CHAMP","items_purchased":["champ:SkillfulDodge+1","CCEMRelics:JestersCrown"],"campfire_rested":0,"item_purchase_floors":[5,14],"current_hp_per_floor":[63,63,62,62,62,61,61,61,41,41,41,43,39,56,51,0,0,0],"gold":23,"neow_bonus":"REMOVE_TWO","is_daily":false,"chose_seed":false,"campfire_upgraded":2,"win_rate":0.0,"timestamp":1611335242,"path_taken":["R","M","M","?","$","M","T","R","E","R","?","E","M","$","M","BOSS"],"items_purchased_type":["Card","Relic"],"build_version":"2020-12-22","purchased_purges":0,"victory":false,"max_hp_per_floor":[90,90,90,90,90,90,90,90,90,90,90,90,90,90,90,90,90,90],"card_choices":[{"not_picked":["champ:DefensiveShout","champ:Endure"],"picked":"champ:TornadoPunch","floor":2},{"not_picked":["champ:FancyFootwork","champ:CrownThrow"],"picked":"champ:FlashCut","floor":3},{"not_picked":["champ:BerserkersShout","champ:BladeFlurry"],"picked":"champ:FlashCut","floor":5},{"not_picked":["champ:GladiatorStyle","champ:TornadoPunch"],"picked":"champ:GutPunch","floor":6},{"not_picked":["champ:EnGarde","champ:PreciseThrust"],"picked":"champ:SwordSigil","floor":9},{"not_picked":["champ:Circumvent","champ:PerfectedStrike"],"picked":"champ:DefensiveShout","floor":12},{"not_picked":["champ:Circumvent","champ:Haymaker"],"picked":"champ:BerserkersShout","floor":13},{"not_picked":["champ:BerserkersShout","champ:SkillfulDodge"],"picked":"champ:RageSigil","floor":14},{"not_picked":["champ:FancyFootwork","champ:BerserkersShout"],"picked":"champ:AdrenalArmor","floor":15}],"player_experience":213990,"relics_obtained":[{"floor":4,"key":"aspiration:Lifesprig"},{"floor":7,"key":"Blood Vial"},{"floor":9,"key":"MealTicket"},{"floor":12,"key":"hubris:Metronome"}],"event_choices":[],"is_beta":false,"boss_relics":[],"items_purged_floors":[],"is_endless":false,"potions_floor_spawned":[2,6,9,12,15],"killed_by":"DF_ARCHETYPE_STREAMLINE","ascension_level":1}}