{"host":"dfcvtqyxfzopvbeh","time":1611331110,"event":{"mods":["Act Like it!","BaseMod","Gensokyo","Koishi","Marisa（F雨　魔理沙）","Minty Spire (QoL Compilation)","Reimu（博丽灵梦）","Remilia（蕾米莉亚）","Robot Space Explorer","RumiaBox-露米娅的神秘盒子","StSLib","The Alterego","The Servant 0.9.4","Youmu（魂魄妖梦）","[功能]功能增强和修复MOD"],"gold_per_floor":[116,25,45,64,64,96,151,163,175,187,199,211,252,200,200,303,303,320,320,187,187,203,229,229,43,43,43,13,33,33,53,53,149,149,165,175,26,26,39,39,74,74,74,107,107,133,2,27,27,27],"floor_reached":51,"language":"ZHS","playtime":2725,"items_purged":["RobotSpaceExplorer:Strike","RobotSpaceExplorer:Defend","RobotSpaceExplorer:Defend","RobotSpaceExplorer:Strike","RobotSpaceExplorer:Strike","RobotSpaceExplorer:MetalStrike","RobotSpaceExplorer:SlimeMissile","RobotSpaceExplorer:GlueShot","RobotSpaceExplorer:Defend","RobotSpaceExplorer:StunGrenade","RobotSpaceExplorer:StunGrenade","RobotSpaceExplorer:SurgingStrike","RitualDagger"],"score":835,"play_id":"97b1ec51-d09a-4946-9702-434f9b841b3d","local_time":"20210122235830","is_ascension_mode":false,"campfire_choices":[{"floor":8,"key":"REST"},{"data":"RobotSpaceExplorer:Blaster","floor":10,"key":"SMITH"},{"data":"RobotSpaceExplorer:StarDust","floor":15,"key":"SMITH"},{"floor":24,"key":"REST"},{"floor":27,"key":"REST"},{"data":"RobotSpaceExplorer:Autoloader","floor":30,"key":"SMITH"},{"floor":32,"key":"REST"},{"data":"Apotheosis","floor":40,"key":"SMITH"},{"data":"RobotSpaceExplorer:PowerCollector","floor":42,"key":"SMITH"},{"floor":45,"key":"REST"},{"floor":49,"key":"REST"}],"circlet_count":0,"master_deck":["RobotSpaceExplorer:Scan","RobotSpaceExplorer:MiniLasers","RobotSpaceExplorer:HighVoltage","RobotSpaceExplorer:StarLightning","RobotSpaceExplorer:Fix","RobotSpaceExplorer:Blaster+1","RobotSpaceExplorer:ShockKick","RobotSpaceExplorer:StarDust+1","RobotSpaceExplorer:Scanner","RobotSpaceExplorer:Discharger","RobotSpaceExplorer:ImprovisedAttack","RobotSpaceExplorer:PowerCollector+1","RobotSpaceExplorer:Autoloader+1","RobotSpaceExplorer:LuckyStrike","Enlightenment","RobotSpaceExplorer:Calculate","RobotSpaceExplorer:PowerGlove","RobotSpaceExplorer:Accelerator","RobotSpaceExplorer:Multitool","Apotheosis+1","RobotSpaceExplorer:ImprovisedAttack","RobotSpaceExplorer:Fix+1","RobotSpaceExplorer:Calculate","RobotSpaceExplorer:ImprovisedAttack+1"],"relics":["RobotSpaceExplorer:RoboCore","TentaclePot:ReiMu","Boot","WingedGreaves","Blood Vial","MawBank","SecretRecord","Tea:ReiMu","RobotSpaceExplorer:Reprocessor","alterego_mod:SomeoneToFightFor","Ancient Tea Set","Mastiff:ReiMu","RobotSpaceExplorer:SlideRule","Lantern","Prayer Wheel","HandDrill","Bottled Flame","GodSword5","Omamori","Black Star","Meat on the Bone","Lizard Tail","Gambling Chip","GodSword7","Bottled Lightning","Torii","Anchor","Shuriken","Regal Pillow","RobotSpaceExplorer:FoglandsKnife","RobotSpaceExplorer:ToughPlating","Sling","RobotSpaceExplorer:ClockworkSextant","CrazyTorch:ReiMu"],"acts_visited":["Exordium","TheCity","TheBeyond"],"potions_floor_usage":[6,31,33,50,50,50],"damage_taken":[{"damage":2,"enemies":"Cultist","floor":1,"turns":3},{"damage":7,"enemies":"Small Slimes","floor":3,"turns":2},{"damage":0,"enemies":"Jaw Worm","floor":4,"turns":2},{"damage":4,"enemies":"Gremlin Nob","floor":6,"turns":3},{"damage":12,"enemies":"3 Sentries","floor":13,"turns":3},{"damage":19,"enemies":"Slime Boss","floor":16,"turns":6},{"damage":9,"enemies":"Chosen","floor":18,"turns":4},{"damage":14,"enemies":"Shell Parasite","floor":22,"turns":4},{"damage":49,"enemies":"Gremlin Leader","floor":23,"turns":5},{"damage":24,"enemies":"Shelled Parasite and Fungi","floor":29,"turns":4},{"damage":17,"enemies":"Centurion and Healer","floor":31,"turns":2},{"damage":48,"enemies":"Collector","floor":33,"turns":5},{"damage":34,"enemies":"3 Shapes","floor":35,"turns":3},{"damage":23,"enemies":"Orb Walker","floor":36,"turns":3},{"damage":16,"enemies":"Spire Growth","floor":39,"turns":4},{"damage":11,"enemies":"Giant Head","floor":41,"turns":4},{"damage":42,"enemies":"Nemesis","floor":44,"turns":5},{"damage":10,"enemies":"Reptomancer","floor":46,"turns":3},{"damage":0,"enemies":"Giant Head","floor":48,"turns":5},{"damage":45,"enemies":"Awakened One","floor":50,"turns":6}],"seed_played":"8578569516955230574","potions_obtained":[{"floor":1,"key":"ZuzhouPotion:ReiMu"},{"floor":3,"key":"Strength Potion"},{"floor":4,"key":"Swift Potion"},{"floor":6,"key":"FearPotion"},{"floor":31,"key":"ZuzhouPotion:ReiMu"},{"floor":33,"key":"Swift Potion"},{"floor":36,"key":"Regen Potion"},{"floor":41,"key":"EssenceOfSteel"},{"floor":48,"key":"SkillPotion"}],"is_trial":false,"path_per_floor":["M","$","M","M","?","E","T","R","T","R","?","?","E","$","R","B",null,"M","?","$","?","M","E","R","$","T","R","$","M","R","M","R","B",null,"M","M","$","?","M","R","E","R","T","E","R","E","$","E","R","B",null],"character_chosen":"RobotSpaceExplorer","items_purchased":["RobotSpaceExplorer:StarLightning","TentaclePot:ReiMu","Boot","Tea:ReiMu","RobotSpaceExplorer:StarDust","Ancient Tea Set","Mastiff:ReiMu","RobotSpaceExplorer:SlideRule","RobotSpaceExplorer:Discharger","RobotSpaceExplorer:ImprovisedAttack","Prayer Wheel","HandDrill","Bottled Flame","RobotSpaceExplorer:LuckyStrike","Enlightenment","Omamori","Apotheosis","Meat on the Bone","Lizard Tail","RobotSpaceExplorer:FoglandsKnife","RobotSpaceExplorer:ToughPlating","Sling"],"campfire_rested":6,"item_purchase_floors":[2,2,2,14,14,20,20,20,20,20,25,25,25,25,25,28,37,37,37,47,47,47],"current_hp_per_floor":[73,73,66,70,58,54,54,75,75,75,75,68,62,62,62,45,75,70,70,70,64,52,9,31,31,31,75,75,72,75,58,75,32,75,70,49,49,49,50,75,71,71,71,49,75,65,65,74,75,60],"gold":27,"neow_bonus":"ONE_RANDOM_RARE_CARD","is_daily":false,"chose_seed":false,"campfire_upgraded":5,"win_rate":0.0,"timestamp":1611331110,"path_taken":["M","$","M","?","?","E","?","R","T","R","?","?","E","$","R","BOSS","M","?","$","?","M","E","R","?","T","R","$","?","R","M","R","BOSS","M","M","$","?","M","R","E","R","T","E","R","E","$","E","R","BOSS"],"items_purchased_type":["Card","Relic","Relic","Relic","Card","Relic","Relic","Relic","Card","Card","Relic","Relic","Relic","Card","Card","Relic","Card","Relic","Relic","Relic","Relic","Relic"],"build_version":"2020-12-22","purchased_purges":13,"victory":true,"max_hp_per_floor":[75,75,75,75,75,75,75,75,75,75,75,75,75,75,75,75,75,75,75,75,75,75,75,75,75,75,75,75,75,75,75,75,75,75,75,75,75,75,75,75,75,75,75,75,75,75,75,75,75,75],"card_choices":[{"not_picked":["RobotSpaceExplorer:LuckyStrike","RobotSpaceExplorer:Probe"],"picked":"RobotSpaceExplorer:SurgingStrike","floor":1},{"not_picked":["RobotSpaceExplorer:GlueShot","RobotSpaceExplorer:MiniDrones"],"picked":"RobotSpaceExplorer:Fix","floor":3},{"not_picked":["RobotSpaceExplorer:MiniDrones","RobotSpaceExplorer:SurgingShield"],"picked":"RobotSpaceExplorer:StunGrenade","floor":4},{"not_picked":["RobotSpaceExplorer:GlueShot","RobotSpaceExplorer:SwiftStep"],"picked":"RobotSpaceExplorer:Blaster","floor":6},{"not_picked":["RobotSpaceExplorer:SurgingShield","RobotSpaceExplorer:DoubleBlock","RobotSpaceExplorer:PlasmaMissile"],"picked":"SKIP","floor":13},{"not_picked":["RobotSpaceExplorer:Asteroid","RobotSpaceExplorer:ShockMissile"],"picked":"RobotSpaceExplorer:Scanner","floor":16},{"not_picked":["RobotSpaceExplorer:Smokescreen","RobotSpaceExplorer:FranticSearch","RobotSpaceExplorer:SurgingShield"],"picked":"SKIP","floor":18},{"not_picked":["RobotSpaceExplorer:ShovelStrike+1","RobotSpaceExplorer:StarLightning"],"picked":"RobotSpaceExplorer:PowerCollector","floor":22},{"not_picked":["RobotSpaceExplorer:Pulsar","RobotSpaceExplorer:RigExplosive"],"picked":"RobotSpaceExplorer:Autoloader","floor":23},{"not_picked":["RobotSpaceExplorer:Ammunition","RobotSpaceExplorer:Probe"],"picked":"RobotSpaceExplorer:Calculate","floor":29},{"not_picked":["RobotSpaceExplorer:JunkDive","RobotSpaceExplorer:Ammunition","RobotSpaceExplorer:StunGrenade"],"picked":"SKIP","floor":29},{"not_picked":["RobotSpaceExplorer:SlimeMissile+1","RobotSpaceExplorer:SwiftStep"],"picked":"RobotSpaceExplorer:PowerGlove","floor":31},{"not_picked":["RobotSpaceExplorer:Jetpack+1","RobotSpaceExplorer:SlimeMissile+1","RobotSpaceExplorer:RigExplosive"],"picked":"SKIP","floor":31},{"not_picked":["RobotSpaceExplorer:TrailblazerForm","RobotSpaceExplorer:HighVoltage"],"picked":"RobotSpaceExplorer:Accelerator","floor":33},{"not_picked":["RobotSpaceExplorer:JunkDive+1","RobotSpaceExplorer:FrostMissile","RobotSpaceExplorer:TurboDodge+1"],"picked":"SKIP","floor":35},{"not_picked":["RobotSpaceExplorer:FrostMissile","RobotSpaceExplorer:Probe","RobotSpaceExplorer:FreezingShield"],"picked":"SKIP","floor":35},{"not_picked":["RobotSpaceExplorer:PowerCollector","RobotSpaceExplorer:Discharger"],"picked":"RobotSpaceExplorer:Multitool","floor":36},{"not_picked":["RobotSpaceExplorer:Discharger+1","RobotSpaceExplorer:ShockKick+1","RobotSpaceExplorer:FrostMissile+1"],"picked":"SKIP","floor":36},{"not_picked":["RobotSpaceExplorer:GlueShot","RobotSpaceExplorer:MiniDrones+1"],"picked":"RobotSpaceExplorer:ImprovisedAttack","floor":39},{"not_picked":["RobotSpaceExplorer:DoubleBlock+1","RobotSpaceExplorer:Probe+1","RobotSpaceExplorer:ShovelStrike+1"],"picked":"SKIP","floor":39},{"not_picked":["RobotSpaceExplorer:Jetpack+1","RobotSpaceExplorer:SurgingStrike+1","RobotSpaceExplorer:SlimeMissile"],"picked":"SKIP","floor":41},{"not_picked":["RobotSpaceExplorer:ToxicBomb+1","RobotSpaceExplorer:GlueShot+1"],"picked":"RobotSpaceExplorer:Fix+1","floor":44},{"not_picked":["RobotSpaceExplorer:TurboDodge","RobotSpaceExplorer:SlimeMissile"],"picked":"RobotSpaceExplorer:Calculate","floor":46},{"not_picked":["RobotSpaceExplorer:Electroshield+1","RobotSpaceExplorer:JunkDive+1"],"picked":"RobotSpaceExplorer:ImprovisedAttack+1","floor":48}],"player_experience":411302,"relics_obtained":[{"floor":6,"key":"Blood Vial"},{"floor":7,"key":"MawBank"},{"floor":9,"key":"SecretRecord"},{"floor":23,"key":"Lantern"},{"floor":26,"key":"GodSword5"},{"floor":41,"key":"Gambling Chip"},{"floor":41,"key":"GodSword7"},{"floor":43,"key":"Bottled Lightning"},{"floor":44,"key":"Torii"},{"floor":44,"key":"Anchor"},{"floor":46,"key":"Shuriken"},{"floor":46,"key":"Regal Pillow"},{"floor":48,"key":"RobotSpaceExplorer:ClockworkSextant"},{"floor":48,"key":"CrazyTorch:ReiMu"}],"event_choices":[{"damage_healed":0,"gold_gain":0,"player_choice":"Success","damage_taken":12,"relics_obtained":["WingedGreaves"],"max_hp_gain":0,"max_hp_loss":0,"event_name":"Scrap Ooze","floor":5,"gold_loss":0},{"cards_removed":["RobotSpaceExplorer:Strike"],"damage_healed":0,"gold_gain":0,"player_choice":"Card Removal","damage_taken":7,"max_hp_gain":0,"max_hp_loss":0,"event_name":"Golden Wing","floor":12,"gold_loss":0},{"damage_healed":0,"gold_gain":0,"player_choice":"Choice 2","damage_taken":0,"relics_obtained":["alterego_mod:SomeoneToFightFor"],"max_hp_gain":0,"max_hp_loss":0,"event_name":"爱的神圣花园","floor":19,"gold_loss":0},{"damage_healed":0,"gold_gain":0,"player_choice":"Joined the Cult","damage_taken":6,"max_hp_gain":0,"max_hp_loss":0,"event_name":"Nest","floor":21,"gold_loss":0,"cards_obtained":["RitualDagger"]},{"cards_removed":["RobotSpaceExplorer:Defend"],"damage_healed":0,"gold_gain":0,"player_choice":"Offered Basic","damage_taken":0,"max_hp_gain":0,"max_hp_loss":0,"event_name":"Bonfire Elementals","floor":38,"gold_loss":0}],"is_beta":false,"boss_relics":[{"not_picked":["EasyGame_NEW","Snecko Eye"],"picked":"RobotSpaceExplorer:Reprocessor"},{"not_picked":["Velvet Choker","Busted Crown"],"picked":"Black Star"}],"items_purged_floors":[2,2,2,2,14,20,20,20,25,25,25,47,47],"is_endless":false,"potions_floor_spawned":[1,3,4,6,6,13,13,13,22,23,23,31,33,35,36,41,41,41,44,46,48,48,48],"ascension_level":0}}