{"host":"mi0eibewekhugwl1","time":1611294013,"event":{"mods":["AchievementEnabler","BaseMod","Colored Map","Colored Powertips","DeckTracker","Keyboard Shortcuts","Minty Spire (QoL Compilation)","Quick Restart","Rare Cards Sparkle","Relic Stats","StSLib","SuperFastMode","everything is the same but u backflip on backflip"],"gold_per_floor":[112,387,398,410,19,19,45,55,55,68,94,113,113,125,125,199,199,215,215,229,52,67,67,84,84,84,84,101,101,114,114,114,114,114],"floor_reached":33,"language":"KOR","playtime":701,"items_purged":["Regret","Strike_G"],"score":522,"play_id":"a8979322-6cfd-4ae2-9159-1ab6186d012a","local_time":"20210122144013","is_ascension_mode":true,"campfire_choices":[{"data":"Glass Knife","floor":6,"key":"SMITH"},{"data":"Bouncing Flask","floor":15,"key":"SMITH"},{"floor":23,"key":"REST"},{"data":"Calculated Gamble","floor":25,"key":"SMITH"},{"floor":29,"key":"REST"},{"data":"Neutralize","floor":32,"key":"SMITH"}],"circlet_count":0,"master_deck":["AscendersBane","Strike_G","Strike_G","Strike_G","Defend_G","Defend_G","Defend_G","Defend_G","Defend_G","Survivor","Neutralize+1","Poisoned Stab","Noxious Fumes","Blur","Glass Knife+1","Quick Slash","Calculated Gamble+1","Backflip","Bouncing Flask+1","Reflex","Malaise","PiercingWail+1","Well Laid Plans","Crippling Poison+1","Acrobatics","Regret"],"relics":["Ring of the Snake","NeowsBlessing","PreservedInsect","Regal Pillow","Ninja Scroll","Question Card","Cursed Key"],"acts_visited":["Exordium","TheCity"],"potions_floor_usage":[16,16,28],"damage_taken":[{"damage":0,"enemies":"2 Louse","floor":1,"turns":1},{"damage":0,"enemies":"Cultist","floor":3,"turns":1},{"damage":0,"enemies":"Jaw Worm","floor":4,"turns":1},{"damage":3,"enemies":"Gremlin Nob","floor":7,"turns":3},{"damage":4,"enemies":"Exordium Wildlife","floor":8,"turns":4},{"damage":3,"enemies":"Looter","floor":10,"turns":2},{"damage":21,"enemies":"3 Sentries","floor":11,"turns":6},{"damage":0,"enemies":"Red Slaver","floor":12,"turns":2},{"damage":0,"enemies":"Large Slime","floor":14,"turns":2},{"damage":29,"enemies":"Hexaghost","floor":16,"turns":10},{"damage":17,"enemies":"3 Byrds","floor":18,"turns":6},{"damage":0,"enemies":"Spheric Guardian","floor":20,"turns":3},{"damage":6,"enemies":"Snecko","floor":22,"turns":5},{"damage":22,"enemies":"Chosen and Byrds","floor":24,"turns":7},{"damage":24,"enemies":"Snake Plant","floor":28,"turns":4},{"damage":8,"enemies":"3 Cultists","floor":30,"turns":5},{"damage":58,"enemies":"Automaton","floor":33,"turns":6}],"seed_played":"5732673432932597356","potions_obtained":[{"floor":3,"key":"AttackPotion"},{"floor":7,"key":"SmokeBomb"},{"floor":8,"key":"SkillPotion"},{"floor":20,"key":"Swift Potion"},{"floor":22,"key":"FearPotion"}],"is_trial":false,"path_per_floor":["M","?","M","M","$","R","E","M","T","M","E","M","?","M","R","B",null,"M","?","M","$","M","R","M","R","T","$","M","R","M","T","R","B"],"character_chosen":"THE_SILENT","items_purchased":["PreservedInsect","Glass Knife","Well Laid Plans"],"campfire_rested":2,"item_purchase_floors":[5,5,21],"current_hp_per_floor":[59,59,59,59,59,59,56,52,52,49,28,28,33,33,33,4,54,37,37,37,37,31,67,45,45,45,45,21,57,49,49,49,0,0],"gold":114,"neow_bonus":"THREE_ENEMY_KILL","is_daily":false,"chose_seed":false,"campfire_upgraded":4,"win_rate":0.0,"timestamp":1611294013,"path_taken":["M","?","M","M","$","R","E","M","T","M","E","?","?","M","R","BOSS","M","?","M","$","M","R","?","R","T","?","M","R","M","?","R","BOSS"],"items_purchased_type":["Relic","Card","Card"],"build_version":"2020-12-22","purchased_purges":2,"victory":false,"max_hp_per_floor":[66,66,66,66,66,66,66,66,66,66,66,66,71,71,71,71,71,71,71,71,71,71,71,71,71,71,71,71,71,71,71,71,71,71],"relic_stats":{"Regal Pillow":30,"counters":[17,68],"PreservedInsect":55,"Question Card":9,"Cursed Key":1,"obtain_stats":[{"Regal Pillow":7,"NeowsBlessing":0,"Ninja Scroll":9,"PreservedInsect":5,"Question Card":11,"Cursed Key":17,"Ring of the Snake":0},{"Regal Pillow":4,"NeowsBlessing":0,"Ninja Scroll":5,"PreservedInsect":3,"Question Card":7,"Cursed Key":10,"Ring of the Snake":0},{"Regal Pillow":6,"NeowsBlessing":0,"Ninja Scroll":10,"PreservedInsect":3,"Question Card":18,"Cursed Key":32,"Ring of the Snake":0}],"Ring of the Snake":[34]},"card_choices":[{"not_picked":["Outmaneuver","Calculated Gamble"],"picked":"Poisoned Stab","floor":1},{"not_picked":["Catalyst","Dodge and Roll"],"picked":"Noxious Fumes","floor":3},{"not_picked":["Outmaneuver","Calculated Gamble"],"picked":"Blur","floor":4},{"not_picked":["Predator","Storm of Steel"],"picked":"Quick Slash","floor":7},{"not_picked":["Outmaneuver","Underhanded Strike","Bane"],"picked":"SKIP","floor":8},{"not_picked":["Acrobatics","PiercingWail"],"picked":"Calculated Gamble","floor":10},{"not_picked":["Dagger Throw","Distraction"],"picked":"Backflip","floor":11},{"not_picked":["Acrobatics","Flechettes","Escape Plan"],"picked":"Bouncing Flask","floor":12},{"not_picked":["Quick Slash","Setup","Prepared"],"picked":"Reflex","floor":14},{"not_picked":["Grand Finale","Glass Knife","Envenom"],"picked":"Malaise","floor":16},{"not_picked":["Caltrops","Slice","Eviscerate"],"picked":"PiercingWail+1","floor":18},{"not_picked":["Sucker Punch","Terror","Slice","Masterful Stab"],"picked":"SKIP","floor":20},{"not_picked":["Masterful Stab","Expertise","Blade Dance"],"picked":"Crippling Poison+1","floor":22},{"not_picked":["Dagger Spray","Deflect","Choke","Prepared"],"picked":"SKIP","floor":24},{"not_picked":["Outmaneuver","Quick Slash+1","Slice","Bane"],"picked":"SKIP","floor":28},{"not_picked":["Sucker Punch+1","Terror","Blade Dance"],"picked":"Acrobatics","floor":30}],"player_experience":1749392,"relics_obtained":[{"floor":7,"key":"Regal Pillow"},{"floor":9,"key":"Ninja Scroll"},{"floor":11,"key":"Question Card"}],"event_choices":[{"damage_healed":0,"gold_gain":275,"player_choice":"Desecrate","damage_taken":0,"max_hp_gain":0,"max_hp_loss":0,"event_name":"Golden Shrine","floor":2,"gold_loss":0,"cards_obtained":["Regret"]},{"damage_healed":0,"gold_gain":0,"player_choice":"Donut","damage_taken":0,"max_hp_gain":5,"max_hp_loss":0,"event_name":"Big Fish","floor":13,"gold_loss":0},{"cards_removed":["Strike_G"],"damage_healed":0,"gold_gain":0,"player_choice":"Purged","damage_taken":0,"max_hp_gain":0,"max_hp_loss":0,"event_name":"Purifier","floor":19,"gold_loss":0}],"is_beta":false,"boss_relics":[{"not_picked":["Empty Cage","Busted Crown"],"picked":"Cursed Key"}],"items_purged_floors":[5,21],"is_endless":false,"potions_floor_spawned":[3,7,8,14,20,22],"killed_by":"Automaton","ascension_level":20}}