{"host":"qy1e0kd24tpj3i2m","time":1611316478,"event":{"mods":["Act Like it!","Alarm Clock","BaseMod","Better Skull","Better Vampires","Colored Map","Colored Powertips","Custom Start","Faster Ascension Climbing","Friendly Minions","GifTheSpireLib","Gremlin Skip","Highlight Path","Minty Spire (QoL Compilation)","Permanent Neow","Poor People Problems","Quick Restart","Red Circlet Mod","Relic Sorter","Reorder Act Four","SacredBarkPlus","Shop Mod","StSLib","SuperFastMode","Transform Curses","没有小屋子和绿帽子啦"],"gold_per_floor":[109,109,109,129,54,54,54,80,133,133,147,147,195,195,195,288,288,288,203,203,216,116,116,132,132,132,44,67,102,102,126,126,126,126],"floor_reached":33,"language":"ZHS","playtime":819,"items_purged":["Strike_R","Strike_R"],"score":486,"play_id":"c1cccdeb-de27-4ea4-b31b-04e89b2ca8a0","local_time":"20210122205438","is_ascension_mode":true,"campfire_choices":[{"data":"Seeing Red","floor":6.0,"key":"SMITH"},{"floor":10.0,"key":"REST"},{"data":"Shrug It Off","floor":15.0,"key":"SMITH"},{"data":"Headbutt","floor":23.0,"key":"SMITH"},{"floor":25.0,"key":"RECALL"},{"data":"Evolve","floor":32,"key":"SMITH"}],"circlet_count":0,"master_deck":["AscendersBane","Strike_R+1","Defend_R","Defend_R","Rampage+1","Iron Wave","Headbutt+1","Seeing Red+1","Berserk","Shrug It Off+1","Dropkick+1","Evolve+1"],"relics":["Burning Blood","Incense Burner","Toy Ornithopter","Red Skull","Golden Idol","Mark of Pain","Paper Frog","Eternal Feather"],"acts_visited":["Exordium","TheCity"],"potions_floor_usage":[],"damage_taken":[{"damage":2.0,"enemies":"Jaw Worm","floor":1.0,"turns":4.0},{"damage":0.0,"enemies":"Cultist","floor":4.0,"turns":3.0},{"damage":27.0,"enemies":"Gremlin Nob","floor":8.0,"turns":4.0},{"damage":4.0,"enemies":"Small Slimes","floor":11.0,"turns":3.0},{"damage":1.0,"enemies":"Slime Boss","floor":16.0,"turns":11.0},{"damage":0.0,"enemies":"3 Byrds","floor":18.0,"turns":1.0},{"damage":21.0,"enemies":"Chosen","floor":21.0,"turns":6.0},{"damage":16.0,"enemies":"Snecko","floor":24.0,"turns":5.0},{"damage":26.0,"enemies":"Snake Plant","floor":28.0,"turns":5.0},{"damage":26.0,"enemies":"Centurion and Healer","floor":29.0,"turns":5.0},{"damage":6,"enemies":"3 Cultists","floor":31,"turns":4},{"damage":18,"enemies":"Automaton","floor":33,"turns":6}],"seed_played":"8788269023504649179","potions_obtained":[{"floor":11.0,"key":"SmokeBomb"},{"floor":21.0,"key":"SkillPotion"},{"floor":24.0,"key":"ColorlessPotion"}],"is_trial":false,"path_per_floor":["M","?","?","M","$","R","$","E","T","R","M","?","T","?","R","B",null,"M","?","?","M","$","R","M","R","T","$","M","M","T","M","R","B"],"character_chosen":"IRONCLAD","items_purchased":["Evolve"],"campfire_rested":1,"item_purchase_floors":[27],"current_hp_per_floor":[54,31,31,37,37,37,37,16,16,38,40,40,40,40,40,45,62,68,68,68,53,53,53,43,43,43,43,28,13,13,13,19,1,1],"gold":126,"neow_bonus":"TRANSFORM_TWO_CARDS","is_daily":false,"chose_seed":false,"campfire_upgraded":4,"win_rate":0.0,"timestamp":1611316478,"path_taken":["M","?","?","?","$","R","$","E","T","R","M","?","?","?","R","BOSS","M","?","?","?","$","R","M","R","T","$","M","M","?","M","R","BOSS"],"items_purchased_type":["Card"],"build_version":"2020-12-22","purchased_purges":2,"victory":false,"max_hp_per_floor":[75,75,75,75,75,75,75,75,75,75,75,75,75,68,68,68,68,68,68,68,68,68,68,68,68,68,68,68,68,68,68,68,68,68],"card_choices":[{"not_picked":["Bloodletting","Reckless Charge"],"picked":"Headbutt","floor":1.0},{"not_picked":["Shrug It Off","Pommel Strike"],"picked":"Seeing Red","floor":4.0},{"not_picked":["Sever Soul","Clash"],"picked":"Berserk","floor":8.0},{"not_picked":["Hemokinesis","Sentinel","Armaments"],"picked":"SKIP","floor":11.0},{"not_picked":["Perfected Strike","Sever Soul"],"picked":"Dropkick+1","floor":21.0},{"not_picked":["Anger","Dual Wield","Searing Blow"],"picked":"SKIP","floor":24.0},{"not_picked":["Searing Blow","Heavy Blade","Warcry"],"picked":"SKIP","floor":28.0},{"not_picked":["Anger","Havoc","Bloodletting"],"picked":"SKIP","floor":29.0},{"not_picked":["Bloodletting","Rupture","Warcry"],"picked":"SKIP","floor":31}],"player_experience":919795,"relics_obtained":[{"floor":8.0,"key":"Incense Burner"},{"floor":9.0,"key":"Toy Ornithopter"},{"floor":13.0,"key":"Red Skull"},{"floor":30.0,"key":"Eternal Feather"}],"event_choices":[{"damage_healed":0.0,"max_hp_gain":0.0,"max_hp_loss":0.0,"gold_gain":0.0,"event_name":"Shining Light","player_choice":"Entered Light","floor":2.0,"gold_loss":0.0,"damage_taken":23.0,"cards_upgraded":["Strike_R","Rampage"]},{"cards_removed":["Strike_R"],"damage_healed":0.0,"max_hp_gain":0.0,"max_hp_loss":0.0,"gold_gain":0.0,"event_name":"Wheel of Change","player_choice":"Card Removal","floor":3.0,"gold_loss":0.0,"damage_taken":0.0},{"damage_healed":0.0,"max_hp_gain":0.0,"max_hp_loss":0.0,"gold_gain":0.0,"cards_transformed":["Strike_R"],"event_name":"Living Wall","player_choice":"Change","floor":12.0,"gold_loss":0.0,"damage_taken":0.0,"cards_obtained":["Shrug It Off"]},{"damage_healed":0.0,"max_hp_gain":0.0,"max_hp_loss":7.0,"gold_gain":0.0,"event_name":"Golden Idol","player_choice":"Lose Max HP","floor":14.0,"gold_loss":0.0,"damage_taken":0.0,"relics_obtained":["Golden Idol"]},{"damage_healed":0.0,"max_hp_gain":0.0,"max_hp_loss":0.0,"gold_gain":0.0,"event_name":"Addict","player_choice":"Obtained Relic","floor":19.0,"gold_loss":85.0,"damage_taken":0.0,"relics_obtained":["Paper Frog"]},{"cards_removed":["Defend_R"],"damage_healed":0.0,"max_hp_gain":0.0,"max_hp_loss":0.0,"gold_gain":0.0,"event_name":"Purifier","player_choice":"Purged","floor":20.0,"gold_loss":0.0,"damage_taken":0.0}],"is_beta":false,"boss_relics":[{"not_picked":["Philosopher\u0027s Stone","Coffee Dripper"],"picked":"Mark of Pain"}],"items_purged_floors":[5,22],"is_endless":false,"potions_floor_spawned":[11,18,21,24],"killed_by":"Automaton","ascension_level":20}}