{"host":"mp58o87p0odjvmog","time":1611335563,"event":{"mods":["BaseMod","BetterRewards","Colored Map","Hubris","Infinite Spire","Marisa????????","Minty Spire (QoL Compilation)","Replay The Spire","StSLib","The Servant 0.9.4"],"gold_per_floor":[112,129,129,54,54,85,85,85,112,112,112,143,143,167,167,286,286,304,327,327,327,345,345,345],"floor_reached":23,"language":"ENG","playtime":640,"items_purged":["Defend_G","Strike_G"],"score":289,"play_id":"764a0f57-9bc3-4199-9108-9f3c33b184ce","local_time":"20210122111243","is_ascension_mode":true,"campfire_choices":[{"data":"Infinite Blades","floor":8,"key":"SMITH"},{"data":"Dodge and Roll","floor":11,"key":"SMITH"},{"data":"Accuracy","floor":13,"key":"SMITH"},{"floor":15,"key":"DIG"}],"circlet_count":0,"master_deck":["Strike_G","Strike_G+1","Strike_G","Defend_G","Defend_G","Defend_G","Defend_G","Survivor","Neutralize","Accuracy+1","Dodge and Roll+1","Infinite Blades+1","Accuracy","Cloak And Dagger","infinitespire:Neurotoxin","Fluid Movement","Dagger Spray"],"relics":["Ring of the Snake","NeowsBlessing","Golden Idol","hubris:CrystalStatue","infinitespire:Broken Mirror","Strawberry","hubris:Stopwatch","ReplayTheSpireMod:EnergyBall"],"acts_visited":["Exordium","TheCity"],"potions_floor_usage":[12,16,18],"damage_taken":[{"damage":0,"enemies":"infinitespire:Voidling","floor":1,"turns":1},{"damage":0,"enemies":"Jaw Worm","floor":2,"turns":1},{"damage":0,"enemies":"Replay:BlueRogue","floor":6,"turns":1},{"damage":8,"enemies":"Lagavulin","floor":12,"turns":8},{"damage":0,"enemies":"2 Louse","floor":14,"turns":2},{"damage":7,"enemies":"Hexaghost","floor":16,"turns":9},{"damage":0,"enemies":"3 Byrds","floor":18,"turns":3},{"damage":1,"enemies":"Spheric Guardian","floor":19,"turns":4},{"damage":22,"enemies":"Snake Plant","floor":22,"turns":4},{"damage":49,"enemies":"Slavers","floor":23,"turns":4}],"seed_played":"-1696472532663421695","potions_obtained":[{"floor":2,"key":"Flashbang"},{"floor":14,"key":"Regen Potion"},{"floor":16,"key":"PowerPotion"},{"floor":19,"key":"SpeedPotion"}],"is_trial":false,"path_per_floor":["M","M","?","$","?","E","?","R","T","?","R","E","R","M","R_BF","B",null,"M","M","?","AVR","M","E"],"character_chosen":"THE_SILENT","items_purchased":[],"campfire_rested":0,"item_purchase_floors":[],"current_hp_per_floor":[63,63,68,68,68,68,68,68,68,54,54,46,46,46,53,61,72,72,71,71,71,49,0,0],"gold":345,"neow_bonus":"THREE_ENEMY_KILL","is_daily":false,"chose_seed":false,"campfire_upgraded":3,"win_rate":0.0,"timestamp":1611335563,"path_taken":["M","?","?","$","?","E","?","R","T","?","R","E","R","M","R_BF","BOSS","M","M","?","AVR","M","E"],"items_purchased_type":[],"build_version":"2020-12-22","purchased_purges":2,"victory":false,"max_hp_per_floor":[70,70,75,75,69,69,69,69,69,69,69,69,69,69,76,76,76,76,76,76,76,76,76,76],"card_choices":[{"not_picked":["Well Laid Plans","Masterful Stab","Leg Sweep"],"picked":"SKIP","floor":1},{"not_picked":["Dagger Spray","Bane"],"picked":"Accuracy","floor":2},{"not_picked":["Riddle With Holes","Sucker Punch"],"picked":"Dodge and Roll","floor":6},{"not_picked":["Caltrops","Hidden Blade"],"picked":"Accuracy","floor":12},{"not_picked":["Endless Agony","Dagger Spray"],"picked":"Cloak And Dagger","floor":14},{"not_picked":["Corpse Explosion","Burst"],"picked":"infinitespire:Neurotoxin","floor":16},{"not_picked":["Riddle With Holes","Dash+1","ReplayTheSpireMod:Shiv Toss"],"picked":"SKIP","floor":18},{"not_picked":["hubris:SlightOfHand+1","Finisher"],"picked":"Fluid Movement","floor":19},{"not_picked":["PiercingWail+1","Deflect","Masterful Stab+1"],"picked":"SKIP","floor":22}],"player_experience":91542,"relics_obtained":[{"floor":6,"key":"hubris:CrystalStatue"},{"floor":12,"key":"infinitespire:Broken Mirror"},{"floor":15,"key":"Strawberry"}],"event_choices":[{"damage_healed":0,"gold_gain":0,"player_choice":"Donut","damage_taken":0,"max_hp_gain":5,"max_hp_loss":0,"event_name":"Big Fish","floor":3,"gold_loss":0},{"damage_healed":0,"gold_gain":0,"player_choice":"Lose Max HP","damage_taken":0,"relics_obtained":["Golden Idol"],"max_hp_gain":0,"max_hp_loss":6,"event_name":"Golden Idol","floor":5,"gold_loss":0},{"damage_healed":0,"gold_gain":0,"player_choice":"Entered Light","damage_taken":14,"max_hp_gain":0,"max_hp_loss":0,"event_name":"Shining Light","floor":10,"gold_loss":0,"cards_upgraded":["Strike_G","Strike_G"]},{"damage_healed":0,"gold_gain":0,"cards_transformed":["Strike_G"],"player_choice":"Transformed","damage_taken":0,"max_hp_gain":0,"max_hp_loss":0,"event_name":"Transmorgrifier","floor":20,"gold_loss":0,"cards_obtained":["Dagger Spray"]}],"is_beta":false,"boss_relics":[{"not_picked":["SacredBark","ChewingGum"],"picked":"hubris:Stopwatch"}],"items_purged_floors":[4,21],"is_endless":false,"potions_floor_spawned":[2,14,16,19],"killed_by":"Slavers","ascension_level":6}}