{"host":"69vp7ghydxptgibg","time":1611327543,"event":{"mods":["Bartender","BaseMod","BetterRewards","Downfall","Hubris","Infinite Spire","Ironclad Rager","Jorbs\u0027s Wanderer Trilogy","Minty Spire (QoL Compilation)","READ ME - Guardian Mod","StSLib","The Bladedancer","The Cursed","The Exalted","The Hierophant","The Judge","The Jungle","The Necromancer","The Servant 0.9.4"],"gold_per_floor":[99,112,112,136,148,160,172,217,229,259,297,333,358,384,406,418,418,418],"floor_reached":16,"language":"ENG","playtime":715,"items_purged":[],"score":112,"play_id":"7d0bf8cf-f87d-4a1b-93c5-94b655f8ef68","local_time":"20210122155903","is_ascension_mode":false,"campfire_choices":[{"data":"Guardian:TwinSlam","floor":1,"key":"SMITH"},{"floor":6,"key":"RECALL"}],"circlet_count":0,"master_deck":["Guardian:Strike_Guardian","Guardian:Strike_Guardian","Guardian:Strike_Guardian","Guardian:Defend_Guardian+1","Guardian:Defend_Guardian","Guardian:Defend_Guardian","Guardian:Defend_Guardian+1","Guardian:CurlUp","Guardian:TwinSlam+1","Guardian:GemFire","Regret","Guardian:BodySlam+1","Guardian:RollAttack","Guardian:Gem_Green","Guardian:EvasiveProtocol","Guardian:Gem_Crimson","Guardian:ShieldCharger"],"relics":["Guardian:ModeShifter","MawBank","Meat on the Bone","Oddly Smooth Stone","Bromod:ArcaneMomentum","War Paint"],"acts_visited":["Exordium"],"potions_floor_usage":[11,11,16],"damage_taken":[{"damage":2,"enemies":"Small Slimes","floor":2,"turns":4},{"damage":4,"enemies":"Cultist","floor":4,"turns":5},{"damage":24,"enemies":"3 Sentries","floor":8,"turns":9},{"damage":0,"enemies":"Jaw Worm","floor":10,"turns":2},{"damage":12,"enemies":"Lagavulin","floor":11,"turns":7},{"damage":4,"enemies":"2 Fungi Beasts","floor":13,"turns":2},{"damage":3,"enemies":"3 Louse","floor":14,"turns":3},{"damage":8,"enemies":"Lots of Slimes","floor":15,"turns":2},{"damage":75,"enemies":"DF_ARCHETYPE_STREAMLINE","floor":16,"turns":14}],"seed_played":"8325664144059501937","potions_obtained":[{"floor":2,"key":"GamblersBrew"},{"floor":4,"key":"bronze:BurnAndBuffPotion"},{"floor":8,"key":"Guardian:AcceleratePotion"},{"floor":15,"key":"FearPotion"}],"is_trial":false,"path_per_floor":["R","M","?","M","?","R","T","E","?","M","E","T","M","M","M","B"],"character_chosen":"GUARDIAN","items_purchased":[],"campfire_rested":0,"item_purchase_floors":[],"current_hp_per_floor":[80,78,78,74,74,74,74,50,50,50,50,50,46,43,47,0,0,0],"gold":418,"neow_bonus":"TRANSFORM_CARD","is_daily":false,"chose_seed":false,"campfire_upgraded":1,"win_rate":0.0,"timestamp":1611327543,"path_taken":["R","M","?","M","?","R","T","E","?","?","E","?","M","M","M","BOSS"],"items_purchased_type":[],"build_version":"2020-12-22","purchased_purges":0,"victory":false,"max_hp_per_floor":[80,80,80,80,80,80,80,80,80,80,80,80,80,80,80,80,80,80],"card_choices":[{"not_picked":["Guardian:Harden","Guardian:Reroute"],"picked":"Guardian:Gem_Green","floor":2},{"not_picked":["Guardian:Gem_Fragmented","Guardian:BronzeArmor"],"picked":"Guardian:BodySlam","floor":4},{"not_picked":["Guardian:Gem_Cyan","Guardian:Gem_Crimson"],"picked":"Guardian:RollAttack","floor":8},{"not_picked":["Guardian:Suspension","Guardian:PiercingHide"],"picked":"Guardian:Gem_Green","floor":10},{"not_picked":["Guardian:Recover","Guardian:PiercingHide"],"picked":"Guardian:EvasiveProtocol","floor":11},{"not_picked":["Guardian:GemFinder","Guardian:Planning"],"picked":"Guardian:Gem_Crimson","floor":13},{"not_picked":["Guardian:Harden","Guardian:RollAttack"],"picked":"Guardian:ShieldCharger","floor":14},{"not_picked":["Guardian:Gem_Cyan","Guardian:Emergency","Guardian:Incinerate"],"picked":"SKIP","floor":15}],"player_experience":555781,"relics_obtained":[{"floor":7,"key":"Meat on the Bone"},{"floor":8,"key":"Oddly Smooth Stone"},{"floor":11,"key":"Bromod:ArcaneMomentum"},{"floor":12,"key":"War Paint"}],"event_choices":[{"damage_healed":0,"gold_gain":0,"player_choice":"Box","damage_taken":0,"relics_obtained":["MawBank"],"max_hp_gain":0,"max_hp_loss":0,"event_name":"Big Fish","floor":3,"gold_loss":0,"cards_obtained":["Regret"]}],"is_beta":false,"boss_relics":[],"items_purged_floors":[],"is_endless":false,"potions_floor_spawned":[2,4,8,15],"killed_by":"DF_ARCHETYPE_STREAMLINE","ascension_level":0}}