{"host":"mg3e76uznu9x14du","time":1611275322,"event":{"mods":["BaseMod","Colored Map","Downfall","Minty Spire (QoL Compilation)","Permanent Neow","Relic Stats","StSLib","Waifu the Spire","everything is the same but u backflip on backflip"],"gold_per_floor":[99,117,173,193,59,70,94,94,94,104,104,138,38,50,68,170,170,170,185,16,16,29,58,58,75,75,75,90,90,90,103,115,216,216,16,35,35,20,38,38,61,61,75,60,11,11,24,42,60,60,60,60,60,60],"floor_reached":52,"language":"ENG","playtime":5713,"items_purged":["bronze:Strike"],"score":776,"play_id":"39c66951-0732-4624-81e0-6169369f28d0","local_time":"20210121192842","is_ascension_mode":false,"campfire_choices":[{"data":"bronze:Format","floor":1,"key":"SMITH"},{"data":"bronze:Repulsor","floor":8,"key":"SMITH"},{"data":"bronze:ClassDefault","floor":11,"key":"SMITH"},{"floor":13,"key":"REST"},{"floor":18,"key":"RECALL"},{"floor":30,"key":"REST"},{"data":"bronze:CloningBeam","floor":35,"key":"SMITH"},{"floor":46,"key":"REST"}],"circlet_count":0,"master_deck":["bronze:Strike","bronze:Defend","bronze:Defend","bronze:Defend","bronze:Defend","bronze:Replicate","bronze:Goto","bronze:Format+1","bronze:Terminator","bronze:Boost","bronze:ClassDefault+1","bronze:Frontload+1","bronze:Repulsor+1","bronze:Turbo","bronze:Constructor","bronze:Optimize","bronze:OilSpill","bronze:Shell","bronze:Overheat","bronze:Mutator","bronze:Iterate+1","bronze:DelayedGuard+1","bronze:ForceShield","bronze:MaxOutput","bronze:ClassDefault","bronze:Philosophize","bronze:Flail","bronze:Shell","bronze:Iterate","bronze:CloningBeam+1","bronze:SpaghettiCode","bronze:Shell+1","bronze:WildBeam+1","bronze:BuggyMess","bronze:ItsAFeature+1","bronze:BronzeOrb","bronze:Separator+1","bronze:Assembly","bronze:Virus"],"relics":["bronze:BronzeCore","Pen Nib","Omamori","Boot","Strawberry","downfall:HeartBlessingGreen","sneckomod:SneckoTalon","War Paint","Nilry\u0027s Codex","CaptainsWheel","Calling Bell","Bag of Marbles","Ornamental Fan","hexamod:Sixitude","downfall:HeartBlessingRed","downfall:HeartBlessingBlue","Happy Flower","White Beast Statue","Membership Card","MealTicket"],"acts_visited":["Exordium","TheCity","TheBeyond","TheEnding"],"potions_floor_usage":[10,12,12,16,19,28,28,33,44,44,45,45,52],"damage_taken":[{"damage":1,"enemies":"Jaw Worm","floor":2,"turns":3},{"damage":22,"enemies":"Gremlin Nob","floor":3,"turns":4},{"damage":0,"enemies":"2 Louse","floor":4,"turns":2},{"damage":0,"enemies":"downfall:FleeingMerchant","floor":5,"turns":4},{"damage":2,"enemies":"Small Slimes","floor":6,"turns":4},{"damage":0,"enemies":"2 Fungi Beasts","floor":10,"turns":4},{"damage":31,"enemies":"Gremlin Nob","floor":12,"turns":5},{"damage":19,"enemies":"Exordium Thugs","floor":14,"turns":6},{"damage":0,"enemies":"Blue Slaver","floor":15,"turns":3},{"damage":17,"enemies":"WA_ARCHETYPE_RETAIN","floor":16,"turns":10},{"damage":15,"enemies":"3 Byrds","floor":19,"turns":6},{"damage":0,"enemies":"downfall:FleeingMerchant","floor":20,"turns":4},{"damage":0,"enemies":"Sentry and Sphere","floor":22,"turns":6},{"damage":0,"enemies":"Gremlin Leader","floor":23,"turns":6},{"damage":3,"enemies":"Snake Plant","floor":25,"turns":5},{"damage":21,"enemies":"Centurion and Healer","floor":28,"turns":5},{"damage":16,"enemies":"Shelled Parasite and Fungi","floor":31,"turns":6},{"damage":4,"enemies":"Cultist and Chosen","floor":32,"turns":6},{"damage":2,"enemies":"DF_ARCHETYPE_CLAW","floor":33,"turns":8},{"damage":43,"enemies":"3 Darklings","floor":36,"turns":5},{"damage":10,"enemies":"downfall:FleeingMerchant","floor":38,"turns":4},{"damage":3,"enemies":"3 Shapes","floor":39,"turns":4},{"damage":2,"enemies":"Transient","floor":43,"turns":5},{"damage":1,"enemies":"downfall:FleeingMerchant","floor":44,"turns":4},{"damage":29,"enemies":"downfall:FleeingMerchant","floor":45,"turns":3},{"damage":1,"enemies":"3 Darklings","floor":47,"turns":4},{"damage":8,"enemies":"Spire Growth","floor":48,"turns":5},{"damage":12,"enemies":"4 Shapes","floor":49,"turns":8},{"damage":27,"enemies":"SI_POISON_ARCHETYPE","floor":50,"turns":14},{"damage":110,"enemies":"downfall:CharBossMerchant","floor":52,"turns":8}],"seed_played":"7793999429476672049","potions_obtained":[{"floor":2,"key":"Energy Potion"},{"floor":3,"key":"sneckomod:MuddlingPotion"},{"floor":6,"key":"LiquidBronze"},{"floor":10,"key":"Swift Potion"},{"floor":12,"key":"Explosive Potion"},{"floor":16,"key":"SpeedPotion"},{"floor":19,"key":"champ:CounterPotion"},{"floor":23,"key":"AttackPotion"},{"floor":29,"key":"CultistPotion"},{"floor":39,"key":"PowerPotion"},{"floor":43,"key":"SteroidPotion"},{"floor":44,"key":"SneckoOil"},{"floor":45,"key":"Block Potion"},{"floor":48,"key":"LiquidBronze"}],"is_trial":false,"path_per_floor":["R","M","?","M","$","M","T","R","?","M","R","E","R","M","M","B",null,"R","M","$","?","M","E","T","M","?","?","M","?","R","M","M","B",null,"R","M","?","$","M","?","T","T","M","$","?","R","M","M","M","B",null,"E"],"character_chosen":"THE_AUTOMATON","items_purchased":["bronze:Repulsor","bronze:Turbo","War Paint","Membership Card","MealTicket","bronze:Assembly","bronze:CleanCodePotion","bronze:FreeFunctionsPotion"],"campfire_rested":3,"item_purchase_floors":[5,5,20,45,45,45,45,45],"current_hp_per_floor":[70,69,47,47,47,45,45,45,42,42,42,18,41,22,22,5,77,77,62,62,46,46,46,46,43,43,43,22,22,45,29,25,23,77,87,44,97,87,84,84,84,84,82,81,52,81,80,72,60,33,97,0,0,0],"gold":60,"neow_bonus":"ONE_RANDOM_RARE_CARD","is_daily":false,"chose_seed":false,"campfire_upgraded":4,"win_rate":0.0,"timestamp":1611275322,"path_taken":["R","M","?","M","$","M","T","R","?","M","R","E","R","M","M","BOSS","R","M","$","?","M","E","T","M","?","?","?","?","R","M","M","BOSS","R","M","?","?","M","?","T","?","?","$","?","R","M","M","M","BOSS","E"],"items_purchased_type":["Card","Card","Relic","Relic","Relic","Card","Potion","Potion"],"build_version":"2020-12-22","purchased_purges":1,"victory":false,"max_hp_per_floor":[70,70,70,70,70,70,70,70,70,70,70,77,77,77,77,77,77,77,77,77,77,77,77,77,77,77,77,77,77,77,77,77,77,77,87,87,97,97,97,97,97,97,97,97,97,97,97,97,97,97,97,97,97,97],"relic_stats":{"Happy Flower":[17],"counters":[30,161],"Ornamental Fan":[96],"MealTicket":0,"Pen Nib":[29],"War Paint":["bronze:DelayedGuard","bronze:Frontload"],"Boot":[192],"obtain_stats":[{"bronze:BronzeCore":0,"downfall:HeartBlessingRed":35,"Happy Flower":41,"Nilry\u0027s Codex":21,"hexamod:Sixitude":34,"downfall:HeartBlessingGreen":13,"Pen Nib":3,"Omamori":7,"War Paint":20,"Boot":9,"sneckomod:SneckoTalon":17,"White Beast Statue":42,"Calling Bell":34,"CaptainsWheel":23,"Ornamental Fan":34,"downfall:HeartBlessingBlue":35,"Strawberry":12,"MealTicket":45,"Bag of Marbles":34,"Membership Card":45},{"bronze:BronzeCore":0,"downfall:HeartBlessingRed":19,"Happy Flower":22,"Nilry\u0027s Codex":12,"hexamod:Sixitude":19,"downfall:HeartBlessingGreen":7,"Pen Nib":1,"Omamori":5,"War Paint":12,"Boot":5,"sneckomod:SneckoTalon":10,"White Beast Statue":22,"Calling Bell":19,"CaptainsWheel":14,"Ornamental Fan":19,"downfall:HeartBlessingBlue":19,"Strawberry":7,"MealTicket":25,"Bag of Marbles":19,"Membership Card":25},{"bronze:BronzeCore":0,"downfall:HeartBlessingRed":97,"Happy Flower":110,"Nilry\u0027s Codex":55,"hexamod:Sixitude":97,"downfall:HeartBlessingGreen":26,"Pen Nib":3,"Omamori":17,"War Paint":55,"Boot":17,"sneckomod:SneckoTalon":45,"White Beast Statue":110,"Calling Bell":97,"CaptainsWheel":67,"Ornamental Fan":97,"downfall:HeartBlessingBlue":97,"Strawberry":26,"MealTicket":122,"Bag of Marbles":97,"Membership Card":122}]},"card_choices":[{"not_picked":["bronze:BronzeOrb","bronze:Repair"],"picked":"bronze:Terminator","floor":2},{"not_picked":["bronze:WhirlingStrike","bronze:ChosenStrike"],"picked":"bronze:Boost","floor":3},{"not_picked":["bronze:Branch","bronze:ItsAFeature"],"picked":"bronze:ClassDefault","floor":4},{"not_picked":["bronze:Overheat","bronze:DelayedGuard"],"picked":"bronze:Frontload","floor":5},{"not_picked":["bronze:ChosenStrike","bronze:DelayedSlice"],"picked":"bronze:Constructor","floor":6},{"not_picked":["bronze:NullPointer","bronze:BurnOut"],"picked":"bronze:Optimize","floor":10},{"not_picked":["bronze:Invalidate","bronze:Constructor"],"picked":"bronze:OilSpill","floor":12},{"not_picked":["bronze:CutThrough","bronze:FollowUp"],"picked":"bronze:Shell","floor":14},{"not_picked":["bronze:Invalidate","bronze:Allocate"],"picked":"bronze:Overheat","floor":15},{"not_picked":["bronze:ThunderWave","bronze:CleanCode"],"picked":"bronze:Mutator","floor":16},{"not_picked":["bronze:CloningBeam","bronze:DelayedSlice+1"],"picked":"bronze:Iterate+1","floor":19},{"not_picked":["bronze:NullPointer+1","bronze:Deprecate"],"picked":"bronze:DelayedGuard","floor":20},{"not_picked":["bronze:Deprecate+1","bronze:FineTuning"],"picked":"bronze:ForceShield","floor":22},{"not_picked":["bronze:CutThrough","bronze:Turbo"],"picked":"bronze:MaxOutput","floor":23},{"not_picked":["bronze:BugBarrage","bronze:Deprecate"],"picked":"bronze:ClassDefault","floor":25},{"not_picked":["bronze:DelayedSlice","bronze:OilSpill"],"picked":"bronze:Iterate","floor":28},{"not_picked":["bronze:Backtrace","bronze:Allocate"],"picked":"bronze:CloningBeam","floor":31},{"not_picked":["bronze:WildBeam","bronze:Turbo"],"picked":"bronze:SpaghettiCode","floor":32},{"not_picked":["bronze:BurnOut","bronze:HyperBeam"],"picked":"bronze:SpaghettiCode","floor":33},{"not_picked":["bronze:Constructor","bronze:Branch+1"],"picked":"bronze:Shell+1","floor":36},{"not_picked":["bronze:Shield+1","bronze:Deprecate"],"picked":"bronze:WildBeam+1","floor":38},{"not_picked":["bronze:DelayedSlice","bronze:Branch"],"picked":"bronze:BuggyMess","floor":39},{"not_picked":["bronze:Overload","bronze:ForLoop"],"picked":"bronze:ItsAFeature+1","floor":43},{"not_picked":["bronze:ItsAFeature","bronze:ClassDefault"],"picked":"bronze:BronzeOrb","floor":44},{"not_picked":["bronze:BitShift+1","bronze:DelayedGuard"],"picked":"bronze:Separator+1","floor":45},{"not_picked":["bronze:CutThrough+1","bronze:ItsAFeature","bronze:Philosophize"],"picked":"SKIP","floor":47},{"not_picked":["bronze:Separator+1","bronze:FineTuning+1"],"picked":"bronze:Virus","floor":48},{"not_picked":["bronze:CloningBeam","bronze:ChosenStrike","bronze:Deprecate"],"picked":"SKIP","floor":49}],"player_experience":465138,"relics_obtained":[{"floor":7,"key":"Omamori"},{"floor":12,"key":"Strawberry"},{"floor":21,"key":"Nilry\u0027s Codex"},{"floor":23,"key":"CaptainsWheel"},{"floor":34,"key":"Bag of Marbles"},{"floor":34,"key":"Ornamental Fan"},{"floor":34,"key":"hexamod:Sixitude"},{"floor":41,"key":"Happy Flower"},{"floor":42,"key":"White Beast Statue"}],"event_choices":[{"damage_healed":0,"gold_gain":0,"player_choice":"Success","damage_taken":3,"relics_obtained":["Boot"],"max_hp_gain":0,"max_hp_loss":0,"event_name":"Scrap Ooze","floor":9,"gold_loss":0},{"damage_healed":0,"gold_gain":0,"cards_transformed":["bronze:Strike","bronze:Strike"],"player_choice":"Became Test Subject","damage_taken":0,"max_hp_gain":0,"max_hp_loss":0,"event_name":"Drug Dealer","floor":26,"gold_loss":0,"cards_obtained":["bronze:Philosophize","bronze:Flail"]},{"damage_healed":0,"gold_gain":0,"player_choice":"Read","damage_taken":0,"max_hp_gain":0,"max_hp_loss":0,"event_name":"The Library","floor":27,"gold_loss":0,"cards_obtained":["bronze:Shell"]},{"cards_removed":["bronze:SpaghettiCode"],"damage_healed":43,"gold_gain":0,"player_choice":"Offered Rare","damage_taken":0,"max_hp_gain":10,"max_hp_loss":0,"event_name":"Bonfire Elementals","floor":37,"gold_loss":0}],"is_beta":false,"boss_relics":[{"not_picked":["Philosopher\u0027s Stone","SlaversCollar"],"picked":"sneckomod:SneckoTalon"},{"not_picked":["bronze:MakeshiftBattery","Velvet Choker"],"picked":"Calling Bell"}],"items_purged_floors":[45],"is_endless":false,"potions_floor_spawned":[2,3,6,10,12,16,19,23,25,39,43,44,45,47,48,49],"killed_by":"downfall:CharBossMerchant","ascension_level":0}}