{"host":"hfcva6mq15ctj0gu","time":1611351290,"event":{"mods":["Abigail Mod","AchievementEnabler","Act Like it!","Alarm Clock","BaseMod","Better Altar","Better Match","Better Skull","Better Third Choice","BetterRewards","Booster Modes","CapriCore","Card Forge","Colored Map","Curses Come First","Disable Question Mark Monsters","Displayed Cursed Tome","Emptier Cage","FoggyMod","Friendly Minions","Gold Saver","Good Game Mod","Grow up Mod","Highlight Path","Kratos Character Expansion","Minty Spire (QoL Compilation)","Permanent Neow","Poem Panic","Remilia??????","Shade Mod","Shop Mod","StSLib","The Immortal","The Servant 0.9.4","The Vixen","Transform Curses","Virulent Crown","????"],"gold_per_floor":[1876,1214,1214,1230,1245,1291,997,997,1035,1222,1285,1297,1339,1351,1405,1521,1533,1599,1631,1494,1494,1494,1526,1552,1350,1421,1421,1068,1123,1073,1130,983,1112,1112,1140,1140,1140,1208,1267,1070,1030,1104,1104,773,773,791,791,602,525,525,525,225,71,104,124],"floor_reached":56,"language":"ENG","playtime":2396,"items_purged":[],"score":2094,"play_id":"ea743e82-a307-4b61-86e4-4e09a5b3df01","local_time":"20210122223450","is_ascension_mode":false,"campfire_choices":[{"floor":12,"key":"RECALL"}],"circlet_count":0,"master_deck":["ScarletNetherworld+1","BloodyCatastrophe+1","BloodRain+1","HunterOfTheNight+1","ScarletDevil+1","SuperhumanBloodyKnife+1","FavorOfDestiny+1","VampireSweep+1","Sadistic Nature+1","UnderTheZenith+1","MastersStateliness+1","Maim+1","VampireKiss+1","FitfulNightmare+1","BloodyTrap+1","BloodHunter+1","Purity+1","Ragnarok+1","VampireSweep+1","BombardNight+1","FavorOfDestiny+1","QueenOfMidnight+1","BatForm+1","BloodyMagicSquare+1","CurseOfVladTepes+1","DemonKingCradle+1","EquivalentExchange+1","FavorOfDestiny+1","ForbiddenFruit+1","ForecastOfChange+1","KillingBlow+1","HeartBreak+1","MiserableFate+1","NightDance+1","ScarletMeister+1","Septette+1","UltimateOffering+1","SuperhumanBloodyKnife+1","VampireKiss+1","VampirishNight+1","TwelveNightmare+1","MiserableFate+1","DemonKingCradle+1","ScarletMeister+1","Necronomicurse","FavorOfDestiny+1","FavorOfDestiny+1","CeilingFear+1","ScarletNetherworld+1","UltimateOffering+1","GlobalNightmare+1","Madness+1","Madness+1"],"relics":["ScarletHat","Hammer of Thor","Seething Fire","Anvil of the Gods","REME:ComplimentaryCards","MerchantsRug","Orichalcum","Darkstone Periapt","FairyMaid","Membership Card","Vajra","Gremlin Horn","Strange Spoon","Pen Nib","Ice Cream","Bag of Preparation","Mummified Hand","Coffee Dripper","Tiny Chest","Bird Faced Urn","Mercury Hourglass","Ornamental Fan","DollysMirror","Eternal Feather","Necronomicon","Sling","Toxic Egg 2","Incense Burner","Oddly Smooth Stone","CeramicFish","Molten Egg 2","TheAbacus","Fusion Hammer","Juzu Bracelet","FossilizedHelix","Bronze Scales","InkBottle","Nunchaku","Shuriken","Chemical X","Thread and Needle","Lizard Tail","Meat on the Bone","Singing Bowl","Bottled Flame","ClockworkSouvenir","Gungnir","PreservedInsect","Medical Kit","HandDrill","Akabeko","HornCleat"],"acts_visited":["Exordium","TheCity","TheBeyond","TheEnding"],"potions_floor_usage":[19,19,55],"damage_taken":[{"damage":0,"enemies":"Small Slimes","floor":1,"turns":2},{"damage":0,"enemies":"Cultist","floor":4,"turns":2},{"damage":4,"enemies":"2 Louse","floor":5,"turns":1},{"damage":0,"enemies":"Gremlin Nob","floor":6,"turns":2},{"damage":9,"enemies":"Lagavulin","floor":11,"turns":4},{"damage":13,"enemies":"Gremlin Nob","floor":13,"turns":2},{"damage":0,"enemies":"Hexaghost","floor":16,"turns":1},{"damage":135,"enemies":"Chosen","floor":18,"turns":1},{"damage":204,"enemies":"2 Thieves","floor":19,"turns":1},{"damage":166,"enemies":"Centurion and Healer","floor":23,"turns":1},{"damage":193,"enemies":"Gremlin Leader","floor":29,"turns":1},{"damage":212,"enemies":"Book of Stabbing","floor":31,"turns":2},{"damage":219,"enemies":"Champ","floor":33,"turns":2},{"damage":1,"enemies":"3 Darklings","floor":35,"turns":2},{"damage":242,"enemies":"Mind Bloom Boss Battle","floor":39,"turns":1},{"damage":5,"enemies":"Nemesis","floor":42,"turns":3},{"damage":0,"enemies":"Time Eater","floor":50,"turns":1},{"damage":0,"enemies":"Shield and Spear","floor":54,"turns":1},{"damage":706,"enemies":"The Heart","floor":55,"turns":3}],"seed_played":"1830068317110307418","potions_obtained":[{"floor":5,"key":"SteroidPotion"},{"floor":13,"key":"DuplicationPotion"},{"floor":16,"key":"Strength Potion"},{"floor":23,"key":"EssenceOfSteel"},{"floor":35,"key":"SkillPotion"},{"floor":41,"key":"FearPotion"},{"floor":41,"key":"SpeedPotion"},{"floor":41,"key":"SteroidPotion"},{"floor":47,"key":"Fire Potion"},{"floor":47,"key":"FairyPotion"},{"floor":47,"key":"Fire Potion"}],"is_trial":false,"path_per_floor":["M","$","?","M","M","E","$","?","T","?","E","R","E","?","R","B",null,"M","M","$","?","?","M","T","R","T","?","$","E","?","E","R","B",null,"M","T","?","$","?","R","?","E","T","R","T","?","?","$","R","B",null,"R","$","E","B",null],"character_chosen":"REMILIA","items_purchased":["MerchantsRug","Orichalcum","Darkstone Periapt","ScarletNetherworld","BloodyCatastrophe","BloodRain","HunterOfTheNight","ScarletDevil","FairyMaid","Membership Card","FavorOfDestiny","VampireSweep","Sadistic Nature","UnderTheZenith","MastersStateliness","Gremlin Horn","BloodyTrap","BloodHunter","Strange Spoon","Purity","Tiny Chest","Bird Faced Urn","Ornamental Fan","DollysMirror","Sling","Toxic Egg 2","Incense Burner","Molten Egg 2","TheAbacus","Bronze Scales","InkBottle","Chemical X","Thread and Needle","Lizard Tail","Singing Bowl","Bottled Flame","ClockworkSouvenir","Gungnir","PreservedInsect","Medical Kit","HandDrill","Akabeko"],"campfire_rested":0,"item_purchase_floors":[0,0,0,0,0,0,0,0,2,2,2,2,2,2,2,7,7,7,7,7,20,20,25,25,28,28,28,32,32,40,40,44,44,44,48,48,49,52,52,52,53,53],"current_hp_per_floor":[95,105,115,125,131,141,151,153,163,179,183,193,196,206,216,227,261,271,281,291,307,317,327,337,347,357,357,367,393,403,413,423,433,443,453,463,473,483,493,503,513,523,533,543,553,494,504,514,554,564,613,623,633,645,665],"gold":124,"neow_bonus":"","is_daily":false,"chose_seed":false,"campfire_upgraded":0,"win_rate":0.0,"timestamp":1611351290,"path_taken":["M","$","?","?","?","E","?","?","T","?","E","R","E","?","R","BOSS","M","?","$","?","?","?","?","R","T","?","?","E","?","E","R","BOSS","M","?","?","$","?","R","?","E","T","R","?","?","?","?","R","BOSS","R","$","E","BOSS"],"items_purchased_type":["Relic","Relic","Relic","Card","Card","Card","Card","Card","Relic","Relic","Card","Card","Card","Card","Card","Relic","Card","Card","Relic","Card","Relic","Relic","Relic","Relic","Relic","Relic","Relic","Relic","Relic","Relic","Relic","Relic","Relic","Relic","Relic","Relic","Relic","Relic","Relic","Relic","Relic","Relic"],"build_version":"2020-12-22","purchased_purges":0,"victory":true,"max_hp_per_floor":[95,105,115,125,135,145,155,165,175,191,201,211,221,231,241,251,261,271,281,291,307,317,327,337,347,357,373,383,393,403,413,423,433,443,453,463,473,483,493,503,513,523,533,543,553,563,573,583,593,603,613,623,633,645,665],"card_choices":[{"not_picked":["ChainGang","Stigmanizer"],"picked":"SuperhumanBloodyKnife","floor":1},{"not_picked":["DiffusionOfMisfortune","NightLord"],"picked":"Maim","floor":4},{"not_picked":["BlasphemousPunishment","StarOfDavid"],"picked":"VampireKiss","floor":5},{"not_picked":["ForecastOfChange","CharismaGuard"],"picked":"FitfulNightmare","floor":6},{"not_picked":["VampireClaw","DiffusionOfMisfortune"],"picked":"BombardNight","floor":11},{"not_picked":["RedRainbow","EndlessAdversity"],"picked":"FavorOfDestiny","floor":13},{"not_picked":["CurseOfVladTepes","BloodyHallows"],"picked":"QueenOfMidnight","floor":16},{"not_picked":["Stigmanizer","EmergencyRegeneration"],"picked":"TwelveNightmare","floor":18},{"not_picked":["BombardNight","MillenniumVampire"],"picked":"MiserableFate","floor":19},{"not_picked":["BombardNight","RedRainbow","BadLadyScramble"],"picked":"SKIP","floor":23},{"not_picked":["NightDance","BombardNight"],"picked":"FavorOfDestiny+1","floor":29},{"not_picked":["UnstableMagic+1","ScarletImprint"],"picked":"FavorOfDestiny+1","floor":31},{"not_picked":["BloodRain+1","CurseOfVladTepes"],"picked":"CeilingFear+1","floor":33},{"not_picked":["ChainGang+1","ScarletDevilSign+1"],"picked":"ScarletNetherworld+1","floor":35},{"not_picked":["VampireClaw+1","ScarletDevil+1"],"picked":"UltimateOffering+1","floor":39},{"not_picked":["DiffusionOfMisfortune+1","NightDance+1"],"picked":"GlobalNightmare+1","floor":42},{"not_picked":["VampireKiss+1","RedMagic+1","SuperhumanBloodyKnife+1"],"picked":"Singing Bowl","floor":54}],"player_experience":99994,"relics_obtained":[{"floor":6,"key":"Vajra"},{"floor":9,"key":"Pen Nib"},{"floor":11,"key":"Ice Cream"},{"floor":13,"key":"Bag of Preparation"},{"floor":26,"key":"Eternal Feather"},{"floor":29,"key":"Oddly Smooth Stone"},{"floor":31,"key":"CeramicFish"},{"floor":36,"key":"Juzu Bracelet"},{"floor":39,"key":"FossilizedHelix"},{"floor":42,"key":"Nunchaku"},{"floor":43,"key":"Shuriken"},{"floor":45,"key":"Meat on the Bone"},{"floor":54,"key":"HornCleat"}],"event_choices":[{"cards_removed":["Defend_RM"],"damage_healed":0,"gold_gain":0,"player_choice":"Offered Basic","damage_taken":0,"max_hp_gain":0,"max_hp_loss":0,"event_name":"Bonfire Elementals","floor":3,"gold_loss":0},{"damage_healed":0,"gold_gain":175,"player_choice":"AGREE","damage_taken":1047,"max_hp_gain":0,"max_hp_loss":0,"event_name":"betterThird:BetterSerpent","floor":10,"gold_loss":0},{"damage_healed":0,"gold_gain":0,"player_choice":"Gave Potion","damage_taken":0,"relics_obtained":["Mummified Hand"],"max_hp_gain":0,"max_hp_loss":0,"event_name":"WeMeetAgain","floor":14,"gold_loss":0},{"damage_healed":0,"gold_gain":0,"player_choice":"Opened","damage_taken":0,"relics_obtained":["Mercury Hourglass"],"max_hp_gain":0,"max_hp_loss":0,"event_name":"The Mausoleum","floor":21,"gold_loss":0,"cards_obtained":["Writhe"]},{"damage_healed":0,"gold_gain":0,"cards_transformed":["Writhe"],"player_choice":"Transformed","damage_taken":0,"max_hp_gain":0,"max_hp_loss":0,"event_name":"Transmorgrifier","floor":22,"gold_loss":0,"cards_obtained":["DemonKingCradle"]},{"damage_healed":0,"gold_gain":0,"player_choice":"Obtained Book","damage_taken":16,"max_hp_gain":0,"max_hp_loss":0,"event_name":"Cursed Tome","floor":27,"gold_loss":0},{"damage_healed":0,"gold_gain":0,"player_choice":"Bet on Murderer","damage_taken":0,"max_hp_gain":0,"max_hp_loss":0,"event_name":"The Joust","floor":30,"gold_loss":50},{"damage_healed":0,"gold_gain":0,"player_choice":"Ignored","damage_taken":0,"max_hp_gain":0,"max_hp_loss":0,"event_name":"Transmorgrifier","floor":37,"gold_loss":0},{"damage_healed":0,"gold_gain":0,"player_choice":"Fight","damage_taken":0,"max_hp_gain":0,"max_hp_loss":0,"event_name":"MindBloom","floor":39,"gold_loss":0},{"damage_healed":0,"gold_gain":0,"player_choice":"Bought 3 Potions","damage_taken":0,"max_hp_gain":0,"max_hp_loss":0,"event_name":"The Woman in Blue","floor":41,"gold_loss":0},{"damage_healed":0,"gold_gain":0,"player_choice":"Embrace Madness","damage_taken":69,"max_hp_gain":0,"max_hp_loss":0,"event_name":"Winding Halls","floor":46,"gold_loss":0,"cards_obtained":["Madness","Madness"]},{"damage_healed":0,"gold_gain":0,"player_choice":"Got Potions","damage_taken":0,"max_hp_gain":0,"max_hp_loss":0,"event_name":"Lab","floor":47,"gold_loss":0}],"is_beta":false,"boss_relics":[{"not_picked":["Sozu","Empty Cage"],"picked":"Coffee Dripper"},{"not_picked":["Velvet Choker","PoemPanic:PoemPanicRelic"],"picked":"Fusion Hammer"}],"items_purged_floors":[],"is_endless":false,"potions_floor_spawned":[5,13,16,23,35,42],"ascension_level":0}}