{"host":"vb9tx51ayxprrw9u","time":1611284626,"event":{"mods":["AchievementEnabler","BaseMod","Colored Map","Colored Powertips","Highlight Path","Minty Spire (QoL Compilation)","StSLib"],"gold_per_floor":[119,119,133,83,83,83,98,23,23,23,36,76,90,108,108,108,108],"floor_reached":16,"language":"ENG","playtime":1355,"items_purged":["Strike_P"],"score":102,"play_id":"f0598d87-4b60-4bd1-840a-d56e0a383f17","local_time":"20210121210346","is_ascension_mode":false,"campfire_choices":[{"data":"Vigilance","floor":6.0,"key":"SMITH"},{"data":"CutThroughFate","floor":10,"key":"SMITH"},{"data":"TalkToTheHand","floor":15,"key":"SMITH"}],"circlet_count":0,"master_deck":["Strike_P","Strike_P","Strike_P","Defend_P","Defend_P","Defend_P","Eruption+1","Vigilance+1","EmptyBody","Halt","CutThroughFate+1","WaveOfTheHand","Nirvana","Protect","TalkToTheHand+1"],"relics":["PureWater","Golden Idol","Bottled Lightning","WingedGreaves"],"acts_visited":["Exordium"],"potions_floor_usage":[12,12,16,16,16],"damage_taken":[{"damage":0.0,"enemies":"Jaw Worm","floor":1.0,"turns":3.0},{"damage":0.0,"enemies":"2 Louse","floor":3.0,"turns":2.0},{"damage":0.0,"enemies":"Cultist","floor":7.0,"turns":5.0},{"damage":0,"enemies":"Blue Slaver","floor":11,"turns":4},{"damage":1,"enemies":"3 Sentries","floor":12,"turns":14},{"damage":0,"enemies":"2 Fungi Beasts","floor":13,"turns":3},{"damage":4,"enemies":"3 Louse","floor":14,"turns":4},{"damage":54,"enemies":"Hexaghost","floor":16,"turns":17}],"seed_played":"6515968502168873574","potions_obtained":[{"floor":0.0,"key":"EntropicBrew"},{"floor":0.0,"key":"ColorlessPotion"},{"floor":0.0,"key":"DuplicationPotion"},{"floor":13,"key":"Energy Potion"},{"floor":14,"key":"Ancient Potion"}],"is_trial":false,"path_per_floor":["M","?","M","?","?","R","M","$","T","R","M","E","M","M","R","B"],"character_chosen":"WATCHER","items_purchased":[],"campfire_rested":0,"item_purchase_floors":[],"current_hp_per_floor":[72,72,72,72,54,54,54,54,54,54,54,53,53,49,49,0,0],"gold":108,"neow_bonus":"THREE_SMALL_POTIONS","is_daily":false,"chose_seed":false,"campfire_upgraded":3,"win_rate":0.0,"timestamp":1611284626,"path_taken":["M","?","M","?","?","R","M","?","T","R","?","E","M","M","R","BOSS"],"items_purchased_type":[],"build_version":"2020-12-22","purchased_purges":1,"victory":false,"max_hp_per_floor":[72,72,72,72,72,72,72,72,72,72,72,72,72,72,72,72,72],"card_choices":[{"not_picked":["Crescendo","Tantrum"],"picked":"EmptyBody","floor":1.0},{"not_picked":["Meditate","ForeignInfluence"],"picked":"Halt","floor":3.0},{"not_picked":["ReachHeaven","JustLucky"],"picked":"CutThroughFate","floor":7.0},{"not_picked":["Halt","BowlingBash"],"picked":"WaveOfTheHand","floor":11},{"not_picked":["Brilliance","FlurryOfBlows"],"picked":"Nirvana","floor":12},{"not_picked":["BattleHymn","FlurryOfBlows"],"picked":"Protect","floor":13},{"not_picked":["Protect","WreathOfFlame"],"picked":"TalkToTheHand","floor":14}],"player_experience":160988,"relics_obtained":[{"floor":9,"key":"Bottled Lightning"},{"floor":12,"key":"WingedGreaves"}],"event_choices":[{"damage_healed":0.0,"max_hp_gain":0.0,"max_hp_loss":0.0,"gold_gain":0.0,"event_name":"Living Wall","player_choice":"Grow","floor":2.0,"gold_loss":0.0,"damage_taken":0.0,"cards_upgraded":["Eruption"]},{"cards_removed":["Defend_P"],"damage_healed":0.0,"max_hp_gain":0.0,"max_hp_loss":0.0,"gold_gain":0.0,"event_name":"The Cleric","player_choice":"Card Removal","floor":4.0,"gold_loss":50.0,"damage_taken":0.0},{"damage_healed":0.0,"max_hp_gain":0.0,"max_hp_loss":0.0,"gold_gain":0.0,"event_name":"Golden Idol","player_choice":"Take Damage","floor":5.0,"gold_loss":0.0,"damage_taken":18.0,"relics_obtained":["Golden Idol"]}],"is_beta":false,"boss_relics":[],"items_purged_floors":[8],"is_endless":false,"potions_floor_spawned":[13,14],"killed_by":"Hexaghost","ascension_level":0}}