{"host":"sc0o2qwpf9j16a4i","time":1611347982,"event":{"mods":["AchievementEnabler","BaseMod","BetterRewards","Block Reminder","Colored Map","Colored Powertips","Custom Start","Highlight Path","Minty Spire (QoL Compilation)","Relic Stats"],"gold_per_floor":[114,114,389,404,4,4,32,45,120,140,140,153,13,25,25,96,96,109,127,127,27,44,44,54,72,72,90,34,47,47,47,47],"floor_reached":31,"language":"ENG","playtime":903,"items_purged":["Regret","Strike_G"],"score":582,"play_id":"56be0ef3-de4c-4377-8afa-72eaab99baa3","local_time":"20210122223942","is_ascension_mode":true,"campfire_choices":[{"floor":6.0,"key":"REST"},{"floor":15.0,"key":"REST"},{"floor":23,"key":"REST"}],"circlet_count":0,"master_deck":["AscendersBane","Strike_G","Strike_G","Strike_G","Strike_G","Defend_G","Defend_G","Defend_G","Defend_G","Defend_G","Survivor","Neutralize","Poisoned Stab","Noxious Fumes","Deadly Poison","Crippling Poison","Dodge and Roll","Leg Sweep","Calculated Gamble","Caltrops","Corpse Explosion","Sucker Punch+1","Crippling Poison","PiercingWail","Blur+1","Backflip"],"relics":["Ring of the Snake","NeowsBlessing","PreservedInsect","Oddly Smooth Stone","Medical Kit","Ornamental Fan","Pantograph","Philosopher\u0027s Stone"],"acts_visited":["Exordium","TheCity"],"potions_floor_usage":[19,22,31],"damage_taken":[{"damage":0.0,"enemies":"Small Slimes","floor":1.0,"turns":1.0},{"damage":0.0,"enemies":"Cultist","floor":4.0,"turns":1.0},{"damage":0.0,"enemies":"Gremlin Nob","floor":7.0,"turns":1.0},{"damage":0.0,"enemies":"Jaw Worm","floor":8.0,"turns":5.0},{"damage":9.0,"enemies":"Exordium Wildlife","floor":10.0,"turns":7.0},{"damage":7.0,"enemies":"Gremlin Gang","floor":12.0,"turns":6.0},{"damage":0.0,"enemies":"Blue Slaver","floor":14.0,"turns":6.0},{"damage":15.0,"enemies":"The Guardian","floor":16.0,"turns":11.0},{"damage":19.0,"enemies":"2 Thieves","floor":18.0,"turns":4.0},{"damage":19,"enemies":"3 Byrds","floor":19,"turns":2},{"damage":6,"enemies":"3 Cultists","floor":22,"turns":4},{"damage":6,"enemies":"Centurion and Healer","floor":24,"turns":5},{"damage":18,"enemies":"Snecko","floor":25,"turns":8},{"damage":6,"enemies":"Chosen and Byrds","floor":27,"turns":5},{"damage":2,"enemies":"Centurion and Healer","floor":29,"turns":8},{"damage":9,"enemies":"Snecko","floor":31,"turns":3}],"seed_played":"-6357750277408190902","potions_obtained":[{"floor":1.0,"key":"DistilledChaos"},{"floor":12.0,"key":"Block Potion"},{"floor":16.0,"key":"Fruit Juice"},{"floor":19,"key":"Explosive Potion"},{"floor":22,"key":"Ancient Potion"}],"is_trial":false,"path_per_floor":["M","?","?","M","$","R","E","M","T","M","?","M","$","M","R","B",null,"M","M","?","$","M","R","M","M","T","M","$","M","?","M"],"character_chosen":"THE_SILENT","items_purchased":["Oddly Smooth Stone","Medical Kit","Calculated Gamble","SteroidPotion","Backflip"],"campfire_rested":3,"item_purchase_floors":[5,5,13,13,28],"current_hp_per_floor":[59,14,14,14,14,33,33,33,33,24,24,17,17,17,36,46,61,42,28,28,28,22,43,37,19,19,13,13,11,1,0,0],"gold":47,"neow_bonus":"THREE_ENEMY_KILL","is_daily":false,"chose_seed":false,"campfire_upgraded":0,"win_rate":0.0,"timestamp":1611347982,"path_taken":["M","?","?","M","$","R","E","M","T","?","?","M","?","M","R","BOSS","M","?","?","$","M","R","?","?","T","M","$","M","?","M"],"items_purchased_type":["Relic","Relic","Card","Potion","Card"],"build_version":"2020-12-22","purchased_purges":2,"victory":false,"max_hp_per_floor":[66,66,66,66,66,66,66,66,66,66,66,66,66,66,66,66,66,66,71,71,71,71,71,71,71,71,71,71,71,71,71,71],"relic_stats":{"counters":[16,77],"Ornamental Fan":[20],"Pantograph":25,"PreservedInsect":0,"Medical Kit":[0],"obtain_stats":[{"NeowsBlessing":0,"Ornamental Fan":7,"Pantograph":9,"Oddly Smooth Stone":5,"Philosopher\u0027s Stone":17,"PreservedInsect":2,"Medical Kit":5,"Ring of the Snake":0},{"NeowsBlessing":0,"Ornamental Fan":3,"Pantograph":4,"Oddly Smooth Stone":2,"Philosopher\u0027s Stone":8,"PreservedInsect":1,"Medical Kit":2,"Ring of the Snake":0},{"NeowsBlessing":0,"Ornamental Fan":3,"Pantograph":8,"Oddly Smooth Stone":2,"Philosopher\u0027s Stone":38,"PreservedInsect":1,"Medical Kit":2,"Ring of the Snake":0}],"Ring of the Snake":[32]},"card_choices":[{"not_picked":["Choke","Dagger Throw"],"picked":"Poisoned Stab","floor":1.0},{"not_picked":["Poisoned Stab","Dagger Spray"],"picked":"Noxious Fumes","floor":4.0},{"not_picked":["Dodge and Roll","Prepared"],"picked":"Deadly Poison","floor":7.0},{"not_picked":["Masterful Stab","Quick Slash"],"picked":"Crippling Poison","floor":8.0},{"not_picked":["Terror","Reflex"],"picked":"Dodge and Roll","floor":10.0},{"not_picked":["Acrobatics","All Out Attack"],"picked":"Leg Sweep","floor":12.0},{"not_picked":["Underhanded Strike","Outmaneuver"],"picked":"Caltrops","floor":14.0},{"not_picked":["Burst","Bullet Time"],"picked":"Corpse Explosion","floor":16.0},{"not_picked":["Prepared","Dodge and Roll","Tactician"],"picked":"SKIP","floor":18.0},{"not_picked":["Dodge and Roll","Distraction"],"picked":"Sucker Punch+1","floor":19},{"not_picked":["Poisoned Stab+1","Flying Knee+1"],"picked":"PiercingWail","floor":22},{"not_picked":["Slice","Prepared","Dagger Spray"],"picked":"SKIP","floor":24},{"not_picked":["Doppelganger","Blade Dance"],"picked":"Blur+1","floor":25},{"not_picked":["Endless Agony","Prepared","Distraction"],"picked":"SKIP","floor":27},{"not_picked":["Terror","Deadly Poison","Underhanded Strike"],"picked":"SKIP","floor":29}],"player_experience":906794,"relics_obtained":[{"floor":7.0,"key":"Ornamental Fan"},{"floor":9.0,"key":"Pantograph"}],"event_choices":[{"damage_healed":0.0,"max_hp_gain":0.0,"max_hp_loss":0.0,"gold_gain":0.0,"event_name":"Scrap Ooze","player_choice":"Success","floor":2.0,"gold_loss":0.0,"damage_taken":45.0,"relics_obtained":["PreservedInsect"]},{"damage_healed":0.0,"max_hp_gain":0.0,"max_hp_loss":0.0,"gold_gain":275.0,"event_name":"Golden Shrine","player_choice":"Desecrate","floor":3.0,"gold_loss":0.0,"damage_taken":0.0,"cards_obtained":["Regret"]},{"damage_healed":0.0,"max_hp_gain":0.0,"max_hp_loss":0.0,"gold_gain":0.0,"event_name":"Liars Game","player_choice":"Ignored","floor":11.0,"gold_loss":0.0,"damage_taken":0.0},{"damage_healed":0,"gold_gain":0,"player_choice":"Copied","damage_taken":0,"max_hp_gain":0,"max_hp_loss":0,"event_name":"Duplicator","floor":20,"gold_loss":0,"cards_obtained":["Crippling Poison"]},{"damage_healed":0,"gold_gain":0,"player_choice":"Damaged","damage_taken":10,"max_hp_gain":0,"max_hp_loss":0,"event_name":"Wheel of Change","floor":30,"gold_loss":0}],"is_beta":false,"boss_relics":[{"not_picked":["Black Star","Ring of the Serpent"],"picked":"Philosopher\u0027s Stone"}],"items_purged_floors":[5,21],"is_endless":false,"potions_floor_spawned":[1,12,14,16,19,22,29],"killed_by":"Snecko","ascension_level":20}}