{"host":"gobyjzz6xbwq9f9i","time":1611303496,"event":{"mods":["AchievementEnabler","BaseMod","Bestiary","Colored Map","Minty Spire (QoL Compilation)"],"gold_per_floor":[216,230,38,48,48,48,73,73,127,182,192,219,219,250,250,351,351,362,72,32,42,42,68,68,68,92,92,122,84,104,116,116,221,271,285,285,296,0,0,28,28,41,41,41,60,88,105,124,124,124],"floor_reached":51,"language":"ENG","playtime":3468,"items_purged":["Strike_G"],"score":1245,"play_id":"6b7b36f9-517c-4fba-9f1e-316a81507b3d","local_time":"20210122001816","is_ascension_mode":true,"campfire_choices":[{"data":"Neutralize","floor":6.0,"key":"SMITH"},{"data":"Masterful Stab","floor":8.0,"key":"SMITH"},{"data":"Well Laid Plans","floor":15.0,"key":"SMITH"},{"data":"Noxious Fumes","floor":25.0,"key":"SMITH"},{"data":"Backflip","floor":27.0,"key":"SMITH"},{"floor":32.0,"key":"REST"},{"data":"Malaise","floor":41,"key":"SMITH"},{"data":"Night Terror","floor":44,"key":"SMITH"},{"floor":49,"key":"REST"}],"circlet_count":0,"master_deck":["AscendersBane","Strike_G+1","Defend_G+1","Defend_G","Defend_G","Defend_G","Defend_G+1","Survivor","Neutralize+1","Backflip+1","Dash+1","Masterful Stab+1","Skewer+1","PiercingWail","PiercingWail","Well Laid Plans+1","Corpse Explosion","Grand Finale+1","Infinite Blades+1","Bouncing Flask+1","Deadly Poison","Noxious Fumes+1","Catalyst+1","PiercingWail","Blade Dance+1","Caltrops+1","Malaise+1","Night Terror+1","Blur+1","Blur+1","Caltrops+1","Leg Sweep+1","PiercingWail+1","Prepared+1","A Thousand Cuts","PiercingWail+1","Calculated Gamble+1","Backflip+1"],"relics":["Ring of the Snake","Whetstone","War Paint","Dream Catcher","Snake Skull","HornCleat","Mummified Hand","Nunchaku","Astrolabe","Lee\u0027s Waffle","Strawberry","Bronze Scales","Art of War","Tiny House","Toxic Egg 2","Eternal Feather","Du-Vu Doll","Pocketwatch"],"acts_visited":["Exordium","TheCity","TheBeyond"],"potions_floor_usage":[40,46,46,47],"damage_taken":[{"damage":0.0,"enemies":"Cultist","floor":1.0,"turns":4.0},{"damage":0.0,"enemies":"Jaw Worm","floor":2.0,"turns":6.0},{"damage":0.0,"enemies":"Small Slimes","floor":4.0,"turns":2.0},{"damage":12.0,"enemies":"Gremlin Nob","floor":7.0,"turns":4.0},{"damage":0.0,"enemies":"Blue Slaver","floor":11.0,"turns":3.0},{"damage":0.0,"enemies":"3 Sentries","floor":12.0,"turns":11.0},{"damage":12.0,"enemies":"Gremlin Nob","floor":14.0,"turns":4.0},{"damage":8.0,"enemies":"The Guardian","floor":16.0,"turns":14.0},{"damage":0.0,"enemies":"2 Thieves","floor":18.0,"turns":4.0},{"damage":6.0,"enemies":"3 Byrds","floor":21.0,"turns":4.0},{"damage":16.0,"enemies":"Slavers","floor":23.0,"turns":3.0},{"damage":24.0,"enemies":"Book of Stabbing","floor":28.0,"turns":4.0},{"damage":7.0,"enemies":"Cultist and Chosen","floor":30.0,"turns":4.0},{"damage":0.0,"enemies":"Centurion and Healer","floor":31.0,"turns":7.0},{"damage":25.0,"enemies":"Automaton","floor":33.0,"turns":9.0},{"damage":9.0,"enemies":"3 Shapes","floor":35.0,"turns":6.0},{"damage":7.0,"enemies":"3 Darklings","floor":37.0,"turns":3.0},{"damage":35,"enemies":"Giant Head","floor":40,"turns":8},{"damage":8,"enemies":"Maw","floor":42,"turns":6},{"damage":23,"enemies":"Spire Growth","floor":45,"turns":6},{"damage":9,"enemies":"Reptomancer","floor":46,"turns":5},{"damage":12,"enemies":"Jaw Worm Horde","floor":47,"turns":5},{"damage":0,"enemies":"3 Darklings","floor":48,"turns":3},{"damage":12,"enemies":"Time Eater","floor":50,"turns":10}],"seed_played":"-6890748409254636726","potions_obtained":[{"floor":1.0,"key":"Regen Potion"},{"floor":2.0,"key":"SkillPotion"},{"floor":4.0,"key":"Strength Potion"},{"floor":7.0,"key":"FearPotion"},{"floor":18.0,"key":"Fire Potion"},{"floor":20.0,"key":"Strength Potion"},{"floor":23.0,"key":"ColorlessPotion"},{"floor":33.0,"key":"Weak Potion"},{"floor":34.0,"key":"Swift Potion"},{"floor":37.0,"key":"LiquidMemories"},{"floor":39.0,"key":"PowerPotion"},{"floor":40,"key":"CunningPotion"},{"floor":45,"key":"Block Potion"}],"is_trial":false,"path_per_floor":["M","M","$","M","?","R","E","R","T","T","M","E","?","E","R","B",null,"M","$","?","M","?","E","?","R","T","R","E","$","M","M","R","B",null,"M","?","M","$","?","E","R","M","T","R","M","E","M","M","R","B",null],"character_chosen":"THE_SILENT","items_purchased":["Whetstone","Masterful Stab","Noxious Fumes","Lee\u0027s Waffle","Caltrops","Toxic Egg 2","Leg Sweep+1"],"campfire_rested":2,"item_purchase_floors":[3,3,19,19,29,38,38],"current_hp_per_floor":[63,63,63,63,63,63,51,51,51,51,51,51,51,39,39,31,60,60,77,77,71,71,62,46,46,46,46,22,22,15,15,41,16,76,67,67,60,60,60,25,43,35,35,53,30,21,9,9,58,46],"gold":124,"neow_bonus":"HUNDRED_GOLD","is_daily":false,"chose_seed":false,"campfire_upgraded":7,"win_rate":0.0,"timestamp":1611303496,"path_taken":["M","M","$","M","?","R","E","R","T","?","M","E","?","E","R","BOSS","M","$","?","?","?","E","?","R","T","R","E","?","?","M","R","BOSS","M","?","?","$","?","E","R","M","T","R","M","E","M","?","R","BOSS"],"items_purchased_type":["Relic","Card","Card","Relic","Card","Relic","Card"],"build_version":"2020-12-22","purchased_purges":1,"victory":true,"max_hp_per_floor":[70,70,70,70,70,70,70,70,70,70,70,70,70,70,70,70,70,70,77,77,77,77,84,89,89,89,89,89,89,89,89,89,89,94,94,94,94,94,94,94,94,94,94,94,94,94,94,94,94,94],"card_choices":[{"not_picked":["Expertise","Crippling Poison"],"picked":"Backflip","floor":1.0},{"not_picked":["Underhanded Strike","Backflip"],"picked":"Dash","floor":2.0},{"not_picked":["Endless Agony","PiercingWail"],"picked":"Skewer","floor":4.0},{"not_picked":["Cloak And Dagger","Sucker Punch","Slice"],"picked":"SKIP","floor":7.0},{"not_picked":["Bane","Accuracy"],"picked":"PiercingWail","floor":11.0},{"not_picked":["Cloak And Dagger","Doppelganger"],"picked":"PiercingWail","floor":12.0},{"not_picked":["Quick Slash","Flechettes"],"picked":"Well Laid Plans","floor":14.0},{"not_picked":["Adrenaline","Wraith Form v2"],"picked":"Corpse Explosion","floor":16.0},{"not_picked":["Deflect","Slice"],"picked":"Deadly Poison","floor":18.0},{"not_picked":["Crippling Poison","Tactician+1"],"picked":"Catalyst+1","floor":21.0},{"not_picked":["Poisoned Stab","Bane"],"picked":"Blade Dance+1","floor":23.0},{"not_picked":["Reflex","Terror","Dagger Spray"],"picked":"SKIP","floor":28.0},{"not_picked":["Dagger Spray","Cloak And Dagger","Tactician"],"picked":"SKIP","floor":30.0},{"not_picked":["Deflect","Poisoned Stab"],"picked":"Malaise","floor":31.0},{"not_picked":["Unload","A Thousand Cuts"],"picked":"Night Terror","floor":33.0},{"not_picked":["Sucker Punch","Blade Dance+1"],"picked":"Blur+1","floor":34.0},{"not_picked":["Deflect","Crippling Poison"],"picked":"Blur+1","floor":35.0},{"not_picked":["Dagger Spray","Masterful Stab+1"],"picked":"Caltrops+1","floor":37.0},{"not_picked":["Dodge and Roll+1","Prepared+1"],"picked":"PiercingWail+1","floor":40},{"not_picked":["Expertise+1","Outmaneuver+1"],"picked":"Prepared+1","floor":42},{"not_picked":["Terror+1","Poisoned Stab"],"picked":"A Thousand Cuts","floor":45},{"not_picked":["Sucker Punch","Endless Agony+1","All Out Attack+1"],"picked":"SKIP","floor":46},{"not_picked":["Eviscerate+1","Well Laid Plans"],"picked":"PiercingWail+1","floor":47},{"not_picked":["Flying Knee","Poisoned Stab"],"picked":"Calculated Gamble+1","floor":48},{"not_picked":["Quick Slash+1","Dagger Throw"],"picked":"Backflip+1","floor":49}],"player_experience":1116427,"relics_obtained":[{"floor":7.0,"key":"War Paint"},{"floor":9.0,"key":"Dream Catcher"},{"floor":10.0,"key":"Snake Skull"},{"floor":12.0,"key":"HornCleat"},{"floor":14.0,"key":"Nunchaku"},{"floor":23.0,"key":"Strawberry"},{"floor":26.0,"key":"Bronze Scales"},{"floor":28.0,"key":"Art of War"},{"floor":40,"key":"Eternal Feather"},{"floor":43,"key":"Du-Vu Doll"},{"floor":46,"key":"Pocketwatch"}],"event_choices":[{"damage_healed":0.0,"max_hp_gain":0.0,"max_hp_loss":0.0,"gold_gain":0.0,"event_name":"Living Wall","player_choice":"Grow","floor":5.0,"gold_loss":0.0,"damage_taken":0.0,"cards_upgraded":["Skewer"]},{"damage_healed":0.0,"max_hp_gain":0.0,"max_hp_loss":0.0,"gold_gain":0.0,"event_name":"Dead Adventurer","player_choice":"Searched \u00271\u0027 times","floor":13.0,"gold_loss":0.0,"damage_taken":0.0,"relics_obtained":["Mummified Hand"]},{"damage_healed":0.0,"max_hp_gain":0.0,"max_hp_loss":0.0,"gold_gain":0.0,"event_name":"Dead Adventurer","player_choice":"Searched \u00271\u0027 times","floor":13.0,"gold_loss":0.0,"damage_taken":0.0,"relics_obtained":["Mummified Hand"]},{"damage_healed":0.0,"max_hp_gain":0.0,"max_hp_loss":0.0,"gold_gain":0.0,"event_name":"The Woman in Blue","player_choice":"Bought 3 Potions","floor":20.0,"gold_loss":0.0,"damage_taken":0.0},{"damage_healed":0.0,"max_hp_gain":0.0,"max_hp_loss":0.0,"gold_gain":0.0,"event_name":"The Library","player_choice":"Read","floor":22.0,"gold_loss":0.0,"damage_taken":0.0,"cards_obtained":["PiercingWail"]},{"damage_healed":0.0,"max_hp_gain":5.0,"max_hp_loss":0.0,"gold_gain":0.0,"event_name":"Forgotten Altar","player_choice":"Shed Blood","floor":24.0,"gold_loss":0.0,"damage_taken":21.0},{"damage_healed":0.0,"max_hp_gain":0.0,"max_hp_loss":0.0,"gold_gain":0.0,"event_name":"SecretPortal","player_choice":"Ignored","floor":36.0,"gold_loss":0.0,"damage_taken":0.0},{"damage_healed":0.0,"max_hp_gain":0.0,"max_hp_loss":0.0,"gold_gain":0.0,"event_name":"Lab","player_choice":"Got Potions","floor":39.0,"gold_loss":0.0,"damage_taken":0.0}],"is_beta":false,"boss_relics":[{"not_picked":["Runic Pyramid","Empty Cage"],"picked":"Astrolabe"},{"not_picked":["Pandora\u0027s Box","Ring of the Serpent"],"picked":"Tiny House"}],"items_purged_floors":[19],"is_endless":false,"potions_floor_spawned":[1,2,4,7,18,23,33,37,40,45],"ascension_level":10}}