{"host":"ah3fvp1bei8896gw","time":1611287132,"event":{"mods":["BaseMod","Colored Powertips","Downfall","GifTheSpireLib","Minty Spire (QoL Compilation)","StSLib","Trackpad"],"gold_per_floor":[99,116,116,30,44,29,29,49,69,69,69,86,97,132,151,151,151],"floor_reached":16,"language":"ENG","playtime":1342,"items_purged":[],"score":104,"play_id":"ea1b24d4-fa4c-49bc-aae4-bd5d0f5d67f5","local_time":"20210121194532","is_ascension_mode":false,"campfire_choices":[{"data":"sneckomod:UnknownUncommonPower","floor":10,"key":"SMITH"}],"circlet_count":0,"master_deck":["sneckomod:Strike","sneckomod:Strike","sneckomod:Strike","sneckomod:Defend","sneckomod:Defend","sneckomod:Defend","sneckomod:TailWhip","sneckomod:SnekBite","sneckomod:Unknown","Amplify","sneckomod:Nope","sneckomod:UnknownUncommonPower+1","sneckomod:UnknownUncommonAttack","sneckomod:UnknownExhaust","sneckomod:UnendingSupply","sneckomod:QuickBite","sneckomod:UnknownDraw","sneckomod:UnknownBlock","sneckomod:Nope","sneckomod:UnknownRareAttack","sneckomod:QuickMove"],"relics":["sneckomod:SneckoSoul","sneckomod:ConfusingCodex","Bag of Preparation","Omamori"],"acts_visited":["Exordium"],"potions_floor_usage":[13,14,16],"damage_taken":[{"damage":0,"enemies":"Small Slimes","floor":2,"turns":4},{"damage":0,"enemies":"downfall:FleeingMerchant","floor":4,"turns":4},{"damage":0,"enemies":"Cultist","floor":5,"turns":2},{"damage":5,"enemies":"downfall:FleeingMerchant","floor":6,"turns":4},{"damage":3,"enemies":"2 Louse","floor":8,"turns":3},{"damage":0,"enemies":"Exordium Wildlife","floor":9,"turns":2},{"damage":9,"enemies":"2 Fungi Beasts","floor":12,"turns":3},{"damage":0,"enemies":"Exordium Thugs","floor":13,"turns":4},{"damage":32,"enemies":"Gremlin Nob","floor":14,"turns":4},{"damage":7,"enemies":"3 Louse","floor":15,"turns":2},{"damage":46,"enemies":"DF_ARCHETYPE_STREAMLINE","floor":16,"turns":6}],"seed_played":"-5260463481206052864","potions_obtained":[{"floor":2,"key":"AttackPotion"},{"floor":8,"key":"LiquidMemories"},{"floor":9,"key":"Regen Potion"},{"floor":11,"key":"Slimebound:ThreeZeroPotion"}],"is_trial":false,"path_per_floor":["R","M","?","$","M","$","T","M","M","R","?","M","M","E","M","B"],"character_chosen":"THE_SNECKO","items_purchased":["sneckomod:UnknownUncommonAttack"],"campfire_rested":0,"item_purchase_floors":[4],"current_hp_per_floor":[99,99,87,87,87,82,82,79,79,79,79,70,70,38,31,0,0],"gold":151,"neow_bonus":"TEN_PERCENT_HP_BONUS","is_daily":false,"chose_seed":false,"campfire_upgraded":1,"win_rate":0.0,"timestamp":1611287132,"path_taken":["R","M","?","$","M","$","T","M","M","R","?","?","M","E","M","BOSS"],"items_purchased_type":["Card"],"build_version":"2020-12-22","purchased_purges":0,"victory":false,"max_hp_per_floor":[99,99,99,99,99,99,99,99,99,99,99,99,99,99,99,99,99],"card_choices":[{"not_picked":["sneckomod:IronFang","sneckomod:Unknown1Cost"],"picked":"sneckomod:Nope","floor":2},{"not_picked":["sneckomod:QuickMove","sneckomod:SerpentIdol"],"picked":"sneckomod:UnknownUncommonPower","floor":4},{"not_picked":["sneckomod:DiceBlock","sneckomod:QuickMove"],"picked":"sneckomod:UnknownExhaust","floor":5},{"not_picked":["sneckomod:QuickMove","sneckomod:UnknownExhaust"],"picked":"sneckomod:UnendingSupply","floor":6},{"not_picked":["sneckomod:SoulDraw","sneckomod:UnknownBlock"],"picked":"sneckomod:QuickBite","floor":8},{"not_picked":["sneckomod:RainOfDice","sneckomod:DangerNoodle"],"picked":"sneckomod:UnknownDraw","floor":9},{"not_picked":["sneckomod:UnknownCommonSkill","sneckomod:RainOfDice"],"picked":"sneckomod:UnknownBlock","floor":12},{"not_picked":["sneckomod:UnknownVulnerable","sneckomod:UnknownBlock"],"picked":"sneckomod:Nope","floor":13},{"not_picked":["sneckomod:SerpentIdol","sneckomod:SoulRoll"],"picked":"sneckomod:UnknownRareAttack","floor":14},{"not_picked":["sneckomod:UnknownWeak","sneckomod:TrashToTreasure"],"picked":"sneckomod:QuickMove","floor":15}],"player_experience":333265,"relics_obtained":[{"floor":7,"key":"Bag of Preparation"},{"floor":14,"key":"Omamori"}],"event_choices":[{"damage_healed":0,"gold_gain":0,"player_choice":"Success","damage_taken":12,"relics_obtained":["sneckomod:ConfusingCodex"],"max_hp_gain":0,"max_hp_loss":0,"event_name":"Scrap Ooze","floor":3,"gold_loss":0},{"damage_healed":0,"gold_gain":0,"player_choice":"Got Potions","damage_taken":0,"max_hp_gain":0,"max_hp_loss":0,"event_name":"Lab","floor":11,"gold_loss":0}],"is_beta":false,"boss_relics":[],"items_purged_floors":[],"is_endless":false,"potions_floor_spawned":[2,8,9],"killed_by":"DF_ARCHETYPE_STREAMLINE","ascension_level":0}}