{"host":"nug5xkek4sujf8as","time":1611345228,"event":{"mods":["Act Like it!","Aspiration","BaseMod","Booster Modes","CapriCore","Colored Powertips","Conspire","Energized Spire","Gensokyo","Minty Spire (QoL Compilation)","Permanent Neow","Quick Restart","Replay The Spire","Shop Mod","Spicy Shops","StSLib","vexMod","¡¾¹¦ÄÜMod¡¿»ìãçÖ®»·ÐÞ¸´²¹¶¡","¡¾ÒÅÎï¿¨ÅÆ¡¿REMEMod","óô»ðÖ¸ÄÏ"],"gold_per_floor":[112,37,92,102,116,142,142,172,195,195,205,234,24,54,54,125,125,141,771,186,202,0,0,35,45,68,100,37,37,70,85,85,157,157,177,252,266,282,114,114,114,144,58,88,115,133,164,177,188,220,118,118,118,118,118,87,119,119],"floor_reached":59,"language":"ZHS","playtime":3457,"items_purged":["Strike_G","Strike_G","Strike_G","Strike_G","Defend_G","Defend_G"],"score":3641,"play_id":"4597f2a7-2828-40f6-8add-430bd94de41d","local_time":"20210123035348","is_ascension_mode":true,"campfire_choices":[{"data":"Accuracy","floor":7.0,"key":"SMITH"},{"data":"Feed","floor":10.0,"key":"SMITH"},{"data":"REME_MawOfCthun","floor":15.0,"key":"SMITH"},{"floor":23.0,"key":"RECALL"},{"data":"Neutralize","floor":29.0,"key":"SMITH"},{"data":"Venomology","floor":32.0,"key":"SMITH"},{"data":"Survivor","floor":55,"key":"SMITH"}],"circlet_count":0,"master_deck":["AscendersBane","Defend_G+1","Defend_G","Defend_G","Survivor+1","Neutralize+1","REME_MawOfCthun+1","Blade Dance+1","Accuracy+1","Grand Finale+1","Feed+1","Venomology+1","CurseOfTheBell","Adrenaline+1","Backflip+1","Calculated Gamble+1","Prepared+1","REME_ProfessionalPlagiarism","REME_GreenPollution"],"relics":["Ring of the Snake","REME_ComplimentaryCards","Replay:M_SmolderingBlood","Replay:Bottled Flurry","Torii","Bronze Scales","Membership Card","Odd Mushroom","Divine Protection","ReplayTheSpireMod:Lightbulb","Molten Egg 2","Eternal Feather","Ancient Tea Set","Centennial Puzzle","MerchantsRug","ReplayTheSpireMod:EnergyBall","ReplayFunnel","aspiration:SecretTechniqueScroll","ReplayTheSpireMod:CursedCoin","OrangePellets","Lantern","vexMod:FocusSash","Pen Nib","conspire:TopHat","Vampiric Spirits","BargainBundle","Onion Ring","Nunchaku"],"acts_visited":["Exordium","TheCity","TheBeyond","TheEnding"],"potions_floor_usage":[58,58],"damage_taken":[{"damage":0.0,"enemies":"Small Slimes","floor":1.0,"turns":5.0},{"damage":2.0,"enemies":"Jaw Worm","floor":4.0,"turns":5.0},{"damage":0.0,"enemies":"2 Louse","floor":5.0,"turns":2.0},{"damage":9.0,"enemies":"Replay:BlueRogue","floor":6.0,"turns":7.0},{"damage":0.0,"enemies":"Lagavulin","floor":8.0,"turns":7.0},{"damage":1.0,"enemies":"Blue Slaver","floor":11.0,"turns":3.0},{"damage":10.0,"enemies":"3 Sentries","floor":12.0,"turns":3.0},{"damage":9.0,"enemies":"The Mushroom Lair","floor":14.0,"turns":3.0},{"damage":13.0,"enemies":"Hexaghost","floor":16.0,"turns":13.0},{"damage":0.0,"enemies":"Chosen","floor":18.0,"turns":7.0},{"damage":3.0,"enemies":"3 Byrds","floor":21.0,"turns":4.0},{"damage":0.0,"enemies":"Gremlin Leader","floor":24.0,"turns":4.0},{"damage":0.0,"enemies":"conspire:HollyBat","floor":25.0,"turns":7.0},{"damage":18.0,"enemies":"conspire:Head Lice","floor":27.0,"turns":7.0},{"damage":0.0,"enemies":"REME_1_Revenger","floor":30.0,"turns":6.0},{"damage":8.0,"enemies":"Sentry and Sphere","floor":31.0,"turns":4.0},{"damage":66.0,"enemies":"Automaton","floor":33.0,"turns":11.0},{"damage":0.0,"enemies":"Orb Walker","floor":35.0,"turns":4.0},{"damage":25.0,"enemies":"3 Shapes","floor":37.0,"turns":6.0},{"damage":0.0,"enemies":"Writhing Mass","floor":38.0,"turns":3.0},{"damage":0.0,"enemies":"Nemesis","floor":42.0,"turns":5.0},{"damage":0.0,"enemies":"R_Hoarder","floor":44.0,"turns":6.0},{"damage":1.0,"enemies":"Maw","floor":46.0,"turns":5.0},{"damage":0.0,"enemies":"Giant Head","floor":47.0,"turns":4.0},{"damage":0.0,"enemies":"4 Shapes","floor":48.0,"turns":2.0},{"damage":0.0,"enemies":"Transient","floor":49.0,"turns":6.0},{"damage":0.0,"enemies":"R_Hoarder","floor":50.0,"turns":9.0},{"damage":6.0,"enemies":"Awakened One","floor":52.0,"turns":10.0},{"damage":0.0,"enemies":"Time Eater","floor":53.0,"turns":7.0},{"damage":0,"enemies":"Shield and Spear","floor":57,"turns":6},{"damage":107,"enemies":"The Heart","floor":58,"turns":9}],"seed_played":"1766965360728317782","potions_obtained":[{"floor":3.0,"key":"GamblersBrew"},{"floor":5.0,"key":"DistilledChaos"},{"floor":12.0,"key":"Regen Potion"},{"floor":31.0,"key":"Block Potion"},{"floor":33.0,"key":"LiquidBronze"},{"floor":38.0,"key":"Energy Potion"},{"floor":57,"key":"Strength Potion"}],"is_trial":false,"path_per_floor":["M","?","?","M","M","E","R","E","T","R","M","E","$","?","R","B",null,"M","?","$","M","$","R","E","M","T","E","$","R","E","M","R","B",null,"M","$","M","M","$","PTL","PTL","E","R","E","T","M","E","M","M","E","R","B","B",null,"R","$","E","B",null],"character_chosen":"THE_SILENT","items_purchased":["Membership Card","Molten Egg 2","Eternal Feather","Ancient Tea Set","Centennial Puzzle","vexMod:PaidLearning","MerchantsRug","ReplayTheSpireMod:EnergyBall","PreservedInsect","ReplayTheSpireMod:CursedCoin","OrangePellets","Lantern","conspire:TopHat","Vampiric Spirits","Prepared+1","BargainBundle","Onion Ring","REME_ProfessionalPlagiarism","Flashbang"],"campfire_rested":0,"item_purchase_floors":[13,20,20,20,20,20,22,22,22,36,39,43,51,51,51,56,56,56,56],"current_hp_per_floor":[59,59,59,57,57,48,48,48,48,48,49,45,45,42,42,50,85,91,16,16,19,19,28,40,46,46,30,30,39,45,43,52,25,101,103,103,84,86,86,86,86,92,101,104,104,105,107,109,121,127,135,129,132,134,135,135,139,32],"gold":119,"neow_bonus":"NOSTALGIA","is_daily":false,"chose_seed":false,"campfire_upgraded":6,"win_rate":0.0,"timestamp":1611345228,"path_taken":["M","?","?","M","M","E","R","E","T","R","M","E","$","?","R","BOSS","M","?","$","M","$","R","E","M","T","E","?","R","E","?","R","BOSS","M","$","?","M","$","PTL","PTL","E","R","E","T","M","E","M","M","E","R","BOSS","BOSS","R","$","E","BOSS"],"items_purchased_type":["Relic","Relic","Relic","Relic","Relic","Relic","Relic","Relic","Relic","Relic","Relic","Relic","Relic","Relic","Card","Relic","Relic","Card","Potion"],"build_version":"2020-12-22","purchased_purges":6,"victory":true,"max_hp_per_floor":[66,66,66,66,66,66,66,66,66,66,66,70,70,74,74,78,92,96,96,96,100,100,100,110,114,114,114,114,114,118,122,122,126,126,126,126,130,130,130,130,130,134,134,135,135,135,135,135,135,135,135,135,135,135,135,135,139,139],"card_choices":[{"not_picked":["Outmaneuver","Slice"],"picked":"Blade Dance","floor":1.0},{"not_picked":["Well Laid Plans","Backflip"],"picked":"Accuracy","floor":3.0},{"not_picked":["conspire:PoisonWeapons","Deadly Poison","Fluid Movement"],"picked":"SKIP","floor":4.0},{"not_picked":["Uppercut","Quick Slash","Eviscerate"],"picked":"SKIP","floor":5.0},{"not_picked":["Hidden Blade","Dodge and Roll"],"picked":"Grand Finale","floor":6.0},{"not_picked":["Slice","FollowUp"],"picked":"Feed","floor":8.0},{"not_picked":["BowlingBash","ForeignInfluence","REME_ShadowStrike"],"picked":"SKIP","floor":11.0},{"not_picked":["Caltrops","Noxious Fumes","Choke"],"picked":"SKIP","floor":12.0},{"not_picked":["Doppelganger","ReplayTheSpireMod:From All Sides"],"picked":"Venomology","floor":16.0},{"not_picked":["Bane","Catalyst","Cloak And Dagger"],"picked":"SKIP","floor":18.0},{"not_picked":["Setup","Feed+1","Uppercut+1"],"picked":"SKIP","floor":21.0},{"not_picked":["Carnage+1","Poisoned Stab+1","Dagger Throw+1"],"picked":"SKIP","floor":24.0},{"not_picked":["FlyingSleeves+1","Dash+1","Clash+1"],"picked":"SKIP","floor":25.0},{"not_picked":["Concentrate","Dodge and Roll","Eviscerate+1"],"picked":"SKIP","floor":27.0},{"not_picked":["Headbutt+1","Heel Hook+1","Well Laid Plans"],"picked":"SKIP","floor":30.0},{"not_picked":["ReplayTheSpireMod:Scrap Shanks","All Out Attack+1","aspiration:Lunge+1"],"picked":"SKIP","floor":31.0},{"not_picked":["REME_CopyPotion","ReplayTheSpireMod:From All Sides+1"],"picked":"Adrenaline","floor":33.0},{"not_picked":["All Out Attack+1","Dodge and Roll","Quick Slash+1"],"picked":"SKIP","floor":35.0},{"not_picked":["Tactician","Slice+1","Quick Slash+1"],"picked":"SKIP","floor":37.0},{"not_picked":["Expertise","Fluid Movement","Poison Darts"],"picked":"SKIP","floor":38.0},{"not_picked":["Infernal Blade+1","Clash+1","Halt"],"picked":"SKIP","floor":42.0},{"not_picked":["Masterful Stab+1","Swivel"],"picked":"Backflip+1","floor":44.0},{"not_picked":["Deflect+1","WreathOfFlame+1","Dodge and Roll"],"picked":"SKIP","floor":46.0},{"not_picked":["All Out Attack+1","Whirlwind+1","Choke+1"],"picked":"SKIP","floor":47.0},{"not_picked":["Outmaneuver+1","Deadly Poison+1","EmptyFist+1"],"picked":"SKIP","floor":48.0},{"not_picked":["Expertise+1","conspire:DoublingDagger+1","PiercingWail+1"],"picked":"SKIP","floor":49.0},{"not_picked":["Night Terror","ReplayTheSpireMod:Tripwire"],"picked":"Calculated Gamble+1","floor":50.0},{"not_picked":["Bouncing Flask","ReplayTheSpireMod:Tripwire"],"picked":"REME_GreenPollution","floor":57}],"player_experience":707263,"relics_obtained":[{"floor":3.0,"key":"StrikeDummy"},{"floor":6.0,"key":"Replay:Bottled Flurry"},{"floor":8.0,"key":"Torii"},{"floor":9.0,"key":"Blood Vial"},{"floor":12.0,"key":"Bronze Scales"},{"floor":14.0,"key":"Odd Mushroom"},{"floor":17.0,"key":"Divine Protection"},{"floor":17.0,"key":"Mango"},{"floor":17.0,"key":"ReplayTheSpireMod:Lightbulb"},{"floor":24.0,"key":"vexMod:BerryBomb"},{"floor":26.0,"key":"Blue Doll"},{"floor":27.0,"key":"Omamori"},{"floor":30.0,"key":"ReplayFunnel"},{"floor":42.0,"key":"MealTicket"},{"floor":44.0,"key":"War Paint"},{"floor":47.0,"key":"vexMod:FocusSash"},{"floor":50.0,"key":"Pen Nib"},{"floor":57,"key":"Nunchaku"}],"event_choices":[{"cards_removed":["Strike_G"],"damage_healed":0.0,"max_hp_gain":0.0,"max_hp_loss":0.0,"gold_gain":0.0,"event_name":"The Cleric","player_choice":"Card Removal","floor":2.0,"gold_loss":75.0,"damage_taken":0.0},{"damage_healed":0.0,"max_hp_gain":0.0,"max_hp_loss":0.0,"gold_gain":0.0,"event_name":"Mushrooms","player_choice":"Fought Mushrooms","floor":14.0,"gold_loss":0.0,"damage_taken":0.0},{"damage_healed":0.0,"max_hp_gain":0.0,"max_hp_loss":0.0,"gold_gain":630.0,"event_name":"Knowing Skull","player_choice":"POTION GOLD GOLD GOLD GOLD GOLD GOLD GOLD ","floor":19.0,"potions_obtained":["conspire:TimeTravelPotion"],"gold_loss":0.0,"damage_taken":75.0,"cards_obtained":[]}],"is_beta":false,"boss_relics":[{"not_picked":["energizedSpire:HugeHouse","conspire:SlowCooker"],"picked":"Calling Bell"},{"not_picked":["vexMod:DeviousBotling","Busted Crown"],"picked":"aspiration:SecretTechniqueScroll"}],"items_purged_floors":[13,20,28,36,39,56],"is_endless":false,"potions_floor_spawned":[5,6,11,12,21,31,33,38,46,47,48,50,57],"ascension_level":20}}