{"host":"c44ey07ufggfw2m8","time":1611303781,"event":{"mods":["2.2 Compatiblity","BaseMod","Colored Map","DeckTracker","Highlight Path","Keyboard Shortcuts","Minty Spire (QoL Compilation)","Permanent Neow","Quick Restart","StSLib","SuperFastMode","UnlockEverythingMod"],"gold_per_floor":[114,134,149,149,166,196,196,215,215,64,83,83,103,178,178,280,280,252,252,252,252],"floor_reached":20,"language":"KOR","playtime":635,"items_purged":["Strike_G"],"score":238,"play_id":"a31ba520-4c34-4a4a-b248-8ee6e32515ea","local_time":"20210122172301","is_ascension_mode":true,"campfire_choices":[{"data":"Footwork","floor":7,"key":"SMITH"},{"data":"Noxious Fumes","floor":12,"key":"SMITH"},{"floor":15,"key":"REST"}],"circlet_count":0,"master_deck":["Strike_G","Defend_G","Defend_G","Defend_G","Defend_G","Survivor","Neutralize","Deadly Poison","Flying Knee","Infinite Blades","Masterful Stab","Footwork+1","Backflip","Noxious Fumes+1","Dagger Spray+1","Calculated Gamble","Venomology","Riddle With Holes+1","Footwork+1","Bouncing Flask+1","Acrobatics"],"relics":["SlaversCollar","Molten Egg 2","Gremlin Horn","Astrolabe"],"acts_visited":["Exordium","TheCity"],"potions_floor_usage":[16,18],"damage_taken":[{"damage":0,"enemies":"2 Louse","floor":1,"turns":4},{"damage":2,"enemies":"Cultist","floor":2,"turns":4},{"damage":8,"enemies":"Jaw Worm","floor":3,"turns":6},{"damage":9,"enemies":"Blue Slaver","floor":5,"turns":5},{"damage":7,"enemies":"Lagavulin","floor":6,"turns":7},{"damage":8,"enemies":"Looter","floor":8,"turns":3},{"damage":5,"enemies":"Red Slaver","floor":11,"turns":5},{"damage":0,"enemies":"Exordium Wildlife","floor":13,"turns":3},{"damage":15,"enemies":"The Guardian","floor":16,"turns":9},{"damage":18,"enemies":"2 Thieves","floor":18,"turns":5},{"damage":4,"enemies":"Shell Parasite","floor":20,"turns":2}],"seed_played":"5622381200521786295","potions_obtained":[{"floor":1,"key":"Fire Potion"},{"floor":8,"key":"GhostInAJar"},{"floor":13,"key":"SteroidPotion"},{"floor":16,"key":"Explosive Potion"}],"is_trial":false,"path_per_floor":["M","M","M","?","M","E","R","M","T","$","M","R","M","?","R","B",null,"M","?","M"],"character_chosen":"THE_SILENT","items_purchased":["Noxious Fumes"],"campfire_rested":1,"item_purchase_floors":[10],"current_hp_per_floor":[63,61,53,53,44,37,37,29,29,29,24,24,24,13,34,19,57,39,39,35,35],"gold":252,"neow_bonus":"BOSS_RELIC","is_daily":false,"chose_seed":false,"campfire_upgraded":2,"win_rate":0.0,"timestamp":1611303781,"path_taken":["M","M","M","?","M","E","R","M","T","?","M","R","M","?","R","BOSS","M","?","M"],"items_purchased_type":["Card"],"build_version":"2020-12-22","purchased_purges":1,"victory":false,"max_hp_per_floor":[70,70,70,70,70,70,70,70,70,70,70,70,70,70,70,70,70,70,70,70,70],"card_choices":[{"not_picked":["Eviscerate","Backflip"],"picked":"Deadly Poison","floor":1},{"not_picked":["Eviscerate","Acrobatics"],"picked":"Flying Knee","floor":2},{"not_picked":["Concentrate","Leg Sweep"],"picked":"Infinite Blades","floor":3},{"not_picked":["Slice","Deflect"],"picked":"Masterful Stab","floor":5},{"not_picked":["Poisoned Stab+1","Caltrops"],"picked":"Footwork","floor":6},{"not_picked":["Cloak And Dagger","Sucker Punch+1"],"picked":"Backflip","floor":8},{"not_picked":["Footwork","Dagger Throw+1"],"picked":"Dagger Spray+1","floor":11},{"not_picked":["Noxious Fumes","Bane+1"],"picked":"Calculated Gamble","floor":13},{"not_picked":["Die Die Die+1","Malaise"],"picked":"Venomology","floor":16},{"not_picked":["Blade Dance","Tactician"],"picked":"Acrobatics","floor":18}],"player_experience":51747,"relics_obtained":[{"floor":6,"key":"Molten Egg 2"},{"floor":9,"key":"Gremlin Horn"}],"event_choices":[{"damage_healed":0,"gold_gain":0,"player_choice":"Bought 0 Potions","damage_taken":0,"max_hp_gain":0,"max_hp_loss":0,"event_name":"The Woman in Blue","floor":4,"gold_loss":0},{"damage_healed":0,"gold_gain":75,"player_choice":"Gather Gold","damage_taken":11,"max_hp_gain":0,"max_hp_loss":0,"event_name":"World of Goop","floor":14,"gold_loss":0},{"cards_removed":["Strike_G"],"damage_healed":0,"gold_gain":0,"player_choice":"Elegance","damage_taken":0,"max_hp_gain":0,"max_hp_loss":0,"event_name":"Back to Basics","floor":19,"gold_loss":0}],"is_beta":false,"boss_relics":[{"not_picked":["Runic Dome","Cursed Key"],"picked":"Astrolabe"}],"items_purged_floors":[10],"is_endless":false,"potions_floor_spawned":[1,8,13,16],"killed_by":"Shell Parasite","ascension_level":7}}