{"host":"C","time":1611302375,"event":{"mods":["AchievementEnabler","BaseMod","Colored Map","Colored Powertips","Highlight Path","Minty Spire (QoL Compilation)","Quick Restart","StSLib","SuperFastMode"],"gold_per_floor":[115,115,115,130,155,194,194,238,261,284,284,302,302,323,323,454,454,475,475,495,385,398,398,431,446,446,446,2,2,41,41,41,166,166,189,189,209,229,12,48,0,20,99,99,99,143,109,109,109,109],"floor_reached":51,"language":"ENG","playtime":2428,"items_purged":["Strike_G","Strike_G","Strike_G"],"score":778,"play_id":"ffef3907-ba43-475b-8fca-a732fc621756","local_time":"20210122095935","is_ascension_mode":false,"campfire_choices":[{"floor":7.0,"key":"REST"},{"data":"Skewer","floor":11.0,"key":"SMITH"},{"data":"Crippling Poison","floor":13.0,"key":"SMITH"},{"data":"Catalyst","floor":15.0,"key":"SMITH"},{"data":"Calculated Gamble","floor":23,"key":"SMITH"},{"data":"Adrenaline","floor":27,"key":"SMITH"},{"floor":29,"key":"REST"},{"data":"Footwork","floor":32,"key":"SMITH"},{"data":"Leg Sweep","floor":45,"key":"SMITH"},{"floor":49,"key":"REST"}],"circlet_count":0,"master_deck":["Defend_G","Defend_G","Defend_G","Defend_G","Defend_G","Survivor","Neutralize","Footwork+1","Escape Plan","Sucker Punch","Dagger Spray","Die Die Die","PiercingWail","Skewer+1","Crippling Poison+1","Catalyst+1","Adrenaline+1","Dodge and Roll","Dark Shackles+1","Blur+1","Leg Sweep+1","Calculated Gamble+1","Prepared+1","Outmaneuver+1","Flying Knee","Escape Plan+1","Envenom","Noxious Fumes+1","Backstab+1","Trip","PiercingWail","Finisher","Backstab","Footwork","Writhe"],"relics":["Ring of the Snake","Golden Idol","Blood Vial","Bronze Scales","Orichalcum","SlaversCollar","Anchor","InkBottle","TwistedFunnel","War Paint","Shuriken","SacredBark","Gremlin Horn","Red Mask","Darkstone Periapt","Ornamental Fan"],"acts_visited":["Exordium","TheCity","TheBeyond"],"potions_floor_usage":[50,50,50],"damage_taken":[{"damage":0.0,"enemies":"2 Louse","floor":1.0,"turns":4.0},{"damage":2.0,"enemies":"Cultist","floor":4.0,"turns":4.0},{"damage":0.0,"enemies":"Small Slimes","floor":5.0,"turns":4.0},{"damage":22.0,"enemies":"Lagavulin","floor":6.0,"turns":10.0},{"damage":20.0,"enemies":"Gremlin Nob","floor":8.0,"turns":5.0},{"damage":4.0,"enemies":"Exordium Thugs","floor":10.0,"turns":4.0},{"damage":6.0,"enemies":"Gremlin Gang","floor":12.0,"turns":3.0},{"damage":0.0,"enemies":"Lots of Slimes","floor":14.0,"turns":1.0},{"damage":14.0,"enemies":"The Guardian","floor":16.0,"turns":9.0},{"damage":0.0,"enemies":"Chosen","floor":18.0,"turns":4.0},{"damage":0,"enemies":"3 Byrds","floor":20,"turns":3},{"damage":6,"enemies":"Snecko","floor":22,"turns":7},{"damage":7,"enemies":"Book of Stabbing","floor":24,"turns":5},{"damage":29,"enemies":"Centurion and Healer","floor":25,"turns":15},{"damage":10,"enemies":"Slavers","floor":30,"turns":6},{"damage":14,"enemies":"Champ","floor":33,"turns":9},{"damage":6,"enemies":"Orb Walker","floor":35,"turns":5},{"damage":0,"enemies":"3 Darklings","floor":37,"turns":4},{"damage":11,"enemies":"Transient","floor":38,"turns":5},{"damage":3,"enemies":"Nemesis","floor":40,"turns":5},{"damage":8,"enemies":"Spire Growth","floor":42,"turns":6},{"damage":38,"enemies":"Giant Head","floor":46,"turns":10},{"damage":24,"enemies":"Awakened One","floor":50,"turns":12}],"seed_played":"151697439021558885","potions_obtained":[{"floor":5.0,"key":"CultistPotion"},{"floor":10.0,"key":"Explosive Potion"},{"floor":16.0,"key":"Weak Potion"},{"floor":20,"key":"SpeedPotion"},{"floor":25,"key":"Regen Potion"},{"floor":30,"key":"Energy Potion"}],"is_trial":false,"path_per_floor":["M","?","?","M","M","E","R","E","T","M","R","M","R","M","R","B",null,"M","?","M","$","M","R","E","M","T","R","$","R","E","?","R","B",null,"M","?","M","M","$","E","?","M","T","?","R","E","$","?","R","B",null],"character_chosen":"THE_SILENT","items_purchased":["Leg Sweep","TwistedFunnel","War Paint","Flying Knee","Trip","Footwork"],"campfire_rested":3,"item_purchase_floors":[21,28,28,28,39,47],"current_hp_per_floor":[70,63,46,44,44,22,43,25,25,23,23,19,19,21,21,9,70,70,70,70,70,64,64,59,32,32,32,32,53,45,45,45,33,70,64,64,66,57,57,56,56,50,50,50,50,14,14,38,60,55],"gold":109,"neow_bonus":"THREE_CARDS","is_daily":false,"chose_seed":false,"campfire_upgraded":7,"win_rate":0.0,"timestamp":1611302375,"path_taken":["M","?","?","M","M","E","R","E","T","M","R","M","R","M","R","BOSS","M","?","M","?","M","R","E","M","T","R","$","R","E","?","R","BOSS","M","?","?","M","?","E","?","M","T","?","R","E","$","?","R","BOSS"],"items_purchased_type":["Card","Relic","Relic","Card","Card","Card"],"build_version":"2020-12-18","purchased_purges":3,"victory":true,"max_hp_per_floor":[70,70,70,70,70,70,70,70,70,70,70,70,70,70,70,70,70,70,70,70,70,70,70,70,70,70,70,70,70,70,70,70,70,70,70,70,70,70,70,70,70,70,70,70,70,70,70,76,76,76],"card_choices":[{"not_picked":["Expertise","Underhanded Strike"],"picked":"Footwork","floor":0.0},{"not_picked":["Outmaneuver","Poisoned Stab"],"picked":"Escape Plan","floor":1.0},{"not_picked":["Underhanded Strike","Slice"],"picked":"Sucker Punch","floor":4.0},{"not_picked":["Prepared","Sucker Punch"],"picked":"Dagger Spray","floor":5.0},{"not_picked":["Poisoned Stab","Bane"],"picked":"Die Die Die","floor":6.0},{"not_picked":["Choke","Calculated Gamble"],"picked":"PiercingWail","floor":8.0},{"not_picked":["Eviscerate","Deadly Poison"],"picked":"Skewer","floor":10.0},{"not_picked":["Slice","Dagger Throw"],"picked":"Crippling Poison","floor":12.0},{"not_picked":["Acrobatics","Quick Slash"],"picked":"Catalyst","floor":14.0},{"not_picked":["Phantasmal Killer","Night Terror"],"picked":"Adrenaline","floor":16.0},{"not_picked":["Flying Knee+1","All Out Attack"],"picked":"Dodge and Roll","floor":18.0},{"not_picked":["Cloak And Dagger","Sucker Punch"],"picked":"Blur","floor":20},{"not_picked":["Bane","Underhanded Strike"],"picked":"Calculated Gamble","floor":22},{"not_picked":["Slice+1","Poisoned Stab"],"picked":"Prepared+1","floor":24},{"not_picked":["Dagger Throw+1","Acrobatics"],"picked":"Outmaneuver+1","floor":25},{"not_picked":["Doppelganger","Underhanded Strike"],"picked":"Escape Plan+1","floor":30},{"not_picked":["Malaise","Night Terror"],"picked":"Envenom","floor":33},{"not_picked":["All Out Attack","Bane+1"],"picked":"Noxious Fumes","floor":35},{"not_picked":["Bane","Dagger Throw","Poisoned Stab"],"picked":"SKIP","floor":37},{"not_picked":["Cloak And Dagger+1","Dagger Throw+1"],"picked":"Backstab+1","floor":38},{"not_picked":["Deflect+1","Dodge and Roll+1"],"picked":"PiercingWail","floor":40},{"not_picked":["Deflect","Venomology"],"picked":"Finisher","floor":42},{"not_picked":["Sucker Punch+1","Dagger Spray"],"picked":"Backstab","floor":46}],"player_experience":24485,"relics_obtained":[{"floor":6.0,"key":"Blood Vial"},{"floor":8.0,"key":"Bronze Scales"},{"floor":9.0,"key":"Orichalcum"},{"floor":24,"key":"Anchor"},{"floor":26,"key":"InkBottle"},{"floor":30,"key":"Shuriken"},{"floor":40,"key":"Gremlin Horn"},{"floor":43,"key":"Darkstone Periapt"},{"floor":46,"key":"Ornamental Fan"}],"event_choices":[{"cards_removed":["Strike_G"],"damage_healed":0.0,"max_hp_gain":0.0,"max_hp_loss":0.0,"gold_gain":0.0,"event_name":"Golden Wing","player_choice":"Card Removal","floor":2.0,"gold_loss":0.0,"damage_taken":7.0},{"damage_healed":0.0,"max_hp_gain":0.0,"max_hp_loss":0.0,"gold_gain":0.0,"event_name":"Golden Idol","player_choice":"Take Damage","floor":3.0,"gold_loss":0.0,"damage_taken":17.0,"relics_obtained":["Golden Idol"]},{"damage_healed":0,"gold_gain":0,"player_choice":"2 cards matched","damage_taken":0,"max_hp_gain":0,"max_hp_loss":0,"event_name":"Match and Keep!","floor":19,"gold_loss":0,"cards_obtained":["Dark Shackles","Backstab"]},{"cards_removed":["Strike_G"],"damage_healed":0,"gold_gain":0,"player_choice":"Offered Basic","damage_taken":0,"max_hp_gain":0,"max_hp_loss":0,"event_name":"Bonfire Elementals","floor":31,"gold_loss":0},{"damage_healed":0,"gold_gain":0,"player_choice":"Forge","damage_taken":0,"max_hp_gain":0,"max_hp_loss":0,"event_name":"Accursed Blacksmith","floor":36,"gold_loss":0,"cards_upgraded":["Noxious Fumes"]},{"damage_healed":0,"gold_gain":0,"player_choice":"Paid","damage_taken":0,"relics_obtained":["Red Mask"],"max_hp_gain":0,"max_hp_loss":0,"event_name":"Tomb of Lord Red Mask","floor":41,"gold_loss":48},{"cards_removed":["Backstab"],"damage_healed":0,"gold_gain":0,"player_choice":"Removed Attack","damage_taken":0,"max_hp_gain":0,"max_hp_loss":0,"event_name":"Falling","floor":44,"gold_loss":0},{"damage_healed":18,"gold_gain":0,"player_choice":"Writhe","damage_taken":0,"max_hp_gain":0,"max_hp_loss":0,"event_name":"Winding Halls","floor":48,"gold_loss":0,"cards_obtained":["Writhe"]}],"is_beta":true,"boss_relics":[{"not_picked":["Runic Dome","Sozu"],"picked":"SlaversCollar"},{"not_picked":["Coffee Dripper","Busted Crown"],"picked":"SacredBark"}],"items_purged_floors":[21,28,39],"is_endless":false,"potions_floor_spawned":[5,10,16,20,25,30,40,42,46],"ascension_level":0}}