{"host":"27wa8ufp4ryspt1p","time":1611299383,"event":{"mods":["100% Spire Juice","2.2 Compatiblity","Abigail Mod","Act Like it!","Aspiration","BaseMod","Better Altar","Better Note","Better Skull","Better Third Choice","Colored Map","Conspire","Dota2Spire","Downfall-Rebalance","Elementarium","Energized Spire","Fox Events","Friendly Minions","Gensokyo","GifTheSpireLib","Gold Saver","Halation","Hallownest","HololiveMod","Hubris","Humility","Infinite Spire","Keyboard Shortcuts","Menagerie","Mimic Mod","Minty Spire (QoL Compilation)","Pale of the Ancients","Poor People Problems","Quarter Circle Forward PUNCH!","Reimu??????","Relic Sorter","Relic Stats","Replay The Spire","Reworked Bosses","Shop Mod","Spicy Shops","Spikes Relics","Spire Arcade","StSLib","Stuff the Spire","SuperFastMode","The Cursed","The Exalted","The Judge","The Necromancer","Trackpad","Waifu the Spire","Wandering Minibosses","[IsaacMod]????","??????REMEMod","????"],"gold_per_floor":[514,251,273,273,587,613,613,643,643,643,683,739,739,764,778,778,778,857,857,868,868,868,868,868,888,906,906,929,929,973,1025,1025,1070,571,571,571,572,572],"floor_reached":37,"language":"SPA","playtime":1362,"items_purged":["Pain"],"score":828,"play_id":"d6c25d62-a511-4f97-be8f-67d9e6d9ba43","local_time":"20210122010943","daily_mods":["SealedDeck","Colorless Cards","Heirloom","Elite Swarm","Lethality"],"is_ascension_mode":true,"campfire_choices":[{"floor":7,"key":"RECALL"},{"data":"Hololive_DurableLive","floor":13,"key":"SMITH"},{"data":"Hololive_CallOzoraSubaru","floor":17,"key":"SMITH"},{"data":"EpicFetus","floor":27,"key":"SMITH"},{"data":"ReplayTheSpireMod:Black Plague","floor":32,"key":"SMITH"},{"data":"hubris:EnhanceAbility","floor":36,"key":"SMITH"}],"circlet_count":0,"master_deck":["AscendersBane","Hololive_RevenueBasedLive","Hololive_Rebound","ReplayTheSpireMod:Private Reserves","hubris:EnhanceAbility+1","Hololive_CallShishiroBotan","Hololive_CallMurasakiShion","Hololive_CallTsunomakiWatame","StuffTheSpire:PlasmaPunch","Hololive_Rebound","Hololive_RevenueBasedLive","Hemogenesis","Hololive_Breathe","Hololive_FlyingPonyTail","REME_Flogging","Hololive_DurableLive+1","Hololive_CallOkamiMio","Mayhem","Panache","Hololive_CallOzoraSubaru+1","EpicFetus+1","expansioncontent:Chronoboost","StuffTheSpire:Innocence","WordoMod:Petrified","Amnesia","StuffTheSpire:Harmony","StuffTheSpire:Brawn","ReplayTheSpireMod:Black Plague+1","Hololive_CallUsadaPekora","HandOfGreed"],"relics":["Hololive_TheStar","HushsDoor","REME_ComplimentaryCards","halation:BlackBeret","Leech","StuffTheSpire:Saxophone","halation:EternalFortune","qcfpunch:Wild_Herbs_Ointment","Gensokyo:Companionship","AnarchistCookbook","TheBible","hubris:Backtick","Ice Cream","Elementarium:GolemsHeart","wanderingMiniBosses:Inkheart","ReplayTheSpireMod:Shallot","Replay:Bottled Snecko","Dota2Spire:UrnOfShadows","RoseTintedShades","MerchantsRug","Membership Card","Frozen Egg 2","Dota2Spire:EchoSabre","BloodDonationMachine"],"acts_visited":["Gensokyo:Gensokyo","Elementarium:Elementarium"],"potions_floor_usage":[3,12,14,26,31],"damage_taken":[{"damage":17,"enemies":"Gensokyo:3_Fairies","floor":3,"turns":4},{"damage":5,"enemies":"Gensokyo:Gryphon","floor":5,"turns":2},{"damage":16,"enemies":"Gensokyo:Cirno","floor":6,"turns":5},{"damage":0,"enemies":"Gensokyo:Aya","floor":8,"turns":3},{"damage":0,"enemies":"Gensokyo:Python","floor":11,"turns":5},{"damage":0,"enemies":"Gensokyo:Cirno","floor":12,"turns":4},{"damage":0,"enemies":"Gensokyo:Mamizou","floor":14,"turns":4},{"damage":0,"enemies":"Gensokyo:Python","floor":15,"turns":2},{"damage":0,"enemies":"Gensokyo:Yukari","floor":18,"turns":4},{"damage":0,"enemies":"Elementarium:Cyclone","floor":20,"turns":3},{"damage":0,"enemies":"Elementarium:VoidCorruption","floor":25,"turns":3},{"damage":0,"enemies":"Elementarium:RubyGolem","floor":26,"turns":3},{"damage":0,"enemies":"Elementarium:Hydrostalker","floor":28,"turns":6},{"damage":4,"enemies":"Elementarium:CYCLONE_AND_LIVING_STORMCLOUD","floor":30,"turns":4},{"damage":11,"enemies":"Elementarium:FIRE_NOBILITY","floor":31,"turns":4},{"damage":27,"enemies":"Nightmare","floor":33,"turns":7},{"damage":42,"enemies":"Elementarium:PHOENIXES","floor":37,"turns":5}],"seed_played":"8772013386117530331","potions_obtained":[{"floor":3,"key":"REME_GoldPotion"},{"floor":5,"key":"Swift Potion"},{"floor":8,"key":"SmokeBomb"},{"floor":14,"key":"REME_GoldPotion"},{"floor":15,"key":"SpeedPotion"},{"floor":20,"key":"Block Potion"},{"floor":28,"key":"Explosive Potion"}],"is_trial":true,"path_per_floor":["?","COS","M","?","M","E","R","E","PTL","PTL","MIM","E","R","E","M","?","R","B",null,"M","?","?","PTL","PTL","M","M","R","M","AVR","MIM","E","R","NM","R","T","R","B"],"character_chosen":"Hololive_HololiveCharacter","items_purchased":["MerchantsRug","Membership Card","Frozen Egg 2","Dota2Spire:EchoSabre"],"campfire_rested":0,"item_purchase_floors":[34,34,34,34],"current_hp_per_floor":[27,27,12,15,12,9,9,11,11,11,20,29,29,36,36,36,36,36,36,36,36,36,36,36,36,36,36,36,36,34,28,28,18,18,18,18,0,0],"gold":572,"neow_bonus":"","is_daily":false,"chose_seed":false,"campfire_upgraded":5,"win_rate":0.0,"timestamp":1611299383,"path_taken":["?","COS","M","?","M","E","R","E","PTL","PTL","MIM","E","R","E","M","?","R","BOSS","M","?","?","PTL","PTL","M","M","R","M","AVR","MIM","E","R","NM","R","?","R","BOSS"],"items_purchased_type":["Relic","Relic","Relic","Relic"],"build_version":"2020-12-22","purchased_purges":1,"victory":false,"max_hp_per_floor":[30,30,30,33,33,36,36,36,36,36,36,36,36,36,36,36,36,36,36,36,36,36,36,36,36,36,36,36,36,36,36,36,40,40,40,40,40,40],"relic_stats":{"counters":[17,68],"obtain_stats":[{"halation:BlackBeret":0,"AnarchistCookbook":8,"Ice Cream":19,"Dota2Spire:EchoSabre":34,"RoseTintedShades":33,"Leech":0,"qcfpunch:Wild_Herbs_Ointment":6,"hubris:Backtick":19,"Gensokyo:Companionship":8,"Replay:Bottled Snecko":30,"KeepersGift":0,"MerchantsRug":34,"Dota2Spire:UrnOfShadows":31,"StuffTheSpire:Saxophone":2,"Frozen Egg 2":34,"TheBible":12,"ReplayTheSpireMod:Shallot":29,"Hololive_TheStar":0,"halation:EternalFortune":4,"Elementarium:GolemsHeart":21,"Membership Card":34,"HushsDoor":0,"wanderingMiniBosses:Inkheart":28,"REME_ComplimentaryCards":0,"BloodDonationMachine":35},{"halation:BlackBeret":0,"AnarchistCookbook":4,"Ice Cream":9,"Dota2Spire:EchoSabre":16,"RoseTintedShades":16,"Leech":0,"qcfpunch:Wild_Herbs_Ointment":3,"hubris:Backtick":9,"Gensokyo:Companionship":4,"Replay:Bottled Snecko":14,"KeepersGift":0,"MerchantsRug":16,"Dota2Spire:UrnOfShadows":15,"StuffTheSpire:Saxophone":0,"Frozen Egg 2":16,"TheBible":6,"ReplayTheSpireMod:Shallot":13,"Hololive_TheStar":0,"halation:EternalFortune":1,"Elementarium:GolemsHeart":10,"Membership Card":16,"HushsDoor":0,"wanderingMiniBosses:Inkheart":13,"REME_ComplimentaryCards":0,"BloodDonationMachine":16},{"halation:BlackBeret":0,"AnarchistCookbook":14,"Ice Cream":33,"Dota2Spire:EchoSabre":63,"RoseTintedShades":63,"Leech":0,"qcfpunch:Wild_Herbs_Ointment":11,"hubris:Backtick":33,"Gensokyo:Companionship":12,"Replay:Bottled Snecko":52,"KeepersGift":0,"MerchantsRug":63,"Dota2Spire:UrnOfShadows":56,"StuffTheSpire:Saxophone":0,"Frozen Egg 2":63,"TheBible":23,"ReplayTheSpireMod:Shallot":48,"Hololive_TheStar":0,"halation:EternalFortune":4,"Elementarium:GolemsHeart":36,"Membership Card":63,"HushsDoor":0,"wanderingMiniBosses:Inkheart":48,"REME_ComplimentaryCards":0,"BloodDonationMachine":63}]},"card_choices":[{"not_picked":[],"picked":"ChaosCard","floor":0},{"not_picked":["Degenerate","Hololive_Sequa","Hololive_FlyingPonyTail"],"picked":"Hololive_Breathe","floor":3},{"not_picked":["Purity","Hololive_Watashimo","REME_HeartOfCthun"],"picked":"Hololive_FlyingPonyTail","floor":5},{"not_picked":["REME_MawOfCthun","REME_WheelOfFate","Secret Technique"],"picked":"REME_Flogging","floor":6},{"not_picked":["BloodyBrimstone","Panache","Magnetism"],"picked":"Hololive_DurableLive","floor":8},{"not_picked":["Hololive_Drill","Hololive_Psychosis","Hololive_Trident"],"picked":"Hololive_CallOkamiMio","floor":11},{"not_picked":["ReplayTheSpireMod:Brewmster","HandOfGreed","Master of Strategy"],"picked":"Mayhem","floor":12},{"not_picked":["Midas Touch","Secret Technique","REME_ProfessionalPlagiarism"],"picked":"Panache","floor":14},{"not_picked":["Hololive_Drill","Hololive_Trident","expansioncontent:Flail"],"picked":"Hololive_CallOzoraSubaru","floor":15},{"not_picked":["Hololive_Thief","expansioncontent:DashGenerateEvil","REME_AllRoundStrike"],"picked":"EpicFetus","floor":18},{"not_picked":["Hololive_Sequa","Hololive_FlyingPonyTail","Hololive_CocoNews+1"],"picked":"expansioncontent:Chronoboost","floor":20},{"not_picked":["infinitespire:Fortify","infinitespire:Menacing"],"picked":"ReplayTheSpireMod:Black Plague","floor":22},{"not_picked":["expansioncontent:CaCaw","REME_EyeOfCthun","Hololive_HuntDinosaur"],"picked":"Hololive_CallUsadaPekora","floor":25},{"not_picked":["Degenerate","expansioncontent:HyperBeam+1","Hololive_Breathe"],"picked":"Bomb","floor":26},{"not_picked":["Hololive_Breathe","Hololive_CocoNews+1","Hololive_HuntDinosaur"],"picked":"HandOfGreed","floor":28},{"not_picked":["REME_HeartOfCthun","Hololive_Recruit","ReplayTheSpireMod:Necrogeddon","The Bomb"],"picked":"SKIP","floor":31},{"not_picked":["Transmutation","Panache","Mayhem"],"picked":"ChaosCard","floor":33}],"player_experience":3933171,"relics_obtained":[{"floor":6,"key":"halation:EternalFortune"},{"floor":6,"key":"qcfpunch:Wild_Herbs_Ointment"},{"floor":8,"key":"AnarchistCookbook"},{"floor":12,"key":"TheBible"},{"floor":28,"key":"wanderingMiniBosses:Inkheart"},{"floor":30,"key":"Replay:Bottled Snecko"},{"floor":31,"key":"Dota2Spire:UrnOfShadows"},{"floor":33,"key":"RoseTintedShades"},{"floor":35,"key":"BloodDonationMachine"}],"event_choices":[{"damage_healed":0,"gold_gain":0,"player_choice":"Chest","damage_taken":0,"relics_obtained":["Elementarium:GolemsHeart"],"max_hp_gain":0,"max_hp_loss":0,"event_name":"Elementarium:AbandonedFactory","floor":21,"gold_loss":0,"cards_obtained":["Pain"]}],"is_beta":false,"boss_relics":[{"not_picked":["Bromod:ArcaneEnergize","Kintsugi"],"picked":"hubris:Backtick"},{"not_picked":[]}],"items_purged_floors":[29],"is_endless":false,"potions_floor_spawned":[3,5,8,14,15,20,28],"killed_by":"Elementarium:PHOENIXES","ascension_level":20}}