{"host":"usru02jcpe2a942d","time":1611277022,"event":{"mods":["Act Like it!","Ascension Reborn","BaseMod","Colored Powertips","Downfall","GifTheSpireLib","Highlight Path","Minty Spire (QoL Compilation)","Quick Restart","Relic Stats","StSLib","Waifu the Spire","óô»ðÖ¸ÄÏ"],"gold_per_floor":[99,115,132,252,271,391,391,414,414,10,32,48,48,33,46,160,160,160,280,297,297,316,338,366,415,315,240,600,616,676,694,716,831,831,831,854,877,877,891,891,949,962,742,402,402,436,453,470,493,493],"floor_reached":51,"language":"ZHS","playtime":2191,"items_purged":["downfall:Malfunctioning","Pride","hexamod:Defend+1","hexamod:Defend+1"],"score":200,"play_id":"f5cc1742-9c23-4934-bf59-5503b6c3e066","local_time":"20210122085702","is_ascension_mode":true,"campfire_choices":[{"floor":1,"key":"RECALL"},{"data":"expansioncontent:DashGenerateEvil","floor":18,"key":"SMITH"},{"floor":26,"key":"DIG"},{"floor":28,"key":"DIG"},{"floor":35,"key":"DIG"},{"floor":40,"key":"DIG"}],"circlet_count":0,"master_deck":["hexamod:Strike+1","hexamod:Strike+1","hexamod:Strike+1","hexamod:Strike+1","hexamod:Defend+1","hexamod:Defend+1","hexamod:Sear+1","hexamod:Float+1","hexamod:AdvancingGuard+1","hexamod:PhantomCloak+1","hexamod:EmpoweredFlame","hexamod:Sear+1","hexamod:InspiringFlames+1","hexamod:HeatShield+1","hexamod:GhostflameInferno+1","Trip+1","Doubt","expansioncontent:DashGenerateEvil+1","hexamod:TimeWarp+1","CurseOfTheBell","hexamod:HauntingEcho+1","hexamod:HeatCrush+1","hexamod:NightmareStrike+1","expansioncontent:DashGenerateEvil+1","hexamod:Again+1","hexamod:FlamesFromBeyond+1","hexamod:ApocalypseNow","hexamod:SpectralSpark+1","Pain","hexamod:StepThrough+1","hexamod:FlamesFromBeyond+1","expansioncontent:StudyTheSpire","hexamod:ExtraCrispy+1","hexamod:SpectersWail+1","hexamod:SwordOfDarkness+1"],"relics":["Busted Crown","downfall:GremlinSack","hexamod:BolsterEngine","Happy Flower","downfall:HeartBlessingRed","War Paint","Centennial Puzzle","Pear","Gremlin Horn","TungstenRod","Calling Bell","Bag of Marbles","Molten Egg 2","Du-Vu Doll","Gambling Chip","Question Card","MawBank","Shovel","downfall:HeartBlessingBlue","InkBottle","Old Coin","Art of War","MealTicket","Thread and Needle","Philosopher\u0027s Stone","Potion Belt","Pen Nib","Oddly Smooth Stone","Dead Branch","Juzu Bracelet","Unceasing Top","Pantograph"],"acts_visited":["Exordium","TheCity","TheBeyond"],"potions_floor_usage":[6,6,14,14,25,25,25,33,33,46,46,46,46,46,47,50,50,50],"damage_taken":[{"damage":0,"enemies":"Jaw Worm","floor":2,"turns":2},{"damage":0,"enemies":"2 Louse","floor":3,"turns":2},{"damage":0,"enemies":"Cultist","floor":5,"turns":3},{"damage":7,"enemies":"Cultist","floor":6,"turns":3},{"damage":0,"enemies":"Blue Slaver","floor":8,"turns":3},{"damage":0,"enemies":"Large Slime","floor":11,"turns":3},{"damage":0,"enemies":"Exordium Wildlife","floor":12,"turns":3},{"damage":0,"enemies":"downfall:FleeingMerchant","floor":14,"turns":4},{"damage":0,"enemies":"Blue Slaver","floor":15,"turns":2},{"damage":0,"enemies":"WA_ARCHETYPE_RETAIN","floor":16,"turns":8},{"damage":0,"enemies":"3 Byrds","floor":20,"turns":4},{"damage":0,"enemies":"Chosen","floor":22,"turns":3},{"damage":0,"enemies":"Shelled Parasite and Fungi","floor":23,"turns":2},{"damage":0,"enemies":"downfall:FleeingMerchant","floor":25,"turns":3},{"damage":0,"enemies":"Snecko","floor":29,"turns":2},{"damage":1,"enemies":"Snake Plant","floor":31,"turns":3},{"damage":0,"enemies":"Centurion and Healer","floor":32,"turns":2},{"damage":15,"enemies":"DF_ARCHETYPE_CLAW","floor":33,"turns":4},{"damage":0,"enemies":"Orb Walker","floor":36,"turns":2},{"damage":0,"enemies":"3 Darklings","floor":37,"turns":3},{"damage":0,"enemies":"Transient","floor":39,"turns":5},{"damage":0,"enemies":"Writhing Mass","floor":42,"turns":3},{"damage":30,"enemies":"Nemesis","floor":46,"turns":3},{"damage":0,"enemies":"Sphere and 2 Shapes","floor":47,"turns":1},{"damage":0,"enemies":"Transient","floor":48,"turns":5},{"damage":0,"enemies":"4 Shapes","floor":49,"turns":1},{"damage":4,"enemies":"SI_POISON_ARCHETYPE","floor":50,"turns":3}],"seed_played":"-573220358638625184","potions_obtained":[{"floor":2,"key":"Swift Potion"},{"floor":2,"key":"SkillPotion"},{"floor":3,"key":"Energy Potion"},{"floor":6,"key":"Fire Potion"},{"floor":6,"key":"Weak Potion"},{"floor":15,"key":"ColorlessPotion"},{"floor":15,"key":"Dexterity Potion"},{"floor":16,"key":"AttackPotion"},{"floor":25,"key":"Block Potion"},{"floor":29,"key":"Fire Potion"},{"floor":31,"key":"Regen Potion"},{"floor":32,"key":"Explosive Potion"},{"floor":32,"key":"Swift Potion"},{"floor":33,"key":"Ancient Potion"},{"floor":33,"key":"BlessingOfTheForge"},{"floor":36,"key":"champ:CounterPotion"},{"floor":36,"key":"hexamod:EctoCoolerPotion"},{"floor":42,"key":"SkillPotion"},{"floor":46,"key":"Fire Potion"},{"floor":47,"key":"AttackPotion"},{"floor":47,"key":"SpeedPotion"},{"floor":48,"key":"FearPotion"},{"floor":49,"key":"DuplicationPotion"}],"is_trial":false,"path_per_floor":["R","M","M","?","M","?","T","M","?","R","M","M","T","$","M","B",null,"R","?","M","?","M","M","T","$","R","$","R","M","T","M","M","B",null,"R","M","M","?","M","R","T","M","R","$","?","E","M","M","M","B",null],"character_chosen":"THE_SPIRIT","items_purchased":["War Paint","expansioncontent:DashGenerateEvil","expansioncontent:DashGenerateEvil+1","Shovel","expansioncontent:StudyTheSpire","Unceasing Top"],"campfire_rested":0,"item_purchase_floors":[10,10,25,25,43,44],"current_hp_per_floor":[77,77,77,77,77,70,70,70,70,70,70,70,84,84,84,94,94,94,94,94,94,94,94,94,94,104,104,104,104,104,103,103,98,111,111,111,111,111,111,111,111,111,111,111,111,81,81,81,81,117],"gold":493,"neow_bonus":"BOSS_RELIC","is_daily":false,"chose_seed":false,"campfire_upgraded":1,"win_rate":0.0,"timestamp":1611277022,"path_taken":["R","M","M","?","M","?","T","?","?","R","M","M","?","$","M","BOSS","R","?","M","?","M","M","T","?","R","?","R","M","?","M","M","BOSS","R","M","M","?","M","R","T","M","R","?","?","E","M","M","M","BOSS"],"items_purchased_type":["Relic","Card","Card","Relic","Card","Relic"],"build_version":"2020-12-22","purchased_purges":4,"victory":true,"max_hp_per_floor":[77,77,77,77,77,77,77,77,77,77,77,77,87,87,87,94,94,94,94,94,94,94,94,94,94,104,104,104,104,104,104,104,111,111,111,111,111,111,111,111,111,111,111,111,111,111,111,111,111,118],"relic_stats":{"Happy Flower":[24],"Gremlin Horn":[6,7],"counters":[27,82],"Dead Branch":[26],"Pen Nib":[4],"Juzu Bracelet":0,"War Paint":["hexamod:HeatShield","hexamod:GhostflameInferno"],"Question Card":14,"MawBank":14,"Centennial Puzzle":[12],"Busted Crown":54,"Shovel":4,"Gambling Chip":[10],"Pantograph":30,"MealTicket":0,"Art of War":[1],"obtain_stats":[{"Gremlin Horn":15,"Juzu Bracelet":41,"Old Coin":28,"Centennial Puzzle":13,"Shovel":25,"downfall:HeartBlessingBlue":26,"Gambling Chip":20,"Pantograph":46,"MealTicket":30,"Philosopher\u0027s Stone":34,"hexamod:SpiritBrand":0,"InkBottle":26,"Potion Belt":35,"Pear":13,"Happy Flower":7,"downfall:HeartBlessingRed":10,"Dead Branch":41,"Oddly Smooth Stone":40,"Thread and Needle":33,"Pen Nib":39,"War Paint":10,"Question Card":22,"MawBank":24,"Calling Bell":17,"Du-Vu Doll":17,"Busted Crown":0,"downfall:GremlinSack":6,"Molten Egg 2":17,"Bag of Marbles":17,"Art of War":30,"hexamod:BolsterEngine":7,"TungstenRod":16,"Unceasing Top":44},{"Gremlin Horn":9,"Juzu Bracelet":21,"Old Coin":14,"Centennial Puzzle":7,"Shovel":14,"downfall:HeartBlessingBlue":14,"Gambling Chip":11,"Pantograph":23,"MealTicket":15,"Philosopher\u0027s Stone":18,"hexamod:SpiritBrand":0,"InkBottle":14,"Potion Belt":18,"Pear":7,"Happy Flower":4,"downfall:HeartBlessingRed":5,"Dead Branch":21,"Oddly Smooth Stone":21,"Thread and Needle":18,"Pen Nib":21,"War Paint":5,"Question Card":12,"MawBank":13,"Calling Bell":10,"Du-Vu Doll":10,"Busted Crown":0,"downfall:GremlinSack":4,"Molten Egg 2":10,"Bag of Marbles":10,"Art of War":15,"hexamod:BolsterEngine":4,"TungstenRod":10,"Unceasing Top":22},{"Gremlin Horn":25,"Juzu Bracelet":66,"Old Coin":45,"Centennial Puzzle":19,"Shovel":45,"downfall:HeartBlessingBlue":45,"Gambling Chip":37,"Pantograph":72,"MealTicket":47,"Philosopher\u0027s Stone":56,"hexamod:SpiritBrand":0,"InkBottle":45,"Potion Belt":56,"Pear":19,"Happy Flower":10,"downfall:HeartBlessingRed":13,"Dead Branch":66,"Oddly Smooth Stone":66,"Thread and Needle":56,"Pen Nib":66,"War Paint":13,"Question Card":40,"MawBank":42,"Calling Bell":33,"Du-Vu Doll":33,"Busted Crown":0,"downfall:GremlinSack":10,"Molten Egg 2":33,"Bag of Marbles":33,"Art of War":47,"hexamod:BolsterEngine":10,"TungstenRod":33,"Unceasing Top":69}],"TungstenRod":33,"InkBottle":[21],"Unceasing Top":[0]},"card_choices":[{"not_picked":[],"picked":"hexamod:AdvancingGuard+1","floor":2},{"not_picked":[],"picked":"hexamod:PhantomCloak","floor":3},{"not_picked":[],"picked":"hexamod:EmpoweredFlame","floor":5},{"not_picked":["hexamod:InspiringFlames+1"],"picked":"SKIP","floor":8},{"not_picked":["hexamod:HauntingEcho+1"],"picked":"SKIP","floor":11},{"not_picked":["hexamod:FirstSeal"],"picked":"SKIP","floor":12},{"not_picked":["hexamod:ThermalTransfer"],"picked":"SKIP","floor":14},{"not_picked":["hexamod:SecondSeal"],"picked":"SKIP","floor":15},{"not_picked":[],"picked":"hexamod:TimeWarp","floor":16},{"not_picked":[],"picked":"hexamod:HauntingEcho+1","floor":20},{"not_picked":[],"picked":"hexamod:HeatCrush+1","floor":22},{"not_picked":["hexamod:ChargedBarrage"],"picked":"hexamod:NightmareStrike+1","floor":23},{"not_picked":["hexamod:HeatShield","hexamod:FourthSeal"],"picked":"SKIP","floor":25},{"not_picked":["hexamod:GhostLash+1","hexamod:InspiringFlames"],"picked":"SKIP","floor":29},{"not_picked":["hexamod:RadiantFlame+1"],"picked":"hexamod:Again+1","floor":31},{"not_picked":["hexamod:GhostLash+1"],"picked":"hexamod:FlamesFromBeyond+1","floor":32},{"not_picked":["hexamod:FlameSwitch"],"picked":"hexamod:ApocalypseNow","floor":33},{"not_picked":["hexamod:BurningTouch+1"],"picked":"hexamod:SpectralSpark+1","floor":36},{"not_picked":["hexamod:SuperheatedStrike+1","hexamod:Firestarter+1"],"picked":"SKIP","floor":37},{"not_picked":["hexamod:Hexaguard+1"],"picked":"hexamod:StepThrough+1","floor":39},{"not_picked":["hexamod:NightmareGuise+1"],"picked":"hexamod:FlamesFromBeyond+1","floor":42},{"not_picked":["hexamod:ParanormalForm"],"picked":"hexamod:ExtraCrispy+1","floor":46},{"not_picked":["hexamod:InspiringFlames+1"],"picked":"hexamod:SpectersWail+1","floor":47},{"not_picked":["hexamod:InspiringFlames+1"],"picked":"hexamod:SwordOfDarkness+1","floor":48},{"not_picked":["hexamod:SuperheatedStrike+1","hexamod:BacktrackSmack+1"],"picked":"SKIP","floor":49}],"player_experience":308801,"relics_obtained":[{"floor":6,"key":"downfall:GremlinSack"},{"floor":7,"key":"hexamod:BolsterEngine"},{"floor":7,"key":"Happy Flower"},{"floor":13,"key":"Centennial Puzzle"},{"floor":13,"key":"Pear"},{"floor":15,"key":"Gremlin Horn"},{"floor":16,"key":"TungstenRod"},{"floor":17,"key":"Bag of Marbles"},{"floor":17,"key":"Molten Egg 2"},{"floor":17,"key":"Du-Vu Doll"},{"floor":20,"key":"Gambling Chip"},{"floor":22,"key":"Question Card"},{"floor":24,"key":"MawBank"},{"floor":26,"key":"InkBottle"},{"floor":28,"key":"Old Coin"},{"floor":30,"key":"Art of War"},{"floor":30,"key":"MealTicket"},{"floor":33,"key":"Thread and Needle"},{"floor":35,"key":"Potion Belt"},{"floor":39,"key":"Pen Nib"},{"floor":40,"key":"Oddly Smooth Stone"},{"floor":41,"key":"Dead Branch"},{"floor":41,"key":"Juzu Bracelet"},{"floor":46,"key":"Pantograph"}],"event_choices":[{"damage_healed":0,"gold_gain":0,"player_choice":"Ignored","damage_taken":0,"max_hp_gain":0,"max_hp_loss":0,"event_name":"Vampires","floor":21,"gold_loss":0}],"is_beta":false,"boss_relics":[{"not_picked":["Astrolabe","Black Star"],"picked":"Calling Bell"},{"not_picked":["Cursed Key","hexamod:IceCube"],"picked":"Philosopher\u0027s Stone"}],"items_purged_floors":[10,27,43,44],"is_endless":false,"potions_floor_spawned":[2,6,15,16,31,32,33,36,37,42,47],"ascension_level":-20}}