{"host":"v3mpq6flurzldi5g","time":1611281233,"event":{"mods":["AchievementEnabler","BaseMod","Colored Powertips","Highlight Path","Jorbs\u0027s Wanderer Trilogy","Minty Spire (QoL Compilation)","StSLib"],"gold_per_floor":[119,138,2,16,16,16,34,34,34,34,34,61,61,91,91,188,188,177,177,21,34,34,34],"floor_reached":22,"language":"ENG","playtime":843,"items_purged":[],"score":273,"play_id":"a368275d-eb33-457e-968f-a482e8248d9f","local_time":"20210121210713","is_ascension_mode":true,"campfire_choices":[{"data":"Defend_B","floor":6.0,"key":"SMITH"},{"floor":10.0,"key":"REST"},{"floor":13.0,"key":"REST"},{"data":"Defend_B","floor":15.0,"key":"SMITH"}],"circlet_count":0,"master_deck":["AscendersBane","Strike_B","Strike_B","Strike_B","Strike_B","Defend_B+1","Defend_B+1","Defend_B+1","Defend_B+1","Zap","Dualcast","Gash","Gash","Panacea+1","Conserve Battery","Machine Learning","Conserve Battery+1"],"relics":["Cracked Core","Sundial","Shuriken","Cursed Key","Regal Pillow"],"acts_visited":["Exordium","TheCity"],"potions_floor_usage":[22,22],"damage_taken":[{"damage":0.0,"enemies":"2 Louse","floor":1.0,"turns":3.0},{"damage":0.0,"enemies":"Small Slimes","floor":2.0,"turns":3.0},{"damage":14.0,"enemies":"Jaw Worm","floor":4.0,"turns":3.0},{"damage":11.0,"enemies":"Looter","floor":7.0,"turns":3.0},{"damage":19.0,"enemies":"3 Sentries","floor":12.0,"turns":8.0},{"damage":53.0,"enemies":"Hexaghost","floor":16.0,"turns":10.0},{"damage":17.0,"enemies":"2 Thieves","floor":18.0,"turns":4.0},{"damage":18.0,"enemies":"3 Byrds","floor":21.0,"turns":7.0},{"damage":38,"enemies":"3 Cultists","floor":22,"turns":5}],"seed_played":"2271404044439943625","potions_obtained":[{"floor":1.0,"key":"Dexterity Potion"},{"floor":7.0,"key":"BlessingOfTheForge"},{"floor":12.0,"key":"AttackPotion"},{"floor":16.0,"key":"Ancient Potion"},{"floor":21.0,"key":"Weak Potion"}],"is_trial":false,"path_per_floor":["M","M","$","M","?","R","M","?","T","R","$","E","R","?","R","B",null,"M","?","$","M","M"],"character_chosen":"DEFECT","items_purchased":["Gash","Panacea","Regal Pillow"],"campfire_rested":2,"item_purchase_floors":[3,3,20],"current_hp_per_floor":[68,68,68,54,54,54,43,48,48,72,72,53,77,77,77,24,66,49,49,49,31,0,0],"gold":34,"neow_bonus":"UPGRADE_CARD","is_daily":false,"chose_seed":false,"campfire_upgraded":2,"win_rate":0.0,"timestamp":1611281233,"path_taken":["M","M","$","M","?","R","M","?","T","R","?","E","R","?","R","BOSS","M","?","$","M","M"],"items_purchased_type":["Card","Card","Relic"],"build_version":"2020-12-22","purchased_purges":0,"victory":false,"max_hp_per_floor":[75,75,75,75,75,75,75,80,80,80,80,80,80,80,80,80,80,80,80,80,80,80,80],"card_choices":[{"not_picked":["Consume","FTL","Rebound"],"picked":"SKIP","floor":1.0},{"not_picked":["Consume","FTL","Rebound"],"picked":"SKIP","floor":1.0},{"not_picked":["Cold Snap","Steam"],"picked":"Gash","floor":2.0},{"not_picked":["Fusion","Chill","Hologram"],"picked":"SKIP","floor":4.0},{"not_picked":["Steam","Beam Cell"],"picked":"Conserve Battery","floor":7.0},{"not_picked":["Storm","Creative AI","Sunder"],"picked":"SKIP","floor":12.0},{"not_picked":["Echo Form","Hyperbeam"],"picked":"Machine Learning","floor":16.0},{"not_picked":["Skim","Coolheaded+1"],"picked":"Conserve Battery+1","floor":18.0},{"not_picked":["Stack+1","Sunder","Compile Driver"],"picked":"SKIP","floor":21.0}],"player_experience":998625,"relics_obtained":[{"floor":9.0,"key":"Sundial"},{"floor":12.0,"key":"Shuriken"}],"event_choices":[{"damage_healed":0.0,"max_hp_gain":0.0,"max_hp_loss":0.0,"gold_gain":0.0,"event_name":"Living Wall","player_choice":"Grow","floor":5.0,"gold_loss":0.0,"damage_taken":0.0,"cards_upgraded":["Panacea"]},{"damage_healed":0.0,"max_hp_gain":5.0,"max_hp_loss":0.0,"gold_gain":0.0,"event_name":"Big Fish","player_choice":"Donut","floor":8.0,"gold_loss":0.0,"damage_taken":0.0},{"damage_healed":0.0,"max_hp_gain":0.0,"max_hp_loss":0.0,"gold_gain":30.0,"event_name":"Dead Adventurer","player_choice":"Searched \u00271\u0027 times","floor":14.0,"gold_loss":0.0,"damage_taken":0.0},{"damage_healed":0.0,"max_hp_gain":0.0,"max_hp_loss":0.0,"gold_gain":0.0,"event_name":"Upgrade Shrine","player_choice":"Upgraded","floor":19.0,"gold_loss":0.0,"damage_taken":0.0,"cards_upgraded":["Defend_B"]}],"is_beta":false,"boss_relics":[{"not_picked":["Runic Pyramid","Black Star"],"picked":"Cursed Key"}],"items_purged_floors":[],"is_endless":false,"potions_floor_spawned":[1,7,12,16,21],"killed_by":"3 Cultists","ascension_level":10}}