{"host":"fmb9x04chdot191d","time":1611356356,"event":{"mods":["2.2 Compatiblity","AchievementEnabler","BaseMod","BetterRewards","Downfall","Hermit","Highlight Path","Marisa（霧雨　魔理沙）","Minty Spire (QoL Compilation)","Permanent Neow","Quick Restart","Rare Cards Sparkle","StSLib","The Cursed","[IsaacMod]以撒尖塔"],"gold_per_floor":[111,123,140,140,153,178,1,27,27,27,54,54,54,67,67,164,164,178,178,188,188,188,188,217,217,217,217,232,261,261],"floor_reached":29,"language":"ENG","playtime":1447,"items_purged":["Defend_B"],"score":281,"play_id":"e095a541-21a1-485c-8787-75edba0934a6","local_time":"20210123115916","is_ascension_mode":false,"campfire_choices":[{"floor":10.0,"key":"REST"},{"data":"Chaos","floor":15.0,"key":"SMITH"},{"data":"Biased Cognition","floor":23,"key":"SMITH"},{"data":"Lockon","floor":25,"key":"SMITH"},{"data":"Multi-Cast","floor":27,"key":"SMITH"}],"circlet_count":0,"master_deck":["Strike_B+1","Strike_B+1","Zap","Dualcast","Leap","Lockon+1","Ball Lightning","Multi-Cast+1","Chaos+1","Redo","Consume","Beam Cell+1","Biased Cognition+1","Thunder Strike+1","Seek","Conserve Battery+1","Reinforced Body","Capacitor","Darkness","Defragment+1","Beam Cell+1"],"relics":["Cracked Core","HushsDoor","YumHeart","HornCleat","Molten Egg 2","PreservedInsect","Empty Cage","Darkstone Periapt","PreservedInsect","Incense Burner","Oddly Smooth Stone","BloodDonationMachine"],"acts_visited":["Exordium","TheCity"],"potions_floor_usage":[29],"damage_taken":[{"damage":1.0,"enemies":"Cultist","floor":1.0,"turns":3.0},{"damage":0.0,"enemies":"2 Louse","floor":2.0,"turns":3.0},{"damage":2.0,"enemies":"Jaw Worm","floor":3.0,"turns":2.0},{"damage":1.0,"enemies":"2 Fungi Beasts","floor":5.0,"turns":3.0},{"damage":8.0,"enemies":"Gremlin Nob","floor":6.0,"turns":3.0},{"damage":18.0,"enemies":"3 Sentries","floor":8.0,"turns":5.0},{"damage":2.0,"enemies":"Gremlin Nob","floor":11.0,"turns":3.0},{"damage":10.0,"enemies":"Exordium Thugs","floor":14.0,"turns":2.0},{"damage":45,"enemies":"Hexaghost","floor":16,"turns":8},{"damage":12,"enemies":"Shell Parasite","floor":18,"turns":3},{"damage":0,"enemies":"Spheric Guardian","floor":20,"turns":3},{"damage":18,"enemies":"Gremlin Leader","floor":24,"turns":3},{"damage":25,"enemies":"Centurion and Healer","floor":28,"turns":8},{"damage":30,"enemies":"Slavers","floor":29,"turns":4}],"seed_played":"4596810617435264704","potions_obtained":[{"floor":1.0,"key":"Explosive Potion"},{"floor":3.0,"key":"DuplicationPotion"},{"floor":5.0,"key":"SteroidPotion"},{"floor":16,"key":"Strength Potion"}],"is_trial":false,"path_per_floor":["M","M","M","?","M","E","$","E","T","R","E","$","?","M","R","B",null,"M","?","M","?","?","R","E","R","T","R","M","E"],"character_chosen":"DEFECT","items_purchased":["Chaos","Redo","Thunder Strike+1","Seek"],"campfire_rested":1,"item_purchase_floors":[7,7,17,17],"current_hp_per_floor":[74,74,72,57,75,67,67,49,49,71,69,69,62,52,75,30,68,56,56,56,68,68,68,50,50,50,50,50,20,20],"gold":261,"neow_bonus":"REMOVE_CARD","is_daily":false,"chose_seed":false,"campfire_upgraded":4,"win_rate":0.0,"timestamp":1611356356,"path_taken":["M","M","M","?","M","E","$","E","T","R","E","$","?","?","R","BOSS","M","?","M","?","?","R","E","R","T","R","?","E"],"items_purchased_type":["Card","Card","Card","Card"],"build_version":"2020-12-22","purchased_purges":1,"victory":false,"max_hp_per_floor":[75,75,75,75,75,75,75,75,75,75,75,75,75,75,75,75,68,68,68,68,68,68,68,68,68,68,68,68,68,68],"card_choices":[{"not_picked":["Hologram","Aggregate"],"picked":"Leap","floor":1.0},{"not_picked":["Beam Cell","Conserve Battery"],"picked":"Lockon","floor":2.0},{"not_picked":["Compile Driver","Hello World"],"picked":"Ball Lightning","floor":3.0},{"not_picked":["Stack","Rip and Tear","Sweeping Beam"],"picked":"SKIP","floor":5.0},{"not_picked":["Barrage","Reboot"],"picked":"Multi-Cast","floor":6.0},{"not_picked":["Cold Snap","Coolheaded"],"picked":"Consume","floor":8.0},{"not_picked":["Hologram","Sweeping Beam+1"],"picked":"Bomb","floor":11.0},{"not_picked":["Aggregate","Hologram"],"picked":"Beam Cell+1","floor":14.0},{"not_picked":["Fission","ElectricPowerLearning"],"picked":"Biased Cognition","floor":16},{"not_picked":["Consume+1","Streamline+1"],"picked":"Conserve Battery+1","floor":18},{"not_picked":["Stack","Streamline+1"],"picked":"Capacitor","floor":20},{"not_picked":["Redo","Fission"],"picked":"Darkness","floor":24},{"not_picked":["BootSequence","Fusion+1"],"picked":"Defragment+1","floor":28},{"not_picked":["Ball Lightning+1","Cold Snap+1"],"picked":"Beam Cell+1","floor":29}],"player_experience":27000,"relics_obtained":[{"floor":6.0,"key":"HornCleat"},{"floor":8.0,"key":"Diplopia"},{"floor":9.0,"key":"Molten Egg 2"},{"floor":11.0,"key":"PreservedInsect"},{"floor":24,"key":"Incense Burner"},{"floor":26,"key":"Oddly Smooth Stone"},{"floor":29,"key":"BloodDonationMachine"}],"event_choices":[{"damage_healed":0.0,"max_hp_gain":0.0,"max_hp_loss":0.0,"gold_gain":0.0,"event_name":"Shining Light","player_choice":"Entered Light","floor":4.0,"gold_loss":0.0,"damage_taken":15.0,"cards_upgraded":["Strike_B","Strike_B"]},{"cards_removed":["Defend_B"],"damage_healed":0.0,"max_hp_gain":0.0,"max_hp_loss":0.0,"gold_gain":0.0,"event_name":"Golden Wing","player_choice":"Card Removal","floor":13.0,"gold_loss":0.0,"damage_taken":7.0},{"damage_healed":0,"gold_gain":0,"cards_transformed":["Defend_B"],"player_choice":"Transformed","damage_taken":0,"max_hp_gain":0,"max_hp_loss":0,"event_name":"Transmorgrifier","floor":19,"gold_loss":0,"cards_obtained":["Reinforced Body"]},{"damage_healed":22,"gold_gain":0,"player_choice":"Heal","damage_taken":0,"max_hp_gain":0,"max_hp_loss":0,"event_name":"The Library","floor":21,"gold_loss":0},{"damage_healed":0,"gold_gain":0,"player_choice":"Opened","damage_taken":0,"relics_obtained":["Darkstone Periapt"],"max_hp_gain":0,"max_hp_loss":0,"event_name":"The Mausoleum","floor":22,"gold_loss":0}],"is_beta":false,"boss_relics":[{"not_picked":["Runic Dome","Snecko Eye"],"picked":"Empty Cage"},{"not_picked":[]}],"items_purged_floors":[7],"is_endless":false,"potions_floor_spawned":[1,3,5,16,24,28],"killed_by":"Slavers","ascension_level":0}}