{"host":"bq4pt811tk9yrmjl","time":1611344744,"event":{"mods":["AchievementEnabler","BaseMod","Colored Map","Colored Powertips","Defuse TimeMaze Blight","Hermit","Minty Spire (QoL Compilation)","StSLib","SuperFastMode"],"gold_per_floor":[114,289,289,299,299,331,331,364,411,433,446,11,11,11,11,113,113,131,46,46,57,76,76,111,111,191,191,191,39,49,64,64,162,162,179,179,229,229,229,254,274,301,301,321,321,4,20,20,20,20,20,20,20,20,20],"floor_reached":54,"language":"ENG","playtime":1123,"items_purged":["Doubt"],"score":755,"play_id":"190a6d45-58f5-47d7-9a88-6d38072c1f87","local_time":"20210122174544","is_ascension_mode":true,"campfire_choices":[{"data":"Bash","floor":7,"key":"SMITH"},{"data":"Bludgeon","floor":13,"key":"SMITH"},{"data":"Anger","floor":15,"key":"SMITH"},{"floor":23,"key":"RECALL"},{"data":"Iron Wave","floor":28,"key":"SMITH"},{"data":"Strike_R","floor":32,"key":"SMITH"},{"floor":45,"key":"REST"},{"floor":49,"key":"REST"},{"data":"Defend_R","floor":52,"key":"SMITH"}],"circlet_count":0,"master_deck":["Strike_R+1","Defend_R+1","Defend_R","Defend_R+1","Defend_R+1","Bash+1","Bludgeon+1","Anger+1","Impervious+1","Flame Barrier+1","Seeing Red+1","Good Instincts+1","Iron Wave+1","Twin Strike+1","True Grit+1","Armaments+1","Limit Break+1","Searing Blow+1","Reaper+1","Spot Weakness+1","Uppercut+1","Shockwave+1","Heavy Blade+1"],"relics":["Burning Blood","NeowsBlessing","Anchor","Toy Ornithopter","Bronze Scales","Odd Mushroom","Toxic Egg 2","Empty Cage","Mercury Hourglass","Sundial","HornCleat","PreservedInsect","Astrolabe","Turnip","Centennial Puzzle","War Paint","White Beast Statue","Mummified Hand"],"acts_visited":["Exordium","TheCity","TheBeyond","TheEnding"],"potions_floor_usage":[8,8,16,22,22,31,33,40,42,50,50,50],"damage_taken":[{"damage":0,"enemies":"Small Slimes","floor":1,"turns":1},{"damage":0,"enemies":"2 Louse","floor":4,"turns":1},{"damage":0,"enemies":"3 Sentries","floor":6,"turns":2},{"damage":24,"enemies":"Lagavulin","floor":8,"turns":5},{"damage":3,"enemies":"The Mushroom Lair","floor":10,"turns":3},{"damage":0,"enemies":"Cultist","floor":11,"turns":3},{"damage":45,"enemies":"Hexaghost","floor":16,"turns":6},{"damage":0,"enemies":"Chosen","floor":18,"turns":2},{"damage":0,"enemies":"3 Byrds","floor":21,"turns":3},{"damage":1,"enemies":"Snecko","floor":22,"turns":4},{"damage":24,"enemies":"Book of Stabbing","floor":24,"turns":5},{"damage":0,"enemies":"Snake Plant","floor":30,"turns":3},{"damage":3,"enemies":"Centurion and Healer","floor":31,"turns":6},{"damage":74,"enemies":"Champ","floor":33,"turns":15},{"damage":23,"enemies":"3 Darklings","floor":35,"turns":9},{"damage":23,"enemies":"Mind Bloom Boss Battle","floor":37,"turns":15},{"damage":9,"enemies":"Nemesis","floor":40,"turns":7},{"damage":0,"enemies":"Orb Walker","floor":41,"turns":3},{"damage":52,"enemies":"Giant Head","floor":42,"turns":8},{"damage":9,"enemies":"Jaw Worm Horde","floor":44,"turns":6},{"damage":22,"enemies":"Maw","floor":47,"turns":8},{"damage":66,"enemies":"Time Eater","floor":50,"turns":11},{"damage":60,"enemies":"Shield and Spear","floor":54,"turns":5}],"seed_played":"7459389637429138171","potions_obtained":[{"floor":1,"key":"Strength Potion"},{"floor":6,"key":"Block Potion"},{"floor":11,"key":"Fire Potion"},{"floor":18,"key":"Swift Potion"},{"floor":21,"key":"Weak Potion"},{"floor":30,"key":"GamblersBrew"},{"floor":31,"key":"Weak Potion"},{"floor":35,"key":"EssenceOfSteel"},{"floor":37,"key":"CultistPotion"},{"floor":42,"key":"CultistPotion"},{"floor":44,"key":"PowerPotion"},{"floor":47,"key":"GamblersBrew"}],"is_trial":false,"path_per_floor":["M","?","?","M","?","E","R","E","T","?","M","$","R","$","R","B",null,"M","?","?","M","M","R","E","?","T","?","R","$","M","M","R","B",null,"M","?","?","?","?","E","M","E","T","M","R","$","M","$","R","B",null,"R","$","E"],"character_chosen":"IRONCLAD","items_purchased":["Bludgeon","Anger","Toxic Egg 2","PreservedInsect","Mummified Hand"],"campfire_rested":2,"item_purchase_floors":[12,12,12,29,46],"current_hp_per_floor":[80,80,64,70,63,69,69,51,51,54,60,60,60,60,60,26,80,80,80,80,80,80,80,62,62,62,62,62,62,68,76,76,12,80,73,73,72,72,72,74,80,34,34,31,55,55,58,58,80,48,80,80,80,20,20],"gold":20,"neow_bonus":"THREE_ENEMY_KILL","is_daily":false,"chose_seed":false,"campfire_upgraded":6,"win_rate":0.0,"timestamp":1611344744,"path_taken":["M","?","?","M","?","E","R","E","T","?","M","$","R","$","R","BOSS","M","?","?","?","M","R","E","?","T","?","R","$","M","?","R","BOSS","M","?","?","?","?","E","M","E","T","M","R","$","M","$","R","BOSS","R","$","E"],"items_purchased_type":["Card","Card","Relic","Relic","Relic"],"build_version":"2020-12-22","purchased_purges":1,"victory":false,"max_hp_per_floor":[80,80,80,80,80,80,80,80,80,80,80,80,80,80,80,80,80,80,80,80,80,80,80,80,80,80,80,80,80,80,80,80,80,80,80,80,80,80,80,80,80,80,80,80,80,80,80,80,80,80,80,80,80,80,80],"card_choices":[{"not_picked":["Entrench","Havoc","Clothesline"],"picked":"SKIP","floor":1},{"not_picked":["Clothesline","Hemokinesis","Feel No Pain"],"picked":"SKIP","floor":4},{"not_picked":["Thunderclap","Sword Boomerang","Clothesline"],"picked":"SKIP","floor":6},{"not_picked":["Shrug It Off","Twin Strike"],"picked":"Thunderclap","floor":8},{"not_picked":["Thunderclap","Evolve","Pommel Strike"],"picked":"SKIP","floor":11},{"not_picked":["Feed","Demon Form"],"picked":"Impervious+1","floor":16},{"not_picked":["Perfected Strike","Whirlwind+1"],"picked":"Flame Barrier+1","floor":18},{"not_picked":["Perfected Strike","Clothesline"],"picked":"Iron Wave","floor":21},{"not_picked":["Second Wind+1","Battle Trance+1"],"picked":"Twin Strike+1","floor":22},{"not_picked":["Warcry+1","Twin Strike"],"picked":"True Grit+1","floor":24},{"not_picked":["Rupture","Pommel Strike","Sever Soul"],"picked":"SKIP","floor":30},{"not_picked":["Reaper","Shrug It Off+1"],"picked":"Armaments+1","floor":31},{"not_picked":["Impervious+1","Offering+1"],"picked":"Limit Break+1","floor":33},{"not_picked":["Body Slam","Burning Pact+1"],"picked":"Spot Weakness+1","floor":35},{"not_picked":["Headbutt","Hemokinesis"],"picked":"Uppercut+1","floor":40},{"not_picked":["Carnage","Armaments+1","Thunderclap"],"picked":"SKIP","floor":41},{"not_picked":["Anger+1","Inflame"],"picked":"Shockwave+1","floor":42},{"not_picked":["Headbutt+1","Iron Wave","Clothesline"],"picked":"SKIP","floor":44},{"not_picked":["Dual Wield+1","Armaments+1"],"picked":"Heavy Blade+1","floor":47}],"player_experience":210213,"relics_obtained":[{"floor":6,"key":"Anchor"},{"floor":8,"key":"Toy Ornithopter"},{"floor":9,"key":"Bronze Scales"},{"floor":10,"key":"Odd Mushroom"},{"floor":24,"key":"Sundial"},{"floor":37,"key":"Turnip"},{"floor":40,"key":"Centennial Puzzle"},{"floor":42,"key":"War Paint"},{"floor":43,"key":"White Beast Statue"}],"event_choices":[{"damage_healed":0,"gold_gain":175,"player_choice":"AGREE","damage_taken":0,"max_hp_gain":0,"max_hp_loss":0,"event_name":"Liars Game","floor":2,"gold_loss":0,"cards_obtained":["Doubt"]},{"damage_healed":0,"gold_gain":0,"player_choice":"Entered Light","damage_taken":16,"max_hp_gain":0,"max_hp_loss":0,"event_name":"Shining Light","floor":3,"gold_loss":0,"cards_upgraded":["Strike_R","Strike_R"]},{"cards_removed":["Doubt"],"damage_healed":0,"gold_gain":0,"player_choice":"Card Removal","damage_taken":7,"max_hp_gain":0,"max_hp_loss":0,"event_name":"Golden Wing","floor":5,"gold_loss":0},{"damage_healed":0,"gold_gain":0,"player_choice":"Fought Mushrooms","damage_taken":0,"max_hp_gain":0,"max_hp_loss":0,"event_name":"Mushrooms","floor":10,"gold_loss":0},{"damage_healed":0,"gold_gain":0,"player_choice":"Obtained Relic","damage_taken":0,"relics_obtained":["Mercury Hourglass"],"max_hp_gain":0,"max_hp_loss":0,"event_name":"Addict","floor":19,"gold_loss":85},{"damage_healed":0,"gold_gain":0,"player_choice":"2 cards matched","damage_taken":0,"max_hp_gain":0,"max_hp_loss":0,"event_name":"Match and Keep!","floor":20,"gold_loss":0,"cards_obtained":["Seeing Red","Good Instincts"]},{"damage_healed":0,"gold_gain":0,"player_choice":"Ignored","damage_taken":0,"max_hp_gain":0,"max_hp_loss":0,"event_name":"Beggar","floor":25,"gold_loss":0},{"damage_healed":0,"gold_gain":0,"player_choice":"Opened","damage_taken":0,"relics_obtained":["HornCleat"],"max_hp_gain":0,"max_hp_loss":0,"event_name":"The Mausoleum","floor":27,"gold_loss":0,"cards_obtained":["Writhe"]},{"cards_removed":["Strike_R"],"damage_healed":0,"gold_gain":0,"player_choice":"Removed Attack","damage_taken":0,"max_hp_gain":0,"max_hp_loss":0,"event_name":"Falling","floor":36,"gold_loss":0},{"damage_healed":0,"gold_gain":0,"player_choice":"Fight","damage_taken":0,"max_hp_gain":0,"max_hp_loss":0,"event_name":"MindBloom","floor":37,"gold_loss":0},{"damage_healed":0,"gold_gain":0,"player_choice":"Ignored","damage_taken":0,"max_hp_gain":0,"max_hp_loss":0,"event_name":"Tomb of Lord Red Mask","floor":38,"gold_loss":0},{"damage_healed":0,"gold_gain":0,"player_choice":"Ignored","damage_taken":0,"max_hp_gain":0,"max_hp_loss":0,"event_name":"Mysterious Sphere","floor":39,"gold_loss":0}],"is_beta":false,"boss_relics":[{"not_picked":["Philosopher\u0027s Stone","Runic Dome"],"picked":"Empty Cage"},{"not_picked":["Black Star","Runic Pyramid"],"picked":"Astrolabe"}],"items_purged_floors":[46],"is_endless":false,"potions_floor_spawned":[1,6,11,18,21,30,31,35,37,42,44,47],"killed_by":"Shield and Spear","ascension_level":1}}