{"host":"w8xisjf5mgmfjvmt","time":1611299618,"event":{"mods":["BaseMod","BetterRewards","Challenge The Spire","Conspire","Dota2Spire","Energized Spire","Filter the Spire","Minty Spire (QoL Compilation)","Quarter Circle Forward PUNCH!","Quick Restart","Relic Stats","Replay The Spire","Shop Mod","Spicy Shops","StSLib","Starting Relic: Pandora\u0027s Box","¡¾ÒÅÎï¿¨ÅÆ¡¿REMEMod","óô»ðÖ¸ÄÏ"],"gold_per_floor":[11,27,27,46,46,46,46,60,134,58,99,111,123,154,166,271,283,310,322,379,409,421,421],"floor_reached":22,"language":"ZHS","playtime":592,"items_purged":[],"score":468,"play_id":"fd9372ed-9c05-4b03-9256-99cfd6c98ef8","local_time":"20210122151338","is_ascension_mode":true,"campfire_choices":[{"data":"Catalyst","floor":6.0,"key":"SMITH"},{"data":"REME_GreenPollution","floor":12.0,"key":"SMITH"},{"data":"Deadly Poison","floor":15.0,"key":"SMITH"}],"circlet_count":0,"master_deck":["AscendersBane","Survivor","Neutralize","Acrobatics","Reflex","Deadly Poison+1","Bane","Acrobatics","Setup","Flying Knee","REME_GreenPollution+1","Sucker Punch","Corpse Explosion","Poisoned Strike","PiercingWail","Catalyst+1","Cloak And Dagger","Deflect","REME_GreenPollution","Crippling Poison","Tools of the Trade","Replay:Poison Smokescreen"],"relics":["Pandora\u0027s Box","REME_ComplimentaryCards","Golden Idol","conspire:BottledYoYo","MawBank","energizedSpire:RedRose","Anchor"],"acts_visited":["Exordium","TheCity"],"potions_floor_usage":[],"damage_taken":[{"damage":0.0,"enemies":"Cultist","floor":1.0,"turns":3.0},{"damage":1.0,"enemies":"Jaw Worm","floor":2.0,"turns":3.0},{"damage":0.0,"enemies":"2 Louse","floor":4.0,"turns":2.0},{"damage":1.0,"enemies":"Blue Slaver","floor":8.0,"turns":2.0},{"damage":0.0,"enemies":"3 Sentries","floor":11.0,"turns":3.0},{"damage":8.0,"enemies":"Lots of Slimes","floor":14.0,"turns":2.0},{"damage":29.0,"enemies":"The Guardian","floor":16.0,"turns":6.0},{"damage":18,"enemies":"2 Thieves","floor":18,"turns":3},{"damage":10,"enemies":"conspire:MimicChest","floor":20,"turns":5},{"damage":21,"enemies":"Chosen","floor":21,"turns":5},{"damage":0,"enemies":"Shelled Parasite and Fungi","floor":22,"turns":1}],"seed_played":"8962851270241231600","potions_obtained":[{"floor":2.0,"key":"Dota2Spire:HealingSalve"},{"floor":8.0,"key":"Fire Potion"},{"floor":14.0,"key":"CultistPotion"},{"floor":16.0,"key":"REME_GoldPotion"},{"floor":20,"key":"Toxic Potion"}],"is_trial":false,"path_per_floor":["M","M","?","M","?","R","?","M","T","$","E","R","$","M","R","B",null,"M","$","?","M","M"],"character_chosen":"THE_SILENT","items_purchased":["REME_GreenPollution"],"campfire_rested":0,"item_purchase_floors":[10],"current_hp_per_floor":[59,58,58,58,58,58,58,57,57,57,57,57,57,49,49,23,51,33,33,23,2,2,2],"gold":421,"neow_bonus":"THREE_RARE_CARDS","is_daily":false,"chose_seed":false,"campfire_upgraded":3,"win_rate":0.0,"timestamp":1611299618,"path_taken":["M","M","?","M","?","R","?","M","T","?","E","R","$","M","R","BOSS","M","?","?","?","M"],"items_purchased_type":["Card"],"build_version":"2020-12-22","purchased_purges":0,"victory":false,"max_hp_per_floor":[66,66,60,60,60,60,60,60,60,60,60,60,60,60,60,60,60,60,60,60,60,60,60],"relic_stats":{"counters":[11,35],"Golden Idol":53,"Pandora\u0027s Box":[],"MawBank":132,"obtain_stats":[{"energizedSpire:RedRose":17,"Anchor":20,"Golden Idol":3,"Pandora\u0027s Box":0,"conspire:BottledYoYo":9,"MawBank":11,"REME_ComplimentaryCards":0},{"energizedSpire:RedRose":7,"Anchor":9,"Golden Idol":2,"Pandora\u0027s Box":0,"conspire:BottledYoYo":4,"MawBank":5,"REME_ComplimentaryCards":0},{"energizedSpire:RedRose":21,"Anchor":29,"Golden Idol":6,"Pandora\u0027s Box":0,"conspire:BottledYoYo":10,"MawBank":13,"REME_ComplimentaryCards":0}]},"card_choices":[{"not_picked":["A Thousand Cuts","Unload"],"picked":"Corpse Explosion","floor":0.0},{"not_picked":["ReplayTheSpireMod:Shiv Toss","Setup"],"picked":"PiercingWail","floor":1.0},{"not_picked":["Quick Slash","Flying Knee"],"picked":"Catalyst","floor":2.0},{"not_picked":["All Out Attack","Dagger Spray"],"picked":"Cloak And Dagger","floor":4.0},{"not_picked":["Underhanded Strike","Acrobatics"],"picked":"Deflect","floor":8.0},{"not_picked":["Dodge and Roll","Slice"],"picked":"Crippling Poison","floor":11.0},{"not_picked":["Dagger Spray","PiercingWail","Storm of Steel"],"picked":"SKIP","floor":14.0},{"not_picked":["Die Die Die","Glass Knife"],"picked":"Tools of the Trade","floor":16.0},{"not_picked":["Well Laid Plans","Terror"],"picked":"Replay:Poison Smokescreen","floor":18},{"not_picked":["Finisher","Eviscerate","Riddle With Holes"],"picked":"SKIP","floor":21}],"player_experience":1204548,"relics_obtained":[{"floor":9.0,"key":"conspire:BottledYoYo"},{"floor":11.0,"key":"MawBank"},{"floor":20,"key":"Anchor"}],"event_choices":[{"damage_healed":0.0,"max_hp_gain":0.0,"max_hp_loss":6.0,"gold_gain":0.0,"event_name":"Golden Idol","player_choice":"Lose Max HP","floor":3.0,"gold_loss":0.0,"damage_taken":0.0,"relics_obtained":["Golden Idol"]}],"is_beta":false,"boss_relics":[{"not_picked":["Calling Bell","Empty Cage"],"picked":"energizedSpire:RedRose"}],"items_purged_floors":[],"is_endless":false,"potions_floor_spawned":[2,8,14,16,20],"killed_by":"Shelled Parasite and Fungi","ascension_level":20}}