{"host":"jm9833yuloeli2yd","time":1611356143,"event":{"mods":["BaseMod","Better Altar","Better Match","Better Note","Better Sensory Stone","Better Skull","Better Third Choice","Better Vampires","BetterRewards","Colored Map","Colored Powertips","DeckTracker","Minty Spire (QoL Compilation)","Permanent Neow","Quick Restart","Slay-I","StSLib","SuperFastMode"],"gold_per_floor":[119,119,137,152,152,152,181,181,204,204,216,216,235,110,110,186,186,197,211,211,171,187,222,222,254,254,6,16,43,73,99,99,172,172,182,202,218,218,231,231,264,264,291,291,307,307,319,351,351,351,351,351],"floor_reached":51,"language":"ENG","playtime":2876,"items_purged":[],"score":1695,"play_id":"8e89eb7a-a29d-42f9-a2d9-799669a676e8","local_time":"20210122175543","is_ascension_mode":true,"campfire_choices":[{"data":"Apotheosis","floor":6.0,"key":"SMITH"},{"floor":8.0,"key":"REST"},{"data":"Discovery","floor":10.0,"key":"SMITH"},{"data":"Neutralize","floor":15.0,"key":"SMITH"},{"floor":24.0,"key":"RECALL"},{"floor":32.0,"key":"REST"},{"floor":40.0,"key":"REST"},{"floor":44.0,"key":"DIG"},{"floor":46.0,"key":"DIG"},{"floor":49,"key":"DIG"}],"circlet_count":0,"master_deck":["AscendersBane","Strike_G","Strike_G","Strike_G","Strike_G","Defend_G","Defend_G","Defend_G","Defend_G","Defend_G","Survivor","Neutralize+1","Apotheosis+1","All Out Attack","Discovery+1","Skewer","Blur","All Out Attack","Unload+1","Blur+1","Adrenaline","PiercingWail","Deadly Poison+1","Backflip","Footwork","Adrenaline","Night Terror","Catalyst","Dodge and Roll","Night Terror","Prepared+1","Leg Sweep","Well Laid Plans","Madness","Madness","Adrenaline","Masterful Stab+1","Escape Plan"],"relics":["Ring of the Snake","Anchor","Potion Belt","Fusion Hammer","Bottled Lightning","Omamori","StrikeDummy","DollysMirror","Ancient Tea Set","Red Mask","Shuriken","Cursed Key","Shovel","Ornamental Fan","Juzu Bracelet","Toy Ornithopter","Pear"],"acts_visited":["Exordium","TheCity","TheBeyond"],"potions_floor_usage":[48,50],"damage_taken":[{"damage":1.0,"enemies":"2 Louse","floor":1.0,"turns":3.0},{"damage":3.0,"enemies":"Small Slimes","floor":3.0,"turns":4.0},{"damage":0.0,"enemies":"Jaw Worm","floor":4.0,"turns":5.0},{"damage":39.0,"enemies":"Gremlin Nob","floor":7.0,"turns":5.0},{"damage":0.0,"enemies":"Large Slime","floor":11.0,"turns":5.0},{"damage":0.0,"enemies":"Lots of Slimes","floor":13.0,"turns":2.0},{"damage":17.0,"enemies":"The Guardian","floor":16.0,"turns":15.0},{"damage":1.0,"enemies":"Spheric Guardian","floor":18.0,"turns":6.0},{"damage":0.0,"enemies":"Chosen","floor":19.0,"turns":5.0},{"damage":8.0,"enemies":"Snake Plant","floor":22.0,"turns":5.0},{"damage":8.0,"enemies":"Slavers","floor":23.0,"turns":6.0},{"damage":31.0,"enemies":"Book of Stabbing","floor":25.0,"turns":6.0},{"damage":5.0,"enemies":"Shelled Parasite and Fungi","floor":28.0,"turns":4.0},{"damage":45.0,"enemies":"Slavers","floor":29.0,"turns":7.0},{"damage":1.0,"enemies":"Masked Bandits","floor":30.0,"turns":4.0},{"damage":12.0,"enemies":"Gremlin Leader","floor":31.0,"turns":7.0},{"damage":0.0,"enemies":"Champ","floor":33.0,"turns":11.0},{"damage":0.0,"enemies":"Orb Walker","floor":35.0,"turns":3.0},{"damage":0.0,"enemies":"3 Darklings","floor":36.0,"turns":5.0},{"damage":5.0,"enemies":"Jaw Worm Horde","floor":37.0,"turns":4.0},{"damage":0.0,"enemies":"Maw","floor":39.0,"turns":11.0},{"damage":0.0,"enemies":"Giant Head","floor":41.0,"turns":8.0},{"damage":2.0,"enemies":"3 Darklings","floor":45.0,"turns":6.0},{"damage":0.0,"enemies":"Jaw Worm Horde","floor":47.0,"turns":3.0},{"damage":26,"enemies":"Reptomancer","floor":48,"turns":7},{"damage":10,"enemies":"Awakened One","floor":50,"turns":17},{"damage":40,"enemies":"Donu and Deca","floor":51,"turns":9}],"seed_played":"4509101362753898501","potions_obtained":[{"floor":3.0,"key":"SneckoOil"},{"floor":4.0,"key":"PowerPotion"},{"floor":13.0,"key":"ColorlessPotion"},{"floor":18.0,"key":"Regen Potion"},{"floor":21.0,"key":"FairyPotion"},{"floor":21.0,"key":"SpeedPotion"},{"floor":21.0,"key":"FairyPotion"},{"floor":28.0,"key":"AttackPotion"},{"floor":30.0,"key":"Block Potion"},{"floor":31.0,"key":"Energy Potion"},{"floor":33.0,"key":"Fruit Juice"},{"floor":36.0,"key":"SpeedPotion"},{"floor":37.0,"key":"Swift Potion"},{"floor":45.0,"key":"LiquidBronze"},{"floor":47.0,"key":"DistilledChaos"}],"is_trial":false,"path_per_floor":["M","?","M","M","?","R","E","R","T","R","M","?","M","?","R","B",null,"M","M","?","?","M","E","R","E","T","$","M","E","?","E","R","B",null,"M","M","M","?","M","R","E","?","T","R","M","R","M","E","R","B","B"],"character_chosen":"THE_SILENT","items_purchased":["Footwork","DollysMirror"],"campfire_rested":3,"item_purchase_floors":[27,27],"current_hp_per_floor":[43,43,40,40,40,40,1,20,20,20,20,20,20,20,20,3,50,49,49,49,49,41,33,33,14,14,14,9,18,17,5,24,24,56,56,56,51,39,39,58,58,58,58,58,61,61,61,35,45,40,0,0],"gold":351,"neow_bonus":"RANDOM_COLORLESS_2","is_daily":false,"chose_seed":false,"campfire_upgraded":3,"win_rate":0.0,"timestamp":1611356143,"path_taken":["M","?","M","M","?","R","E","R","T","R","M","?","?","?","R","BOSS","M","M","?","?","?","E","R","E","T","$","M","E","?","E","R","BOSS","M","M","M","?","M","R","E","?","T","R","M","R","M","E","R","BOSS","BOSS"],"items_purchased_type":["Card","Relic"],"build_version":"2020-12-22","purchased_purges":0,"victory":false,"max_hp_per_floor":[66,66,66,66,66,66,66,66,66,66,66,66,66,66,66,66,66,66,66,66,66,66,66,66,66,66,66,66,66,66,66,66,66,66,66,66,66,66,66,66,66,66,66,66,71,71,71,71,81,81,81,81],"card_choices":[{"not_picked":["Chrysalis","Violence"],"picked":"Apotheosis","floor":0.0},{"not_picked":["Flechettes","Slice"],"picked":"All Out Attack","floor":1.0},{"not_picked":["Forethought","Chrysalis"],"picked":"Discovery","floor":2.0},{"not_picked":["Backflip","Deflect"],"picked":"Skewer","floor":3.0},{"not_picked":["PiercingWail","Deflect"],"picked":"Blur","floor":4.0},{"not_picked":["Prepared","Bane","Outmaneuver"],"picked":"SKIP","floor":7.0},{"not_picked":["Predator","Outmaneuver"],"picked":"Backflip","floor":11.0},{"not_picked":["Riddle With Holes","Bane"],"picked":"All Out Attack","floor":13.0},{"not_picked":["Night Terror+1","Wraith Form v2+1"],"picked":"Unload+1","floor":14.0},{"not_picked":["Crippling Poison+1","Concentrate+1"],"picked":"Blur+1","floor":14.0},{"not_picked":["Envenom","Bullet Time"],"picked":"Adrenaline","floor":16.0},{"not_picked":["Dash","Outmaneuver","Tactician"],"picked":"SKIP","floor":18.0},{"not_picked":["Dagger Throw","Cloak And Dagger","Underhanded Strike"],"picked":"SKIP","floor":19.0},{"not_picked":["Quick Slash","Masterful Stab+1"],"picked":"PiercingWail","floor":22.0},{"not_picked":["Underhanded Strike","Eviscerate"],"picked":"Deadly Poison+1","floor":23.0},{"not_picked":["Dagger Spray","Calculated Gamble"],"picked":"Backflip","floor":25.0},{"not_picked":["Dagger Throw","Blur+1"],"picked":"Night Terror","floor":28.0},{"not_picked":["Blur","Noxious Fumes"],"picked":"Catalyst","floor":29.0},{"not_picked":["Quick Slash+1","Blade Dance+1"],"picked":"Dodge and Roll","floor":30.0},{"not_picked":["Quick Slash","Dodge and Roll"],"picked":"Night Terror","floor":31.0},{"not_picked":["Underhanded Strike","Dagger Throw"],"picked":"Prepared+1","floor":35.0},{"not_picked":["Blade Dance+1","Slice+1"],"picked":"Leg Sweep","floor":36.0},{"not_picked":["Dodge and Roll","Bouncing Flask"],"picked":"Well Laid Plans","floor":37.0},{"not_picked":["Flying Knee","Sucker Punch"],"picked":"Adrenaline","floor":39.0},{"not_picked":["Blade Dance","Sucker Punch","Deflect+1"],"picked":"SKIP","floor":41.0},{"not_picked":["Dagger Throw","Concentrate","Deadly Poison"],"picked":"SKIP","floor":45.0},{"not_picked":["Acrobatics","Dodge and Roll"],"picked":"Masterful Stab+1","floor":47.0},{"not_picked":["Acrobatics","Deflect"],"picked":"Escape Plan","floor":48}],"player_experience":1330976,"relics_obtained":[{"floor":7.0,"key":"Anchor"},{"floor":9.0,"key":"Potion Belt"},{"floor":23.0,"key":"Bottled Lightning"},{"floor":25.0,"key":"Omamori"},{"floor":26.0,"key":"StrikeDummy"},{"floor":29.0,"key":"Ancient Tea Set"},{"floor":30.0,"key":"Red Mask"},{"floor":31.0,"key":"Shuriken"},{"floor":41.0,"key":"Shovel"},{"floor":44.0,"key":"Ornamental Fan"},{"floor":46.0,"key":"Juzu Bracelet"},{"floor":48,"key":"Toy Ornithopter"},{"floor":49,"key":"Pear"}],"event_choices":[{"damage_healed":0.0,"max_hp_gain":0.0,"max_hp_loss":0.0,"gold_gain":1.0,"event_name":"betterStone:BetterStone","player_choice":"1","floor":2.0,"gold_loss":0.0,"damage_taken":0.0},{"damage_healed":0.0,"max_hp_gain":0.0,"max_hp_loss":0.0,"gold_gain":0.0,"event_name":"betterThird:BetterSerpent","player_choice":"Ignored","floor":5.0,"gold_loss":0.0,"damage_taken":152.0},{"damage_healed":20.0,"max_hp_gain":0.0,"max_hp_loss":66.0,"gold_gain":0.0,"event_name":"betterThird:BetterShining","player_choice":"Leave","floor":12.0,"gold_loss":0.0,"damage_taken":0.0},{"damage_healed":0.0,"max_hp_gain":0.0,"max_hp_loss":0.0,"gold_gain":0.0,"event_name":"betterMatch:BetterMatch","player_choice":"2","floor":14.0,"gold_loss":0.0,"damage_taken":0.0,"cards_obtained":["betterMatch:RareCard","betterMatch:UncommonCard"]},{"cards_removed":["Strike_G"],"damage_healed":0.0,"max_hp_gain":0.0,"max_hp_loss":0.0,"gold_gain":0.0,"event_name":"betterThird:BetterWriting","player_choice":"Elegance","floor":20.0,"gold_loss":0.0,"damage_taken":0.0},{"damage_healed":0.0,"max_hp_gain":0.0,"max_hp_loss":0.0,"gold_gain":0.0,"event_name":"The Woman in Blue","player_choice":"Bought 3 Potions","floor":21.0,"gold_loss":0.0,"damage_taken":0.0},{"damage_healed":0.0,"max_hp_gain":0.0,"max_hp_loss":0.0,"gold_gain":0.0,"event_name":"Masked Bandits","player_choice":"Fought Bandits","floor":30.0,"gold_loss":0.0,"damage_taken":0.0},{"damage_healed":0.0,"max_hp_gain":0.0,"max_hp_loss":0.0,"gold_gain":0.0,"event_name":"Winding Halls","player_choice":"Embrace Madness","floor":38.0,"gold_loss":0.0,"damage_taken":12.0,"cards_obtained":["Madness","Madness"]},{"cards_removed":["Backflip"],"damage_healed":0.0,"max_hp_gain":0.0,"max_hp_loss":0.0,"gold_gain":0.0,"event_name":"Falling","player_choice":"Removed Skill","floor":42.0,"gold_loss":0.0,"damage_taken":0.0}],"is_beta":false,"boss_relics":[{"not_picked":["Sozu","Runic Pyramid"],"picked":"Fusion Hammer"},{"not_picked":["SlaversCollar","Astrolabe"],"picked":"Cursed Key"}],"items_purged_floors":[],"is_endless":false,"potions_floor_spawned":[3,4,13,18,22,28,30,31,33,36,37,45,47],"killed_by":"Donu and Deca","ascension_level":20}}