{"host":"fdq5pmhluajjrf8d","time":1611359737,"event":{"mods":["BaseMod","Minty Spire (QoL Compilation)"],"gold_per_floor":[118,118,393,407,425,425,350,350,350,350,93,93,127,152,152,229,229,243,243,261,280,280,280,280,280],"floor_reached":24,"language":"ENG","playtime":797,"items_purged":[],"score":384,"play_id":"970a44dd-cc03-4a62-9104-807cc79976c7","local_time":"20210122185537","is_ascension_mode":true,"campfire_choices":[{"data":"Darkness","floor":6.0,"key":"SMITH"},{"floor":8.0,"key":"REST"},{"data":"Zap","floor":10.0,"key":"SMITH"},{"data":"Rainbow","floor":15,"key":"SMITH"},{"floor":23,"key":"REST"}],"circlet_count":0,"master_deck":["AscendersBane","Strike_B","Strike_B","Strike_B","Defend_B","Defend_B","Defend_B","Defend_B","Zap+1","Dualcast","Darkness+1","Auto Shields","Capacitor+1","Rainbow+1","Buffer","Coolheaded","Cold Snap","Fission","Decay"],"relics":["Cracked Core","Lizard Tail","Potion Belt","Pen Nib","Nunchaku","Nuclear Battery"],"acts_visited":["Exordium","TheCity"],"potions_floor_usage":[],"damage_taken":[{"damage":1.0,"enemies":"Cultist","floor":1.0,"turns":4.0},{"damage":20.0,"enemies":"Jaw Worm","floor":4.0,"turns":5.0},{"damage":4.0,"enemies":"Small Slimes","floor":5.0,"turns":4.0},{"damage":28,"enemies":"Gremlin Nob","floor":13,"turns":4},{"damage":19,"enemies":"Hexaghost","floor":16,"turns":9},{"damage":40,"enemies":"3 Byrds","floor":18,"turns":4},{"damage":12,"enemies":"Chosen","floor":20,"turns":5},{"damage":29,"enemies":"Snake Plant","floor":21,"turns":5},{"damage":51,"enemies":"Book of Stabbing","floor":24,"turns":5}],"seed_played":"-1689468494420928591","potions_obtained":[{"floor":4.0,"key":"SteroidPotion"},{"floor":5.0,"key":"Strength Potion"},{"floor":16,"key":"EssenceOfSteel"}],"is_trial":false,"path_per_floor":["M","?","?","M","M","R","?","R","T","R","$","?","E","T","R","B",null,"M","?","M","M","?","R","E"],"character_chosen":"DEFECT","items_purchased":["Potion Belt","Capacitor"],"campfire_rested":2,"item_purchase_floors":[11,11],"current_hp_per_floor":[70,63,63,43,39,39,39,62,62,62,62,62,34,34,34,15,62,22,22,10,25,25,48,0,0],"gold":280,"neow_bonus":"TEN_PERCENT_HP_BONUS","is_daily":false,"chose_seed":false,"campfire_upgraded":3,"win_rate":0.0,"timestamp":1611359737,"path_taken":["M","?","?","?","M","R","?","R","T","R","$","?","E","?","R","BOSS","M","?","M","M","?","R","E"],"items_purchased_type":["Relic","Card"],"build_version":"2020-12-22","purchased_purges":0,"victory":false,"max_hp_per_floor":[78,78,78,78,78,78,78,78,78,78,78,78,78,78,78,78,78,78,78,78,78,78,78,78,78],"card_choices":[{"not_picked":["Ball Lightning","Beam Cell"],"picked":"Darkness","floor":1.0},{"not_picked":["Stack","Beam Cell"],"picked":"Auto Shields","floor":4.0},{"not_picked":["Heatsinks","Aggregate","Streamline"],"picked":"SKIP","floor":5.0},{"not_picked":["Lockon","Storm"],"picked":"Rainbow","floor":13},{"not_picked":["Hyperbeam","Thunder Strike"],"picked":"Buffer","floor":16},{"not_picked":["Go for the Eyes","Beam Cell"],"picked":"Coolheaded","floor":18},{"not_picked":["Aggregate","Redo"],"picked":"Cold Snap","floor":20},{"not_picked":["Streamline","Tempest"],"picked":"Fission","floor":21}],"player_experience":1925865,"relics_obtained":[{"floor":9.0,"key":"Lizard Tail"},{"floor":13,"key":"Pen Nib"},{"floor":14,"key":"Nunchaku"}],"event_choices":[{"cards_removed":["Strike_B"],"damage_healed":0.0,"max_hp_gain":0.0,"max_hp_loss":0.0,"gold_gain":0.0,"event_name":"Golden Wing","player_choice":"Card Removal","floor":2.0,"gold_loss":0.0,"damage_taken":7.0},{"damage_healed":0.0,"max_hp_gain":0.0,"max_hp_loss":0.0,"gold_gain":275.0,"event_name":"Golden Shrine","player_choice":"Desecrate","floor":3.0,"gold_loss":0.0,"damage_taken":0.0,"cards_obtained":["Regret"]},{"cards_removed":["Regret"],"damage_healed":0.0,"max_hp_gain":0.0,"max_hp_loss":0.0,"gold_gain":0.0,"event_name":"The Cleric","player_choice":"Card Removal","floor":7.0,"gold_loss":75.0,"damage_taken":0.0},{"damage_healed":0.0,"max_hp_gain":0.0,"max_hp_loss":0.0,"gold_gain":0.0,"event_name":"Living Wall","player_choice":"Grow","floor":12.0,"gold_loss":0.0,"damage_taken":0.0,"cards_upgraded":["Capacitor"]},{"damage_healed":0,"gold_gain":0,"player_choice":"Ignored","damage_taken":0,"max_hp_gain":0,"max_hp_loss":0,"event_name":"Beggar","floor":19,"gold_loss":0},{"damage_healed":0,"gold_gain":0,"player_choice":"Smashed Altar","damage_taken":0,"max_hp_gain":0,"max_hp_loss":0,"event_name":"Forgotten Altar","floor":22,"gold_loss":0,"cards_obtained":["Decay"]}],"is_beta":false,"boss_relics":[{"not_picked":["Ectoplasm","Snecko Eye"],"picked":"Nuclear Battery"}],"items_purged_floors":[],"is_endless":false,"potions_floor_spawned":[4,5,16],"killed_by":"Book of Stabbing","ascension_level":20}}