{"host":"hwrdjx5eod2cxh09","time":1611329865,"event":{"mods":["AchievementEnabler","BaseMod","Bestiary","Minty Spire (QoL Compilation)","Relic Stats"],"gold_per_floor":[217,228,243,33,33,64,76,76,76,102,102,122,140,169,169,271,271,285,285,8,27,37,37,37,67,67,67,67,29,48,61,61,160,160,177,143,154,154,93,125,125,156,182,182,199,199,218,218,218,218,218,218,25,57,57],"floor_reached":56,"language":"ENG","playtime":3563,"items_purged":["Beam Cell"],"score":1454,"play_id":"a835ed77-6700-4d1c-ad69-d2a4cfc2d7dc","local_time":"20210123003745","is_ascension_mode":true,"campfire_choices":[{"floor":8.0,"key":"REST"},{"floor":15.0,"key":"RECALL"},{"floor":23.0,"key":"REST"},{"data":"Buffer","floor":28.0,"key":"SMITH"},{"floor":32.0,"key":"REST"},{"data":"Defragment","floor":41.0,"key":"SMITH"},{"data":"Biased Cognition","floor":46.0,"key":"SMITH"},{"floor":49.0,"key":"REST"},{"data":"Capacitor","floor":52.0,"key":"SMITH"}],"circlet_count":0,"master_deck":["Zap","Dualcast","Double Energy","Steam","Echo Form","Coolheaded","Conserve Battery","Machine Learning","Beam Cell","Steam Power","Biased Cognition+1","Genetic Algorithm","Static Discharge","Consume","Electrodynamics","Recycle+1","Tempest","Glacier","Loop","Capacitor+1","Buffer+1","Force Field","Defragment+1","Panacea","Turbo","Reboot","Capacitor","Defragment+1"],"relics":["Cracked Core","Ornamental Fan","FossilizedHelix","Calipers","Omamori","Whetstone","Pandora\u0027s Box","Membership Card","Art of War","PreservedInsect","Thread and Needle","Cursed Key","Pen Nib","Happy Flower","DollysMirror","Bronze Scales","Vajra"],"acts_visited":["Exordium","TheCity","TheBeyond","TheEnding"],"potions_floor_usage":[],"damage_taken":[{"damage":1.0,"enemies":"Cultist","floor":1.0,"turns":4.0},{"damage":5.0,"enemies":"Small Slimes","floor":2.0,"turns":3.0},{"damage":13.0,"enemies":"2 Louse","floor":3.0,"turns":3.0},{"damage":39.0,"enemies":"Lagavulin","floor":6.0,"turns":8.0},{"damage":3.0,"enemies":"Red Slaver","floor":7.0,"turns":3.0},{"damage":10.0,"enemies":"3 Sentries","floor":10.0,"turns":8.0},{"damage":10.0,"enemies":"3 Louse","floor":12.0,"turns":3.0},{"damage":6.0,"enemies":"Exordium Wildlife","floor":13.0,"turns":5.0},{"damage":0.0,"enemies":"Lagavulin","floor":14.0,"turns":8.0},{"damage":7.0,"enemies":"Hexaghost","floor":16.0,"turns":11.0},{"damage":25.0,"enemies":"2 Thieves","floor":18.0,"turns":3.0},{"damage":8.0,"enemies":"Spheric Guardian","floor":21.0,"turns":7.0},{"damage":13.0,"enemies":"Centurion and Healer","floor":22.0,"turns":8.0},{"damage":19.0,"enemies":"Gremlin Leader","floor":25.0,"turns":7.0},{"damage":6.0,"enemies":"Snecko","floor":30.0,"turns":8.0},{"damage":3.0,"enemies":"Snake Plant","floor":31.0,"turns":5.0},{"damage":0.0,"enemies":"Automaton","floor":33.0,"turns":14.0},{"damage":0.0,"enemies":"Orb Walker","floor":35.0,"turns":5.0},{"damage":34.0,"enemies":"3 Darklings","floor":37.0,"turns":6.0},{"damage":0.0,"enemies":"Reptomancer","floor":40.0,"turns":7.0},{"damage":0.0,"enemies":"Giant Head","floor":42.0,"turns":13.0},{"damage":12.0,"enemies":"Jaw Worm Horde","floor":45.0,"turns":5.0},{"damage":0.0,"enemies":"Spire Growth","floor":47.0,"turns":3.0},{"damage":0.0,"enemies":"Sphere and 2 Shapes","floor":48.0,"turns":3.0},{"damage":29.0,"enemies":"Awakened One","floor":50.0,"turns":20.0},{"damage":0.0,"enemies":"Shield and Spear","floor":54.0,"turns":8.0},{"damage":69,"enemies":"The Heart","floor":55,"turns":10}],"seed_played":"-7827800254095291139","potions_obtained":[{"floor":1.0,"key":"SteroidPotion"},{"floor":2.0,"key":"Fire Potion"},{"floor":14.0,"key":"Strength Potion"},{"floor":18.0,"key":"FocusPotion"},{"floor":21.0,"key":"SmokeBomb"},{"floor":37.0,"key":"Fire Potion"},{"floor":40.0,"key":"FocusPotion"}],"is_trial":false,"path_per_floor":["M","M","M","$","?","E","M","R","T","E","?","M","M","E","R","B",null,"M","?","$","M","M","R","?","E","T","?","R","$","M","M","R","B",null,"M","$","M","?","$","E","R","E","T","?","M","R","M","M","R","B",null,"R","$","E","B",null],"character_chosen":"DEFECT","items_purchased":["Echo Form","Weak Potion","Membership Card","Glacier","Loop","Art of War","Force Field","Panacea","Turbo","Capacitor","DollysMirror","Bronze Scales"],"campfire_rested":4,"item_purchase_floors":[4,4,20,20,20,20,36,39,39,53,53,53],"current_hp_per_floor":[74,69,56,56,61,22,19,43,43,33,33,23,17,17,17,10,80,55,55,55,47,34,58,58,39,39,39,39,39,33,30,54,54,80,80,80,46,46,46,46,46,46,46,46,34,34,34,34,56,27,76,76,76,76,7],"gold":57,"neow_bonus":"HUNDRED_GOLD","is_daily":false,"chose_seed":false,"campfire_upgraded":4,"win_rate":0.0,"timestamp":1611329865,"path_taken":["M","M","?","$","?","E","M","R","T","E","?","?","M","E","R","BOSS","M","?","$","M","M","R","?","E","T","?","R","?","M","M","R","BOSS","M","$","M","?","$","E","R","E","T","?","M","R","?","M","R","BOSS","R","$","E","BOSS"],"items_purchased_type":["Card","Potion","Relic","Card","Card","Relic","Card","Card","Card","Card","Relic","Relic"],"build_version":"2020-12-22","purchased_purges":1,"victory":true,"max_hp_per_floor":[75,75,75,75,80,80,80,80,80,80,80,80,80,80,80,80,80,80,80,80,80,80,80,80,80,80,80,80,80,80,80,80,80,80,80,80,80,80,80,80,80,80,80,76,76,76,76,76,76,76,76,76,76,76,76],"relic_stats":{"Happy Flower":[16],"counters":[27,186],"Ornamental Fan":[48],"Bronze Scales":[156],"Pandora\u0027s Box":["Beam Cell","Steam Power","Biased Cognition","Genetic Algorithm","Static Discharge","Machine Learning","Consume","Electrodynamics"],"PreservedInsect":250,"Pen Nib":[0],"Art of War":[83],"Whetstone":["Strike_B","Strike_B"],"Cursed Key":1,"obtain_stats":[{"Calipers":10,"Happy Flower":42,"Vajra":54,"Thread and Needle":26,"PreservedInsect":25,"Pen Nib":40,"Omamori":11,"Whetstone":14,"Cursed Key":34,"Ornamental Fan":6,"DollysMirror":53,"Bronze Scales":53,"Pandora\u0027s Box":17,"Art of War":20,"Membership Card":20,"Cracked Core":0,"FossilizedHelix":9},{"Calipers":6,"Happy Flower":21,"Vajra":26,"Thread and Needle":14,"PreservedInsect":14,"Pen Nib":20,"Omamori":6,"Whetstone":9,"Cursed Key":17,"Ornamental Fan":4,"DollysMirror":25,"Bronze Scales":25,"Pandora\u0027s Box":10,"Art of War":11,"Membership Card":11,"Cracked Core":0,"FossilizedHelix":5},{"Calipers":29,"Happy Flower":137,"Vajra":176,"Thread and Needle":81,"PreservedInsect":81,"Pen Nib":125,"Omamori":29,"Whetstone":45,"Cursed Key":107,"Ornamental Fan":18,"DollysMirror":168,"Bronze Scales":168,"Pandora\u0027s Box":56,"Art of War":59,"Membership Card":59,"Cracked Core":0,"FossilizedHelix":21}]},"card_choices":[{"not_picked":["Tempest","Turbo"],"picked":"Beam Cell","floor":1.0},{"not_picked":["Sweeping Beam","Barrage"],"picked":"Double Energy","floor":2.0},{"not_picked":["Streamline","Aggregate"],"picked":"Steam","floor":3.0},{"not_picked":["Storm","Fusion"],"picked":"Coolheaded","floor":6.0},{"not_picked":["Barrage","Streamline"],"picked":"Cold Snap","floor":7.0},{"not_picked":["Hello World","Scrape","Redo"],"picked":"SKIP","floor":10.0},{"not_picked":["Stack","FTL"],"picked":"Conserve Battery","floor":12.0},{"not_picked":["All For One","Gash","Rebound"],"picked":"SKIP","floor":13.0},{"not_picked":["Beam Cell","Blizzard","Redo"],"picked":"SKIP","floor":14.0},{"not_picked":["Amplify","Meteor Strike"],"picked":"Machine Learning","floor":16.0},{"not_picked":["Gash","Hologram"],"picked":"Recycle+1","floor":18.0},{"not_picked":["Fusion","Genetic Algorithm"],"picked":"Capacitor","floor":21.0},{"not_picked":["Compile Driver+1","Cold Snap","Gash+1"],"picked":"SKIP","floor":22.0},{"not_picked":["Steam Power","Fusion+1"],"picked":"Buffer","floor":25.0},{"not_picked":["Double Energy","Compile Driver","Cold Snap"],"picked":"SKIP","floor":30.0},{"not_picked":["Steam","Rebound+1","FTL"],"picked":"SKIP","floor":31.0},{"not_picked":["Steam","Sweeping Beam","Consume"],"picked":"SKIP","floor":35.0},{"not_picked":["Ball Lightning","Doom and Gloom"],"picked":"Defragment","floor":37.0},{"not_picked":["Leap+1","Glacier","Beam Cell"],"picked":"SKIP","floor":40.0},{"not_picked":["Stack","Coolheaded","Static Discharge+1"],"picked":"SKIP","floor":42.0},{"not_picked":["Compile Driver","Go for the Eyes+1"],"picked":"Reboot","floor":45.0},{"not_picked":["Ball Lightning","Stack+1","Static Discharge"],"picked":"SKIP","floor":47.0},{"not_picked":["Compile Driver","Cold Snap+1","Conserve Battery"],"picked":"SKIP","floor":54.0}],"player_experience":241898,"relics_obtained":[{"floor":6.0,"key":"Ornamental Fan"},{"floor":9.0,"key":"FossilizedHelix"},{"floor":10.0,"key":"Calipers"},{"floor":11.0,"key":"Omamori"},{"floor":14.0,"key":"Whetstone"},{"floor":25.0,"key":"PreservedInsect"},{"floor":26.0,"key":"Thread and Needle"},{"floor":40.0,"key":"Pen Nib"},{"floor":42.0,"key":"Happy Flower"},{"floor":54.0,"key":"Vajra"}],"event_choices":[{"damage_healed":0.0,"max_hp_gain":5.0,"max_hp_loss":0.0,"gold_gain":0.0,"event_name":"Big Fish","player_choice":"Donut","floor":5.0,"gold_loss":0.0,"damage_taken":0.0},{"damage_healed":0.0,"max_hp_gain":0.0,"max_hp_loss":0.0,"gold_gain":0.0,"event_name":"Wheel of Change","player_choice":"Relic","floor":11.0,"gold_loss":0.0,"damage_taken":0.0},{"damage_healed":0.0,"max_hp_gain":0.0,"max_hp_loss":0.0,"gold_gain":0.0,"event_name":"The Library","player_choice":"Read","floor":19.0,"gold_loss":0.0,"damage_taken":0.0,"cards_obtained":["Tempest"]},{"cards_removed":["Machine Learning"],"damage_healed":0.0,"max_hp_gain":0.0,"max_hp_loss":0.0,"gold_gain":0.0,"event_name":"Back to Basics","player_choice":"Elegance","floor":24.0,"gold_loss":0.0,"damage_taken":0.0},{"damage_healed":0.0,"max_hp_gain":0.0,"max_hp_loss":0.0,"gold_gain":0.0,"event_name":"The Mausoleum","player_choice":"Ignored","floor":27.0,"gold_loss":0.0,"damage_taken":0.0},{"cards_removed":["Cold Snap"],"damage_healed":0.0,"max_hp_gain":0.0,"max_hp_loss":0.0,"gold_gain":0.0,"event_name":"Falling","player_choice":"Removed Attack","floor":38.0,"gold_loss":0.0,"damage_taken":0.0},{"damage_healed":0.0,"max_hp_gain":0.0,"max_hp_loss":4.0,"gold_gain":0.0,"event_name":"Winding Halls","player_choice":"Max HP","floor":44.0,"gold_loss":0.0,"damage_taken":0.0}],"is_beta":false,"boss_relics":[{"not_picked":["Coffee Dripper","Tiny House"],"picked":"Pandora\u0027s Box"},{"not_picked":["Velvet Choker","SlaversCollar"],"picked":"Cursed Key"}],"items_purged_floors":[29],"is_endless":false,"potions_floor_spawned":[1,2,12,13,14,18,21,37,40],"ascension_level":2}}