{"host":"7f01flv6y0vhl3vt","time":1611351384,"event":{"mods":["Act Like it!","BaseMod","Downfall","Minty Spire (QoL Compilation)","StSLib"],"gold_per_floor":[99,112,127,147,167,178,178,78,92,108,18,35,35,50,67,67,67,67],"floor_reached":16,"language":"ENG","playtime":2707,"items_purged":["champ:Strike"],"score":125,"play_id":"7971095e-fa51-4c13-bdad-8c81632ddb84","local_time":"20210122163624","is_ascension_mode":false,"campfire_choices":[{"floor":1,"key":"RECALL"},{"floor":8,"key":"REST"},{"floor":13,"key":"REST"}],"circlet_count":0,"master_deck":["champ:Strike","champ:Strike","champ:Strike","champ:Defend","champ:Defend","champ:Defend","champ:Defend","champ:Execute","champ:Taunt","champ:CalledShot","champ:RapidStrikes","champ:Lariat","champ:GladiatorStyle","champ:IronFortress","champ:PreciseThrust","champ:FalseCounter","champ:SwordThrow","champ:SwordSigil","champ:Endure","champ:SwordSigil"],"relics":["champ:ChampionCrown","downfall:HeartBlessingBlue"],"acts_visited":["Exordium"],"potions_floor_usage":[5,5,9,15,16],"damage_taken":[{"damage":10,"enemies":"Cultist","floor":2,"turns":4},{"damage":15,"enemies":"Small Slimes","floor":3,"turns":4},{"damage":10,"enemies":"2 Louse","floor":4,"turns":2},{"damage":65,"enemies":"Large Slime","floor":5,"turns":8},{"damage":75,"enemies":"Exordium Wildlife","floor":6,"turns":7},{"damage":49,"enemies":"Exordium Thugs","floor":9,"turns":8},{"damage":22,"enemies":"Blue Slaver","floor":10,"turns":5},{"damage":10,"enemies":"downfall:FleeingMerchant","floor":11,"turns":4},{"damage":0,"enemies":"Large Slime","floor":12,"turns":7},{"damage":12,"enemies":"Blue Slaver","floor":14,"turns":2},{"damage":19,"enemies":"2 Fungi Beasts","floor":15,"turns":3},{"damage":23,"enemies":"WA_ARCHETYPE_RETAIN","floor":16,"turns":4}],"seed_played":"-7416837121649608995","potions_obtained":[{"floor":2,"key":"GamblersBrew"},{"floor":3,"key":"bronze:BurnAndBuffPotion"},{"floor":6,"key":"Block Potion"},{"floor":14,"key":"SteroidPotion"},{"floor":15,"key":"SpeedPotion"}],"is_trial":false,"path_per_floor":["R","M","M","M","M","M","T","R","M","M","$","M","R","M","M","B"],"character_chosen":"THE_CHAMP","items_purchased":[],"campfire_rested":2,"item_purchase_floors":[],"current_hp_per_floor":[99,99,94,94,59,21,21,63,34,22,22,22,54,42,23,0,0,0],"gold":67,"neow_bonus":"TEN_PERCENT_HP_BONUS","is_daily":false,"chose_seed":false,"campfire_upgraded":0,"win_rate":0.0,"timestamp":1611351384,"path_taken":["R","M","M","M","M","?","T","R","?","M","?","?","R","M","M","BOSS"],"items_purchased_type":[],"build_version":"2020-12-22","purchased_purges":1,"victory":false,"max_hp_per_floor":[99,99,99,99,99,99,99,109,109,109,109,109,109,109,109,109,109,109],"card_choices":[{"not_picked":["champ:BladeFlurry","champ:Circumvent"],"picked":"champ:CalledShot","floor":2},{"not_picked":["champ:FocusedBerserking","champ:Backstep"],"picked":"champ:RapidStrikes","floor":3},{"not_picked":["champ:BringItOn","champ:StanceDance"],"picked":"champ:Lariat","floor":4},{"not_picked":["champ:ViciousMockery","champ:ShieldSlam"],"picked":"champ:GladiatorStyle","floor":5},{"not_picked":["champ:DefensiveShout","champ:PerfectedStrike"],"picked":"champ:IronFortress","floor":6},{"not_picked":["champ:Haymaker","champ:StanceDance"],"picked":"champ:PreciseThrust","floor":9},{"not_picked":["champ:DefensiveShout","champ:CrownThrow"],"picked":"champ:FalseCounter","floor":10},{"not_picked":["champ:ShieldWall","champ:Shatter"],"picked":"champ:SwordThrow","floor":11},{"not_picked":["champ:IronFortress","champ:RecklessLeap"],"picked":"champ:SwordSigil","floor":12},{"not_picked":["champ:GutPunch","champ:ShieldSlam"],"picked":"champ:Endure","floor":14},{"not_picked":["champ:PreciseThrust","champ:BerserkersShout"],"picked":"champ:SwordSigil","floor":15}],"player_experience":1362013,"relics_obtained":[],"event_choices":[],"is_beta":false,"boss_relics":[],"items_purged_floors":[11],"is_endless":false,"potions_floor_spawned":[2,3,6,14,15],"killed_by":"WA_ARCHETYPE_RETAIN","ascension_level":0}}