{"host":"oz0i1fpezyhy8r2h","time":1611322916,"event":{"mods":["ATMod(∞¢Ë™Mod)","Act Like it!","Arknights The Spire","BaseMod","CapriCore","GifTheSpireLib","Hallownest","KinomotoSakuraMod(ƒæ÷Æ±æ”£)","Koishi","Luminous","Minty Spire (QoL Compilation)","Reimu£®≤©¿ˆ¡È√Œ£©","Remilia£®¿Ÿ√◊¿Ú—«£©","StSLib","The Bug Knight","The Cursed","The Immortal","The Marked","Yakumo Yukari mod","°æ“≈ŒÔø®≈∆°øREMEMod"],"gold_per_floor":[112,112,72,89,100,134,134,151,174,199,199,215,232,217,217,314,314,324,324,249,215,235,235,267,287,287,319,344,344,362,362,362,461,461,472,522,590,590,602,602,640,656,683,541,541,554,554,776,776,776],"floor_reached":51,"language":"ZHS","playtime":3637,"items_purged":["Koishi:Possession"],"score":800,"play_id":"9b4d9daa-6bf1-43c4-b588-0f8f31e16ba2","local_time":"20210122214156","is_ascension_mode":false,"campfire_choices":[{"data":"Koishi:ConfinedInnocent","floor":7,"key":"SMITH"},{"floor":11,"key":"REST"},{"data":"Koishi:ImGoingToCallYouNow","floor":15,"key":"SMITH"},{"data":"Koishi:Untouchable","floor":23,"key":"SMITH"},{"data":"Koishi:MindStellarRelief","floor":32,"key":"SMITH"},{"data":"Koishi:ConfinedInnocent","floor":40,"key":"SMITH"},{"data":"Koishi:RoseHell","floor":45,"key":"SMITH"},{"data":"Koishi:ApparitionsStalkTheNight","floor":49,"key":"SMITH"}],"circlet_count":0,"master_deck":["Koishi:BasicStrike+1","Koishi:BasicStrike","Koishi:BasicStrike","Koishi:BasicStrike","Koishi:BasicDefend","Koishi:BasicDefend","Koishi:BasicDefend","Koishi:Provoke","Koishi:HauntingSlash+1","Koishi:UnconsciousUrges","Koishi:ConfinedInnocent+1","Koishi:Untouchable+1","Koishi:DanmakuParanoia","Koishi:RoseHell+1","Koishi:Whimsy","Koishi:EmbersOfLove","Koishi:ConfinedInnocent+1","Koishi:YoukaiPolygraph","Koishi:MindStellarRelief+1","Koishi:ConfinedInnocent","Koishi:ReleaseOfTheId+1","Koishi:ApparitionsStalkTheNight+1","Koishi:VengefulSpirit+1"],"relics":["Koishi:ImaginaryFriend","AT_ATBox","REME_ComplimentaryCards","AT_ArcaneBoots","Whetstone","ScarletDevilRocket","Black Star","HollowMod:StagPassRelic","Ice Cream","Anchor","Red Mask","REME_IWantAll","PureWhite:ReiMu","Enchiridion","Philosopher\u0027s Stone","Incense Burner","CeramicFish","Regal Pillow","Toy Ornithopter"],"acts_visited":["Exordium","TheCity","TheBeyond"],"potions_floor_usage":[6,13,14,18,33,36],"damage_taken":[{"damage":0.0,"enemies":"Cultist","floor":1.0,"turns":4.0},{"damage":5,"enemies":"Small Slimes","floor":4,"turns":5},{"damage":9,"enemies":"2 Louse","floor":5,"turns":4},{"damage":29,"enemies":"Gremlin Nob","floor":6,"turns":7},{"damage":11,"enemies":"Red Slaver","floor":8,"turns":7},{"damage":22,"enemies":"3 Sentries","floor":10,"turns":14},{"damage":10,"enemies":"2 Fungi Beasts","floor":12,"turns":6},{"damage":0,"enemies":"Exordium Wildlife","floor":13,"turns":10},{"damage":0,"enemies":"Exordium Thugs","floor":14,"turns":4},{"damage":22,"enemies":"The Guardian","floor":16,"turns":22},{"damage":6,"enemies":"3 Byrds","floor":18,"turns":4},{"damage":19,"enemies":"Spheric Guardian","floor":22,"turns":6},{"damage":64,"enemies":"Slavers","floor":24,"turns":8},{"damage":12,"enemies":"Cultist and Chosen","floor":25,"turns":8},{"damage":4,"enemies":"Masked Bandits","floor":27,"turns":6},{"damage":3,"enemies":"Book of Stabbing","floor":28,"turns":5},{"damage":35,"enemies":"Shelled Parasite and Fungi","floor":30,"turns":5},{"damage":23,"enemies":"Champ","floor":33,"turns":20},{"damage":0,"enemies":"Orb Walker","floor":35,"turns":5},{"damage":0,"enemies":"Mind Bloom Boss Battle","floor":36,"turns":5},{"damage":15,"enemies":"3 Darklings","floor":39,"turns":5},{"damage":36,"enemies":"Reptomancer","floor":41,"turns":4},{"damage":3,"enemies":"Transient","floor":42,"turns":5},{"damage":0,"enemies":"3 Darklings","floor":46,"turns":5},{"damage":0,"enemies":"Time Eater","floor":50,"turns":9}],"seed_played":"-8850738344556284226","potions_obtained":[{"floor":3,"key":"GrandPatriotsElixir:ReiMu"},{"floor":3,"key":"SpeedPotion"},{"floor":3,"key":"MagicPotion:ReiMu"},{"floor":12,"key":"Energy Potion"},{"floor":13,"key":"Block Potion"},{"floor":14,"key":"SteroidPotion"},{"floor":18,"key":"Fruit Juice"},{"floor":24,"key":"EssenceOfSteel"},{"floor":28,"key":"AttackPotion"},{"floor":33,"key":"ZuzhouPotion:ReiMu"},{"floor":36,"key":"Fruit Juice"},{"floor":41,"key":"ZuzhouPotion:ReiMu"}],"is_trial":false,"path_per_floor":["M","?","?","M","M","E","R","M","T","E","R","M","M","M","R","B",null,"M","?","?","$","M","R","E","M","T","?","E","?","M","?","R","B",null,"M","?","T","$","M","R","E","M","T","$","R","M","?","?","R","B",null],"character_chosen":"KOISHI","items_purchased":["Koishi:EmbersOfLove","Koishi:VengefulSpirit"],"campfire_rested":1,"item_purchase_floors":[21,44],"current_hp_per_floor":[66,71,71,68,60,34,34,25,25,3,24,26,46,48,48,63,71,76,76,76,76,74,74,38,53,53,68,67,86,51,35,35,18,86,86,91,91,91,78,78,44,41,41,41,41,41,41,41,41,45],"gold":776,"neow_bonus":"TEN_PERCENT_HP_BONUS","is_daily":false,"chose_seed":false,"campfire_upgraded":7,"win_rate":0.0,"timestamp":1611322916,"path_taken":["M","?","?","M","M","E","R","M","T","E","R","?","M","M","R","BOSS","M","?","?","$","M","R","E","M","T","?","E","?","?","?","R","BOSS","M","?","?","$","M","R","E","?","T","$","R","M","?","?","R","BOSS"],"items_purchased_type":["Card","Card"],"build_version":"2020-12-22","purchased_purges":1,"victory":true,"max_hp_per_floor":[66,71,71,71,71,71,71,71,71,71,71,71,71,71,71,71,71,76,76,76,76,76,76,76,76,76,76,76,86,86,86,86,86,86,86,91,91,91,91,91,91,91,91,91,91,91,86,86,86,86],"card_choices":[{"not_picked":["Koishi:StingingMind","Koishi:FidgetySnatcher"],"picked":"Koishi:UnconsciousUrges","floor":1.0},{"not_picked":["Koishi:UnconsciousUprising","Koishi:ParalyzingFear","Koishi:Jaunt"],"picked":"SKIP","floor":4},{"not_picked":["Koishi:JumpScare","Koishi:CatchAndRose","Koishi:EmbryosDream"],"picked":"SKIP","floor":5},{"not_picked":["Koishi:FreudianInstinct","Koishi:ParalyzingFear"],"picked":"Koishi:ConfinedInnocent","floor":6},{"not_picked":["Koishi:CatchAndRose","Koishi:UnansweredLove"],"picked":"Koishi:Untouchable","floor":8},{"not_picked":["Koishi:DreadfulBlow","Koishi:SpiritedAway"],"picked":"Koishi:ImGoingToCallYouNow","floor":10},{"not_picked":["Koishi:SubconsciousSweep","Koishi:ApparitionsStalkTheNight"],"picked":"Koishi:DanmakuParanoia","floor":12},{"not_picked":["Koishi:DreadfulBlow","Koishi:PhantomStrike","Koishi:LastRemote"],"picked":"SKIP","floor":13},{"not_picked":["Koishi:UnansweredLove","Koishi:PhantomStrike","Koishi:Jaunt"],"picked":"SKIP","floor":14},{"not_picked":["Koishi:SuperEgo","Koishi:GrowingPain"],"picked":"Koishi:RoseHell","floor":16},{"not_picked":["Koishi:BloodcurdlingScream","Koishi:MassHysteria"],"picked":"Koishi:Whimsy","floor":18},{"not_picked":["Koishi:DanmakuParanoia","Koishi:BloodcurdlingScream"],"picked":"Koishi:Possession","floor":22},{"not_picked":["Koishi:UnconsciousUprising","Koishi:SpiritedAway"],"picked":"Koishi:ConfinedInnocent","floor":24},{"not_picked":["Koishi:SubconsciousSweep","Koishi:LastRemote","Koishi:Jaunt"],"picked":"SKIP","floor":25},{"not_picked":["Koishi:Whimsy","Koishi:ParalyzingFear"],"picked":"Koishi:YoukaiPolygraph","floor":27},{"not_picked":["Koishi:JumpScare","Koishi:UnansweredLove"],"picked":"Koishi:MindStellarRelief","floor":28},{"not_picked":["Koishi:UnansweredLove+1","Koishi:DreadfulBlow","Koishi:Jaunt"],"picked":"SKIP","floor":30},{"not_picked":["Koishi:RollingInRichesHeart","Koishi:ConditionedTeleport"],"picked":"Koishi:ConfinedInnocent","floor":33},{"not_picked":["Koishi:EmbryosDream","Koishi:FreudianInstinct+1","Koishi:JumpScare+1"],"picked":"SKIP","floor":35},{"not_picked":["Koishi:PhantomBarrier","Koishi:UnconsciousUprising"],"picked":"Koishi:ReleaseOfTheId+1","floor":36},{"not_picked":["Koishi:RacingHeart+1","Koishi:SubconsciousSweep+1","Koishi:FleetingPhantom+1"],"picked":"SKIP","floor":39},{"not_picked":["Koishi:RacingHeart","Koishi:JumpScare"],"picked":"Koishi:ApparitionsStalkTheNight","floor":41},{"not_picked":["Koishi:RacingHeart+1","Koishi:StrangeCloudFist","Koishi:FidgetySnatcher"],"picked":"SKIP","floor":42},{"not_picked":["Koishi:VengefulSpirit+1","Koishi:SubterraneanRose","Koishi:ReflexRadar"],"picked":"SKIP","floor":46}],"player_experience":184438,"relics_obtained":[{"floor":6,"key":"AT_SpeedBoots"},{"floor":9,"key":"Whetstone"},{"floor":10,"key":"ScarletDevilRocket"},{"floor":24,"key":"HollowMod:StagPassRelic"},{"floor":24,"key":"Ice Cream"},{"floor":26,"key":"Anchor"},{"floor":27,"key":"Red Mask"},{"floor":28,"key":"REME_IWantAll"},{"floor":28,"key":"PureWhite:ReiMu"},{"floor":31,"key":"Enchiridion"},{"floor":36,"key":"Incense Burner"},{"floor":41,"key":"CeramicFish"},{"floor":41,"key":"Regal Pillow"},{"floor":43,"key":"Toy Ornithopter"}],"event_choices":[{"damage_healed":0,"gold_gain":0,"player_choice":"Donut","damage_taken":0,"max_hp_gain":5,"max_hp_loss":0,"event_name":"Big Fish","floor":2,"gold_loss":0},{"damage_healed":0,"gold_gain":0,"player_choice":"Bought 3 Potions","damage_taken":0,"max_hp_gain":0,"max_hp_loss":0,"event_name":"The Woman in Blue","floor":3,"gold_loss":0},{"damage_healed":0,"gold_gain":0,"player_choice":"Ignored","damage_taken":0,"max_hp_gain":0,"max_hp_loss":0,"event_name":"Ghosts","floor":19,"gold_loss":0},{"cards_removed":["Koishi:BasicDefend"],"damage_healed":0,"gold_gain":0,"player_choice":"Gave Gold","damage_taken":0,"max_hp_gain":0,"max_hp_loss":0,"event_name":"Beggar","floor":20,"gold_loss":75},{"damage_healed":0,"gold_gain":0,"player_choice":"Fought Bandits","damage_taken":0,"max_hp_gain":0,"max_hp_loss":0,"event_name":"Masked Bandits","floor":27,"gold_loss":0},{"cards_removed":["Koishi:ImGoingToCallYouNow"],"damage_healed":9,"gold_gain":0,"player_choice":"Offered Rare","damage_taken":0,"max_hp_gain":10,"max_hp_loss":0,"event_name":"Bonfire Elementals","floor":29,"gold_loss":0},{"damage_healed":0,"gold_gain":0,"player_choice":"Obtained Book","damage_taken":16,"max_hp_gain":0,"max_hp_loss":0,"event_name":"Cursed Tome","floor":31,"gold_loss":0},{"damage_healed":0,"gold_gain":0,"player_choice":"Fight","damage_taken":0,"max_hp_gain":0,"max_hp_loss":0,"event_name":"MindBloom","floor":36,"gold_loss":0},{"damage_healed":0,"gold_gain":0,"player_choice":"Max HP","damage_taken":0,"max_hp_gain":0,"max_hp_loss":5,"event_name":"Winding Halls","floor":47,"gold_loss":0},{"damage_healed":0,"gold_gain":222,"player_choice":"Wore Mask","damage_taken":0,"max_hp_gain":0,"max_hp_loss":0,"event_name":"Tomb of Lord Red Mask","floor":48,"gold_loss":0}],"is_beta":false,"boss_relics":[{"not_picked":["Velvet Choker","Sozu"],"picked":"Black Star"},{"not_picked":["AT_MortalBlade","Fusion Hammer"],"picked":"Philosopher\u0027s Stone"}],"items_purged_floors":[44],"is_endless":false,"potions_floor_spawned":[4,12,13,14,16,18,24,25,28,30,33,36,41],"ascension_level":0}}