{"host":"nb3r5a3er9rrnn3n","time":1611279007,"event":{"mods":["BaseMod","Colored Map","Downfall","Minty Spire (QoL Compilation)","Spire Arcade","StSLib"],"gold_per_floor":[349,361,380,380,400,300,300,300,312,312,339,356,368,401,427,439,439,439],"floor_reached":16,"language":"ENG","playtime":1175,"items_purged":[],"score":131,"play_id":"9305c9a7-decf-4a95-bafe-c0b687043ef7","local_time":"20210122123007","is_ascension_mode":true,"campfire_choices":[{"floor":1,"key":"RECALL"},{"data":"bronze:BuggyMess","floor":6,"key":"SMITH"},{"data":"bronze:FineTuning","floor":8,"key":"SMITH"},{"data":"bronze:FollowUp","floor":10,"key":"SMITH"}],"circlet_count":0,"master_deck":["bronze:Strike","bronze:Strike","bronze:Strike","bronze:Strike","bronze:Defend","bronze:Defend","bronze:Defend","bronze:Defend","bronze:Replicate+1","bronze:Goto+1","bronze:FineTuning+1","bronze:BuggyMess+1","bronze:FollowUp+1","bronze:Terminator","bronze:FineTuning","bronze:FineTuning"],"relics":["bronze:BronzeCore","downfall:HeartBlessingRed","Pen Nib","Meat on the Bone","MawBank"],"acts_visited":["Exordium"],"potions_floor_usage":[16,16],"damage_taken":[{"damage":5,"enemies":"Small Slimes","floor":2,"turns":5},{"damage":1,"enemies":"Cultist","floor":3,"turns":4},{"damage":2,"enemies":"Jaw Worm","floor":5,"turns":2},{"damage":0,"enemies":"2 Fungi Beasts","floor":9,"turns":3},{"damage":15,"enemies":"Lagavulin","floor":11,"turns":5},{"damage":10,"enemies":"3 Louse","floor":12,"turns":3},{"damage":6,"enemies":"Exordium Wildlife","floor":13,"turns":4},{"damage":20,"enemies":"3 Sentries","floor":14,"turns":7},{"damage":7,"enemies":"Large Slime","floor":15,"turns":4},{"damage":38,"enemies":"SI_SHIV_ARCHETYPE","floor":16,"turns":7}],"seed_played":"-6312384385601962895","potions_obtained":[{"floor":5,"key":"champ:CounterPotion"},{"floor":11,"key":"Energy Potion"},{"floor":12,"key":"bronze:CleanCodePotion"}],"is_trial":false,"path_per_floor":["R","M","M","?","M","R","T","R","M","R","E","M","M","E","M","B"],"character_chosen":"THE_AUTOMATON","items_purchased":[],"campfire_rested":0,"item_purchase_floors":[],"current_hp_per_floor":[63,58,57,57,55,55,55,55,55,55,40,42,36,28,33,0,0,0],"gold":439,"neow_bonus":"TWO_FIFTY_GOLD","is_daily":false,"chose_seed":false,"campfire_upgraded":3,"win_rate":0.0,"timestamp":1611279007,"path_taken":["R","M","M","?","?","R","T","R","M","R","E","M","M","E","M","BOSS"],"items_purchased_type":[],"build_version":"2020-12-22","purchased_purges":0,"victory":false,"max_hp_per_floor":[63,63,63,63,63,63,63,63,63,63,63,63,63,63,63,63,63,63],"card_choices":[{"not_picked":["bronze:Turbo","bronze:Shield"],"picked":"bronze:FineTuning","floor":2},{"not_picked":["bronze:WildBeam","bronze:ForceShield","bronze:DelayedGuard"],"picked":"SKIP","floor":3},{"not_picked":["bronze:Fortify","bronze:Separator"],"picked":"bronze:BuggyMess","floor":5},{"not_picked":["bronze:Constructor","bronze:Separator"],"picked":"bronze:FollowUp","floor":9},{"not_picked":["bronze:Shield","bronze:RecursiveStrike"],"picked":"bronze:Terminator","floor":11},{"not_picked":["bronze:Shell","bronze:Deprecate"],"picked":"bronze:FineTuning","floor":12},{"not_picked":["bronze:Frontload","bronze:Shell","bronze:Overheat"],"picked":"SKIP","floor":13},{"not_picked":["bronze:BronzeArmor","bronze:Iterate","bronze:CleanCode"],"picked":"SKIP","floor":14},{"not_picked":["bronze:BuggyMess","bronze:Separator"],"picked":"bronze:FineTuning","floor":15}],"player_experience":1925181,"relics_obtained":[{"floor":7,"key":"Pen Nib"},{"floor":11,"key":"Meat on the Bone"},{"floor":14,"key":"MawBank"}],"event_choices":[],"is_beta":false,"boss_relics":[],"items_purged_floors":[],"is_endless":false,"potions_floor_spawned":[5,11,12,13,15],"killed_by":"SI_SHIV_ARCHETYPE","ascension_level":3}}