{"host":"gobyjzz6xbwq9f9i","time":1611291827,"event":{"mods":["AchievementEnabler","BaseMod","Bestiary","Colored Map","Minty Spire (QoL Compilation)"],"gold_per_floor":[115,131,142,142,152,152,152,167,191,221,221,248,260,347,359,466,478,500,526,149,149,49,84,84,84,84,84,112,132,167,181,181,281,281,297,316,329,329,28,28,28,53,79,79,79],"floor_reached":44,"language":"ENG","playtime":2506,"items_purged":["Strike_G","Strike_G"],"score":811,"play_id":"fe8adbc2-7060-4ada-b2a6-6b8e43f988ee","local_time":"20210121210347","is_ascension_mode":true,"campfire_choices":[{"data":"Predator","floor":6.0,"key":"SMITH"},{"data":"All Out Attack","floor":11.0,"key":"SMITH"},{"data":"Blade Dance","floor":13.0,"key":"SMITH"},{"data":"Malaise","floor":15.0,"key":"SMITH"},{"data":"Corpse Explosion","floor":24.0,"key":"SMITH"},{"data":"Bouncing Flask","floor":32.0,"key":"SMITH"},{"data":"Noxious Fumes","floor":40,"key":"SMITH"}],"circlet_count":0,"master_deck":["AscendersBane","Defend_G","Defend_G","Defend_G","Defend_G","Defend_G+1","Survivor+1","Neutralize","Deadly Poison","Blade Dance+1","All Out Attack+1","Predator+1","Backflip","Well Laid Plans","Malaise+1","Corpse Explosion+1","Footwork","Bite","Bite+1","Bite+1","Bite","Bite","Bouncing Flask+1","Deadly Poison","Night Terror","PiercingWail","Noxious Fumes+1","Backflip+1","Acrobatics+1","Noxious Fumes"],"relics":["Ring of the Snake","Toy Ornithopter","MawBank","Snecko Eye","Question Card","Torii","Blue Candle","Whetstone","The Specimen","Philosopher\u0027s Stone","Snake Skull","Orrery","Nunchaku","Oddly Smooth Stone"],"acts_visited":["Exordium","TheCity","TheBeyond"],"potions_floor_usage":[37,39],"damage_taken":[{"damage":1.0,"enemies":"Jaw Worm","floor":1.0,"turns":7.0},{"damage":0.0,"enemies":"Cultist","floor":2.0,"turns":4.0},{"damage":0.0,"enemies":"2 Louse","floor":3.0,"turns":3.0},{"damage":4.0,"enemies":"Blue Slaver","floor":5.0,"turns":4.0},{"damage":2.0,"enemies":"Exordium Thugs","floor":8.0,"turns":4.0},{"damage":20.0,"enemies":"Gremlin Nob","floor":10.0,"turns":4.0},{"damage":7.0,"enemies":"3 Sentries","floor":12.0,"turns":6.0},{"damage":6.0,"enemies":"Hexaghost","floor":16.0,"turns":13.0},{"damage":11.0,"enemies":"2 Thieves","floor":18.0,"turns":3.0},{"damage":7.0,"enemies":"Chosen","floor":19.0,"turns":3.0},{"damage":24.0,"enemies":"Book of Stabbing","floor":23.0,"turns":6.0},{"damage":0.0,"enemies":"Gremlin Leader","floor":25.0,"turns":1.0},{"damage":29.0,"enemies":"Slavers","floor":28.0,"turns":2.0},{"damage":18.0,"enemies":"Shelled Parasite and Fungi","floor":29.0,"turns":5.0},{"damage":27.0,"enemies":"Book of Stabbing","floor":30.0,"turns":7.0},{"damage":2.0,"enemies":"Chosen and Byrds","floor":31.0,"turns":4.0},{"damage":28.0,"enemies":"Champ","floor":33.0,"turns":12.0},{"damage":0.0,"enemies":"3 Darklings","floor":35.0,"turns":2.0},{"damage":6.0,"enemies":"Orb Walker","floor":36.0,"turns":2.0},{"damage":31,"enemies":"Writhing Mass","floor":37,"turns":4},{"damage":19,"enemies":"Nemesis","floor":42,"turns":9},{"damage":87,"enemies":"Giant Head","floor":44,"turns":8}],"seed_played":"3028079080927890338","potions_obtained":[{"floor":2.0,"key":"GamblersBrew"},{"floor":5.0,"key":"Energy Potion"},{"floor":7.0,"key":"GhostInAJar"},{"floor":7.0,"key":"Poison Potion"},{"floor":7.0,"key":"LiquidMemories"},{"floor":16.0,"key":"SmokeBomb"},{"floor":18.0,"key":"Poison Potion"},{"floor":19.0,"key":"EntropicBrew"},{"floor":31.0,"key":"Energy Potion"},{"floor":33.0,"key":"Energy Potion"},{"floor":37,"key":"Fruit Juice"},{"floor":42,"key":"FearPotion"}],"is_trial":false,"path_per_floor":["M","M","M","?","M","R","?","M","T","E","R","E","R","?","R","B",null,"M","M","$","?","$","E","R","E","T","?","E","M","E","M","R","B",null,"M","M","M","?","$","R","?","E","T","E"],"character_chosen":"THE_SILENT","items_purchased":["Question Card","Footwork","Snake Skull","Orrery"],"campfire_rested":0,"item_purchase_floors":[20,20,39,39],"current_hp_per_floor":[69,69,69,54,50,50,50,48,48,33,33,28,28,17,17,13,61,57,52,52,77,77,53,53,60,60,60,50,42,29,38,38,40,68,75,72,48,48,58,58,58,55,55,0,0],"gold":79,"neow_bonus":"TEN_PERCENT_HP_BONUS","is_daily":false,"chose_seed":false,"campfire_upgraded":7,"win_rate":0.0,"timestamp":1611291827,"path_taken":["M","M","M","?","M","R","?","?","T","E","R","E","R","?","R","BOSS","M","M","$","?","?","E","R","E","T","?","E","M","E","M","R","BOSS","M","M","M","?","$","R","?","E","T","E"],"items_purchased_type":["Relic","Card","Relic","Relic"],"build_version":"2020-12-22","purchased_purges":2,"victory":false,"max_hp_per_floor":[77,77,77,77,77,77,77,77,77,77,77,77,77,77,77,77,77,77,77,77,77,77,77,77,77,77,77,77,77,77,77,77,77,77,77,77,77,77,82,82,82,82,82,82,82],"card_choices":[{"not_picked":["Cloak And Dagger","Deflect"],"picked":"Deadly Poison","floor":1.0},{"not_picked":["Crippling Poison","Eviscerate"],"picked":"Blade Dance","floor":2.0},{"not_picked":["Dodge and Roll","Crippling Poison"],"picked":"All Out Attack","floor":3.0},{"not_picked":["Heel Hook","Dodge and Roll"],"picked":"Predator","floor":5.0},{"not_picked":["Riddle With Holes","Acrobatics"],"picked":"Backflip","floor":8.0},{"not_picked":["Poisoned Stab","All Out Attack"],"picked":"Well Laid Plans","floor":10.0},{"not_picked":["Crippling Poison","Quick Slash"],"picked":"Malaise","floor":12.0},{"not_picked":["Malaise","Glass Knife"],"picked":"Corpse Explosion","floor":16.0},{"not_picked":["Calculated Gamble","Cloak And Dagger","Masterful Stab+1"],"picked":"SKIP","floor":18.0},{"not_picked":["Prepared+1","Flechettes","Escape Plan"],"picked":"SKIP","floor":19.0},{"not_picked":["Dagger Spray+1","Eviscerate","Outmaneuver","Acrobatics"],"picked":"SKIP","floor":23.0},{"not_picked":["Calculated Gamble+1","Endless Agony+1","Blade Dance+1"],"picked":"Bouncing Flask","floor":28.0},{"not_picked":["Blur","Dodge and Roll+1","Eviscerate","Underhanded Strike"],"picked":"SKIP","floor":29.0},{"not_picked":["Deflect+1","Endless Agony","Outmaneuver","Poisoned Stab"],"picked":"SKIP","floor":30.0},{"not_picked":["Quick Slash","Unload","Endless Agony+1"],"picked":"Deadly Poison","floor":31.0},{"not_picked":["Malaise","A Thousand Cuts","Adrenaline"],"picked":"Night Terror","floor":33.0},{"not_picked":["Escape Plan","Bane","PiercingWail","Predator+1"],"picked":"SKIP","floor":35.0},{"not_picked":["Flying Knee+1","Bane+1","Dagger Throw+1"],"picked":"PiercingWail","floor":36.0},{"not_picked":["Accuracy+1","Dagger Throw","Underhanded Strike","Caltrops+1"],"picked":"SKIP","floor":37},{"not_picked":["Dagger Throw+1","Night Terror","Footwork"],"picked":"Noxious Fumes","floor":39},{"not_picked":["PiercingWail+1","Underhanded Strike","Reflex+1"],"picked":"Backflip+1","floor":39},{"not_picked":["Reflex+1","Backflip","Prepared+1"],"picked":"Acrobatics+1","floor":39},{"not_picked":["Cloak And Dagger","Riddle With Holes","Dagger Spray"],"picked":"Noxious Fumes","floor":42}],"player_experience":1113921,"relics_obtained":[{"floor":9.0,"key":"Toy Ornithopter"},{"floor":10.0,"key":"Blood Vial"},{"floor":12.0,"key":"MawBank"},{"floor":23.0,"key":"Torii"},{"floor":26.0,"key":"Blue Candle"},{"floor":28.0,"key":"Whetstone"},{"floor":30.0,"key":"The Specimen"},{"floor":42,"key":"Nunchaku"},{"floor":43,"key":"Oddly Smooth Stone"}],"event_choices":[{"damage_healed":0.0,"max_hp_gain":0.0,"max_hp_loss":0.0,"gold_gain":0.0,"event_name":"Shining Light","player_choice":"Entered Light","floor":4.0,"gold_loss":0.0,"damage_taken":15.0,"cards_upgraded":["Defend_G","Survivor"]},{"damage_healed":0.0,"max_hp_gain":0.0,"max_hp_loss":0.0,"gold_gain":0.0,"event_name":"Lab","player_choice":"Got Potions","floor":7.0,"gold_loss":0.0,"damage_taken":0.0},{"damage_healed":0.0,"max_hp_gain":0.0,"max_hp_loss":0.0,"gold_gain":75.0,"event_name":"World of Goop","player_choice":"Gather Gold","floor":14.0,"gold_loss":0.0,"damage_taken":11.0},{"damage_healed":25.0,"max_hp_gain":0.0,"max_hp_loss":0.0,"gold_gain":0.0,"event_name":"Wheel of Change","player_choice":"Full Heal","floor":21.0,"gold_loss":0.0,"damage_taken":0.0},{"damage_healed":0.0,"max_hp_gain":0.0,"max_hp_loss":0.0,"gold_gain":0.0,"event_name":"Vampires","player_choice":"Became a vampire (Vial)","floor":27.0,"relics_lost":["Blood Vial"],"gold_loss":0.0,"damage_taken":0.0,"cards_obtained":["Bite","Bite","Bite","Bite","Bite"]},{"damage_healed":0,"gold_gain":0,"player_choice":"Ignored","damage_taken":0,"max_hp_gain":0,"max_hp_loss":0,"event_name":"Mysterious Sphere","floor":38,"gold_loss":0},{"damage_healed":0,"gold_gain":0,"player_choice":"0 cards matched","damage_taken":0,"max_hp_gain":0,"max_hp_loss":0,"event_name":"Match and Keep!","floor":41,"gold_loss":0,"cards_obtained":[]}],"is_beta":false,"boss_relics":[{"not_picked":["Empty Cage","Fusion Hammer"],"picked":"Snecko Eye"},{"not_picked":["Pandora\u0027s Box","Calling Bell"],"picked":"Philosopher\u0027s Stone"}],"items_purged_floors":[20,22],"is_endless":false,"potions_floor_spawned":[2,5,16,18,19,31,33,37,42],"killed_by":"Giant Head","ascension_level":10}}