{"host":"t7mx8yfj1no5p62f","time":1611279409,"event":{"mods":["BaseMod","Bestiary","Colored Map","Colored Powertips","Minty Spire (QoL Compilation)","Relic Stats","StSLib"],"gold_per_floor":[115,115,115,135,55,81,81,81,81,106,181,181,191,217,217,217,217],"floor_reached":16,"language":"ENG","playtime":269,"items_purged":[],"score":282,"play_id":"567e8fa3-c2bf-40fd-a102-4c36887177f5","local_time":"20210121203649","is_ascension_mode":true,"campfire_choices":[{"data":"Dark Embrace","floor":7.0,"key":"SMITH"},{"data":"Uppercut","floor":12.0,"key":"SMITH"},{"data":"Sever Soul","floor":15.0,"key":"SMITH"}],"circlet_count":0,"master_deck":["AscendersBane","Strike_R","Strike_R","Strike_R","Strike_R","Defend_R","Defend_R","Defend_R","Defend_R","Bash","Sever Soul+1","Perfected Strike","Uppercut+1","Dark Embrace+1","Anger+1","Second Wind","Bludgeon+1"],"relics":["Burning Blood","NeowsBlessing","Bag of Marbles","Question Card","Molten Egg 2","Paper Frog"],"acts_visited":[],"potions_floor_usage":[16,16],"damage_taken":[{"damage":0.0,"enemies":"Small Slimes","floor":1.0,"turns":1.0},{"damage":0.0,"enemies":"Jaw Worm","floor":4.0,"turns":1.0},{"damage":0.0,"enemies":"Gremlin Nob","floor":6.0,"turns":1.0},{"damage":45.0,"enemies":"3 Sentries","floor":10.0,"turns":8.0},{"damage":0.0,"enemies":"Cultist","floor":13.0,"turns":3.0},{"damage":26.0,"enemies":"Gremlin Nob","floor":14.0,"turns":4.0},{"damage":21,"enemies":"Slime Boss","floor":16,"turns":6}],"seed_played":"-1239233704830800671","potions_obtained":[{"floor":1.0,"key":"ElixirPotion"},{"floor":13.0,"key":"SteroidPotion"}],"is_trial":false,"path_per_floor":["M","?","?","M","$","E","R","?","T","E","?","R","M","E","R","B"],"character_chosen":"IRONCLAD","items_purchased":["Uppercut"],"campfire_rested":0,"item_purchase_floors":[5],"current_hp_per_floor":[74,79,79,80,80,80,80,80,80,41,30,30,36,16,16,0,0],"gold":217,"neow_bonus":"THREE_ENEMY_KILL","is_daily":false,"chose_seed":false,"campfire_upgraded":3,"win_rate":0.0,"timestamp":1611279409,"path_taken":["M","?","?","?","?","E","R","?","T","E","?","R","M","E","R","BOSS"],"items_purchased_type":["Card"],"build_version":"2020-12-22","purchased_purges":0,"victory":false,"max_hp_per_floor":[75,80,80,80,80,80,80,80,80,80,80,80,80,80,80,80,80],"relic_stats":{"counters":[7,24],"Question Card":3,"obtain_stats":[{"NeowsBlessing":0,"Molten Egg 2":10,"Bag of Marbles":6,"Question Card":9,"Burning Blood":0,"Paper Frog":14},{"NeowsBlessing":0,"Molten Egg 2":4,"Bag of Marbles":3,"Question Card":3,"Burning Blood":0,"Paper Frog":6},{"NeowsBlessing":0,"Molten Egg 2":11,"Bag of Marbles":3,"Question Card":3,"Burning Blood":0,"Paper Frog":18}],"Burning Blood":25},"card_choices":[{"not_picked":["Shockwave","Clash"],"picked":"Sever Soul","floor":1.0},{"not_picked":["Hemokinesis","Warcry"],"picked":"Perfected Strike","floor":4.0},{"not_picked":["Blood for Blood","Twin Strike"],"picked":"Dark Embrace","floor":6.0},{"not_picked":["Havoc","Heavy Blade+1","Armaments"],"picked":"Anger+1","floor":10.0},{"not_picked":["Dark Embrace","Hemokinesis+1","Spot Weakness"],"picked":"Second Wind","floor":13.0},{"not_picked":["Shockwave","Flex","Dark Embrace"],"picked":"Bludgeon+1","floor":14.0}],"player_experience":1805633,"relics_obtained":[{"floor":6.0,"key":"Bag of Marbles"},{"floor":9.0,"key":"Question Card"},{"floor":10.0,"key":"Molten Egg 2"},{"floor":14.0,"key":"Paper Frog"}],"event_choices":[{"damage_healed":0.0,"max_hp_gain":5.0,"max_hp_loss":0.0,"gold_gain":0.0,"event_name":"Big Fish","player_choice":"Donut","floor":2.0,"gold_loss":0.0,"damage_taken":0.0},{"cards_removed":["Strike_R"],"damage_healed":0.0,"max_hp_gain":0.0,"max_hp_loss":0.0,"gold_gain":0.0,"event_name":"Purifier","player_choice":"Purged","floor":3.0,"gold_loss":0.0,"damage_taken":0.0},{"damage_healed":0.0,"max_hp_gain":0.0,"max_hp_loss":0.0,"gold_gain":0.0,"event_name":"Liars Game","player_choice":"Ignored","floor":8.0,"gold_loss":0.0,"damage_taken":0.0},{"damage_healed":0.0,"max_hp_gain":0.0,"max_hp_loss":0.0,"gold_gain":75.0,"event_name":"World of Goop","player_choice":"Gather Gold","floor":11.0,"gold_loss":0.0,"damage_taken":11.0}],"is_beta":false,"boss_relics":[],"items_purged_floors":[],"is_endless":false,"potions_floor_spawned":[1,13,14],"killed_by":"Slime Boss","ascension_level":20}}