{"host":"xbs6xfa3tvu21mfl","time":1611322911,"event":{"mods":["Arknights The Spire","BaseMod","Downfall","Minty Spire (QoL Compilation)","Quick Restart","StSLib"],"gold_per_floor":[113,127,127,127,195,226,251,282,308,336,22,54,82,102,102,205,205,217,72,88,126,137,181,181,181,181,221,140,149,149,187,187,293,293,317,317,317,99,140,178,213,244,244,244,244,244],"floor_reached":44,"language":"ZHS","playtime":3162,"items_purged":["Slimebound:SplitMire","Slimebound:HauntingLick"],"score":844,"play_id":"107cb39c-4c59-4784-b6a1-0ff4ce65aad4","local_time":"20210122214151","daily_mods":["SealedDeck","Heirloom","Time Dilation","Flight","DeadlyEvents","Elite Swarm"],"is_ascension_mode":false,"campfire_choices":[{"data":"1","floor":15,"key":"LIFT"},{"data":"2","floor":24,"key":"LIFT"},{"data":"3","floor":25,"key":"LIFT"},{"data":"Apotheosis","floor":30,"key":"SMITH"},{"data":"Slimebound:TagTeam","floor":32,"key":"SMITH"}],"circlet_count":0,"master_deck":["Slimebound:SpikyOuterGoop","Slimebound:SplitSpecialist+1","Slimebound:SplitSpecialist","Slimebound:GrowthPunch","Slimebound:Recollect+1","Slimebound:LeechEnergy","Slimebound:MinionMaster","Slimebound:MassFeed","Slimebound:MassRepurpose","Slimebound:OozeBath","Slimebound:DuplicatedForm+1","Apotheosis+1","Slimebound:LeechLife","Slimebound:SamplingLick","Slimebound:MassFeed","Slimebound:PrepareCrush+1","Slimebound:LevelUp+1","Slimebound:LivingWall+1","Slimebound:SplitSpecialist","Slimebound:LeadByExample+1","Slimebound:GrowthPunch+1","Slimebound:Recycling+1","Slimebound:TagTeam","Slimebound:TagTeam+1","Slimebound:Grow+1","RitualDagger","Slimebound:OneTwoCombo","Slimebound:Recycling+1","Slimebound:LeechingTouch+1","Slimebound:SlimeTap","Slimebound:FirmFortitude","Slimebound:Recycling+1","Slimebound:OneTwoCombo"],"relics":["Slimebound:AbsorbEndCombat","Peace Pipe","War Paint","Pantograph","Anchor","Frozen Egg 2","Girya","Potion Belt","Vajra","Slimebound:AggressiveSlimeRelic","Bird Faced Urn","The Courier","Astrolabe","Bronze Scales","CeramicFish","Blood Vial","Omamori","champ:DeflectingBracers","Toy Ornithopter","Slimebound:TarBlob","Strawberry","Regal Pillow","Bag of Marbles","Gremlin Horn","CaptainsWheel","Slimebound:MaxSlimesRelic"],"acts_visited":["Exordium","TheCity","TheBeyond"],"potions_floor_usage":[14,16,20,21,23,27],"damage_taken":[{"damage":1,"enemies":"2 Louse","floor":1,"turns":2},{"damage":4,"enemies":"Jaw Worm","floor":2,"turns":2},{"damage":0,"enemies":"Gremlin Nob","floor":6,"turns":3},{"damage":17,"enemies":"3 Sentries","floor":7,"turns":5},{"damage":14,"enemies":"Lagavulin","floor":8,"turns":5},{"damage":15,"enemies":"Gremlin Nob","floor":10,"turns":4},{"damage":33,"enemies":"3 Sentries","floor":12,"turns":4},{"damage":2,"enemies":"Gremlin Nob","floor":13,"turns":3},{"damage":6,"enemies":"Cultist","floor":14,"turns":3},{"damage":15,"enemies":"Slime Boss","floor":16,"turns":7},{"damage":52,"enemies":"3 Byrds","floor":18,"turns":4},{"damage":8,"enemies":"Shell Parasite","floor":20,"turns":5},{"damage":5,"enemies":"Book of Stabbing","floor":21,"turns":3},{"damage":6,"enemies":"Centurion and Healer","floor":22,"turns":4},{"damage":27,"enemies":"Gremlin Leader","floor":23,"turns":6},{"damage":18,"enemies":"Book of Stabbing","floor":27,"turns":4},{"damage":20,"enemies":"Slavers","floor":31,"turns":4},{"damage":23,"enemies":"Champ","floor":33,"turns":7},{"damage":2,"enemies":"Orb Walker","floor":35,"turns":3},{"damage":23,"enemies":"Reptomancer","floor":39,"turns":3},{"damage":30,"enemies":"Giant Head","floor":40,"turns":5},{"damage":42,"enemies":"Reptomancer","floor":41,"turns":5},{"damage":17,"enemies":"Giant Head","floor":42,"turns":7},{"damage":125,"enemies":"Reptomancer","floor":44,"turns":3}],"seed_played":"6266012161824699635","potions_obtained":[{"floor":6,"key":"SpeedPotion"},{"floor":10,"key":"DistilledChaos"},{"floor":12,"key":"DistilledChaos"},{"floor":13,"key":"Explosive Potion"},{"floor":14,"key":"Fruit Juice"},{"floor":18,"key":"Fire Potion"},{"floor":27,"key":"DuplicationPotion"},{"floor":31,"key":"SneckoOil"},{"floor":33,"key":"SteroidPotion"},{"floor":35,"key":"CultistPotion"},{"floor":41,"key":"GamblersBrew"}],"is_trial":true,"path_per_floor":["M","M","?","T","T","E","E","E","T","E","$","E","E","M","R","B",null,"M","$","M","E","M","E","R","R","T","E","$","?","R","E","R","B",null,"M","?","?","$","E","E","E","E","T","E"],"character_chosen":"SLIMEBOUND","items_purchased":["Slimebound:AggressiveSlimeRelic","Apotheosis","Slimebound:LeadByExample+1","Bronze Scales","Slimebound:Grow+1","Slimebound:SlimeTap","Strawberry"],"campfire_rested":0,"item_purchase_floors":[11,11,19,19,28,38,38],"current_hp_per_floor":[65,65,65,65,65,65,57,49,49,42,42,32,44,66,66,81,81,51,51,53,56,70,68,68,68,68,96,96,90,90,86,86,100,100,100,100,110,117,113,108,105,121,121,0,0,0],"gold":244,"neow_bonus":"","is_daily":false,"chose_seed":false,"campfire_upgraded":2,"win_rate":0.0,"timestamp":1611322911,"path_taken":["M","M","?","?","?","E","E","E","T","E","$","E","?","M","R","BOSS","M","?","?","?","M","E","R","R","T","E","$","?","R","E","R","BOSS","M","?","?","$","?","E","E","E","T","E"],"items_purchased_type":["Relic","Card","Card","Relic","Card","Card","Relic"],"build_version":"2020-12-22","purchased_purges":2,"victory":false,"max_hp_per_floor":[65,65,65,65,65,65,68,68,68,68,68,68,68,73,73,81,81,84,84,84,88,96,96,96,96,96,96,96,96,96,100,100,100,100,100,100,110,117,117,117,117,121,121,121,121,121],"card_choices":[{"not_picked":["Slimebound:LeechingTouch","Slimebound:ItLooksTasty"],"picked":"Slimebound:Recollect","floor":1},{"not_picked":["Slimebound:SlimeSpikes","Slimebound:Replication"],"picked":"Slimebound:LeechEnergy","floor":2},{"not_picked":["Slimebound:MinionMaster","Slimebound:SelfFormingGoo"],"picked":"Slimebound:MassFeed","floor":6},{"not_picked":["Slimebound:OozeBath","Slimebound:CheckThePlaybook"],"picked":"Slimebound:MassRepurpose","floor":7},{"not_picked":["Slimebound:RallyTheTroops","Slimebound:LeechLife"],"picked":"Slimebound:OozeBath","floor":8},{"not_picked":["Slimebound:MassFeed","Slimebound:Darklings"],"picked":"Slimebound:DuplicatedForm+1","floor":10},{"not_picked":["Slimebound:MinionMaster+1","Slimebound:FirmFortitude"],"picked":"Slimebound:LeechLife","floor":12},{"not_picked":["Slimebound:Overexert+1","Slimebound:SelfFormingGoo+1"],"picked":"Slimebound:DouseInSlime","floor":13},{"not_picked":["Slimebound:RollThrough","Slimebound:ProtectTheBoss+1"],"picked":"Slimebound:SamplingLick","floor":14},{"not_picked":["Slimebound:PrepareCrush","Slimebound:SelfFormingGoo+1"],"picked":"Slimebound:MassFeed","floor":16},{"not_picked":["Slimebound:Schlurp","Slimebound:Replication"],"picked":"Slimebound:SplitSpecialist","floor":18},{"not_picked":["Slimebound:SplitAcid+1","Slimebound:Schlurp"],"picked":"Slimebound:GrowthPunch+1","floor":20},{"not_picked":["Slimebound:LeechLife","Slimebound:RallyTheTroops"],"picked":"Slimebound:Recycling+1","floor":21},{"not_picked":["Slimebound:LivingWall","Slimebound:SplitBruiser","Slimebound:RollThrough+1"],"picked":"SKIP","floor":22},{"not_picked":["Slimebound:RallyTheTroops","Slimebound:MassRepurpose"],"picked":"Slimebound:TagTeam","floor":23},{"not_picked":["Slimebound:OozeBath","Slimebound:WasteNot"],"picked":"Slimebound:TagTeam","floor":27},{"not_picked":["Slimebound:DouseInSlime","Slimebound:DuplicatedForm+1"],"picked":"Slimebound:OneTwoCombo","floor":31},{"not_picked":["Slimebound:PrepareCrush","Slimebound:OozeBath"],"picked":"Slimebound:Recycling+1","floor":33},{"not_picked":["Slimebound:GoopTackle","Slimebound:SamplingLick"],"picked":"Slimebound:LeechingTouch+1","floor":35},{"not_picked":["Slimebound:TagTeam","Slimebound:LeechLife"],"picked":"Slimebound:FirmFortitude","floor":39},{"not_picked":["Slimebound:MassRepurpose","Slimebound:CheckThePlaybook"],"picked":"Slimebound:Recycling+1","floor":40},{"not_picked":["Slimebound:MinionMaster+1","Slimebound:MassFeed"],"picked":"Slimebound:OneTwoCombo","floor":41},{"not_picked":["Slimebound:Darklings","Slimebound:RallyTheTroops","Slimebound:LeechLife"],"picked":"SKIP","floor":42}],"player_experience":167753,"relics_obtained":[{"floor":4,"key":"War Paint"},{"floor":5,"key":"Pantograph"},{"floor":6,"key":"Anchor"},{"floor":7,"key":"Frozen Egg 2"},{"floor":8,"key":"Girya"},{"floor":9,"key":"Potion Belt"},{"floor":10,"key":"Vajra"},{"floor":12,"key":"Bird Faced Urn"},{"floor":13,"key":"The Courier"},{"floor":21,"key":"CeramicFish"},{"floor":23,"key":"Blood Vial"},{"floor":26,"key":"Omamori"},{"floor":27,"key":"champ:DeflectingBracers"},{"floor":31,"key":"Toy Ornithopter"},{"floor":39,"key":"Regal Pillow"},{"floor":40,"key":"Bag of Marbles"},{"floor":41,"key":"Gremlin Horn"},{"floor":42,"key":"CaptainsWheel"},{"floor":43,"key":"Slimebound:MaxSlimesRelic"}],"event_choices":[{"damage_healed":0,"gold_gain":0,"cards_transformed":["Slimebound:LeechEnergy"],"player_choice":"Change","damage_taken":0,"max_hp_gain":0,"max_hp_loss":0,"event_name":"Living Wall","floor":3,"gold_loss":0,"cards_obtained":["Slimebound:MinionMaster"]},{"damage_healed":0,"gold_gain":0,"player_choice":"Joined the Cult","damage_taken":6,"max_hp_gain":0,"max_hp_loss":0,"event_name":"Nest","floor":29,"gold_loss":0,"cards_obtained":["RitualDagger"]},{"damage_healed":0,"gold_gain":0,"player_choice":"Ignored","damage_taken":0,"max_hp_gain":0,"max_hp_loss":0,"event_name":"Tomb of Lord Red Mask","floor":36,"gold_loss":0},{"cards_removed":["Slimebound:DouseInSlime"],"damage_healed":0,"gold_gain":0,"player_choice":"Offered Rare","damage_taken":0,"max_hp_gain":10,"max_hp_loss":0,"event_name":"Bonfire Elementals","floor":37,"gold_loss":0}],"is_beta":false,"boss_relics":[{"not_picked":["Coffee Dripper","Busted Crown"],"picked":"Astrolabe"},{"not_picked":["Velvet Choker","SacredBark"],"picked":"Slimebound:TarBlob"}],"items_purged_floors":[28,38],"is_endless":false,"potions_floor_spawned":[6,10,12,13,14,18,27,31,33,35,41],"killed_by":"Reptomancer","ascension_level":0}}