{"host":"wwmqne3dwir10erh","time":1611357909,"event":{"mods":["BaseMod","Better Note","Hubris","Mimic Mod","Minty Spire (QoL Compilation)","Replay The Spire","StSLib","The Bladedancer"],"gold_per_floor":[117,136,136,149,168,203,203,49,75,75,75,110,110,139,139,234,234,252,252,252,252,269,294,312,338,378,378,395,14,32,32,32,127,127,142,188,288,306,319,319,335,363,363,363,389,402,435,435,435,435],"floor_reached":51,"language":"ENG","playtime":2989,"items_purged":["Strike_G","Doubt"],"score":1063,"play_id":"7912fad3-c429-4945-8183-526a07316f2c","local_time":"20210122182509","is_ascension_mode":true,"campfire_choices":[{"data":"Accuracy","floor":10.0,"key":"SMITH"},{"data":"Prepared","floor":15.0,"key":"SMITH"},{"floor":27.0,"key":"REST"},{"data":"Replay:Bag of Tricks","floor":32.0,"key":"SMITH"},{"floor":40.0,"key":"DIG"},{"floor":44,"key":"DIG"},{"data":"Strike_G","floor":49,"key":"PURGE"}],"circlet_count":0,"master_deck":["Strike_G","Strike_G","Strike_G","Defend_G+1","Defend_G","Defend_G","Defend_G+1","Defend_G","Survivor","Neutralize+1","Defend_B+1","Strike_P","Escape Plan","Blade Dance+1","Prepared+1","Adrenaline","All Out Attack","Accuracy+1","After Image","Underhanded Strike+1","Replay:Bag of Tricks+1","CommonCold","Sickly","Writhe","Deadly Poison+1","Apotheosis+1","Infinite Blades+1","Underhanded Strike","Dodge and Roll+1","Die Die Die","Prepared","Masterful Stab","Tools of the Trade","Bane+1","Acrobatics","hubris:Counter+1","Underhanded Strike","Venomology","Escape Plan","Underhanded Strike+1","hubris:Sniper+1"],"relics":["Ring of the Snake","Replay:Multitool","ReplayTheSpireMod:Ring of Exchange","Ring of Misfortune","ReplayFunnel","Orichalcum","Boot","Centennial Puzzle","Replay:Ancient Bell","Gremlin Food","Pantograph","TungstenRod","Enchiridion","Matryoshka","Torii","Kunai","Bag of Preparation","Quantum Egg","hubris:ScarierMask","Replay:Kaleidoscope","Lantern","hubris:TenFootPole","hubris:CrystalStatue","Simple Rune","Prayer Wheel","ReplayTheSpireMod:Lightbulb","Whetstone","hubris:Towel"],"acts_visited":["TheCity","TheBeyond"],"potions_floor_usage":[47,50,50,50,50],"damage_taken":[{"damage":0.0,"enemies":"Small Slimes","floor":1.0,"turns":5.0},{"damage":5.0,"enemies":"Jaw Worm","floor":2.0,"turns":5.0},{"damage":0.0,"enemies":"Cultist","floor":4.0,"turns":5.0},{"damage":2.0,"enemies":"Looter","floor":5.0,"turns":3.0},{"damage":4.0,"enemies":"Replay:BlueRogue","floor":6.0,"turns":9.0},{"damage":0.0,"enemies":"Gremlin Nob","floor":12.0,"turns":3.0},{"damage":7.0,"enemies":"Replay:BlueRogue","floor":14.0,"turns":4.0},{"damage":8.0,"enemies":"Slime Boss","floor":16.0,"turns":14.0},{"damage":2.0,"enemies":"2 Thieves","floor":18.0,"turns":4.0},{"damage":7.0,"enemies":"Shell Parasite","floor":22.0,"turns":5.0},{"damage":8.0,"enemies":"Slavers","floor":23.0,"turns":4.0},{"damage":0.0,"enemies":"Snecko","floor":24.0,"turns":5.0},{"damage":8.0,"enemies":"Book of Stabbing","floor":25.0,"turns":4.0},{"damage":0.0,"enemies":"Snake Plant","floor":26.0,"turns":6.0},{"damage":0.0,"enemies":"Snake Plant","floor":28.0,"turns":4.0},{"damage":0.0,"enemies":"3 Cultists","floor":30.0,"turns":3.0},{"damage":0.0,"enemies":"Champ","floor":33.0,"turns":11.0},{"damage":0.0,"enemies":"Orb Walker","floor":35.0,"turns":3.0},{"damage":0.0,"enemies":"2 Orb Walkers","floor":36.0,"turns":2.0},{"damage":0.0,"enemies":"3 Darklings","floor":38.0,"turns":3.0},{"damage":0.0,"enemies":"4 Shapes","floor":39.0,"turns":3.0},{"damage":0.0,"enemies":"Transient","floor":41.0,"turns":5.0},{"damage":0.0,"enemies":"Giant Head","floor":42.0,"turns":7.0},{"damage":0,"enemies":"Reptomancer","floor":45,"turns":5},{"damage":0,"enemies":"Spire Growth","floor":46,"turns":3},{"damage":0,"enemies":"Giant Head","floor":47,"turns":5},{"damage":30,"enemies":"Awakened One","floor":50,"turns":8}],"seed_played":"7360233202806133474","potions_obtained":[{"floor":2.0,"key":"FearPotion"},{"floor":5.0,"key":"AttackPotion"},{"floor":14.0,"key":"Dexterity Potion"},{"floor":18.0,"key":"BlessingOfTheForge"},{"floor":28.0,"key":"Adrenaline Potion"},{"floor":36.0,"key":"ColorlessPotion"},{"floor":38.0,"key":"Explosive Potion"},{"floor":42.0,"key":"SmokeBomb"},{"floor":45,"key":"Explosive Potion"},{"floor":47,"key":"LiquidBronze"}],"is_trial":false,"path_per_floor":["M","M","?","M","M","E","R","$","T","R","?","E","$","E","R","B",null,"M","?","?","?","M","E","M","E","MIM","R","M","$","M","?","R","B",null,"M","?","?","M","M","R","M","E","T","R","E","M","E","?","R","B",null],"character_chosen":"THE_SILENT","items_purchased":["Accuracy","Quantum Egg","Prepared"],"campfire_rested":1,"item_purchase_floors":[8,29,29],"current_hp_per_floor":[70,65,65,65,63,59,70,70,70,70,75,75,75,68,68,60,75,73,73,61,61,54,46,46,38,38,60,60,60,60,60,60,75,75,75,75,75,75,75,75,75,75,75,75,75,75,75,75,75,45],"gold":435,"neow_bonus":"ONE_RARE_RELIC","is_daily":false,"chose_seed":false,"campfire_upgraded":3,"win_rate":0.0,"timestamp":1611357909,"path_taken":["M","M","?","M","M","E","R","$","T","R","?","E","?","E","R","BOSS","M","?","?","?","M","E","M","E","MIM","R","?","$","M","?","R","BOSS","M","?","?","M","M","R","M","E","T","R","E","?","E","?","R","BOSS"],"items_purchased_type":["Card","Relic","Card"],"build_version":"2020-12-22","purchased_purges":2,"victory":true,"max_hp_per_floor":[70,70,70,70,70,70,70,70,70,70,75,75,75,75,75,75,75,75,75,75,75,75,75,75,75,75,75,75,75,75,75,75,75,75,75,75,75,75,75,75,75,75,75,75,75,75,75,75,75,75],"card_choices":[{"not_picked":["Dagger Throw","Prepared"],"picked":"Escape Plan","floor":1.0},{"not_picked":["Quick Slash","Outmaneuver"],"picked":"Blade Dance","floor":2.0},{"not_picked":["Sucker Punch","Expertise"],"picked":"Prepared","floor":4.0},{"not_picked":["hubris:SlightOfHand","Hidden Blade"],"picked":"Adrenaline","floor":5.0},{"not_picked":["ReplayTheSpireMod:Shiv Toss","Cloak And Dagger"],"picked":"All Out Attack","floor":6.0},{"not_picked":["Heel Hook","Bane"],"picked":"After Image","floor":12.0},{"not_picked":["Dagger Throw","Quick Slash"],"picked":"Underhanded Strike","floor":14.0},{"not_picked":["Poison Darts","Unload"],"picked":"Replay:Bag of Tricks","floor":16.0},{"not_picked":["Delirium","hubris:Envy"],"picked":"CommonCold","floor":17.0},{"not_picked":["Parasite","hubris:Wrath"],"picked":"Sickly","floor":17.0},{"not_picked":["Spreading Infection","ReplayTheSpireMod:Doomed"],"picked":"Writhe","floor":17.0},{"not_picked":["hubris:SlightOfHand","Sucker Punch"],"picked":"Deadly Poison+1","floor":18.0},{"not_picked":["hubris:Counter","Slice+1"],"picked":"Infinite Blades+1","floor":22.0},{"not_picked":["ReplayTheSpireMod:Tripwire","Hidden Blade","Expertise"],"picked":"SKIP","floor":23.0},{"not_picked":["Cloak And Dagger","Poison Darts","Poisoned Stab"],"picked":"SKIP","floor":24.0},{"not_picked":["Outmaneuver","hubris:SlightOfHand+1"],"picked":"Underhanded Strike","floor":25.0},{"not_picked":["Flechettes+1","PiercingWail"],"picked":"Dodge and Roll+1","floor":26.0},{"not_picked":["Infinite Blades+1","Bouncing Flask"],"picked":"Die Die Die","floor":28.0},{"not_picked":["Outmaneuver","Choke+1"],"picked":"Masterful Stab","floor":30.0},{"not_picked":["Storm of Steel","Night Terror"],"picked":"Tools of the Trade","floor":33.0},{"not_picked":["Dodge and Roll","Cloak And Dagger+1"],"picked":"Bane+1","floor":35.0},{"not_picked":["Flying Knee+1","Infinite Blades+1"],"picked":"Acrobatics","floor":36.0},{"not_picked":["Deflect+1","Flying Knee","Quick Slash"],"picked":"SKIP","floor":38.0},{"not_picked":["Backflip","Poison Darts"],"picked":"hubris:Counter+1","floor":39.0},{"not_picked":["Slice","Dodge and Roll+1","hubris:Counter"],"picked":"SKIP","floor":41.0},{"not_picked":["Poisoned Stab","Quick Slash+1"],"picked":"Underhanded Strike","floor":42.0},{"not_picked":["hubris:TrickCloak","PiercingWail+1"],"picked":"Venomology","floor":45},{"not_picked":["Slice+1","Underhanded Strike+1"],"picked":"Escape Plan","floor":46},{"not_picked":["Well Laid Plans+1","Footwork"],"picked":"Underhanded Strike+1","floor":46},{"not_picked":["Calculated Gamble+1","Leg Sweep+1"],"picked":"hubris:Sniper+1","floor":47}],"player_experience":2274924,"relics_obtained":[{"floor":3.0,"key":"ReplayTheSpireMod:Ring of Exchange"},{"floor":3.0,"key":"Ring of Misfortune"},{"floor":6.0,"key":"ReplayFunnel"},{"floor":9.0,"key":"Orichalcum"},{"floor":12.0,"key":"Boot"},{"floor":14.0,"key":"Centennial Puzzle"},{"floor":20.0,"key":"Enchiridion"},{"floor":23.0,"key":"Matryoshka"},{"floor":25.0,"key":"Torii"},{"floor":26.0,"key":"Kunai"},{"floor":26.0,"key":"Bag of Preparation"},{"floor":36.0,"key":"Replay:Kaleidoscope"},{"floor":40.0,"key":"Lantern"},{"floor":42.0,"key":"hubris:TenFootPole"},{"floor":43.0,"key":"hubris:CrystalStatue"},{"floor":43.0,"key":"Simple Rune"},{"floor":44,"key":"Prayer Wheel"},{"floor":45,"key":"ReplayTheSpireMod:Lightbulb"},{"floor":47,"key":"Whetstone"}],"event_choices":[{"damage_healed":0.0,"max_hp_gain":5.0,"max_hp_loss":0.0,"gold_gain":0.0,"event_name":"Big Fish","player_choice":"Donut","floor":11.0,"gold_loss":0.0,"damage_taken":0.0},{"cards_removed":["Apotheosis"],"damage_healed":0.0,"max_hp_gain":0.0,"max_hp_loss":0.0,"gold_gain":0.0,"event_name":"betterNote:BetterNote","player_choice":"Take \u0026 Give","floor":19.0,"gold_loss":0.0,"damage_taken":0.0,"cards_obtained":["Apotheosis"]},{"damage_healed":0.0,"max_hp_gain":0.0,"max_hp_loss":0.0,"gold_gain":0.0,"event_name":"Cursed Tome","player_choice":"Obtained Book","floor":20.0,"gold_loss":0.0,"damage_taken":16.0},{"damage_healed":0.0,"max_hp_gain":0.0,"max_hp_loss":0.0,"gold_gain":0.0,"event_name":"Vampires","player_choice":"Ignored","floor":21.0,"gold_loss":0.0,"damage_taken":0.0},{"damage_healed":0.0,"max_hp_gain":0.0,"max_hp_loss":0.0,"gold_gain":0.0,"event_name":"Ghosts","player_choice":"Ignored","floor":31.0,"gold_loss":0.0,"damage_taken":0.0},{"damage_healed":0.0,"max_hp_gain":0.0,"max_hp_loss":0.0,"gold_gain":0.0,"event_name":"Mysterious Sphere","player_choice":"Fight","floor":36.0,"gold_loss":0.0,"damage_taken":0.0},{"damage_healed":0.0,"max_hp_gain":0.0,"max_hp_loss":0.0,"gold_gain":100.0,"event_name":"Golden Shrine","player_choice":"Pray","floor":37.0,"gold_loss":0.0,"damage_taken":0.0}],"is_beta":false,"boss_relics":[{"not_picked":["SlaversCollar","HoveringKite"],"picked":"Replay:Ancient Bell"},{"not_picked":["Bag of Marbles","Toy Ornithopter"],"picked":"Gremlin Food"},{"not_picked":["Letter Opener","Replay:Bottled Steam"],"picked":"Pantograph"},{"not_picked":["Mango","hubris:MedicalManual"],"picked":"TungstenRod"},{"not_picked":["ClockworkSouvenir","Pandora\u0027s Box"],"picked":"hubris:ScarierMask"}],"items_purged_floors":[8,29],"is_endless":false,"potions_floor_spawned":[2,5,14,18,28,30,36,38,42,45,47],"ascension_level":1}}