{"host":"jq8d8epkoknfq6em","time":1611280966,"event":{"mods":["AchievementEnabler","BaseMod","Colored Map","Colored Powertips","Highlight Path","Minty Spire (QoL Compilation)","Quick Restart","StSLib"],"gold_per_floor":[114,114,214,230,230,230,263,5,28,61,61,104,104,120,120,251,251,251,176,176,176,76,76,76],"floor_reached":23,"language":"ENG","playtime":1104,"items_purged":["Strike_R","Strike_R"],"score":311,"play_id":"d7f73aa1-4495-4a2e-baa5-3e3b92da1da8","local_time":"20210122030246","is_ascension_mode":true,"campfire_choices":[{"data":"Fiend Fire","floor":6,"key":"SMITH"},{"floor":11,"key":"REST"},{"data":"Apotheosis","floor":13,"key":"SMITH"},{"floor":15,"key":"REST"}],"circlet_count":0,"master_deck":["AscendersBane","Strike_R+1","Strike_R","Strike_R+1","Defend_R","Defend_R","Defend_R","Defend_R","Bash","Fiend Fire+1","Inflame","Apotheosis+1","Sword Boomerang","Flame Barrier","Shrug It Off","Heavy Blade","Rampage","Demon Form","Shrug It Off"],"relics":["Burning Blood","Golden Idol","Regal Pillow","Whetstone","Dream Catcher","Omamori","Ectoplasm"],"acts_visited":["Exordium","TheCity"],"potions_floor_usage":[16,23],"damage_taken":[{"damage":3,"enemies":"Jaw Worm","floor":1,"turns":5},{"damage":0,"enemies":"Cultist","floor":4,"turns":2},{"damage":35,"enemies":"3 Sentries","floor":7,"turns":15},{"damage":20,"enemies":"Lagavulin","floor":10,"turns":5},{"damage":39,"enemies":"Gremlin Nob","floor":12,"turns":5},{"damage":1,"enemies":"2 Louse","floor":14,"turns":3},{"damage":14,"enemies":"Slime Boss","floor":16,"turns":5},{"damage":7,"enemies":"Shell Parasite","floor":18,"turns":5},{"damage":31,"enemies":"2 Thieves","floor":19,"turns":4},{"damage":30,"enemies":"Shelled Parasite and Fungi","floor":21,"turns":5},{"damage":43,"enemies":"Gremlin Leader","floor":23,"turns":5}],"seed_played":"-8034830548749990975","potions_obtained":[{"floor":7,"key":"FearPotion"},{"floor":12,"key":"CultistPotion"},{"floor":14,"key":"BlessingOfTheForge"},{"floor":19,"key":"Fire Potion"}],"is_trial":false,"path_per_floor":["M","?","?","M","?","R","E","$","T","E","R","E","R","M","R","B",null,"M","M","?","M","$","E"],"character_chosen":"IRONCLAD","items_purchased":["Apotheosis"],"campfire_rested":2,"item_purchase_floors":[8],"current_hp_per_floor":[75,55,55,61,66,66,37,37,37,23,63,30,30,35,75,67,81,80,55,55,31,31,0,0],"gold":76,"neow_bonus":"ONE_RANDOM_RARE_CARD","is_daily":false,"chose_seed":false,"campfire_upgraded":2,"win_rate":0.0,"timestamp":1611280966,"path_taken":["M","?","?","?","?","R","E","$","T","E","R","E","R","M","R","BOSS","M","M","?","?","$","E"],"items_purchased_type":["Card"],"build_version":"2020-12-22","purchased_purges":2,"victory":false,"max_hp_per_floor":[80,80,80,80,85,85,85,85,85,85,85,85,85,85,85,85,85,85,85,85,85,85,85,85],"card_choices":[{"not_picked":["Perfected Strike","Second Wind","Clash"],"picked":"SKIP","floor":1},{"not_picked":["True Grit","Flex","Sword Boomerang"],"picked":"SKIP","floor":4},{"not_picked":["Wild Strike","Fiend Fire"],"picked":"Inflame","floor":7},{"not_picked":["Thunderclap","Metallicize"],"picked":"Sword Boomerang","floor":10},{"not_picked":["Thunderclap","Twin Strike"],"picked":"Flame Barrier","floor":11},{"not_picked":["Iron Wave","Armaments"],"picked":"Shrug It Off","floor":12},{"not_picked":["Havoc","Body Slam"],"picked":"Heavy Blade","floor":14},{"not_picked":["Combust","Flex"],"picked":"Rampage","floor":15},{"not_picked":["Exhume","Fiend Fire"],"picked":"Demon Form","floor":16},{"not_picked":["Carnage","Inflame"],"picked":"Shrug It Off","floor":18},{"not_picked":["Warcry","Armaments","Twin Strike"],"picked":"SKIP","floor":19},{"not_picked":["Perfected Strike","Iron Wave","Reckless Charge"],"picked":"SKIP","floor":21}],"player_experience":983246,"relics_obtained":[{"floor":7,"key":"Regal Pillow"},{"floor":9,"key":"Whetstone"},{"floor":10,"key":"Dream Catcher"},{"floor":12,"key":"Omamori"}],"event_choices":[{"damage_healed":0,"gold_gain":0,"player_choice":"Take Damage","damage_taken":20,"relics_obtained":["Golden Idol"],"max_hp_gain":0,"max_hp_loss":0,"event_name":"Golden Idol","floor":2,"gold_loss":0},{"damage_healed":0,"gold_gain":100,"player_choice":"Pray","damage_taken":0,"max_hp_gain":0,"max_hp_loss":0,"event_name":"Golden Shrine","floor":3,"gold_loss":0},{"damage_healed":0,"gold_gain":0,"player_choice":"Donut","damage_taken":0,"max_hp_gain":5,"max_hp_loss":0,"event_name":"Big Fish","floor":5,"gold_loss":0},{"damage_healed":0,"gold_gain":0,"player_choice":"Ignored","damage_taken":0,"max_hp_gain":0,"max_hp_loss":0,"event_name":"NoteForYourself","floor":20,"gold_loss":0}],"is_beta":false,"boss_relics":[{"not_picked":["SacredBark","SlaversCollar"],"picked":"Ectoplasm"}],"items_purged_floors":[8,22],"is_endless":false,"potions_floor_spawned":[7,12,14,19],"killed_by":"Gremlin Leader","ascension_level":10}}