{"host":"yciysiy0jlorh0h5","time":1611277346,"event":{"mods":["2.2 Compatiblity","Act Like it!","BaseMod","Bestiary","Better Match","BetterRewards","Curses Come First","Downfall","Elementarium","Friendly Minions","Hallownest","Hermit","Hubris","Infinite Spire","Minty Spire (QoL Compilation)","Rare Cards Sparkle","Shade Mod","StSLib","The Alterego","The Construct","The Cursed","The Hierophant","The Judge","The Mystic","The Runesmith","The Servant 0.9.4","Wandering Minibosses","vexMod"],"gold_per_floor":[99,99,99,113,113,63,113,63,63,82,82,67,79,92,108,108,108,108],"floor_reached":16,"language":"ENG","playtime":1511,"items_purged":[],"score":90,"play_id":"5bd411ac-5e6d-48ea-b86f-9af768c65f14","local_time":"20210121190226","is_ascension_mode":false,"campfire_choices":[{"data":"hexamod:Float","floor":1,"key":"SMITH"},{"data":"hexamod:HeatCrush","floor":9,"key":"SMITH"},{"data":"hexamod:BurningTouch","floor":11,"key":"SMITH"}],"circlet_count":0,"master_deck":["hexamod:Strike","hexamod:Strike","hexamod:Strike","hexamod:Strike","hexamod:Defend","hexamod:Defend","hexamod:Defend","hexamod:Defend","hexamod:Sear+1","hexamod:Float+1","hexamod:NecessarySacrifice","hexamod:SwordOfDarkness","hexamod:CatchUp","hexamod:Hexaguard","hexamod:HeatCrush+1","hexamod:BurningTouch+1","hexamod:HauntingEcho","hexamod:BacktrackSmack","hexamod:Firestarter","hexamod:FifthSeal"],"relics":["hexamod:SpiritBrand","hubris:Towel","Runesmith:AutoHammer"],"acts_visited":["Exordium"],"potions_floor_usage":[15,16,16],"damage_taken":[{"damage":4,"enemies":"Cultist","floor":4,"turns":4},{"damage":5,"enemies":"downfall:FleeingMerchant","floor":6,"turns":4},{"damage":5,"enemies":"downfall:FleeingMerchant","floor":8,"turns":4},{"damage":5,"enemies":"Small Slimes","floor":10,"turns":2},{"damage":20,"enemies":"downfall:FleeingMerchant","floor":12,"turns":4},{"damage":2,"enemies":"2 Louse","floor":13,"turns":2},{"damage":9,"enemies":"Blue Slaver","floor":14,"turns":3},{"damage":0,"enemies":"2 Fungi Beasts","floor":15,"turns":2},{"damage":36,"enemies":"IC_STATUS_ARCHETYPE","floor":16,"turns":4}],"seed_played":"3414372721109708184","potions_obtained":[{"floor":13,"key":"hexamod:SoulburnPotion"},{"floor":14,"key":"LiquidBronze"},{"floor":15,"key":"SneckoOil"}],"is_trial":false,"path_per_floor":["R","?","?","M","?","$","T","$","R","M","R","$","M","M","M","B"],"character_chosen":"THE_SPIRIT","items_purchased":["hexamod:CatchUp","hexamod:HeatCrush"],"campfire_rested":0,"item_purchase_floors":[6,8],"current_hp_per_floor":[77,77,77,73,73,68,68,63,63,58,58,38,36,27,27,0,0,0],"gold":108,"neow_bonus":"TEN_PERCENT_HP_BONUS","is_daily":false,"chose_seed":false,"campfire_upgraded":3,"win_rate":0.0,"timestamp":1611277346,"path_taken":["R","?","?","M","?","?","T","$","R","M","R","$","M","M","M","BOSS"],"items_purchased_type":["Card","Card"],"build_version":"2020-12-22","purchased_purges":0,"victory":false,"max_hp_per_floor":[77,77,77,77,77,77,77,77,77,77,77,77,77,77,77,77,77,77],"card_choices":[{"not_picked":["hexamod:Haunt","hexamod:ThermalTransfer"],"picked":"hexamod:NecessarySacrifice","floor":4},{"not_picked":["hexamod:GhostLash","hexamod:BacktrackSmack"],"picked":"hexamod:SwordOfDarkness","floor":6},{"not_picked":["hexamod:HeatShield","hexamod:GhostShield"],"picked":"hexamod:Hexaguard","floor":8},{"not_picked":["hexamod:GhostShield","hexamod:AdvancingGuard"],"picked":"hexamod:BurningTouch","floor":10},{"not_picked":["hexamod:SwordOfDarkness","hexamod:NightmareStrike"],"picked":"hexamod:HauntingEcho","floor":12},{"not_picked":["hexamod:ThermalTransfer","hexamod:NightmareGuise"],"picked":"hexamod:BacktrackSmack","floor":13},{"not_picked":["hexamod:HauntingEcho","hexamod:HeatMetal"],"picked":"hexamod:Firestarter","floor":14},{"not_picked":["hexamod:RetreatToShadows","hexamod:HauntingEcho"],"picked":"hexamod:FifthSeal","floor":15}],"player_experience":328715,"relics_obtained":[{"floor":7,"key":"Runesmith:AutoHammer"}],"event_choices":[],"is_beta":false,"boss_relics":[],"items_purged_floors":[],"is_endless":false,"potions_floor_spawned":[13,14,15],"killed_by":"IC_STATUS_ARCHETYPE","ascension_level":0}}