{"host":"ika5blmljv34vrx1","time":1611339002,"event":{"mods":["AchievementEnabler","Act Like it!","Aspiration","BaseMod","CapriCore","Challenge The Spire","Conspire","Gensokyo","Gold Saver","Grow up Mod","KinomotoSakuraMod(ƒæ÷Æ±æ”£)","Koishi","Marisa£®ÏF”Í°°ƒß¿Ì…≥£©","Minty Spire (QoL Compilation)","Pale of the Ancients","Quick Restart","Reimu£®≤©¿ˆ¡È√Œ£©","Remilia£®¿Ÿ√◊¿Ú—«£©","Remove Card Discount Mod","Replay The Spire","StSLib","The Immortal","Yakumo Yukari mod"],"gold_per_floor":[118,118,138,138,14,40,40,36,114,148,148,78,103,136,136,213,213,226,226,326,313,313,313,344,103,103,117,133,13,543,372,372,444,444,459,30,30,26,26,26,44,44,113,438,438,673,673,692,692,692,692,706,722,722,394,394,405,405,247,247,247],"floor_reached":62,"language":"ZHS","playtime":1706,"items_purged":["Pain","BlasphemousPunishment","BloodySeventeenLaser","VampirishNight"],"score":3714,"play_id":"a652c44c-0394-4740-b836-8adafe25ea30","local_time":"20210123021002","daily_mods":["SealedDeck","Heirloom","Time Dilation","Flight"],"is_ascension_mode":true,"campfire_choices":[{"floor":11,"key":"RECALL"},{"data":"ForbiddenFruit","floor":15,"key":"SMITH"},{"data":"BloodyMagicSquare","floor":23,"key":"SMITH"},{"data":"EquivalentExchange","floor":32,"key":"SMITH"},{"data":"BloodAndWine","floor":40,"key":"SMITH"},{"data":"DevilSight","floor":47,"key":"SMITH"},{"data":"HunterOfTheNight","floor":49,"key":"SMITH"},{"data":"Gensokyo:ShootingStar","floor":56,"key":"SMITH"},{"data":"UnderTheZenith","floor":56,"key":"SMITH"},{"data":"RedNightlessCastle","floor":58,"key":"SMITH"},{"data":"RedRainbow","floor":58,"key":"SMITH"}],"circlet_count":0,"master_deck":["AscendersBane","DevilSight+1","RedRainbow+1","UnderTheZenith+1","BloodyMagicSquare+1","UnstableMagic+1","RedNightlessCastle+1","EternalNight+1","BloodAndWine+1","ForbiddenFruit+1","HunterOfTheNight+1","BloodyCatastrophe+1","Gensokyo:ShootingStar+1","BatForm+1","CeilingFear+1","FitfulNightmare+1"],"relics":["ScarletHat","Incense Burner","Happy Flower","Snack Pack","Gensokyo:LunaticRedEyes","MealTicket","Ancient Tea Set","Replay:Kaleidoscope","conspire:SpecialSausage","FairyMaid","conspire:GlowingRock","Gensokyo:RedStar","Golden Egg","conspire:TreasureMap","Bag of Preparation","Gensokyo:DemonMask","Pocketwatch","Coffee Dripper","Medical Kit","ClockworkSouvenir","Gensokyo:DualWield","Pondfish Scales","conspire:GiftBox","conspire:DeflatedDodgeball","TungstenRod","Torii","paleoftheancients:Timepiece","paleoftheancients:KeyRelic","Oddly Smooth Stone","Gremlin Horn","Replay:Arrowhead","paleoftheancients:SoulOfTheVixen","Guide Book"],"acts_visited":["Exordium","Gensokyo:Gensokyo","Gensokyo:Gensokyoer","Gensokyo:Gensokyoest"],"potions_floor_usage":[16,16,28,51],"damage_taken":[{"damage":0,"enemies":"Gensokyo:2_Kodama","floor":1,"turns":3},{"damage":3,"enemies":"Gensokyo:Gryphon","floor":3,"turns":2},{"damage":2,"enemies":"Gensokyo:Cirno","floor":6,"turns":4},{"damage":73,"enemies":"Gensokyo:Mamizou","floor":13,"turns":3},{"damage":0,"enemies":"Gensokyo:Aya","floor":14,"turns":3},{"damage":58,"enemies":"Gensokyo:Reimu","floor":16,"turns":5},{"damage":108,"enemies":"Gensokyo:Chomper","floor":18,"turns":3},{"damage":66,"enemies":"Gensokyo:Chomper","floor":20,"turns":4},{"damage":163,"enemies":"Gensokyo:Koishi","floor":24,"turns":1},{"damage":0,"enemies":"Gensokyo:2_Gloops","floor":27,"turns":3},{"damage":0,"enemies":"Gensokyo:Slime_Group","floor":28,"turns":4},{"damage":2,"enemies":"Gensokyo:Tenshi","floor":30,"turns":2},{"damage":95,"enemies":"Gensokyo:Eternal_Rivals","floor":33,"turns":2},{"damage":0,"enemies":"Gensokyo:3_Boulders","floor":35,"turns":2},{"damage":1,"enemies":"Gensokyo:AncientGuardian","floor":41,"turns":3},{"damage":255,"enemies":"Gensokyo:Doremy","floor":44,"turns":2},{"damage":0,"enemies":"Gensokyo:Kasen","floor":46,"turns":3},{"damage":153,"enemies":"Gensokyo:Rafflesia","floor":48,"turns":2},{"damage":127,"enemies":"Gensokyo:Shinki","floor":50,"turns":3},{"damage":39,"enemies":"Gensokyo:Yuyuko","floor":51,"turns":2},{"damage":3,"enemies":"Gensokyo:Yuyuko","floor":52,"turns":2},{"damage":270,"enemies":"Gensokyo:Yuyuko","floor":53,"turns":2},{"damage":231,"enemies":"Gensokyo:Yuyuko","floor":57,"turns":1},{"damage":370,"enemies":"paleoftheancients:N","floor":61,"turns":2}],"seed_played":"8516116609528192278","potions_obtained":[{"floor":3,"key":"ZuzhouPotion:ReiMu"},{"floor":6,"key":"Toxic Potion"},{"floor":10,"key":"LiquidBronze"},{"floor":20,"key":"Block Potion"},{"floor":27,"key":"Energy Potion"},{"floor":28,"key":"AttackPotion"},{"floor":52,"key":"Elixir"}],"is_trial":true,"path_per_floor":["M","?","M","?","COS","E","?","$","T","?","R","?","E","E","R","B",null,"M","?","?","?","?","R","E","COS","T","M","M","?","E","$","R","B",null,"M","COS","?","$","?","R","M","$","T","E","T","E","R","M","R","B","B","M","M","?","$","R","M","R","$","?","B",null],"character_chosen":"REMILIA","items_purchased":["BloodyCatastrophe","Replay:Arrowhead","Guide Book"],"campfire_rested":0,"item_purchase_floors":[31,55,59],"current_hp_per_floor":[86,100,107,117,127,140,150,160,170,124,134,144,87,106,116,91,213,119,129,83,197,207,217,64,74,84,114,129,139,147,172,182,327,399,424,434,444,460,470,480,489,500,510,270,280,292,302,161,171,54,459,539,447,427,452,462,448,458,483,493,420],"gold":247,"neow_bonus":"","is_daily":false,"chose_seed":false,"campfire_upgraded":10,"win_rate":0.0,"timestamp":1611339002,"path_taken":["M","?","?","?","COS","E","?","?","T","?","R","?","E","E","R","BOSS","M","?","?","?","?","R","E","COS","T","?","?","?","E","?","R","BOSS","M","COS","?","$","?","R","?","?","T","E","?","E","R","M","R","BOSS","BOSS","M","M","?","$","R","M","R","$","?","BOSS"],"items_purchased_type":["Card","Relic","Relic"],"build_version":"2020-12-22","purchased_purges":4,"victory":true,"max_hp_per_floor":[90,100,110,120,130,140,150,160,170,180,190,200,210,220,230,240,250,260,270,280,290,300,310,320,330,340,350,360,370,380,390,400,410,420,430,440,450,460,470,480,490,500,510,520,530,540,550,560,570,580,590,600,610,620,630,640,650,660,670,680,690],"card_choices":[{"not_picked":["CharismaGuard","ChainGang","RedRainbow"],"picked":"SKIP","floor":1},{"not_picked":["DiffusionOfMisfortune","MastersStateliness","StarOfDavid"],"picked":"SKIP","floor":3},{"not_picked":["EndlessAdversity","Ultimatum","ScarletDevil"],"picked":"SKIP","floor":6},{"not_picked":["BloodRain","ScarletCoffin"],"picked":"EquivalentExchange","floor":13},{"not_picked":["BloodyHallows","BombardNight"],"picked":"BloodAndWine","floor":13},{"not_picked":["VampireKiss","StarOfDavid"],"picked":"ForbiddenFruit","floor":14},{"not_picked":["ScarletCoffin","TricksterDevil"],"picked":"BloodySeventeenLaser","floor":16},{"not_picked":["SuperhumanBloodyKnife","BlasphemousPunishment","ChainGang+1"],"picked":"SKIP","floor":18},{"not_picked":["ScarletImprint","UnderTheZenith","RedMagic"],"picked":"SKIP","floor":24},{"not_picked":["Stigmanizer","BloodAndWine","ScarletDream"],"picked":"SKIP","floor":27},{"not_picked":["HellCatastrophe","ChaoticDestiny","HeartBreak"],"picked":"SKIP","floor":28},{"not_picked":["LeisurelyOfLord","GlobalNightmare","EndlessAdversity"],"picked":"SKIP","floor":28},{"not_picked":["CharismaGuard","Septette","BlasphemousPunishment"],"picked":"SKIP","floor":30},{"not_picked":[],"picked":"Gensokyo:ShootingStar","floor":33},{"not_picked":["HellCatastrophe","ForecastOfChange"],"picked":"BatForm","floor":33},{"not_picked":["ScarletNetherworld","DiffusionOfMisfortune+1","EmergencyRegeneration"],"picked":"SKIP","floor":35},{"not_picked":["CharismaGuard+1","BadLadyScramble","ScarletImprint"],"picked":"SKIP","floor":41},{"not_picked":["ChaoticDestiny","DemonKingCradle"],"picked":"CeilingFear","floor":44},{"not_picked":["BatForm","HeartBreak","Septette+1"],"picked":"SKIP","floor":44},{"not_picked":["NightDance","ScarletDevil","EndlessAdversity"],"picked":"SKIP","floor":46},{"not_picked":["RedRainbow","NightDance","UnstableMagic"],"picked":"SKIP","floor":48},{"not_picked":["BadLadyScramble","Stigmanizer"],"picked":"FitfulNightmare+1","floor":52},{"not_picked":["ScarletSymphony","ScarletDevil","Maim"],"picked":"SKIP","floor":53},{"not_picked":["BloodySeventeenLaser","StarOfDavid+1","Stigmanizer"],"picked":"SKIP","floor":57}],"player_experience":2090776,"relics_obtained":[{"floor":6,"key":"Snack Pack"},{"floor":10,"key":"MealTicket"},{"floor":13,"key":"Ancient Tea Set"},{"floor":20,"key":"FairyMaid"},{"floor":20,"key":"conspire:GlowingRock"},{"floor":24,"key":"Golden Egg"},{"floor":26,"key":"Bag of Preparation"},{"floor":30,"key":"Pocketwatch"},{"floor":43,"key":"Pondfish Scales"},{"floor":44,"key":"conspire:GiftBox"},{"floor":45,"key":"conspire:DeflatedDodgeball"},{"floor":46,"key":"TungstenRod"},{"floor":57,"key":"paleoftheancients:SoulOfTheVixen"}],"event_choices":[{"damage_healed":0,"gold_gain":0,"player_choice":"Leave","damage_taken":0,"max_hp_gain":0,"max_hp_loss":0,"event_name":"conspire:Investor","floor":54,"gold_loss":0}],"is_beta":false,"boss_relics":[{"not_picked":["conspire:SlowCooker","Snecko Heart"],"picked":"conspire:SpecialSausage"},{"not_picked":["Runic Dome","Painkiller Herb"],"picked":"Coffee Dripper"}],"items_purged_floors":[8,8,38,38],"is_endless":false,"potions_floor_spawned":[3,6,20,27,28,46,52],"ascension_level":20}}