{"host":"xvcswx52z80fmg13","time":1611280393,"event":{"mods":["BaseMod","Colored Map","Colored Powertips","Highlight Path","Minty Spire (QoL Compilation)"],"gold_per_floor":[210,48,48,65,84,84,111,111,184,0,32,48,83,83,83,188,188,202,218,21,38,50,78,96,123,123,123,150,164,217,217,217,217,217],"floor_reached":33,"language":"ENG","playtime":2071,"items_purged":["Strike_R","Defend_R"],"score":355,"play_id":"585f8ae2-b0fd-4844-b92a-2ac08d51e009","local_time":"20210121215313","is_ascension_mode":false,"campfire_choices":[{"data":"Searing Blow","floor":6,"key":"SMITH"},{"data":"Searing Blow+1","floor":8,"key":"SMITH"},{"floor":15,"key":"REST"},{"floor":27,"key":"REST"},{"data":"Searing Blow+3","floor":32,"key":"SMITH"}],"circlet_count":0,"master_deck":["Strike_R","Strike_R","Strike_R","Strike_R","Defend_R+1","Defend_R+1","Defend_R","Bash","Thunderclap","Searing Blow+4","Shrug It Off","Inflame","Ghostly Armor","Inflame","Double Tap","Limit Break+1","Armaments+1","Shrug It Off+1"],"relics":["Burning Blood","Vajra","Paper Frog","Orichalcum","Pantograph","Toxic Egg 2","Pocketwatch","Velvet Choker","Membership Card","Bronze Scales","Happy Flower","Bottled Lightning","Red Mask"],"acts_visited":["Exordium","TheCity"],"potions_floor_usage":[7,23,23,25,25],"damage_taken":[{"damage":0,"enemies":"2 Louse","floor":1,"turns":3},{"damage":9,"enemies":"Jaw Worm","floor":4,"turns":5},{"damage":9,"enemies":"Cultist","floor":5,"turns":4},{"damage":22,"enemies":"Gremlin Nob","floor":7,"turns":4},{"damage":12,"enemies":"Lagavulin","floor":11,"turns":7},{"damage":15,"enemies":"Exordium Wildlife","floor":12,"turns":4},{"damage":10,"enemies":"Gremlin Nob","floor":13,"turns":4},{"damage":0,"enemies":"Slime Boss","floor":16,"turns":7},{"damage":8,"enemies":"Shell Parasite","floor":18,"turns":4},{"damage":11,"enemies":"2 Thieves","floor":19,"turns":3},{"damage":12,"enemies":"Centurion and Healer","floor":21,"turns":4},{"damage":7,"enemies":"Snecko","floor":22,"turns":3},{"damage":41,"enemies":"Slavers","floor":23,"turns":6},{"damage":10,"enemies":"3 Cultists","floor":24,"turns":4},{"damage":23,"enemies":"Book of Stabbing","floor":25,"turns":4},{"damage":3,"enemies":"Masked Bandits","floor":28,"turns":3},{"damage":8,"enemies":"Snake Plant","floor":29,"turns":3},{"damage":72,"enemies":"Collector","floor":33,"turns":6}],"seed_played":"-1231855025316041167","potions_obtained":[{"floor":7,"key":"EssenceOfSteel"},{"floor":11,"key":"Block Potion"},{"floor":12,"key":"Dexterity Potion"},{"floor":16,"key":"DistilledChaos"},{"floor":22,"key":"SteroidPotion"},{"floor":23,"key":"BlessingOfTheForge"},{"floor":29,"key":"Ancient Potion"}],"is_trial":false,"path_per_floor":["M","$","?","M","M","R","E","R","T","$","E","M","E","?","R","B",null,"M","M","$","M","M","E","M","E","T","R","?","M","T","?","R","B"],"character_chosen":"IRONCLAD","items_purchased":["Searing Blow","SkillPotion","Orichalcum","Inflame","Membership Card"],"campfire_rested":2,"item_purchase_floors":[2,2,10,10,20],"current_hp_per_floor":[80,80,64,61,58,58,42,42,42,42,36,27,23,16,40,71,80,78,73,73,67,66,31,27,10,10,34,37,35,35,35,35,0,0],"gold":217,"neow_bonus":"HUNDRED_GOLD","is_daily":false,"chose_seed":false,"campfire_upgraded":3,"win_rate":0.0,"timestamp":1611280393,"path_taken":["M","$","?","M","M","R","E","R","T","$","E","M","E","?","R","BOSS","M","M","$","M","M","E","M","E","T","R","?","M","?","?","R","BOSS"],"items_purchased_type":["Card","Potion","Relic","Card","Relic"],"build_version":"2020-12-22","purchased_purges":2,"victory":false,"max_hp_per_floor":[80,80,80,80,80,80,80,80,80,80,80,80,80,80,80,80,80,80,80,80,80,80,80,80,80,80,80,80,80,80,80,80,80,80],"card_choices":[{"not_picked":["Sword Boomerang","Flex"],"picked":"Thunderclap","floor":1},{"not_picked":["Spot Weakness","Searing Blow"],"picked":"Shrug It Off","floor":4},{"not_picked":["Perfected Strike","Sword Boomerang"],"picked":"Inflame","floor":5},{"not_picked":["Clothesline","Uppercut"],"picked":"Ghostly Armor","floor":7},{"not_picked":["Perfected Strike","Body Slam","Second Wind"],"picked":"SKIP","floor":11},{"not_picked":["Anger","Flex"],"picked":"Double Tap","floor":12},{"not_picked":["Iron Wave","Headbutt","Clash"],"picked":"SKIP","floor":13},{"not_picked":["Fiend Fire","Impervious+1"],"picked":"Limit Break+1","floor":16},{"not_picked":["Wild Strike","Pommel Strike+1","Rage+1"],"picked":"SKIP","floor":18},{"not_picked":["Clothesline","Ghostly Armor+1","Pummel"],"picked":"SKIP","floor":19},{"not_picked":["Burning Pact+1","Pommel Strike+1","Cleave"],"picked":"SKIP","floor":21},{"not_picked":["Intimidate+1","Pommel Strike"],"picked":"Armaments+1","floor":22},{"not_picked":["Battle Trance+1","Combust","Searing Blow"],"picked":"SKIP","floor":23},{"not_picked":["Dual Wield+1","Body Slam","Havoc+1"],"picked":"SKIP","floor":24},{"not_picked":["Rampage","Burning Pact+1","Clothesline"],"picked":"SKIP","floor":25},{"not_picked":["Pommel Strike","Clash"],"picked":"Shrug It Off+1","floor":29}],"player_experience":1284943,"relics_obtained":[{"floor":7,"key":"Vajra"},{"floor":9,"key":"Paper Frog"},{"floor":11,"key":"Pantograph"},{"floor":13,"key":"Toxic Egg 2"},{"floor":23,"key":"Bronze Scales"},{"floor":25,"key":"Happy Flower"},{"floor":26,"key":"Bottled Lightning"},{"floor":28,"key":"Red Mask"}],"event_choices":[{"damage_healed":0,"gold_gain":0,"player_choice":"Entered Light","damage_taken":16,"max_hp_gain":0,"max_hp_loss":0,"event_name":"Shining Light","floor":3,"gold_loss":0,"cards_upgraded":["Defend_R","Defend_R"]},{"damage_healed":0,"gold_gain":0,"player_choice":"Success","damage_taken":7,"relics_obtained":["Pocketwatch"],"max_hp_gain":0,"max_hp_loss":0,"event_name":"Scrap Ooze","floor":14,"gold_loss":0},{"damage_healed":0,"gold_gain":0,"player_choice":"Fought Bandits","damage_taken":0,"max_hp_gain":0,"max_hp_loss":0,"event_name":"Masked Bandits","floor":28,"gold_loss":0},{"damage_healed":0,"gold_gain":0,"player_choice":"Forge","damage_taken":0,"max_hp_gain":0,"max_hp_loss":0,"event_name":"Accursed Blacksmith","floor":31,"gold_loss":0,"cards_upgraded":["Searing Blow"]}],"is_beta":false,"boss_relics":[{"not_picked":["Fusion Hammer","Sozu"],"picked":"Velvet Choker"}],"items_purged_floors":[2,20],"is_endless":false,"potions_floor_spawned":[7,11,12,16,18,22,23,29],"killed_by":"Collector","ascension_level":0}}