{"host":"p9t7qd83igtcp2bh","time":1611333429,"event":{"mods":["2.2 Compatiblity","AchievementEnabler","Arknights The Spire","BaseMod","Colored Map","Colored Powertips","Custom Start","DeckTracker","Keyboard Shortcuts","Minty Spire (QoL Compilation)","Permanent Neow","Spicy Shops","StSLib","SuperFastMode","everything is the same but u backflip on backflip"],"gold_per_floor":[116,54,67,22,33,33,51,70,70,84,116,132,147,176,176,278,278,295,220,580,50,69,97,112,37,111,137,149,149,183,198,198,300,300,312,312,330,340,27,27,60,60,60,101,113,35,74,106,118,130,142,154,21,54,54,54],"floor_reached":55,"language":"KOR","playtime":2504,"items_purged":["ats:Strike C","ats:Strike G"],"score":804,"play_id":"8c298446-8f5c-42de-87ba-d20fee9e43e1","local_time":"20210123013709","is_ascension_mode":false,"campfire_choices":[{"data":"Apotheosis","floor":6,"key":"SMITH"},{"data":"ats:Neurotoxin","floor":15,"key":"SMITH"},{"floor":29,"key":"REST"},{"floor":32,"key":"RECALL"},{"floor":40,"key":"REST"},{"floor":42,"key":"REST"},{"floor":49,"key":"REST"},{"floor":52,"key":"REST"}],"circlet_count":0,"master_deck":["ats:Strike S","ats:Defend","ats:Defend","ats:Defend","ats:Emotion Absorption","Apotheosis+1","ats:Revitalization","ats:Poison Spread","ats:Leaping Hammer","ats:Poison Spread+1","ats:Neurotoxin+1","ats:Ambush","ats:Directed Diagnosis","ats:Hook Shot+1","ats:Calcification","ats:Thorns+1","ats:Spore Proliferation","ats:Demon Strength","ats:Flexible Camouflage+1"],"relics":["ats:Sanity","Pantograph","Matryoshka","ats:Originium","Pen Nib","Juzu Bracelet","Fusion Hammer","Meat on the Bone","Anchor","Lantern","Ancient Tea Set","Mercury Hourglass","Bottled Tornado","ats:Rhine Circuitry","ats:Tactical Delivery","Happy Flower","Centennial Puzzle","Question Card","MawBank","Dream Catcher","Oddly Smooth Stone","ats:Ability Aura","Gambling Chip"],"acts_visited":["Exordium","TheCity","TheBeyond","TheEnding"],"potions_floor_usage":[14,23,27,33,55],"damage_taken":[{"damage":0,"enemies":"Cultist","floor":1,"turns":3},{"damage":10,"enemies":"Jaw Worm","floor":3,"turns":7},{"damage":3,"enemies":"2 Louse","floor":5,"turns":10},{"damage":7,"enemies":"Looter","floor":7,"turns":3},{"damage":3,"enemies":"Large Slime","floor":8,"turns":6},{"damage":8,"enemies":"Red Slaver","floor":10,"turns":4},{"damage":28,"enemies":"Gremlin Nob","floor":11,"turns":4},{"damage":16,"enemies":"Exordium Wildlife","floor":12,"turns":5},{"damage":16,"enemies":"3 Louse","floor":13,"turns":4},{"damage":23,"enemies":"3 Sentries","floor":14,"turns":10},{"damage":31,"enemies":"The Guardian","floor":16,"turns":9},{"damage":2,"enemies":"Spheric Guardian","floor":18,"turns":5},{"damage":7,"enemies":"3 Byrds","floor":22,"turns":4},{"damage":49,"enemies":"Book of Stabbing","floor":23,"turns":7},{"damage":9,"enemies":"Centurion and Healer","floor":24,"turns":9},{"damage":26,"enemies":"Gremlin Leader","floor":27,"turns":5},{"damage":0,"enemies":"Chosen and Byrds","floor":28,"turns":5},{"damage":31,"enemies":"Book of Stabbing","floor":30,"turns":7},{"damage":0,"enemies":"3 Cultists","floor":31,"turns":5},{"damage":28,"enemies":"Collector","floor":33,"turns":8},{"damage":0,"enemies":"3 Shapes","floor":35,"turns":5},{"damage":34,"enemies":"3 Darklings","floor":37,"turns":8},{"damage":18,"enemies":"Sphere and 2 Shapes","floor":38,"turns":5},{"damage":21,"enemies":"Reptomancer","floor":41,"turns":6},{"damage":19,"enemies":"Giant Head","floor":44,"turns":8},{"damage":23,"enemies":"Reptomancer","floor":47,"turns":5},{"damage":6,"enemies":"4 Shapes","floor":48,"turns":5},{"damage":12,"enemies":"Time Eater","floor":50,"turns":13},{"damage":51,"enemies":"Shield and Spear","floor":54,"turns":7},{"damage":138,"enemies":"The Heart","floor":55,"turns":8}],"seed_played":"2886153465538697126","potions_obtained":[{"floor":3,"key":"ats:Emergency Sanity Potion"},{"floor":5,"key":"ats:Top Emergency Sanity Potion"},{"floor":8,"key":"SpeedPotion"},{"floor":11,"key":"ats:Top Emergency Sanity Potion"},{"floor":18,"key":"DistilledChaos"},{"floor":24,"key":"LiquidBronze"},{"floor":30,"key":"ats:Emergency Sanity Potion"},{"floor":38,"key":"FairyPotion"},{"floor":41,"key":"Block Potion"},{"floor":44,"key":"GamblersBrew"}],"is_trial":false,"path_per_floor":["M","?","M","$","M","R","M","M","T","M","E","M","M","E","R","B",null,"M","$","?","$","M","E","M","?","T","E","M","R","E","M","R","B",null,"M","?","M","M","$","R","E","R","T","E","?","?","E","M","R","B",null,"R","$","E","B"],"character_chosen":"DOCTOR_CLASS","items_purchased":["ats:Poison Spread","Meat on the Bone","ats:Directed Diagnosis","Anchor","Happy Flower","Centennial Puzzle","ats:Ability Aura"],"campfire_rested":5,"item_purchase_floors":[4,21,21,21,39,39,53],"current_hp_per_floor":[51,51,54,54,69,69,62,72,72,69,45,43,34,46,46,54,72,72,72,36,36,41,26,50,50,50,42,48,69,71,72,72,63,72,72,72,68,59,59,72,72,72,72,72,72,72,61,72,72,72,72,72,72,53,0,0],"gold":54,"neow_bonus":"RANDOM_COLORLESS_2","is_daily":false,"chose_seed":false,"campfire_upgraded":2,"win_rate":0.0,"timestamp":1611333429,"path_taken":["M","?","M","$","M","R","M","M","T","M","E","M","?","E","R","BOSS","M","$","?","$","M","E","M","?","T","E","M","R","E","M","R","BOSS","M","?","M","M","$","R","E","R","T","E","?","?","E","M","R","BOSS","R","$","E","BOSS"],"items_purchased_type":["Card","Relic","Card","Relic","Relic","Relic","Relic"],"build_version":"2020-12-22","purchased_purges":2,"victory":false,"max_hp_per_floor":[72,72,72,72,72,72,72,72,72,72,72,72,72,72,72,72,72,72,72,72,72,72,72,72,72,72,72,72,72,72,72,72,72,72,72,72,72,72,72,72,72,72,72,72,72,72,72,72,72,72,72,72,72,72,72,72],"card_choices":[{"not_picked":["HandOfGreed","Secret Weapon"],"picked":"Apotheosis","floor":0},{"not_picked":["ats:Hammer On","ats:Sunburst"],"picked":"ats:Revitalization","floor":1},{"not_picked":["ats:Revitalization","ats:Flexible Camouflage","ats:Hammer On"],"picked":"SKIP","floor":3},{"not_picked":["ats:Cat Scratch","ats:Childhood Dance"],"picked":"ats:Leaping Hammer","floor":5},{"not_picked":["ats:Support Order","ats:Cat Scratch"],"picked":"ats:Poison Spread","floor":7},{"not_picked":["ats:Revitalization","ats:Leaping Hammer","ats:Poison Spread"],"picked":"SKIP","floor":8},{"not_picked":["ats:Counter Healing Mode","ats:Blood Oath","ats:Steam Pump"],"picked":"SKIP","floor":10},{"not_picked":["ats:Spore Proliferation","ats:Automatic Cover","ats:Curse Doll"],"picked":"SKIP","floor":11},{"not_picked":["ats:Serious Mode","ats:Curse Doll"],"picked":"ats:Neurotoxin","floor":12},{"not_picked":["ats:Beaten Up","ats:Very Hot Blade","ats:Childhood Dance"],"picked":"SKIP","floor":13},{"not_picked":["ats:Roar Of Ursus","ats:Healing Strengthening","ats:Counter Healing Mode"],"picked":"SKIP","floor":14},{"not_picked":["ats:Dogmatic Field","ats:Wolf Pack"],"picked":"ats:Ambush","floor":16},{"not_picked":["ats:Sunburst","ats:Childhood Dance+1","ats:Flexible Camouflage"],"picked":"SKIP","floor":18},{"not_picked":["ats:Apocalypse","ats:Flexible Camouflage","ats:Flame Of Heaven"],"picked":"SKIP","floor":22},{"not_picked":["ats:Powerful Strike","ats:Revitalization+1"],"picked":"ats:Hook Shot+1","floor":23},{"not_picked":["ats:Hook Shot","ats:Sunburst","ats:Flexible Camouflage"],"picked":"SKIP","floor":24},{"not_picked":["ats:Cat Scratch","ats:Explosion Area Strengthen"],"picked":"ats:Calcification","floor":27},{"not_picked":["ats:Shell Defense","ats:Consecutive Shot Auto","ats:Song Of Battle"],"picked":"SKIP","floor":28},{"not_picked":["ats:Hammer On","ats:Explosion Area Strengthen","ats:Revitalization"],"picked":"SKIP","floor":30},{"not_picked":["ats:Ignite","ats:Flexible Camouflage","ats:Red Shift+1"],"picked":"SKIP","floor":31},{"not_picked":["ats:Blood Oath","ats:Childhood Dance+1","ats:Very Hot Blade"],"picked":"SKIP","floor":35},{"not_picked":["ats:Flexible Camouflage","ats:Assault Order+1"],"picked":"ats:Thorns+1","floor":37},{"not_picked":["ats:Consecutive Shot Auto+1","ats:Very Hot Blade+1","ats:Beaten Up"],"picked":"SKIP","floor":38},{"not_picked":["ats:Cat Scratch","ats:Volcano","ats:Ignite"],"picked":"SKIP","floor":41},{"not_picked":["ats:Flexible Camouflage","ats:Childhood Dance+1","ats:Very Hot Blade+1","ats:Encircling Forest+1"],"picked":"SKIP","floor":44},{"not_picked":["ats:Steam Pump","ats:Automatic Cover+1","ats:Leaping Hammer+1","ats:Childhood Dance+1"],"picked":"SKIP","floor":47},{"not_picked":["ats:Apocalypse","ats:Cat Scratch","ats:Poison Spread"],"picked":"ats:Spore Proliferation","floor":48},{"not_picked":["ats:Automatic Cover+1","ats:Leaping Hammer","ats:Volcano"],"picked":"ats:Demon Strength","floor":52},{"not_picked":["ats:True Silver Slash","ats:Burning Ground","ats:Cat Scratch+1"],"picked":"ats:Flexible Camouflage+1","floor":54}],"player_experience":668576,"relics_obtained":[{"floor":9,"key":"Matryoshka"},{"floor":11,"key":"ats:Originium"},{"floor":11,"key":"Pen Nib"},{"floor":14,"key":"ats:Originium"},{"floor":14,"key":"Juzu Bracelet"},{"floor":23,"key":"ats:Originium"},{"floor":23,"key":"Lantern"},{"floor":26,"key":"Ancient Tea Set"},{"floor":26,"key":"Mercury Hourglass"},{"floor":27,"key":"ats:Originium"},{"floor":27,"key":"Bottled Tornado"},{"floor":30,"key":"ats:Rhine Circuitry"},{"floor":41,"key":"Question Card"},{"floor":43,"key":"MawBank"},{"floor":44,"key":"Dream Catcher"},{"floor":47,"key":"Oddly Smooth Stone"},{"floor":54,"key":"Gambling Chip"}],"event_choices":[{"damage_healed":0,"gold_gain":0,"player_choice":"Paid Gold","damage_taken":0,"relics_obtained":["Pantograph"],"max_hp_gain":0,"max_hp_loss":0,"event_name":"WeMeetAgain","floor":2,"gold_loss":62},{"damage_healed":0,"gold_gain":360,"player_choice":"GOLD GOLD GOLD GOLD ","damage_taken":36,"max_hp_gain":0,"max_hp_loss":0,"event_name":"Knowing Skull","floor":20,"potions_obtained":[],"gold_loss":0,"cards_obtained":[]},{"cards_removed":["ats:Strike V"],"damage_healed":0,"gold_gain":0,"player_choice":"Gave Gold","damage_taken":0,"max_hp_gain":0,"max_hp_loss":0,"event_name":"Beggar","floor":25,"gold_loss":75},{"damage_healed":0,"gold_gain":0,"player_choice":"Ignored","damage_taken":0,"max_hp_gain":0,"max_hp_loss":0,"event_name":"Tomb of Lord Red Mask","floor":36,"gold_loss":0},{"cards_removed":["ats:Armor Crushing Shot"],"damage_healed":0,"gold_gain":0,"player_choice":"Removed Attack","damage_taken":0,"max_hp_gain":0,"max_hp_loss":0,"event_name":"Falling","floor":45,"gold_loss":0},{"cards_removed":["ats:Defend"],"damage_healed":0,"gold_gain":0,"player_choice":"Upgrade and Remove","damage_taken":0,"max_hp_gain":0,"max_hp_loss":0,"event_name":"Designer","floor":46,"gold_loss":90,"cards_upgraded":["ats:Poison Spread"]}],"is_beta":false,"boss_relics":[{"not_picked":["Cursed Key","Coffee Dripper"],"picked":"Fusion Hammer"},{"not_picked":["ats:Omniscience","Astrolabe"],"picked":"ats:Tactical Delivery"}],"items_purged_floors":[19,21],"is_endless":false,"potions_floor_spawned":[3,5,8,11,13,18,24,30,38,41,44],"killed_by":"The Heart","ascension_level":0}}