{"host":"xb2tau8pgi8aflss","time":1611313705,"event":{"mods":["AchievementEnabler","BaseMod","Hermit","Minty Spire (QoL Compilation)","StSLib","SuperFastMode"],"gold_per_floor":[113,388,96,114,114,114,141,141,218,218,6,17,51,68,68,170,170,180,200,211,211,95,95,121,137,137,137,137,137,153,153,153,256,256,269,287,287,298,314,341,355,367,413,413,433,433,50,50,50,50,50,50,27,57,57,57],"floor_reached":55,"language":"KOR","playtime":2596,"items_purged":["Normality"],"score":886,"play_id":"9c2d1047-39ad-466f-9370-a16ad07736d9","local_time":"20210122200825","is_ascension_mode":true,"campfire_choices":[{"data":"hermit:Combo","floor":6.0,"key":"SMITH"},{"data":"hermit:Snapshot","floor":8.0,"key":"SMITH"},{"data":"hermit:TakeAim","floor":15.0,"key":"SMITH"},{"floor":23.0,"key":"REST"},{"floor":27.0,"key":"REST"},{"data":"hermit:HeroicBravado","floor":32.0,"key":"SMITH"},{"floor":44.0,"key":"REST"},{"floor":46.0,"key":"REST"},{"floor":49.0,"key":"RECALL"},{"data":"hermit:Dissolve","floor":52.0,"key":"SMITH"}],"circlet_count":0,"master_deck":["hermit:Strike_Hermit+1","hermit:Strike_Hermit+1","hermit:Defend_Hermit+1","hermit:Defend_Hermit+1","hermit:Defend_Hermit+1","hermit:Snapshot+1","hermit:Covet","hermit:GhostlyPresence","Regret","hermit:Deadeye","hermit:Combo+1","hermit:LowProfile","hermit:Dive+1","hermit:Determination","hermit:HeroicBravado","hermit:Determination","hermit:TakeAim+1","hermit:Magnum","hermit:Enervate","hermit:Snipe","hermit:EyeOfTheStorm","hermit:ItchyTrigger","hermit:Coalescence","hermit:WideOpen","hermit:Glare","hermit:HeroicBravado+1","hermit:Dissolve+1","hermit:LowProfile+1","hermit:HeroicBravado","hermit:Dive","hermit:RoundhouseKick","hermit:Coalescence+1","hermit:BigShot","Bandage Up","hermit:Dive","hermit:Coalescence+1"],"relics":["hermit:Momento","Happy Flower","Regal Pillow","hermit:Horseshoe","Matryoshka","Sozu","Nloth\u0027s Gift","Bottled Tornado","Smiling Mask","Cursed Key","hermit:RyeStalk","Lantern","Akabeko","Pantograph","Orichalcum"],"acts_visited":["Exordium","TheCity","TheBeyond","TheEnding"],"potions_floor_usage":[55,55],"damage_taken":[{"damage":0.0,"enemies":"2 Louse","floor":1.0,"turns":1.0},{"damage":0.0,"enemies":"Cultist","floor":4.0,"turns":1.0},{"damage":0.0,"enemies":"Gremlin Nob","floor":7.0,"turns":1.0},{"damage":0.0,"enemies":"Small Slimes","floor":12.0,"turns":6.0},{"damage":11.0,"enemies":"Lagavulin","floor":13.0,"turns":8.0},{"damage":6.0,"enemies":"Looter","floor":14.0,"turns":5.0},{"damage":10.0,"enemies":"Slime Boss","floor":16.0,"turns":12.0},{"damage":6.0,"enemies":"Spheric Guardian","floor":18.0,"turns":7.0},{"damage":17.0,"enemies":"2 Thieves","floor":19.0,"turns":2.0},{"damage":36.0,"enemies":"3 Cultists","floor":20.0,"turns":7.0},{"damage":8.0,"enemies":"Slavers","floor":24.0,"turns":4.0},{"damage":31.0,"enemies":"Snake Plant","floor":25.0,"turns":4.0},{"damage":10.0,"enemies":"Centurion and Healer","floor":30.0,"turns":3.0},{"damage":32.0,"enemies":"Automaton","floor":33.0,"turns":8.0},{"damage":0.0,"enemies":"Orb Walker","floor":35.0,"turns":2.0},{"damage":0.0,"enemies":"3 Darklings","floor":36.0,"turns":5.0},{"damage":24.0,"enemies":"Transient","floor":38.0,"turns":5.0},{"damage":46.0,"enemies":"Sphere and 2 Shapes","floor":39.0,"turns":6.0},{"damage":2.0,"enemies":"Giant Head","floor":40.0,"turns":7.0},{"damage":2.0,"enemies":"Spire Growth","floor":41.0,"turns":6.0},{"damage":0.0,"enemies":"Maw","floor":42.0,"turns":6.0},{"damage":32.0,"enemies":"4 Shapes","floor":45.0,"turns":4.0},{"damage":36.0,"enemies":"Donu and Deca","floor":50.0,"turns":9.0},{"damage":2.0,"enemies":"Shield and Spear","floor":54.0,"turns":5.0},{"damage":80,"enemies":"The Heart","floor":55,"turns":8}],"seed_played":"-5337205616697078666","potions_obtained":[{"floor":1.0,"key":"SteroidPotion"},{"floor":4.0,"key":"Dexterity Potion"},{"floor":7.0,"key":"Energy Potion"}],"is_trial":false,"path_per_floor":["M","?","$","M","?","R","E","R","T","?","$","M","E","M","R","B",null,"M","M","M","?","$","R","E","M","T","R","?","?","M","?","R","B",null,"M","M","?","M","M","E","M","M","T","R","M","R","$","?","R","B",null,"R","$","E","B"],"character_chosen":"HERMIT","items_purchased":["hermit:Deadeye","hermit:Combo","Happy Flower","hermit:Determination","hermit:HeroicBravado","hermit:EyeOfTheStorm","hermit:ItchyTrigger","Pantograph","hermit:BigShot","hermit:Dive"],"campfire_rested":4,"item_purchase_floors":[3,3,3,11,11,22,22,47,47,53],"current_hp_per_floor":[75,75,75,75,68,68,68,68,68,68,68,68,57,51,51,41,75,69,52,16,16,16,53,45,14,14,51,51,51,41,41,41,9,75,75,75,75,51,5,3,1,1,1,38,6,43,43,43,43,36,75,75,75,73,0,0],"gold":57,"neow_bonus":"THREE_ENEMY_KILL","is_daily":false,"chose_seed":false,"campfire_upgraded":5,"win_rate":0.0,"timestamp":1611313705,"path_taken":["M","?","$","?","?","R","E","R","T","?","$","?","E","M","R","BOSS","M","M","M","?","?","R","E","M","T","R","?","?","M","?","R","BOSS","M","M","?","M","?","E","?","M","T","R","M","R","$","?","R","BOSS","R","$","E","BOSS"],"items_purchased_type":["Card","Card","Relic","Card","Card","Card","Card","Relic","Card","Card"],"build_version":"2020-12-22","purchased_purges":1,"victory":false,"max_hp_per_floor":[75,75,75,75,75,75,75,75,75,75,75,75,75,75,75,75,75,75,75,75,75,75,75,75,75,75,75,75,75,75,75,75,75,75,75,75,75,75,75,75,75,75,75,75,75,75,75,75,75,75,75,75,75,75,75,75],"card_choices":[{"not_picked":["hermit:Spite","hermit:TrackingShot"],"picked":"hermit:GhostlyPresence","floor":1.0},{"not_picked":["hermit:Midnight","hermit:FullyLoaded"],"picked":"hermit:LowProfile","floor":4.0},{"not_picked":["hermit:Headshot","hermit:Cheat"],"picked":"hermit:Dive","floor":7.0},{"not_picked":["hermit:Spite","hermit:Grudge","hermit:Misfire"],"picked":"SKIP","floor":12.0},{"not_picked":["hermit:Ricochet","hermit:HighCaliber"],"picked":"hermit:Determination","floor":13.0},{"not_picked":["hermit:HoleUp","hermit:Glare"],"picked":"hermit:TakeAim","floor":14.0},{"not_picked":["hermit:FinalCanter","hermit:Adapt"],"picked":"hermit:Magnum","floor":16.0},{"not_picked":["hermit:HighCaliber","hermit:PistolWhip+1","hermit:CalledShot"],"picked":"SKIP","floor":18.0},{"not_picked":["hermit:Coalescence","hermit:Scavenge"],"picked":"hermit:Enervate","floor":19.0},{"not_picked":["hermit:Desperado+1","hermit:FullyLoaded"],"picked":"hermit:Snipe","floor":20.0},{"not_picked":["hermit:Roughhouse","hermit:Spite"],"picked":"hermit:Coalescence","floor":24.0},{"not_picked":["hermit:Spite","hermit:Coalescence","hermit:CursedWeapon"],"picked":"SKIP","floor":25.0},{"not_picked":["hermit:BodyArmor","hermit:FromBeyond"],"picked":"hermit:HeroicBravado","floor":30.0},{"not_picked":["hermit:Purgatory","hermit:OverwhelmingPower"],"picked":"hermit:Dissolve","floor":33.0},{"not_picked":["hermit:Desperado+1","hermit:Cheat","hermit:ItchyTrigger+1"],"picked":"SKIP","floor":35.0},{"not_picked":["hermit:Cheat","hermit:Showdown+1","hermit:Quickdraw+1"],"picked":"SKIP","floor":36.0},{"not_picked":["hermit:WideOpen+1","hermit:PistolWhip+1","hermit:DeadMansHand+1"],"picked":"SKIP","floor":38.0},{"not_picked":["hermit:CursedWeapon","hermit:Roughhouse"],"picked":"hermit:LowProfile+1","floor":39.0},{"not_picked":["hermit:FullyLoaded+1","hermit:DeadOrAlive"],"picked":"hermit:HeroicBravado","floor":40.0},{"not_picked":["hermit:DeadMansHand+1","hermit:Virtue+1"],"picked":"hermit:Dive","floor":41.0},{"not_picked":["hermit:Snipe+1","hermit:Horror"],"picked":"hermit:RoundhouseKick","floor":42.0},{"not_picked":["hermit:Roulette+1","hermit:Feint"],"picked":"hermit:Coalescence+1","floor":45.0},{"not_picked":["Swift Strike","Thinking Ahead"],"picked":"Bandage Up","floor":48.0},{"not_picked":["hermit:HoleUp+1","hermit:CursedWeapon"],"picked":"hermit:Coalescence+1","floor":54.0}],"player_experience":782995,"relics_obtained":[{"floor":7.0,"key":"Regal Pillow"},{"floor":9.0,"key":"hermit:Horseshoe"},{"floor":13.0,"key":"Matryoshka"},{"floor":24.0,"key":"Bottled Tornado"},{"floor":26.0,"key":"Smiling Mask"},{"floor":40.0,"key":"hermit:RyeStalk"},{"floor":43.0,"key":"Lantern"},{"floor":43.0,"key":"Akabeko"},{"floor":54.0,"key":"Orichalcum"}],"event_choices":[{"damage_healed":0.0,"max_hp_gain":0.0,"max_hp_loss":0.0,"gold_gain":275.0,"event_name":"Golden Shrine","player_choice":"Desecrate","floor":2.0,"gold_loss":0.0,"damage_taken":0.0,"cards_obtained":["Regret"]},{"cards_removed":["hermit:Strike_Hermit"],"damage_healed":0.0,"max_hp_gain":0.0,"max_hp_loss":0.0,"gold_gain":0.0,"event_name":"Golden Wing","player_choice":"Card Removal","floor":5.0,"gold_loss":0.0,"damage_taken":7.0},{"damage_healed":0.0,"max_hp_gain":0.0,"max_hp_loss":0.0,"gold_gain":0.0,"event_name":"Upgrade Shrine","player_choice":"Upgraded","floor":10.0,"gold_loss":0.0,"damage_taken":0.0,"cards_upgraded":["hermit:Dive"]},{"damage_healed":0.0,"max_hp_gain":0.0,"max_hp_loss":0.0,"gold_gain":0.0,"event_name":"N\u0027loth","player_choice":"Traded Relic","floor":21.0,"relics_lost":["NeowsBlessing"],"gold_loss":0.0,"damage_taken":0.0,"relics_obtained":["Nloth\u0027s Gift"]},{"damage_healed":0.0,"max_hp_gain":0.0,"max_hp_loss":0.0,"gold_gain":0.0,"cards_transformed":["hermit:Strike_Hermit","hermit:Defend_Hermit"],"event_name":"Drug Dealer","player_choice":"Became Test Subject","floor":28.0,"gold_loss":0.0,"damage_taken":0.0,"cards_obtained":["hermit:WideOpen","hermit:Glare"]},{"damage_healed":0.0,"max_hp_gain":0.0,"max_hp_loss":0.0,"gold_gain":0.0,"event_name":"Vampires","player_choice":"Ignored","floor":29.0,"gold_loss":0.0,"damage_taken":0.0},{"damage_healed":0.0,"max_hp_gain":0.0,"max_hp_loss":0.0,"gold_gain":0.0,"event_name":"Back to Basics","player_choice":"Simplicity","floor":31.0,"gold_loss":0.0,"damage_taken":0.0,"cards_upgraded":["hermit:Strike_Hermit","hermit:Strike_Hermit","hermit:Defend_Hermit","hermit:Defend_Hermit","hermit:Defend_Hermit"]},{"damage_healed":0.0,"max_hp_gain":0.0,"max_hp_loss":0.0,"gold_gain":0.0,"event_name":"Lab","player_choice":"Got Potions","floor":37.0,"gold_loss":0.0,"damage_taken":0.0},{"damage_healed":0.0,"max_hp_gain":0.0,"max_hp_loss":0.0,"gold_gain":0.0,"event_name":"SensoryStone","player_choice":"Memory 1","floor":48.0,"gold_loss":0.0,"damage_taken":0.0}],"is_beta":false,"boss_relics":[{"not_picked":["hermit:ClaspedLocket","Pandora\u0027s Box"],"picked":"Sozu"},{"not_picked":["Calling Bell","SacredBark"],"picked":"Cursed Key"}],"items_purged_floors":[47],"is_endless":false,"potions_floor_spawned":[1,4,7,19,24,30,33,36,39,40,41],"killed_by":"The Heart","ascension_level":3}}