{"host":"vddkjx04kiwje1tk","time":1611334279,"event":{"mods":["AchievementEnabler","BaseMod","Colored Map","Minty Spire (QoL Compilation)","Quick Restart","SuperFastMode"],"gold_per_floor":[111,43,53,69,89,115,115,140,189,199,274,286,286,303,303,402,452,472,442,471,471,482,482,144,164,235,253,253,264,264,131,131,236,236,252,270,270,285,43,43,60,60,60,70,0,0,10,28,28,28],"floor_reached":51,"language":"KOR","playtime":1586,"items_purged":["Defend_G","Strike_G"],"score":735,"play_id":"d51ba447-40fd-4bd2-bf90-113195a2ee2e","local_time":"20210123015119","is_ascension_mode":false,"campfire_choices":[{"data":"Crippling Poison","floor":7,"key":"SMITH"},{"data":"Footwork","floor":15,"key":"SMITH"},{"data":"Catalyst","floor":23,"key":"SMITH"},{"data":"Noxious Fumes","floor":32,"key":"SMITH"},{"data":"Deadly Poison","floor":40,"key":"SMITH"},{"data":"Burst","floor":42,"key":"SMITH"},{"data":"Noxious Fumes","floor":46,"key":"SMITH"},{"floor":49,"key":"REST"}],"circlet_count":0,"master_deck":["Strike_G","Strike_G","Strike_G","Defend_G+1","Defend_G","Defend_G","Defend_G","Survivor","Neutralize","Crippling Poison+1","Footwork+1","Burst+1","Poisoned Stab","Leg Sweep","Deadly Poison+1","After Image","Catalyst+1","Noxious Fumes+1","Master of Strategy","After Image","Bouncing Flask+1","Crippling Poison+1","Noxious Fumes+1"],"relics":["Ring of the Snake","StoneCalendar","Meat on the Bone","Sundial","Oddly Smooth Stone","Tiny House","Red Mask","HornCleat","Velvet Choker","Pear","Nunchaku"],"acts_visited":["Exordium","TheCity","TheBeyond"],"potions_floor_usage":[8,8,20,20,20,28,28,50,50,50,50],"damage_taken":[{"damage":0,"enemies":"Jaw Worm","floor":1,"turns":7},{"damage":0,"enemies":"Cultist","floor":3,"turns":4},{"damage":0,"enemies":"Small Slimes","floor":4,"turns":4},{"damage":4,"enemies":"3 Louse","floor":5,"turns":4},{"damage":9,"enemies":"3 Sentries","floor":6,"turns":7},{"damage":24,"enemies":"Gremlin Nob","floor":8,"turns":4},{"damage":9,"enemies":"Red Slaver","floor":10,"turns":3},{"damage":2,"enemies":"Blue Slaver","floor":12,"turns":4},{"damage":4,"enemies":"Exordium Wildlife","floor":14,"turns":5},{"damage":5,"enemies":"The Guardian","floor":16,"turns":9},{"damage":1,"enemies":"3 Byrds","floor":18,"turns":4},{"damage":19,"enemies":"2 Thieves","floor":19,"turns":5},{"damage":11,"enemies":"Masked Bandits","floor":20,"turns":6},{"damage":13,"enemies":"Snecko","floor":22,"turns":6},{"damage":12,"enemies":"Snake Plant","floor":25,"turns":5},{"damage":10,"enemies":"Shelled Parasite and Fungi","floor":27,"turns":5},{"damage":2,"enemies":"Slavers","floor":28,"turns":2},{"damage":0,"enemies":"3 Cultists","floor":29,"turns":6},{"damage":34,"enemies":"Automaton","floor":33,"turns":9},{"damage":2,"enemies":"Orb Walker","floor":35,"turns":4},{"damage":32,"enemies":"3 Darklings","floor":36,"turns":7},{"damage":25,"enemies":"Spire Growth","floor":38,"turns":5},{"damage":5,"enemies":"Sphere and 2 Shapes","floor":41,"turns":3},{"damage":6,"enemies":"Transient","floor":44,"turns":5},{"damage":5,"enemies":"Jaw Worm Horde","floor":47,"turns":4},{"damage":1,"enemies":"Writhing Mass","floor":48,"turns":5},{"damage":24,"enemies":"Donu and Deca","floor":50,"turns":8}],"seed_played":"-1785481043011608100","potions_obtained":[{"floor":3,"key":"CunningPotion"},{"floor":4,"key":"Strength Potion"},{"floor":8,"key":"Strength Potion"},{"floor":12,"key":"Energy Potion"},{"floor":17,"key":"AttackPotion"},{"floor":19,"key":"GhostInAJar"},{"floor":20,"key":"SmokeBomb"},{"floor":27,"key":"Energy Potion"},{"floor":33,"key":"EssenceOfSteel"},{"floor":35,"key":"Block Potion"},{"floor":44,"key":"AttackPotion"},{"floor":48,"key":"EntropicBrew"}],"is_trial":false,"path_per_floor":["M","$","M","M","M","E","R","E","T","M","?","M","?","M","R","B",null,"M","M","?","?","M","R","$","M","T","M","E","M","?","$","R","B",null,"M","M","?","M","$","R","M","R","T","M","$","R","M","M","R","B",null],"character_chosen":"THE_SILENT","items_purchased":["Footwork","Noxious Fumes","Master of Strategy","Bouncing Flask","Pear","Noxious Fumes"],"campfire_rested":1,"item_purchase_floors":[2,24,24,31,39,45],"current_hp_per_floor":[49,49,49,49,45,36,36,24,24,27,20,30,30,38,38,45,75,74,55,44,44,43,43,43,43,43,45,43,43,43,43,43,21,75,73,41,41,28,38,38,45,45,45,51,51,51,46,45,70,46],"gold":28,"neow_bonus":"ONE_RARE_RELIC","is_daily":false,"chose_seed":false,"campfire_upgraded":7,"win_rate":0.0,"timestamp":1611334279,"path_taken":["M","$","M","M","M","E","R","E","T","M","?","?","?","?","R","BOSS","M","?","?","?","M","R","$","M","T","M","E","?","?","?","R","BOSS","M","M","?","M","$","R","M","R","T","M","$","R","M","M","R","BOSS"],"items_purchased_type":["Card","Card","Card","Card","Relic","Card"],"build_version":"2020-12-22","purchased_purges":2,"victory":true,"max_hp_per_floor":[70,70,70,70,70,70,70,70,70,70,70,70,70,70,70,70,75,75,75,75,75,75,75,75,75,75,75,75,75,75,75,75,75,75,75,75,75,75,85,85,85,85,85,85,85,85,85,85,85,85],"card_choices":[{"not_picked":["Underhanded Strike","Prepared"],"picked":"Crippling Poison","floor":1},{"not_picked":["Caltrops","Slice","Outmaneuver"],"picked":"SKIP","floor":3},{"not_picked":["Crippling Poison","Setup","Outmaneuver"],"picked":"SKIP","floor":4},{"not_picked":["Prepared","PiercingWail","Acrobatics"],"picked":"SKIP","floor":5},{"not_picked":["Outmaneuver","Prepared"],"picked":"Burst","floor":6},{"not_picked":["Choke","Underhanded Strike"],"picked":"Poisoned Stab","floor":8},{"not_picked":["All Out Attack","PiercingWail","Underhanded Strike"],"picked":"SKIP","floor":10},{"not_picked":["Heel Hook","Tactician"],"picked":"Leg Sweep","floor":12},{"not_picked":["Quick Slash","Blade Dance"],"picked":"Deadly Poison","floor":14},{"not_picked":["Die Die Die","Tools of the Trade"],"picked":"After Image","floor":16},{"not_picked":["Crippling Poison","Slice"],"picked":"Catalyst","floor":17},{"not_picked":["Cloak And Dagger","PiercingWail","Riddle With Holes"],"picked":"SKIP","floor":18},{"not_picked":["Slice","Dash+1","Quick Slash+1"],"picked":"SKIP","floor":19},{"not_picked":["Blade Dance","Eviscerate","Expertise"],"picked":"SKIP","floor":22},{"not_picked":["Backflip","Slice","Acrobatics"],"picked":"SKIP","floor":25},{"not_picked":["Tactician+1","Bane","Backstab"],"picked":"SKIP","floor":27},{"not_picked":["Sucker Punch","Bane"],"picked":"After Image","floor":29},{"not_picked":["Tactician","Quick Slash","Dodge and Roll"],"picked":"SKIP","floor":35},{"not_picked":["Dagger Spray+1","Acrobatics+1"],"picked":"Crippling Poison+1","floor":36},{"not_picked":["Leg Sweep","Dagger Spray","Cloak And Dagger+1"],"picked":"SKIP","floor":38},{"not_picked":["Poisoned Stab","Blade Dance+1","Outmaneuver+1"],"picked":"SKIP","floor":41},{"not_picked":["Quick Slash+1","Predator","Terror+1"],"picked":"SKIP","floor":44},{"not_picked":["Venomology","Poisoned Stab+1","Dagger Spray"],"picked":"SKIP","floor":47},{"not_picked":["Concentrate","Slice+1","Dagger Spray"],"picked":"SKIP","floor":48}],"player_experience":201048,"relics_obtained":[{"floor":6,"key":"Meat on the Bone"},{"floor":8,"key":"Sundial"},{"floor":9,"key":"Oddly Smooth Stone"},{"floor":20,"key":"Red Mask"},{"floor":26,"key":"HornCleat"},{"floor":43,"key":"Nunchaku"}],"event_choices":[{"damage_healed":0,"gold_gain":75,"player_choice":"Touch","damage_taken":7,"max_hp_gain":0,"max_hp_loss":0,"event_name":"FaceTrader","floor":11,"gold_loss":0},{"cards_removed":["Strike_G"],"damage_healed":0,"gold_gain":0,"player_choice":"Offered Basic","damage_taken":0,"max_hp_gain":0,"max_hp_loss":0,"event_name":"Bonfire Elementals","floor":13,"gold_loss":0},{"damage_healed":0,"gold_gain":0,"player_choice":"Fought Bandits","damage_taken":0,"max_hp_gain":0,"max_hp_loss":0,"event_name":"Masked Bandits","floor":20,"gold_loss":0},{"damage_healed":0,"gold_gain":0,"player_choice":"Bought 0 Potions","damage_taken":0,"max_hp_gain":0,"max_hp_loss":0,"event_name":"The Woman in Blue","floor":21,"gold_loss":0},{"damage_healed":0,"gold_gain":0,"player_choice":"Ignored","damage_taken":0,"max_hp_gain":0,"max_hp_loss":0,"event_name":"Vampires","floor":30,"gold_loss":0},{"damage_healed":0,"gold_gain":0,"player_choice":"Upgraded","damage_taken":0,"max_hp_gain":0,"max_hp_loss":0,"event_name":"Upgrade Shrine","floor":37,"gold_loss":0,"cards_upgraded":["Bouncing Flask"]}],"is_beta":false,"boss_relics":[{"not_picked":["HoveringKite","Snecko Eye"],"picked":"Tiny House"},{"not_picked":["Coffee Dripper","SacredBark"],"picked":"Velvet Choker"}],"items_purged_floors":[24,31],"is_endless":false,"potions_floor_spawned":[3,4,8,12,19,20,27,33,35,44,48],"ascension_level":0}}