{"host":"lnnm69al9x392px5","time":1611282317,"event":{"mods":["BaseMod","Downfall","Minty Spire (QoL Compilation)","StSLib"],"gold_per_floor":[99,118,137,137,137,156,156,156,170,170,184,209,194,212,228,228,228,228],"floor_reached":16,"language":"ENG","playtime":1052,"items_purged":[],"score":104,"play_id":"4b699ff9-d093-4132-866e-8a1dd0067dad","local_time":"20210121182517","is_ascension_mode":false,"campfire_choices":[{"data":"bronze:Replicate","floor":1.0,"key":"SMITH"},{"floor":10.0,"key":"REST"}],"circlet_count":0,"master_deck":["bronze:Strike+1","bronze:Strike","bronze:Strike","bronze:Defend","bronze:Defend","bronze:Defend","bronze:Defend","bronze:Replicate+1","bronze:Goto","bronze:Optimize","bronze:FineTuning","bronze:CutThrough+1","bronze:BronzeArmor+1","downfall:Malfunctioning","bronze:Overload","Pain","bronze:GetLatest","bronze:FollowUp","bronze:ItsAFeature","bronze:HardenedForm","bronze:Boost"],"relics":["bronze:BronzeCore","The Courier","WarpedTongs","Bag of Marbles"],"acts_visited":["Exordium"],"potions_floor_usage":[16],"damage_taken":[{"damage":5.0,"enemies":"2 Louse","floor":2.0,"turns":2.0},{"damage":2.0,"enemies":"Jaw Worm","floor":3.0,"turns":3.0},{"damage":0.0,"enemies":"Small Slimes","floor":6.0,"turns":3.0},{"damage":26.0,"enemies":"Gremlin Gang","floor":9.0,"turns":4.0},{"damage":13.0,"enemies":"2 Fungi Beasts","floor":11.0,"turns":4.0},{"damage":12.0,"enemies":"Lagavulin","floor":12.0,"turns":7.0},{"damage":3.0,"enemies":"downfall:FleeingMerchant","floor":13.0,"turns":4.0},{"damage":0,"enemies":"Large Slime","floor":14,"turns":1},{"damage":15,"enemies":"Red Slaver","floor":15,"turns":4},{"damage":21,"enemies":"IC_STATUS_ARCHETYPE","floor":16,"turns":2}],"seed_played":"-8020284444699510725","potions_obtained":[{"floor":3.0,"key":"Dexterity Potion"},{"floor":6.0,"key":"SneckoOil"},{"floor":9.0,"key":"BlessingOfTheForge"},{"floor":14,"key":"Weak Potion"},{"floor":15,"key":"DuplicationPotion"}],"is_trial":false,"path_per_floor":["R","M","M","?","?","M","T","?","M","R","M","E","$","M","M","B"],"character_chosen":"THE_AUTOMATON","items_purchased":[],"campfire_rested":1,"item_purchase_floors":[],"current_hp_per_floor":[70,65,63,63,63,63,63,63,37,58,45,33,30,30,15,0,0,0],"gold":228,"neow_bonus":"THREE_CARDS","is_daily":false,"chose_seed":false,"campfire_upgraded":1,"win_rate":0.0,"timestamp":1611282317,"path_taken":["R","M","M","?","?","M","T","?","?","R","M","E","$","M","M","BOSS"],"items_purchased_type":[],"build_version":"2020-12-22","purchased_purges":0,"victory":false,"max_hp_per_floor":[70,70,70,70,70,70,70,70,70,70,70,70,70,70,70,70,70,70],"card_choices":[{"not_picked":["bronze:BuggyMess","bronze:ForceShield"],"picked":"bronze:Optimize","floor":0.0},{"not_picked":["bronze:Turbo","bronze:Deprecate"],"picked":"bronze:FineTuning","floor":2.0},{"not_picked":["bronze:ForceShield","bronze:NullPointer"],"picked":"bronze:CutThrough","floor":3.0},{"not_picked":["bronze:WhirlingStrike","bronze:Shield"],"picked":"bronze:Overload","floor":6.0},{"not_picked":["bronze:FineTuning","bronze:Invalidate"],"picked":"bronze:GetLatest","floor":9.0},{"not_picked":["bronze:Philosophize","bronze:DarkDash","bronze:Flail"],"picked":"SKIP","floor":11.0},{"not_picked":["bronze:OilSpill","bronze:Overheat"],"picked":"bronze:FollowUp","floor":12.0},{"not_picked":["bronze:Turbo","bronze:BugBarrage"],"picked":"bronze:ItsAFeature","floor":13},{"not_picked":["bronze:DarkDash","bronze:DelayedSlice"],"picked":"bronze:HardenedForm","floor":14},{"not_picked":["bronze:Invalidate","bronze:DelayedSlice"],"picked":"bronze:Boost","floor":15}],"player_experience":227863,"relics_obtained":[{"floor":7.0,"key":"The Courier"},{"floor":12.0,"key":"Bag of Marbles"}],"event_choices":[],"is_beta":false,"boss_relics":[],"items_purged_floors":[],"is_endless":false,"potions_floor_spawned":[3,6,9,14,15],"killed_by":"IC_STATUS_ARCHETYPE","ascension_level":0}}