{"host":"y24pqu7jih1n8m3t","time":1611291029,"event":{"mods":["AchievementEnabler","BaseMod","Bestiary","Block Reminder","Colored Map","Colored Powertips","DeckTracker","Highlight Path","Minty Spire (QoL Compilation)","Permanent Neow","Quick Restart","Rare Cards Sparkle","Relic Stats"],"gold_per_floor":[99,99,99,99,99,99,99,99,99,99,99,99,99,69,69,69,69,69,69,69,69,69,69,69,69,69,69,69],"floor_reached":27,"language":"ENG","playtime":1623,"items_purged":[],"score":243,"play_id":"50f48d0c-5926-4baa-9bcc-9bc872d22e89","local_time":"20210121235029","is_ascension_mode":true,"campfire_choices":[{"data":"Armaments","floor":6,"key":"SMITH"},{"floor":8,"key":"RECALL"},{"floor":10,"key":"REST"},{"floor":15,"key":"REST"},{"floor":23,"key":"REST"}],"circlet_count":0,"master_deck":["Strike_R","Strike_R","Strike_R","Strike_R","Strike_R","Defend_R","Defend_R","Defend_R","Bash","Shrug It Off","Armaments+1","Shrug It Off","Perfected Strike","Flex","Blood for Blood","Pummel","Double Tap","Exhume","Body Slam","Pommel Strike","Shrug It Off","Perfected Strike+1","Bash","Sever Soul","Iron Wave+1","Pommel Strike+1"],"relics":["Ectoplasm","Anchor","Letter Opener","Torii","SlaversCollar"],"acts_visited":["Exordium","TheCity"],"potions_floor_usage":[16,25,27],"damage_taken":[{"damage":12,"enemies":"Jaw Worm","floor":1,"turns":3},{"damage":6,"enemies":"2 Louse","floor":2,"turns":3},{"damage":0,"enemies":"Small Slimes","floor":4,"turns":4},{"damage":4,"enemies":"Red Slaver","floor":5,"turns":5},{"damage":3,"enemies":"Exordium Thugs","floor":7,"turns":5},{"damage":20,"enemies":"Gremlin Nob","floor":11,"turns":4},{"damage":0,"enemies":"3 Louse","floor":13,"turns":3},{"damage":1,"enemies":"Looter","floor":14,"turns":3},{"damage":3,"enemies":"Hexaghost","floor":16,"turns":8},{"damage":3,"enemies":"Shell Parasite","floor":18,"turns":4},{"damage":7,"enemies":"Chosen","floor":19,"turns":4},{"damage":23,"enemies":"3 Cultists","floor":20,"turns":7},{"damage":18,"enemies":"Chosen and Byrds","floor":21,"turns":6},{"damage":16,"enemies":"Snecko","floor":24,"turns":5},{"damage":26,"enemies":"Snake Plant","floor":25,"turns":4},{"damage":11,"enemies":"Shelled Parasite and Fungi","floor":27,"turns":2}],"seed_played":"7338999915357789715","potions_obtained":[{"floor":5,"key":"LiquidBronze"},{"floor":11,"key":"SkillPotion"},{"floor":13,"key":"LiquidMemories"},{"floor":18,"key":"AttackPotion"},{"floor":25,"key":"BlessingOfTheForge"}],"is_trial":false,"path_per_floor":["M","M","?","M","M","R","M","R","T","R","E","?","M","M","R","B",null,"M","M","M","M","?","R","M","M","T","M"],"character_chosen":"IRONCLAD","items_purchased":[],"campfire_rested":3,"item_purchase_floors":[],"current_hp_per_floor":[68,62,29,29,25,25,22,22,22,46,26,26,26,25,49,46,80,77,70,47,29,29,53,37,11,11,0,0],"gold":69,"neow_bonus":"BOSS_RELIC","is_daily":false,"chose_seed":false,"campfire_upgraded":1,"win_rate":0.0,"timestamp":1611291029,"path_taken":["M","M","?","M","M","R","M","R","T","R","E","?","M","M","R","BOSS","M","M","M","M","?","R","M","M","T","M"],"items_purchased_type":[],"build_version":"2020-12-22","purchased_purges":0,"victory":false,"max_hp_per_floor":[80,80,80,80,80,80,80,80,80,80,80,80,80,80,80,80,80,80,80,80,80,80,80,80,80,80,80,80],"relic_stats":{"Torii":13,"counters":[16,70],"Ectoplasm":359,"Letter Opener":[48],"obtain_stats":[{"SlaversCollar":17,"Anchor":3,"Torii":11,"Ectoplasm":0,"Letter Opener":9,"Burning Blood":0},{"SlaversCollar":9,"Anchor":2,"Torii":6,"Ectoplasm":0,"Letter Opener":5,"Burning Blood":0},{"SlaversCollar":38,"Anchor":6,"Torii":24,"Ectoplasm":0,"Letter Opener":20,"Burning Blood":0}]},"card_choices":[{"not_picked":["Clash","Thunderclap"],"picked":"Shrug It Off","floor":1},{"not_picked":["True Grit","Clash"],"picked":"Armaments","floor":2},{"not_picked":["Body Slam","Cleave"],"picked":"Shrug It Off","floor":4},{"not_picked":["Dual Wield","Shockwave","Anger"],"picked":"SKIP","floor":5},{"not_picked":["Reckless Charge","Evolve"],"picked":"Perfected Strike","floor":7},{"not_picked":["Cleave","Iron Wave"],"picked":"Flex","floor":11},{"not_picked":["Sword Boomerang","Thunderclap"],"picked":"Pummel","floor":13},{"not_picked":["Uppercut","Sever Soul"],"picked":"Double Tap","floor":14},{"not_picked":["Fiend Fire","Corruption"],"picked":"Exhume","floor":16},{"not_picked":["Clash","Armaments+1"],"picked":"Body Slam","floor":18},{"not_picked":["True Grit","Immolate"],"picked":"Pommel Strike","floor":19},{"not_picked":["Havoc+1","Feel No Pain"],"picked":"Shrug It Off","floor":20},{"not_picked":["Havoc","Dual Wield+1"],"picked":"Perfected Strike+1","floor":21},{"not_picked":["Heavy Blade","Armaments+1"],"picked":"Iron Wave+1","floor":24},{"not_picked":["Rupture","Twin Strike"],"picked":"Pommel Strike+1","floor":25}],"player_experience":117877,"relics_obtained":[{"floor":9,"key":"Letter Opener"},{"floor":11,"key":"Torii"}],"event_choices":[{"damage_healed":0,"gold_gain":0,"player_choice":"Success","damage_taken":33,"relics_obtained":["Anchor"],"max_hp_gain":0,"max_hp_loss":0,"event_name":"Scrap Ooze","floor":3,"gold_loss":0},{"damage_healed":0,"gold_gain":0,"cards_transformed":["Defend_R"],"player_choice":"Change","damage_taken":0,"max_hp_gain":0,"max_hp_loss":0,"event_name":"Living Wall","floor":12,"gold_loss":0,"cards_obtained":["Blood for Blood"]},{"damage_healed":0,"gold_gain":0,"player_choice":"2 cards matched","damage_taken":0,"max_hp_gain":0,"max_hp_loss":0,"event_name":"Match and Keep!","floor":22,"gold_loss":0,"cards_obtained":["Bash","Sever Soul"]}],"is_beta":false,"boss_relics":[{"not_picked":["Sozu","Coffee Dripper"],"picked":"SlaversCollar"}],"items_purged_floors":[],"is_endless":false,"potions_floor_spawned":[5,11,13,18,25],"killed_by":"Shelled Parasite and Fungi","ascension_level":2}}