{"host":"eydwxg59205c3vtl","time":1611287396,"event":{"mods":["2.2 Compatiblity","BaseMod","Colored Map","Colored Powertips","Hubris","Minty Spire (QoL Compilation)","StSLib","The Jungle","The Necromancer"],"gold_per_floor":[17,17,33,49,62,62,78,78,78,90,90,116,116,150,150,251,251,262,382,394,71,84,84,84,84],"floor_reached":24,"language":"ENG","playtime":827,"items_purged":["Strike_W"],"score":228,"play_id":"4974f97c-a702-4320-a5ee-658cbec1f483","local_time":"20210121224956","is_ascension_mode":false,"campfire_choices":[{"data":"Necrotic_Claws","floor":6.0,"key":"SMITH"},{"data":"Blood_Curse","floor":8.0,"key":"SMITH"},{"data":"Consume_Illness","floor":11.0,"key":"SMITH"},{"data":"Plague_Bolt","floor":13.0,"key":"SMITH"},{"floor":15.0,"key":"DIG"}],"circlet_count":0,"master_deck":["Strike_W","Strike_W","Strike_W","Defend_W","Defend_W","Defend_W","Defend_W","Negative_Energy_Arrows","Bone_Wall","Consume_Illness","Life_Drain","Necrotic_Claws+1","Plague_Bolt+1","Blood_Curse+1","Consume_Illness+1","Spectral_Armor","Backstab","Phantasmal Killer","Blood_Curse+1","Dagger Spray","hubris:SlightOfHand"],"relics":["Vampire_Amulet","Unceasing Top","hubris:DisguiseKit","Pantograph","White Beast Statue","Shovel","Potion Belt","SlaversCollar","Meat on the Bone"],"acts_visited":["Exordium","Exordium"],"potions_floor_usage":[23,24],"damage_taken":[{"damage":10.0,"enemies":"Jaw Worm","floor":1.0,"turns":5.0},{"damage":3.0,"enemies":"Small Slimes","floor":3.0,"turns":4.0},{"damage":4.0,"enemies":"Cultist","floor":4.0,"turns":4.0},{"damage":0.0,"enemies":"Large Slime","floor":5.0,"turns":5.0},{"damage":8.0,"enemies":"Blue Slaver","floor":7.0,"turns":3.0},{"damage":0.0,"enemies":"3 Louse","floor":10.0,"turns":4.0},{"damage":18.0,"enemies":"3 Sentries","floor":12.0,"turns":5.0},{"damage":4.0,"enemies":"Gremlin Nob","floor":14.0,"turns":3.0},{"damage":53.0,"enemies":"Hexaghost","floor":16.0,"turns":10.0},{"damage":19.0,"enemies":"theJungle:Flameango_and_Byrd","floor":18.0,"turns":6.0},{"damage":20.0,"enemies":"Shell Parasite","floor":20.0,"turns":4.0},{"damage":10.0,"enemies":"theJungle:SlimyTreeVines","floor":22.0,"turns":5.0},{"damage":0,"enemies":"theJungle:Cassacara","floor":23,"turns":1},{"damage":51,"enemies":"theJungle:2_Flameangoes","floor":24,"turns":6}],"seed_played":"5003587631211154275","potions_obtained":[{"floor":5.0,"key":"AttackPotion"},{"floor":12.0,"key":"SteroidPotion"},{"floor":14.0,"key":"Block Potion"},{"floor":16.0,"key":"Ancient Potion"},{"floor":18.0,"key":"SmokeBomb"},{"floor":20.0,"key":"EssenceOfSteel"},{"floor":22.0,"key":"Dexterity Potion"}],"is_trial":false,"path_per_floor":["M","?","M","M","M","R","M","R","T","M","R","E","R","E","R","B",null,"M","?","M","$","M","E","M"],"character_chosen":"NECROMANCER","items_purchased":["Meat on the Bone"],"campfire_rested":0,"item_purchase_floors":[21],"current_hp_per_floor":[67,55,56,64,75,75,75,75,75,75,75,63,63,67,67,34,75,60,49,37,37,41,41,0,0],"gold":84,"neow_bonus":"ONE_RARE_RELIC","is_daily":false,"chose_seed":false,"campfire_upgraded":4,"win_rate":0.0,"timestamp":1611287396,"path_taken":["M","?","M","M","M","R","M","R","T","M","R","E","R","E","R","BOSS","M","?","M","?","M","E","M"],"items_purchased_type":["Relic"],"build_version":"2020-12-22","purchased_purges":1,"victory":false,"max_hp_per_floor":[75,75,75,75,75,75,75,75,75,75,75,75,75,75,75,75,75,75,75,75,75,75,75,75,75],"card_choices":[{"not_picked":["Blood_Whip","Blood_for_Blood"],"picked":"Consume_Illness","floor":1.0},{"not_picked":["Strike_from_Beyond","Bone_Armor","Acrobatics"],"picked":"Life_Drain","floor":3.0},{"not_picked":["Death_Coil","Life_Tap","Bouncing Flask"],"picked":"Necrotic_Claws","floor":4.0},{"not_picked":["Blood_Whip","Slay_Living","Eviscerate"],"picked":"Plague_Bolt","floor":5.0},{"not_picked":["Pandemic","Blood_Shield","Quick Slash"],"picked":"Blood_Curse","floor":7.0},{"not_picked":["Life_Tap","Blood_Curse","Reflex"],"picked":"Consume_Illness","floor":10.0},{"not_picked":["Toxic_Smoke_Screen","Chill_Blood","Flechettes"],"picked":"Spectral_Armor","floor":12.0},{"not_picked":["Scare","Bone_Shift","Blood_Whip"],"picked":"Backstab","floor":14.0},{"not_picked":["Hellfire","Cloudkill","Summon_Death_Knight"],"picked":"Phantasmal Killer","floor":16.0},{"not_picked":["Negative_Energy_Mist","Death_Coil","Dash"],"picked":"Blood_Curse+1","floor":18.0},{"not_picked":["Negative_Energy_Mist","Negative_Energy_Sphere","Bone_Armor+1"],"picked":"Dagger Spray","floor":20.0},{"not_picked":["Blood_Curse","Shackles_Of_Pain+1","Acid_Javelin"],"picked":"hubris:SlightOfHand","floor":22.0}],"player_experience":625014,"relics_obtained":[{"floor":9.0,"key":"Pantograph"},{"floor":12.0,"key":"White Beast Statue"},{"floor":14.0,"key":"Shovel"},{"floor":15.0,"key":"Potion Belt"}],"event_choices":[{"damage_healed":0.0,"max_hp_gain":0.0,"max_hp_loss":0.0,"gold_gain":0.0,"event_name":"Scrap Ooze","player_choice":"Success","floor":2.0,"gold_loss":0.0,"damage_taken":12.0,"relics_obtained":["hubris:DisguiseKit"]}],"is_beta":false,"boss_relics":[{"not_picked":["Sozu","Coffee Dripper"],"picked":"SlaversCollar"}],"items_purged_floors":[21],"is_endless":false,"potions_floor_spawned":[5,12,14,16,18,20,22,23],"killed_by":"theJungle:2_Flameangoes","ascension_level":0}}