{"host":"r53pw7z744tg3fxg","time":1611331167,"event":{"mods":["AchievementEnabler","BaseMod","Colored Map","Colored Powertips","Highlight Path","Minty Spire (QoL Compilation)","Quick Restart","Transform Curses"],"gold_per_floor":[110,110,126,126,20,52,106,135,135,43,54,54,19,35,35,113,113,126,126,146,160,3,3,18,18,18],"floor_reached":25,"language":"ENG","playtime":788,"items_purged":[],"score":437,"play_id":"599cc261-b1fd-431f-9925-80f8a091960d","local_time":"20210122085927","is_ascension_mode":true,"campfire_choices":[{"floor":12.0,"key":"REST"},{"floor":15.0,"key":"REST"},{"floor":23.0,"key":"REST"}],"circlet_count":0,"master_deck":["AscendersBane","Strike_P+1","Strike_P+1","Strike_P+1","Defend_P+1","Defend_P+1","Defend_P","Eruption","Vigilance+1","CutThroughFate","ReachHeaven","BowlingBash+1","Halt","Devotion","EmptyBody","Panacea","SpiritShield","LessonLearned+1","Wallop+1","PathToVictory+1","Worship+1","Evaluate","FlurryOfBlows+1","ForeignInfluence+1"],"relics":["PureWater","NeowsBlessing","Girya","Whetstone","Turnip","Astrolabe","Nloth\u0027s Gift","Vajra"],"acts_visited":["Exordium","TheCity"],"potions_floor_usage":[],"damage_taken":[{"damage":0.0,"enemies":"Jaw Worm","floor":1.0,"turns":1.0},{"damage":0.0,"enemies":"Cultist","floor":3.0,"turns":1.0},{"damage":0.0,"enemies":"3 Sentries","floor":6.0,"turns":1.0},{"damage":39.0,"enemies":"Gremlin Nob","floor":8.0,"turns":5.0},{"damage":0.0,"enemies":"Small Slimes","floor":11.0,"turns":2.0},{"damage":9.0,"enemies":"3 Louse","floor":14.0,"turns":3.0},{"damage":30.0,"enemies":"The Guardian","floor":16.0,"turns":9.0},{"damage":13.0,"enemies":"3 Byrds","floor":18.0,"turns":7.0},{"damage":15.0,"enemies":"Shell Parasite","floor":20.0,"turns":6.0},{"damage":19.0,"enemies":"3 Cultists","floor":21.0,"turns":4.0},{"damage":3,"enemies":"Snake Plant","floor":24,"turns":5},{"damage":33,"enemies":"Slavers","floor":25,"turns":3}],"seed_played":"49301546496189298","potions_obtained":[{"floor":8.0,"key":"Weak Potion"},{"floor":11.0,"key":"CultistPotion"},{"floor":18.0,"key":"Energy Potion"}],"is_trial":false,"path_per_floor":["M","?","M","?","$","E","?","E","T","$","M","R","?","M","R","B",null,"M","?","M","M","$","R","M","E"],"character_chosen":"WATCHER","items_purchased":["BowlingBash","Halt","Panacea","Vajra"],"campfire_rested":3,"item_purchase_floors":[5,5,10,22],"current_hp_per_floor":[61,61,61,41,41,41,41,2,2,2,2,22,39,30,50,20,56,43,43,28,9,9,29,26,0,0],"gold":18,"neow_bonus":"THREE_ENEMY_KILL","is_daily":false,"chose_seed":false,"campfire_upgraded":0,"win_rate":0.0,"timestamp":1611331167,"path_taken":["M","?","?","?","$","E","?","E","T","$","M","R","?","M","R","BOSS","M","?","?","M","$","R","M","E"],"items_purchased_type":["Card","Card","Card","Relic"],"build_version":"2020-12-22","purchased_purges":0,"victory":false,"max_hp_per_floor":[68,68,68,68,68,68,68,68,68,68,68,68,68,68,68,68,68,68,68,68,68,68,68,68,68,68],"card_choices":[{"not_picked":["ThirdEye","SashWhip"],"picked":"CutThroughFate","floor":1.0},{"not_picked":["Adaptation","Sanctity"],"picked":"ReachHeaven","floor":3.0},{"not_picked":["Vengeance","Perseverance"],"picked":"Devotion","floor":6.0},{"not_picked":["SignatureMove","Crescendo"],"picked":"EmptyBody","floor":8.0},{"not_picked":["Protect","JustLucky"],"picked":"SashWhip","floor":11.0},{"not_picked":["Evaluate","Protect"],"picked":"SpiritShield","floor":14.0},{"not_picked":["Devotion","Brilliance"],"picked":"LessonLearned","floor":16.0},{"not_picked":["FlyingSleeves+1","Perseverance"],"picked":"Evaluate","floor":18.0},{"not_picked":["Vengeance","Consecrate"],"picked":"FlurryOfBlows+1","floor":20.0},{"not_picked":["PathToVictory","CutThroughFate"],"picked":"ForeignInfluence+1","floor":21.0},{"not_picked":["SandsOfTime","Protect","Meditate+1"],"picked":"SKIP","floor":24}],"player_experience":1336380,"relics_obtained":[{"floor":6.0,"key":"Girya"},{"floor":8.0,"key":"Whetstone"},{"floor":9.0,"key":"Turnip"}],"event_choices":[{"damage_healed":0.0,"max_hp_gain":0.0,"max_hp_loss":0.0,"gold_gain":0.0,"event_name":"FaceTrader","player_choice":"Trade","floor":2.0,"gold_loss":0.0,"damage_taken":0.0,"relics_obtained":["CultistMask"]},{"damage_healed":0.0,"max_hp_gain":0.0,"max_hp_loss":0.0,"gold_gain":0.0,"event_name":"Shining Light","player_choice":"Entered Light","floor":4.0,"gold_loss":0.0,"damage_taken":20.0,"cards_upgraded":["Defend_P","Defend_P"]},{"damage_healed":0.0,"max_hp_gain":0.0,"max_hp_loss":0.0,"gold_gain":54.0,"event_name":"Golden Wing","player_choice":"Gained Gold","floor":7.0,"gold_loss":0.0,"damage_taken":0.0},{"damage_healed":17.0,"max_hp_gain":0.0,"max_hp_loss":0.0,"gold_gain":0.0,"event_name":"The Cleric","player_choice":"Healed","floor":13.0,"gold_loss":35.0,"damage_taken":0.0},{"damage_healed":0.0,"max_hp_gain":0.0,"max_hp_loss":0.0,"gold_gain":0.0,"event_name":"N\u0027loth","player_choice":"Traded Relic","floor":19.0,"relics_lost":["CultistMask"],"gold_loss":0.0,"damage_taken":0.0,"relics_obtained":["Nloth\u0027s Gift"]}],"is_beta":false,"boss_relics":[{"not_picked":["Ectoplasm","SacredBark"],"picked":"Astrolabe"}],"items_purged_floors":[],"is_endless":false,"potions_floor_spawned":[8,11,18],"killed_by":"Slavers","ascension_level":17}}