{"host":"och2iitg9ibgz06n","time":1611297694,"event":{"mods":["Abigail Mod","AchievementEnabler","Aspiration","BaseMod","Colored Powertips","Dio Mod","Hubris","Hyrulean Relics","Infinite Spire","Minty Spire (QoL Compilation)","Replay The Spire","Small Relic Pack","StSLib","The Animator","The Bug Knight","The Hierophant","The Jungle","The Saiyan","TheHero","Wandering Minibosses","everything is the same but u backflip on backflip","slay the spire mod where everything is the same but ironclad has a cowboy hat","vexMod"],"gold_per_floor":[114,114,128,48,48,48,75,101,113,135,179,203,215,270,282,408,429,463,510,550,571,583,595,607,662,698,710,756,768,780,792,804,816,816],"floor_reached":33,"language":"ENG","playtime":1436,"items_purged":[],"score":344,"play_id":"d978f6d1-023b-420a-89ea-e6591cbdbf9d","local_time":"20210122004134","is_ascension_mode":true,"campfire_choices":[{"data":"Backstab","floor":6,"key":"SMITH"},{"floor":13,"key":"REST"},{"floor":15,"key":"REST"},{"floor":23,"key":"REST"},{"floor":27,"key":"REST"},{"data":"Distraction","floor":30,"key":"SMITH"},{"floor":32,"key":"RECALL"}],"circlet_count":0,"master_deck":["Strike_G","Strike_G","Strike_G","Strike_G","Strike_G","Defend_G","Defend_G","Defend_G","Defend_G","Defend_G","Survivor","Neutralize+1","Crippling Poison","Blade Dance","Backstab+1","Bane","Poisoned Stab","Prepared","Distraction+1","Toxin Wave","Dagger Throw","Malaise","AbeCurse","Catalyst","Blade Dance","Blade Dance","CommonCold","ReplayTheSpireMod:Speed Training"],"relics":["Ring of the Snake","MawBank","Replay:Wax Seal","Akabeko","CeramicFish","Abe\u0027s Treasure","Red Mask","Juzu Bracelet","Ancient Tea Set","Dream Catcher"],"acts_visited":["Exordium","TheCity"],"potions_floor_usage":[19,25,28],"damage_taken":[{"damage":0,"enemies":"Jaw Worm","floor":1,"turns":6},{"damage":0,"enemies":"Cultist","floor":3,"turns":4},{"damage":19,"enemies":"3 Sentries","floor":7,"turns":10},{"damage":0,"enemies":"2 Louse","floor":8,"turns":1},{"damage":6,"enemies":"Lots of Slimes","floor":10,"turns":3},{"damage":7,"enemies":"Gremlin Nob","floor":11,"turns":3},{"damage":5,"enemies":"Blue Slaver","floor":12,"turns":2},{"damage":22,"enemies":"Lagavulin","floor":14,"turns":5},{"damage":55,"enemies":"Hexaghost","floor":16,"turns":10},{"damage":11,"enemies":"Spheric Guardian","floor":18,"turns":4},{"damage":21,"enemies":"Masked Bandits","floor":19,"turns":5},{"damage":11,"enemies":"3 Byrds","floor":20,"turns":5},{"damage":18,"enemies":"Book of Stabbing","floor":25,"turns":7},{"damage":53,"enemies":"Gremlin Leader","floor":28,"turns":9},{"damage":141,"enemies":"Automaton","floor":33,"turns":12}],"seed_played":"-5045635913282209812","potions_obtained":[{"floor":3,"key":"FairyPotion"},{"floor":8,"key":"Regen Potion"},{"floor":12,"key":"Weak Potion"},{"floor":14,"key":"CunningPotion"},{"floor":20,"key":"Fire Potion"}],"is_trial":false,"path_per_floor":["M","?","M","$","?","R","E","M","T","M","E","M","R","E","R","B",null,"M","?","M","?","?","R","AVR","E","T","R","E","?","R","$","R","B"],"character_chosen":"THE_SILENT","items_purchased":["Backstab"],"campfire_rested":4,"item_purchase_floors":[4],"current_hp_per_floor":[77,80,80,80,80,80,61,61,61,55,48,43,67,45,69,14,80,69,48,37,37,37,61,61,43,43,67,29,80,80,80,80,0,0],"gold":816,"neow_bonus":"TEN_PERCENT_HP_BONUS","is_daily":false,"chose_seed":false,"campfire_upgraded":2,"win_rate":0.0,"timestamp":1611297694,"path_taken":["M","?","M","$","?","R","E","M","T","M","E","M","R","E","R","BOSS","M","?","M","?","?","R","AVR","E","T","R","E","?","R","$","R","BOSS"],"items_purchased_type":["Card"],"build_version":"2020-12-22","purchased_purges":0,"victory":false,"max_hp_per_floor":[77,80,80,80,80,80,80,80,80,80,80,80,80,80,80,80,80,80,80,80,80,80,80,80,80,80,80,80,80,80,80,80,80,80],"card_choices":[{"not_picked":["hubris:Counter","Sucker Punch"],"picked":"Crippling Poison","floor":1},{"not_picked":["Backflip","Prepared"],"picked":"Blade Dance","floor":3},{"not_picked":["Dagger Throw","Acrobatics"],"picked":"Bane","floor":7},{"not_picked":["Dodge and Roll","ReplayTheSpireMod:Scrap Shanks"],"picked":"Poisoned Stab","floor":8},{"not_picked":["Replay:Bag of Tricks","Predator"],"picked":"Prepared","floor":10},{"not_picked":["Quick Slash","Calculated Gamble"],"picked":"Distraction","floor":11},{"not_picked":["Dagger Throw","Quick Slash"],"picked":"Toxin Wave","floor":12},{"not_picked":["Choke","Dodge and Roll"],"picked":"Dagger Throw","floor":14},{"not_picked":["Replay:Bag of Tricks","A Thousand Cuts"],"picked":"Malaise","floor":16},{"not_picked":["Slice","Deflect"],"picked":"Catalyst","floor":18},{"not_picked":["Dagger Throw","Flying Knee"],"picked":"Blade Dance","floor":19},{"not_picked":["Expertise+1","Sucker Punch"],"picked":"Blade Dance","floor":20},{"not_picked":["Backflip","Fluid Movement+1"],"picked":"ReplayTheSpireMod:Exploit Weakness","floor":25},{"not_picked":["Acrobatics","Expertise"],"picked":"ReplayTheSpireMod:Speed Training","floor":28}],"player_experience":458743,"relics_obtained":[{"floor":7,"key":"MawBank"},{"floor":9,"key":"Replay:Wax Seal"},{"floor":11,"key":"Akabeko"},{"floor":14,"key":"CeramicFish"},{"floor":19,"key":"Red Mask"},{"floor":25,"key":"Ancient Tea Set"},{"floor":28,"key":"Dream Catcher"}],"event_choices":[{"damage_healed":0,"gold_gain":0,"player_choice":"Upgraded","damage_taken":0,"max_hp_gain":0,"max_hp_loss":0,"event_name":"Upgrade Shrine","floor":5,"gold_loss":0,"cards_upgraded":["Neutralize"]},{"damage_healed":0,"gold_gain":0,"player_choice":"Fought Bandits","damage_taken":0,"max_hp_gain":0,"max_hp_loss":0,"event_name":"Masked Bandits","floor":19,"gold_loss":0},{"cards_removed":["ReplayTheSpireMod:Exploit Weakness"],"damage_healed":51,"gold_gain":0,"player_choice":"Offered Uncommon","damage_taken":0,"max_hp_gain":0,"max_hp_loss":0,"event_name":"Bonfire Elementals","floor":29,"gold_loss":0}],"is_beta":false,"boss_relics":[{"not_picked":["Ectoplasm","Fusion Hammer"],"picked":"Abe\u0027s Treasure"}],"items_purged_floors":[],"is_endless":false,"potions_floor_spawned":[3,8,12,14,18,20],"killed_by":"Automaton","ascension_level":3}}