{"host":"ekyl8r8j8fco3zlk","time":1611338669,"event":{"mods":["ATMod(∞¢Ë™Mod)","Act Like it!","Arknights The Spire","BaseMod","CapriCore","Decade(Õı–°√˜)","Dota2Spire","Downfall","Friendly Minions","Gensokyo","Lobotomy","LobotomyExtend","Marisa£®ÏF”Í°°ƒß¿Ì…≥£©","Minty Spire (QoL Compilation)","READ ME - Guardian Mod","Rare Cards Sparkle","Reimu£®≤©¿ˆ¡È√Œ£©","StSLib","The Alterego","The Immortal","The Jungle","TheWitcher","Waifu the Spire","WarShipGirlsR/’ΩΩ¢…Ÿ≈ÆR mod","Yakumo Yukari mod","°æ“≈ŒÔø®≈∆°øREMEMod"],"gold_per_floor":[99,114,114,74,92,92,92,92,77,77,89,89,89,127,150,250,250,150,176,176,16,28,28,77,77,105,117,117,136,162,108,119,220,220,220,230,240,329,329,346,372,386,386,9,24,39,50,50,60,90,90],"floor_reached":52,"language":"ZHS","playtime":3259,"items_purged":[],"score":694,"play_id":"80a87de2-d3d6-4e58-8dd4-9c06450cdcb5","local_time":"20210123020429","is_ascension_mode":false,"campfire_choices":[{"data":"AT_LightSaberMaster","floor":1,"key":"SMITH"},{"data":"Guardian:TwinSlam","floor":6,"key":"SMITH"},{"data":"Guardian:AncientConstruct","floor":10,"key":"SMITH"},{"data":"Guardian:VentSteam","floor":12,"key":"SMITH"},{"data":"Guardian:GemFinder","floor":18,"key":"SMITH"},{"data":"Guardian:Reroute","floor":25,"key":"SMITH"},{"data":"Guardian:ChargeUp","floor":35,"key":"SMITH"}],"circlet_count":0,"master_deck":["Guardian:Strike_Guardian+1","Guardian:Strike_Guardian+1","Guardian:Strike_Guardian+1","Guardian:Defend_Guardian","Guardian:Defend_Guardian","Guardian:Defend_Guardian+1","Guardian:CurlUp+1","Guardian:TwinSlam+1","AT_LightSaberMaster+1","Guardian:Harden+1","Guardian:AncientConstruct+1","Guardian:VentSteam+1","Guardian:Reroute+1","Guardian:TimeBomb+1","Guardian:GemFinder+1","Guardian:TemporalStrike+1","Guardian:CrystalBeam+1","Guardian:Suspension+1","Guardian:Gem_Red","Guardian:FloatingOrbs+1","Guardian:WalkerClaw+1","Guardian:TimeCapacitor+1","Guardian:BodySlam+1","Guardian:ChargeUp+1","Guardian:ShieldCharger","Guardian:ShieldCharger+1","Guardian:TemporalShield+1","Guardian:Incinerate","expansioncontent:StudyTheSpire","Guardian:RollAttack","Guardian:GatlingBeam","Guardian:Emergency+1"],"relics":["Guardian:ModeShifter","AT_ATBox","REME_ComplimentaryCards","LetterFromLob","PaintedHorse:ReiMu","Blood Vial","Dota2Spire:AghanimScepter","Coffee Dripper","downfall:HeartBlessingGreen","hexamod:TheBrokenSeal","Dota2Spire:UrnOfShadows","MealTicket","Dream Catcher","alterego_mod:SomeoneToFightFor","AT_ImmortalShieldbow","Dota2Spire:Bloodstone","RuthlessExorcism:ReiMu","Whetstone","AT_RedNoBalance","AT_BladeRuinedKing"],"acts_visited":["Exordium","TheCity","TheBeyond"],"potions_floor_usage":[15,16,16,16,21,21,27,30,31,33,50,50,50,50],"damage_taken":[{"damage":0,"enemies":"Small Slimes","floor":2,"turns":4},{"damage":7,"enemies":"2 Louse","floor":5,"turns":4},{"damage":10,"enemies":"downfall:FleeingMerchant","floor":9,"turns":4},{"damage":11,"enemies":"Jaw Worm","floor":11,"turns":3},{"damage":21,"enemies":"Gremlin Nob","floor":14,"turns":6},{"damage":17,"enemies":"Exordium Thugs","floor":15,"turns":5},{"damage":66,"enemies":"SI_SHIV_ARCHETYPE","floor":16,"turns":8},{"damage":17,"enemies":"Shell Parasite","floor":19,"turns":6},{"damage":4,"enemies":"downfall:FleeingMerchant","floor":21,"turns":4},{"damage":23,"enemies":"3 Byrds","floor":22,"turns":5},{"damage":18,"enemies":"Gremlin Leader","floor":26,"turns":5},{"damage":12,"enemies":"Snecko","floor":27,"turns":3},{"damage":20,"enemies":"Centurion and Healer","floor":29,"turns":4},{"damage":20,"enemies":"Slavers","floor":30,"turns":3},{"damage":2,"enemies":"downfall:FleeingMerchant","floor":31,"turns":4},{"damage":6,"enemies":"3 Cultists","floor":32,"turns":4},{"damage":32,"enemies":"DF_ARCHETYPE_CLAW","floor":33,"turns":6},{"damage":17,"enemies":"3 Darklings","floor":36,"turns":4},{"damage":15,"enemies":"Orb Walker","floor":37,"turns":3},{"damage":0,"enemies":"downfall:FleeingMerchant","floor":38,"turns":2},{"damage":0,"enemies":"Maw","floor":40,"turns":7},{"damage":16,"enemies":"Spire Growth","floor":42,"turns":4},{"damage":0,"enemies":"4 Shapes","floor":45,"turns":3},{"damage":7,"enemies":"Sphere and 2 Shapes","floor":46,"turns":4},{"damage":16,"enemies":"Spire Growth","floor":47,"turns":3},{"damage":2,"enemies":"Jaw Worm Horde","floor":49,"turns":3},{"damage":4,"enemies":"WA_ARCHETYPE_DIVINITY","floor":50,"turns":5}],"seed_played":"-549680437157263456","potions_obtained":[{"floor":2,"key":"ColorlessPotion"},{"floor":11,"key":"champ:CounterPotion"},{"floor":15,"key":"EssenceOfSteel"},{"floor":15,"key":"SpeedPotion"},{"floor":16,"key":"Slimebound:ThreeZeroPotion"},{"floor":16,"key":"GrandPatriotsElixir:ReiMu"},{"floor":26,"key":"Fire Potion"},{"floor":29,"key":"DuplicationPotion"},{"floor":30,"key":"Slimebound:ThreeZeroPotion"},{"floor":32,"key":"bronze:BurnAndBuffPotion"},{"floor":37,"key":"SmokeBomb"},{"floor":46,"key":"EntropicBrew"}],"is_trial":false,"path_per_floor":["R","M","?","?","M","R","T","?","$","R","M","R","?","E","M","B",null,"R","M","?","$","M","?","T","R","E","M","?","M","E","$","M","B",null,"R","M","M","$","?","M","T","M","?","$","M","M","M","$","M","B",null,null],"character_chosen":"GUARDIAN","items_purchased":["Dota2Spire:UrnOfShadows","Guardian:ChargeUp","RuthlessExorcism:ReiMu","SteroidPotion","Strength Potion","AT_BladeRuinedKing","Guardian:Incinerate","expansioncontent:StudyTheSpire"],"campfire_rested":0,"item_purchase_floors":[21,31,38,38,38,44,44,44],"current_hp_per_floor":[80,80,80,80,73,73,73,73,72,72,70,70,78,66,58,12,80,80,83,83,81,60,60,60,60,50,40,40,22,11,45,48,56,90,90,73,60,77,77,79,79,65,65,80,50,49,37,52,51,49,49],"gold":90,"neow_bonus":"RANDOM_COLORLESS","is_daily":false,"chose_seed":false,"campfire_upgraded":7,"win_rate":0.0,"timestamp":1611338669,"path_taken":["R","M","?","?","M","R","T","?","$","R","M","R","?","E","M","BOSS","R","M","?","?","M","?","T","R","E","?","?","M","E","$","M","BOSS","R","M","M","$","?","M","T","M","?","$","M","M","M","?","M","BOSS"],"items_purchased_type":["Relic","Card","Relic","Potion","Potion","Relic","Card","Card"],"build_version":"2020-12-22","purchased_purges":0,"victory":true,"max_hp_per_floor":[80,80,80,80,80,80,80,80,80,80,80,80,80,80,80,80,80,80,90,90,90,90,90,90,90,90,90,90,90,90,90,90,90,90,90,90,90,90,90,90,90,90,90,90,90,90,90,90,90,90,90],"card_choices":[{"not_picked":["Swift Strike","REME_TwoStrings"],"picked":"AT_LightSaberMaster","floor":0},{"not_picked":["hexamod:SecondSeal","hexamod:FourthSeal"],"picked":"hexamod:SixthSeal","floor":2},{"not_picked":["Guardian:FloatingOrbs","Guardian:TemporalShield"],"picked":"Guardian:Harden","floor":2},{"not_picked":["Guardian:WalkerClaw","Guardian:ChargeUp"],"picked":"Guardian:Gem_Crimson","floor":5},{"not_picked":["hexamod:FourthSeal","hexamod:SixthSeal"],"picked":"hexamod:FirstSeal","floor":5},{"not_picked":["Guardian:Gem_Red","Guardian:Gem_Cyan"],"picked":"Guardian:AncientConstruct","floor":9},{"not_picked":["hexamod:FourthSeal","hexamod:FirstSeal"],"picked":"hexamod:ThirdSeal","floor":9},{"not_picked":["Guardian:Suspension","Guardian:VentSteam"],"picked":"Guardian:Gem_Red","floor":11},{"not_picked":["hexamod:FourthSeal","hexamod:ThirdSeal"],"picked":"hexamod:SecondSeal","floor":11},{"not_picked":["Guardian:FloatingOrbs","Guardian:TemporalStrike"],"picked":"Guardian:VentSteam","floor":11},{"not_picked":["Guardian:MultiBeam","Guardian:TemporalShield"],"picked":"Guardian:Reroute","floor":14},{"not_picked":["hexamod:SixthSeal","hexamod:SecondSeal"],"picked":"hexamod:FourthSeal","floor":14},{"not_picked":["Guardian:Gem_Green","Guardian:Preprogram"],"picked":"Guardian:TimeBomb","floor":15},{"not_picked":["hexamod:SecondSeal","hexamod:SixthSeal","hexamod:ThirdSeal"],"picked":"SKIP","floor":15},{"not_picked":["Guardian:StasisField","Guardian:ExploitGems"],"picked":"Guardian:GemFinder","floor":16},{"not_picked":["Guardian:GatlingBeam","Guardian:GemFinder"],"picked":"Guardian:Gem_Orange","floor":16},{"not_picked":["Guardian:Gem_Green","Guardian:Gem_Lightblue"],"picked":"Guardian:Gem_Red","floor":19},{"not_picked":["Guardian:WalkerClaw","Guardian:RollAttack"],"picked":"Guardian:TemporalStrike+1","floor":19},{"not_picked":["Guardian:DecasProtection","Guardian:TemporalShield"],"picked":"Guardian:CrystalBeam+1","floor":21},{"not_picked":["Guardian:Gem_Lightblue","Guardian:Gem_Cyan"],"picked":"Guardian:Gem_Green","floor":22},{"not_picked":["Guardian:Gem_Green","Guardian:Gem_Lightblue"],"picked":"Guardian:Gem_Red","floor":22},{"not_picked":["Guardian:Reroute","Guardian:ChargeUp"],"picked":"Guardian:Suspension+1","floor":22},{"not_picked":["Guardian:Gem_Lightblue","Guardian:Gem_Cyan"],"picked":"Guardian:Gem_Red","floor":26},{"not_picked":["Guardian:Gem_Green","Guardian:EvasiveProtocol","Guardian:RollAttack"],"picked":"SKIP","floor":26},{"not_picked":["Guardian:Gem_Cyan","Guardian:DonusPower"],"picked":"Guardian:FloatingOrbs+1","floor":27},{"not_picked":["Guardian:Gem_Lightblue","Guardian:Gem_Cyan"],"picked":"Guardian:Gem_Red","floor":29},{"not_picked":["Guardian:TemporalShield","Guardian:Incinerate"],"picked":"Guardian:WalkerClaw","floor":29},{"not_picked":["Guardian:Gem_Purple","Guardian:TimeSifter"],"picked":"Guardian:TimeCapacitor+1","floor":30},{"not_picked":["Guardian:FuturePlans","Guardian:ConstructionForm"],"picked":"Guardian:BodySlam","floor":31},{"not_picked":["Guardian:Harden","Guardian:Gem_Lightblue","Guardian:Planning"],"picked":"SKIP","floor":32},{"not_picked":["Guardian:StasisEngine","Guardian:ConstructionForm"],"picked":"Guardian:Gem_Synthetic","floor":33},{"not_picked":["Guardian:Suspension+1","Guardian:Gem_Green","Guardian:PiercingHide"],"picked":"SKIP","floor":36},{"not_picked":["Guardian:CrystalBeam","Guardian:Gem_Red"],"picked":"Guardian:ShieldCharger","floor":37},{"not_picked":["Guardian:Gem_Cyan","Guardian:PrimingBeam"],"picked":"Guardian:ShieldCharger+1","floor":38},{"not_picked":["Guardian:TemporalShield","Guardian:Reroute","Guardian:TimeCapacitor"],"picked":"SKIP","floor":40},{"not_picked":["Guardian:Incinerate","Guardian:Gem_Red"],"picked":"Guardian:TemporalShield+1","floor":42},{"not_picked":["Guardian:Reroute","Guardian:FloatingOrbs+1"],"picked":"Guardian:RollAttack","floor":45},{"not_picked":["Guardian:TemporalShield","Guardian:TemporalStrike","Guardian:PiercingHide"],"picked":"SKIP","floor":46},{"not_picked":["Guardian:ChargeUp","Guardian:VentSteam"],"picked":"Guardian:GatlingBeam","floor":47},{"not_picked":["Guardian:SentryBeam","Guardian:TimeCapacitor"],"picked":"Guardian:Emergency+1","floor":49}],"player_experience":728794,"relics_obtained":[{"floor":2,"key":"LetterFromLob"},{"floor":7,"key":"Blood Vial"},{"floor":14,"key":"Dota2Spire:AghanimScepter"},{"floor":24,"key":"MealTicket"},{"floor":26,"key":"Dream Catcher"},{"floor":30,"key":"AT_ImmortalShieldbow"},{"floor":41,"key":"Whetstone"},{"floor":43,"key":"AT_SilverBalance"}],"event_choices":[{"damage_healed":0,"gold_gain":0,"player_choice":"»˚«Æ","damage_taken":0,"relics_obtained":["PaintedHorse:ReiMu"],"max_hp_gain":0,"max_hp_loss":0,"event_name":"yidonshenshe","floor":4,"gold_loss":40},{"damage_healed":0,"gold_gain":0,"player_choice":"Choice 2","damage_taken":0,"relics_obtained":["alterego_mod:SomeoneToFightFor"],"max_hp_gain":0,"max_hp_loss":0,"event_name":"∞Æµƒ…Ò •ª®‘∞","floor":28,"gold_loss":0}],"is_beta":false,"boss_relics":[{"not_picked":["Astrolabe","REME_DuelDisc"],"picked":"Coffee Dripper"},{"not_picked":["REME_ChargedStone","REME_DemonsWealth"],"picked":"Dota2Spire:Bloodstone"}],"items_purged_floors":[],"is_endless":false,"potions_floor_spawned":[2,11,15,16,26,29,30,32,37,42,46,47,49],"ascension_level":0}}