{"host":"zksvs3x2ysy9npnz","time":1611318330,"event":{"mods":["Aspiration","BaseMod","Beaked The Cultist","BetterRewards","Clockwork Mod","Colored Map","Conspire","Downfall","Duelist Mod","Ekko","Fiend Mod","Halation","Highlight Path","Hubris","Hunter ??","Infinite Spire","Jedi Mod","Magitek Elite","Minty Spire (QoL Compilation)","Permanent Neow","Quick Restart","Relic Stats","Shop Mod","StSLib","The Construct","The Runesmith","The Witch","thorton"],"gold_per_floor":[99,119,119,138,138,169,169,69,88,88,102,102,12,47,60,161,161,61,76,91,107,107,107,157,157,174,174,174,184,184,184,198,296,296,296,296,308,367,387,387,387,407,425,325,341,355,355,48,63,63,63,89,27,27,27,27],"floor_reached":57,"language":"FRA","playtime":3806,"items_purged":["bronze:Strike","bronze:Strike","bronze:Strike"],"score":1166,"play_id":"002b095c-2491-4606-af3f-8281dafdc7ef","local_time":"20210122132530","is_ascension_mode":false,"campfire_choices":[{"floor":1.0,"key":"RECALL"},{"data":"bronze:GetLatest","floor":8.0,"key":"SMITH"},{"data":"bronze:Goto","floor":10.0,"key":"SMITH"},{"data":"bronze:ClassDefault","floor":12.0,"key":"SMITH"},{"data":"bronze:Overload","floor":18.0,"key":"SMITH"},{"data":"bronze:ChildClass","floor":23.0,"key":"SMITH"},{"data":"bronze:ChosenStrike","floor":25.0,"key":"SMITH"},{"data":"bronze:Shell","floor":28.0,"key":"SMITH"},{"data":"bronze:Flail","floor":30.0,"key":"SMITH"},{"data":"bronze:Assembly","floor":35,"key":"SMITH"},{"data":"bronze:Defend","floor":40,"key":"SMITH"},{"data":"bronze:Return","floor":44,"key":"SMITH"},{"data":"bronze:Defend","floor":47,"key":"SMITH"},{"data":"expansioncontent:LastStand","floor":54,"key":"SMITH"}],"circlet_count":0,"master_deck":["bronze:Strike","bronze:Defend+1","bronze:Defend+1","bronze:Defend","bronze:Defend","bronze:Replicate+1","bronze:Goto+1","bronze:OilSpill","bronze:GetLatest+1","bronze:OilSpill","bronze:ClassDefault+1","bronze:Flail+1","bronze:Shell+1","bronze:Overload+1","bronze:HyperBeam","bronze:ChosenStrike+1","bronze:ChildClass+1","bronze:Assembly+1","bronze:Branch","bronze:Return+1","bronze:Fortify+1","bronze:DelayedSlice+1","expansioncontent:LastStand+1"],"relics":["bronze:BronzeCore","hubris:Icosahedron","aspiration:VileToxins","hubris:SphereOfDissonance","Eternal Feather","downfall:HeartBlessingRed","Oddly Smooth Stone","Busted Crown","downfall:HeartBlessingGreen","MealTicket","Runesmith:AutoHammer","conspire:TreasureMap","Gem_Box","Runic Pyramid","Nunchaku","downfall:HeartBlessingBlue","aspiration:AnachronicSnailShell","infinitespire:Lucky Rock","jedi:ominousloannote","infinitespire:Beetle Shell","infinitespire:CheckeredPen"],"acts_visited":["Exordium","TheCity","TheBeyond","TheEnding"],"potions_floor_usage":[38,55,55],"damage_taken":[{"damage":1.0,"enemies":"Jaw Worm","floor":2.0,"turns":3.0},{"damage":1.0,"enemies":"conspire:RoseBush","floor":4.0,"turns":2.0},{"damage":10.0,"enemies":"Gremlin Nob","floor":6.0,"turns":3.0},{"damage":0.0,"enemies":"Small Slimes","floor":9.0,"turns":2.0},{"damage":1.0,"enemies":"Exordium Wildlife","floor":11.0,"turns":2.0},{"damage":0.0,"enemies":"downfall:FleeingMerchant","floor":13.0,"turns":4.0},{"damage":13.0,"enemies":"Lagavulin","floor":14.0,"turns":3.0},{"damage":0.0,"enemies":"Gremlin Gang","floor":15.0,"turns":2.0},{"damage":26.0,"enemies":"SI_SHIV_ARCHETYPE","floor":16.0,"turns":5.0},{"damage":0.0,"enemies":"Chosen","floor":19.0,"turns":2.0},{"damage":0.0,"enemies":"Spheric Guardian","floor":20.0,"turns":2.0},{"damage":9.0,"enemies":"Snake Plant","floor":21.0,"turns":3.0},{"damage":10.0,"enemies":"Chosen and Byrds","floor":26.0,"turns":4.0},{"damage":1.0,"enemies":"conspire:HollyBat","floor":29.0,"turns":4.0},{"damage":0,"enemies":"Centurion and Healer","floor":32,"turns":3},{"damage":20,"enemies":"IC_MUSHROOM_ARCHETYPE","floor":33,"turns":4},{"damage":0,"enemies":"Orb Walker","floor":37,"turns":2},{"damage":0,"enemies":"downfall:FleeingMerchant","floor":38,"turns":4},{"damage":26,"enemies":"3 Shapes","floor":39,"turns":4},{"damage":5,"enemies":"Spire Growth","floor":42,"turns":2},{"damage":8,"enemies":"Writhing Mass","floor":43,"turns":4},{"damage":0,"enemies":"3 Darklings","floor":45,"turns":2},{"damage":0,"enemies":"Spire Growth","floor":46,"turns":3},{"damage":0,"enemies":"Sphere and 2 Shapes","floor":49,"turns":3},{"damage":15,"enemies":"DF_ARCHETYPE_ORBS","floor":50,"turns":5},{"damage":40,"enemies":"downfall:CharBossMerchant","floor":52,"turns":8},{"damage":8,"enemies":"downfall:NeowBoss","floor":55,"turns":8},{"damage":30,"enemies":"downfall:NeowBossFinal","floor":56,"turns":10}],"seed_played":"-8160076981619973530","potions_obtained":[{"floor":2.0,"key":"ColorlessPotion"},{"floor":9.0,"key":"Regen Potion"},{"floor":14.0,"key":"CultistPotion"},{"floor":21.0,"key":"Fruit Juice"},{"floor":32,"key":"jedi:StrikingPotion"},{"floor":39,"key":"AttackPotion"},{"floor":42,"key":"sneckomod:MuddlingPotion"},{"floor":43,"key":"LiquidMemories"}],"is_trial":false,"path_per_floor":["R","M","?","M","?","E","T","R","M","R","M","R","$","E","M","B",null,"R","M","M","M","?","R","T","R","M","AVR","R","M","R","?","M","B",null,"R","?","M","$","M","R","T","M","M","R","M","M","R","$","M","B",null,"E","$","R","B","B",null],"character_chosen":"THE_AUTOMATON","items_purchased":["Nunchaku","aspiration:AnachronicSnailShell","jedi:ominousloannote","infinitespire:Beetle Shell","infinitespire:CheckeredPen","expansioncontent:LastStand"],"campfire_rested":0,"item_purchase_floors":[38,48,53,53,53,53],"current_hp_per_floor":[70,69,69,68,61,51,51,57,57,63,62,68,68,55,55,41,70,70,70,70,66,66,75,75,75,65,65,74,73,75,75,75,55,75,75,75,75,75,49,58,58,53,45,67,67,67,79,85,85,70,85,45,60,72,64,34],"gold":27,"neow_bonus":"UPGRADE_CARD","is_daily":false,"chose_seed":false,"campfire_upgraded":13,"win_rate":0.0,"timestamp":1611318330,"path_taken":["R","M","?","M","?","E","T","R","M","R","M","R","$","E","M","BOSS","R","M","M","M","?","R","T","R","M","AVR","R","M","R","?","M","BOSS","R","?","?","$","M","R","T","M","M","R","M","M","R","$","M","BOSS","E","$","R","BOSS","BOSS"],"items_purchased_type":["Relic","Relic","Relic","Relic","Relic","Card"],"build_version":"2020-12-22","purchased_purges":3,"victory":true,"max_hp_per_floor":[70,70,70,70,70,70,70,70,70,70,70,70,70,70,70,70,70,70,70,70,75,75,75,75,75,75,75,75,75,75,75,75,75,75,75,75,75,75,75,75,75,75,75,85,85,85,85,85,85,85,85,85,85,85,85,85],"relic_stats":{"Nunchaku":[16],"Busted Crown":48,"counters":[28,103],"Eternal Feather":83,"MealTicket":21,"obtain_stats":[{"aspiration:VileToxins":5,"conspire:TreasureMap":27,"bronze:BronzeCore":0,"downfall:HeartBlessingRed":8,"hubris:SphereOfDissonance":6,"Oddly Smooth Stone":14,"Eternal Feather":7,"downfall:HeartBlessingGreen":18,"infinitespire:Beetle Shell":53,"infinitespire:Lucky Rock":52,"infinitespire:CheckeredPen":53,"Nunchaku":38,"hubris:Icosahedron":3,"Busted Crown":17,"downfall:HeartBlessingBlue":44,"jedi:ominousloannote":53,"aspiration:AnachronicSnailShell":48,"MealTicket":22,"Runesmith:AutoHammer":24,"Gem_Box":27,"Runic Pyramid":34},{"aspiration:VileToxins":2,"conspire:TreasureMap":13,"bronze:BronzeCore":0,"downfall:HeartBlessingRed":3,"hubris:SphereOfDissonance":3,"Oddly Smooth Stone":7,"Eternal Feather":3,"downfall:HeartBlessingGreen":9,"infinitespire:Beetle Shell":26,"infinitespire:Lucky Rock":26,"infinitespire:CheckeredPen":26,"Nunchaku":18,"hubris:Icosahedron":1,"Busted Crown":9,"downfall:HeartBlessingBlue":21,"jedi:ominousloannote":26,"aspiration:AnachronicSnailShell":23,"MealTicket":12,"Runesmith:AutoHammer":12,"Gem_Box":13,"Runic Pyramid":16},{"aspiration:VileToxins":5,"conspire:TreasureMap":37,"bronze:BronzeCore":0,"downfall:HeartBlessingRed":8,"hubris:SphereOfDissonance":8,"Oddly Smooth Stone":19,"Eternal Feather":8,"downfall:HeartBlessingGreen":26,"infinitespire:Beetle Shell":85,"infinitespire:Lucky Rock":85,"infinitespire:CheckeredPen":85,"Nunchaku":54,"hubris:Icosahedron":3,"Busted Crown":26,"downfall:HeartBlessingBlue":64,"jedi:ominousloannote":85,"aspiration:AnachronicSnailShell":69,"MealTicket":33,"Runesmith:AutoHammer":33,"Gem_Box":37,"Runic Pyramid":48}]},"card_choices":[{"not_picked":["bronze:ForLoop","bronze:Iterate"],"picked":"bronze:OilSpill","floor":2.0},{"not_picked":["bronze:Branch","bronze:WhirlingStrike"],"picked":"bronze:GetLatest","floor":4.0},{"not_picked":["bronze:BugBarrage","bronze:Philosophize"],"picked":"bronze:OilSpill","floor":6.0},{"not_picked":["bronze:AlphaBuild","bronze:Invalidate","bronze:Frontload"],"picked":"SKIP","floor":9.0},{"not_picked":["bronze:Shield","bronze:FineTuning"],"picked":"bronze:ClassDefault","floor":11.0},{"not_picked":["bronze:BuggyMess","bronze:BitShift"],"picked":"bronze:Flail","floor":13.0},{"not_picked":["bronze:ClassDefault","bronze:ShipIt"],"picked":"bronze:Shell","floor":14.0},{"not_picked":["bronze:Overheat","bronze:Flail"],"picked":"bronze:Overload","floor":15.0},{"not_picked":["bronze:ShipIt","bronze:CleanCode"],"picked":"bronze:HyperBeam","floor":16.0},{"not_picked":[],"picked":"bronze:ChosenStrike","floor":19.0},{"not_picked":[],"picked":"bronze:ChildClass","floor":20.0},{"not_picked":["bronze:DigitalCarnage"],"picked":"SKIP","floor":21.0},{"not_picked":["bronze:Turbo+1"],"picked":"SKIP","floor":26.0},{"not_picked":["bronze:Flail+1"],"picked":"SKIP","floor":29.0},{"not_picked":["bronze:Turbo"],"picked":"SKIP","floor":32},{"not_picked":[],"picked":"bronze:Assembly","floor":33},{"not_picked":["bronze:Overheat+1"],"picked":"SKIP","floor":37},{"not_picked":[],"picked":"bronze:Branch","floor":38},{"not_picked":["bronze:WildBeam+1"],"picked":"SKIP","floor":39},{"not_picked":[],"picked":"bronze:Return","floor":42},{"not_picked":[],"picked":"bronze:Fortify+1","floor":43},{"not_picked":["bronze:BugBarrage+1"],"picked":"SKIP","floor":45},{"not_picked":["bronze:DelayedGuard+1"],"picked":"SKIP","floor":46},{"not_picked":["bronze:CutThrough"],"picked":"SKIP","floor":49},{"not_picked":[],"picked":"bronze:DelayedSlice+1","floor":52}],"player_experience":2481662,"relics_obtained":[{"floor":6.0,"key":"hubris:SphereOfDissonance"},{"floor":7.0,"key":"Eternal Feather"},{"floor":14.0,"key":"Oddly Smooth Stone"},{"floor":22.0,"key":"MealTicket"},{"floor":24.0,"key":"Runesmith:AutoHammer"},{"floor":52,"key":"infinitespire:Lucky Rock"}],"event_choices":[{"damage_healed":0.0,"max_hp_gain":0.0,"max_hp_loss":0.0,"gold_gain":0.0,"event_name":"Scrap Ooze","player_choice":"Success","floor":5.0,"gold_loss":0.0,"damage_taken":7.0,"relics_obtained":["aspiration:VileToxins"]}],"is_beta":false,"boss_relics":[{"not_picked":["halation:Yufonium","halation:Prosthetics"],"picked":"Busted Crown"},{"not_picked":["Coffee Dripper","aspiration:RunicSpoon"],"picked":"Runic Pyramid"}],"items_purged_floors":[13,27,38],"is_endless":false,"potions_floor_spawned":[2,9,14,21,32,39,42,43,45,49,52],"ascension_level":0}}