{"host":"89iuq2p5kwriuwfq","time":1611332568,"event":{"mods":["BaseMod","Curses Come First","Minty Spire (QoL Compilation)","Permanent Neow","StSLib"],"gold_per_floor":[118,134,134,18,32,63,63,73,73,105,122,47,47,76,76,179,179,193,209,209,209],"floor_reached":20,"language":"ENG","playtime":1218,"items_purged":["Regret"],"score":296,"play_id":"14ce2b30-07fe-40b2-9fb2-ec6bf4577bb0","local_time":"20210122162248","is_ascension_mode":true,"campfire_choices":[{"data":"Defragment","floor":7.0,"key":"SMITH"},{"floor":15.0,"key":"REST"}],"circlet_count":0,"master_deck":["Strike_B","Strike_B","Strike_B","Defend_B","Defend_B","Defend_B","Defend_B","Zap","Dualcast","Chaos","Capacitor","Coolheaded","Defragment+1","Doom and Gloom","Redo","Skim","Cold Snap","Defragment+1","Defragment","Self Repair","Core Surge+1","Barrage+1"],"relics":["Cracked Core","Art of War","InkBottle","Molten Egg 2","Strawberry","Regal Pillow","Inserter"],"acts_visited":["Exordium","TheCity"],"potions_floor_usage":[],"damage_taken":[{"damage":0.0,"enemies":"2 Louse","floor":1.0,"turns":2.0},{"damage":2.0,"enemies":"Jaw Worm","floor":2.0,"turns":3.0},{"damage":0.0,"enemies":"Cultist","floor":5.0,"turns":3.0},{"damage":25.0,"enemies":"Lagavulin","floor":6.0,"turns":8.0},{"damage":13.0,"enemies":"Looter","floor":8.0,"turns":3.0},{"damage":21.0,"enemies":"3 Sentries","floor":10.0,"turns":5.0},{"damage":10.0,"enemies":"3 Louse","floor":11.0,"turns":4.0},{"damage":0.0,"enemies":"Lagavulin","floor":14.0,"turns":8.0},{"damage":24.0,"enemies":"Slime Boss","floor":16.0,"turns":6.0},{"damage":8.0,"enemies":"Chosen","floor":18.0,"turns":6.0},{"damage":39.0,"enemies":"2 Thieves","floor":19.0,"turns":4.0},{"damage":31,"enemies":"Snake Plant","floor":20,"turns":2}],"seed_played":"5746751990028250425","potions_obtained":[{"floor":1.0,"key":"ColorlessPotion"},{"floor":5.0,"key":"PotionOfCapacity"},{"floor":6.0,"key":"FearPotion"},{"floor":8.0,"key":"EssenceOfSteel"},{"floor":14.0,"key":"SkillPotion"}],"is_trial":false,"path_per_floor":["M","M","?","$","M","E","R","M","T","E","M","$","?","E","R","B",null,"M","M","M"],"character_chosen":"DEFECT","items_purchased":["Defragment","Doom and Gloom"],"campfire_rested":1,"item_purchase_floors":[4,4],"current_hp_per_floor":[68,66,66,66,66,41,41,28,28,14,4,4,4,4,43,26,68,67,28,0,0],"gold":209,"neow_bonus":"TRANSFORM_CARD","is_daily":false,"chose_seed":false,"campfire_upgraded":1,"win_rate":0.0,"timestamp":1611332568,"path_taken":["M","M","?","$","M","E","R","M","T","E","M","$","?","E","R","BOSS","M","M","?"],"items_purchased_type":["Card","Card"],"build_version":"2020-12-22","purchased_purges":1,"victory":false,"max_hp_per_floor":[75,75,75,75,75,75,75,75,75,82,82,82,82,82,82,82,82,82,82,82,82],"card_choices":[{"not_picked":["Steam","Darkness"],"picked":"Capacitor","floor":1.0},{"not_picked":["Compile Driver","Undo"],"picked":"Coolheaded","floor":2.0},{"not_picked":["Force Field","BootSequence"],"picked":"Redo","floor":5.0},{"not_picked":["Turbo","Rip and Tear"],"picked":"Skim","floor":6.0},{"not_picked":["Coolheaded","Stack"],"picked":"Cold Snap","floor":8.0},{"not_picked":["Aggregate","Storm"],"picked":"Defragment","floor":10.0},{"not_picked":["Gash+1","Go for the Eyes+1"],"picked":"Defragment","floor":11.0},{"not_picked":["Consume","Stack"],"picked":"Self Repair","floor":14.0},{"not_picked":["Buffer","Hyperbeam+1"],"picked":"Core Surge+1","floor":16.0},{"not_picked":["Aggregate","Leap"],"picked":"Barrage+1","floor":18.0},{"not_picked":["Hello World","Conserve Battery","Steam+1"],"picked":"SKIP","floor":19.0}],"player_experience":537408,"relics_obtained":[{"floor":6.0,"key":"InkBottle"},{"floor":9.0,"key":"Molten Egg 2"},{"floor":10.0,"key":"Strawberry"},{"floor":14.0,"key":"Regal Pillow"}],"event_choices":[{"damage_healed":0.0,"max_hp_gain":0.0,"max_hp_loss":0.0,"gold_gain":0.0,"event_name":"Big Fish","player_choice":"Box","floor":3.0,"gold_loss":0.0,"damage_taken":0.0,"relics_obtained":["Art of War"],"cards_obtained":["Regret"]},{"damage_healed":0.0,"max_hp_gain":0.0,"max_hp_loss":0.0,"gold_gain":0.0,"event_name":"Accursed Blacksmith","player_choice":"Forge","floor":13.0,"gold_loss":0.0,"damage_taken":0.0,"cards_upgraded":["Defragment"]}],"is_beta":false,"boss_relics":[{"not_picked":["FrozenCore","SacredBark"],"picked":"Inserter"}],"items_purged_floors":[12],"is_endless":false,"potions_floor_spawned":[1,5,6,8,14],"killed_by":"Snake Plant","ascension_level":7}}