{"host":"nnt34ungdh9fkcmy","time":1611279696,"event":{"mods":["BaseMod","Downfall","Minty Spire (QoL Compilation)","StSLib","SuperFastMode"],"gold_per_floor":[99,113,113,263,274,302,302,302,336,336,436,467,13,46,60,163,163,63,78,178,194,210,110,158,189,204,189,217,117,135,135,145,244,244,244,255,265,265,283,333,382,410,438,438,472,166,181,211,228,228,228,260,15,15,15,15],"floor_reached":57,"language":"ENG","playtime":4263,"items_purged":["bronze:Defend","bronze:Goto"],"score":1549,"play_id":"a58a4b8b-8afc-4b71-b684-4e22a9745317","local_time":"20210121184136","is_ascension_mode":true,"campfire_choices":[{"floor":1,"key":"REST"},{"floor":18,"key":"RECALL"},{"data":"bronze:Spike","floor":23,"key":"SMITH"},{"data":"bronze:CloningBeam","floor":29,"key":"SMITH"},{"data":"bronze:BronzeOrb","floor":35,"key":"PURGE"},{"data":"bronze:Replicate","floor":44,"key":"PURGE"},{"data":"bronze:CutThrough+1","floor":54,"key":"PURGE"}],"circlet_count":0,"master_deck":["bronze:Optimize","bronze:ForLoop","bronze:DelayedSlice","bronze:Fortify+1","bronze:ClassDefault","bronze:ClassDefault","bronze:Overload","bronze:Repair","bronze:Spike+1","bronze:Constructor","bronze:ItsAFeature","bronze:Constructor","bronze:Safeguard","bronze:CloningBeam+1","bronze:Repulsor","bronze:DelayedGuard+1","bronze:OilSpill","bronze:FunctionCard","bronze:FineTuning","bronze:WhirlingStrike+1","bronze:Virus","bronze:ChosenStrike","bronze:FineTuning+1","bronze:Philosophize","bronze:Repulsor+1","bronze:ClassDefault","Finesse"],"relics":["bronze:BronzeCore","PreservedInsect","Calipers","Juzu Bracelet","Peace Pipe","Centennial Puzzle","Mummified Hand","Blue Candle","Empty Cage","downfall:HeartBlessingGreen","downfall:HeartBlessingRed","Oddly Smooth Stone","Bag of Marbles","downfall:HeartBlessingBlue","bronze:BottledCode","Fusion Hammer","WingedGreaves","bronze:SilverBullet","Eternal Feather","Vajra","Gremlin Horn","champ:DeflectingBracers","Anchor","Pen Nib","Bottled Lightning","DollysMirror"],"acts_visited":["Exordium","TheCity","TheBeyond","TheEnding"],"potions_floor_usage":[6,22,26,26,55,56],"damage_taken":[{"damage":0,"enemies":"Small Slimes","floor":2,"turns":4},{"damage":3,"enemies":"Jaw Worm","floor":5,"turns":4},{"damage":27,"enemies":"Gremlin Nob","floor":6,"turns":4},{"damage":4,"enemies":"3 Sentries","floor":9,"turns":2},{"damage":20,"enemies":"3 Sentries","floor":10,"turns":6},{"damage":14,"enemies":"downfall:Heads","floor":11,"turns":4},{"damage":0,"enemies":"Lagavulin","floor":12,"turns":7},{"damage":0,"enemies":"downfall:FleeingMerchant","floor":13,"turns":4},{"damage":6,"enemies":"3 Sentries","floor":14,"turns":9},{"damage":0,"enemies":"2 Louse","floor":15,"turns":2},{"damage":8,"enemies":"WA_ARCHETYPE_RETAIN","floor":16,"turns":14},{"damage":5,"enemies":"Shell Parasite","floor":19,"turns":5},{"damage":0,"enemies":"3 Byrds","floor":21,"turns":2},{"damage":20,"enemies":"Cultist and Chosen","floor":22,"turns":5},{"damage":10,"enemies":"Book of Stabbing","floor":25,"turns":4},{"damage":33,"enemies":"Snecko","floor":26,"turns":7},{"damage":0,"enemies":"downfall:FleeingMerchant","floor":27,"turns":4},{"damage":15,"enemies":"Gremlin Leader","floor":28,"turns":4},{"damage":6,"enemies":"3 Cultists","floor":30,"turns":3},{"damage":0,"enemies":"Chosen and Byrds","floor":32,"turns":5},{"damage":55,"enemies":"IC_MUSHROOM_ARCHETYPE","floor":33,"turns":6},{"damage":1,"enemies":"3 Darklings","floor":36,"turns":3},{"damage":0,"enemies":"Orb Walker","floor":37,"turns":2},{"damage":0,"enemies":"Jaw Worm Horde","floor":39,"turns":2},{"damage":0,"enemies":"Jaw Worm Horde","floor":40,"turns":5},{"damage":0,"enemies":"Nemesis","floor":42,"turns":3},{"damage":3,"enemies":"Reptomancer","floor":43,"turns":5},{"damage":7,"enemies":"Giant Head","floor":45,"turns":6},{"damage":3,"enemies":"downfall:FleeingMerchant","floor":46,"turns":4},{"damage":29,"enemies":"Writhing Mass","floor":47,"turns":5},{"damage":0,"enemies":"Reptomancer","floor":48,"turns":2},{"damage":0,"enemies":"3 Darklings","floor":49,"turns":2},{"damage":39,"enemies":"DF_ARCHETYPE_ORBS","floor":50,"turns":7},{"damage":24,"enemies":"downfall:CharBossMerchant","floor":52,"turns":7},{"damage":32,"enemies":"downfall:NeowBoss","floor":55,"turns":11},{"damage":77,"enemies":"downfall:NeowBossFinal","floor":56,"turns":10}],"seed_played":"-3875196446412722179","potions_obtained":[{"floor":2,"key":"Regen Potion"},{"floor":5,"key":"Guardian:BlockOnCardUsePotion"},{"floor":10,"key":"LiquidMemories"},{"floor":12,"key":"FearPotion"},{"floor":22,"key":"Regen Potion"},{"floor":26,"key":"FairyPotion"},{"floor":28,"key":"AttackPotion"},{"floor":39,"key":"bronze:BurnAndBuffPotion"},{"floor":45,"key":"bronze:BuildAFunctionPotion"}],"is_trial":false,"path_per_floor":["R","M","?","?","M","E","T","?","E","?","?","E","$","E","M","B",null,"R","M","?","M","M","R","T","E","M","$","E","R","M","?","M","B",null,"R","M","M","?","M","?","T","E","E","R","E","$","M","E","M","B",null,"E","$","R","B","B",null],"character_chosen":"THE_AUTOMATON","items_purchased":["Mummified Hand","bronze:Safeguard","bronze:CloningBeam","champ:DeflectingBracers","bronze:Philosophize","Anchor","DollysMirror","Finesse"],"campfire_rested":1,"item_purchase_floors":[13,13,13,46,46,46,53,53],"current_hp_per_floor":[70,70,63,63,60,42,42,42,38,58,54,64,70,64,70,69,70,70,70,70,70,55,55,55,59,48,55,40,50,54,54,70,18,70,70,70,70,70,70,70,70,70,67,70,70,70,52,52,52,20,70,54,54,69,38,21],"gold":15,"neow_bonus":"TRANSFORM_TWO_CARDS","is_daily":false,"chose_seed":false,"campfire_upgraded":2,"win_rate":0.0,"timestamp":1611279696,"path_taken":["R","M","?","?","M","E","T","?","E","?","?","E","$","E","M","BOSS","R","M","?","M","M","R","T","E","M","$","E","R","M","?","M","BOSS","R","M","M","?","M","?","T","E","E","R","E","?","M","E","M","BOSS","E","$","R","BOSS","BOSS"],"items_purchased_type":["Relic","Card","Card","Relic","Card","Relic","Relic","Card"],"build_version":"2020-12-22","purchased_purges":2,"victory":true,"max_hp_per_floor":[70,70,70,70,70,70,70,70,70,70,70,70,70,70,70,70,70,70,70,70,70,70,70,70,70,70,70,70,80,80,70,70,70,70,70,70,70,70,70,70,70,70,70,70,70,70,70,70,70,70,70,70,70,70,70,70],"card_choices":[{"not_picked":["bronze:Repulsor","bronze:Invalidate"],"picked":"bronze:DelayedSlice","floor":2},{"not_picked":["bronze:BugBarrage","bronze:FollowUp"],"picked":"bronze:Fortify","floor":5},{"not_picked":["bronze:WildBeam","bronze:GetLatest"],"picked":"bronze:ClassDefault","floor":6},{"not_picked":["bronze:FollowUp","bronze:Iterate","bronze:Shield"],"picked":"SKIP","floor":9},{"not_picked":[],"picked":"bronze:Spike","floor":10},{"not_picked":["bronze:Return","bronze:Overheat"],"picked":"bronze:Constructor","floor":10},{"not_picked":["bronze:BitShift","bronze:FollowUp"],"picked":"bronze:Constructor","floor":12},{"not_picked":["bronze:BugBarrage","bronze:BronzeArmor"],"picked":"bronze:BronzeOrb","floor":13},{"not_picked":["bronze:Overload","bronze:Boost"],"picked":"bronze:Repulsor","floor":14},{"not_picked":["bronze:BugBarrage","bronze:InfiniteBeams","bronze:DelayedSlice"],"picked":"SKIP","floor":15},{"not_picked":["bronze:ShipIt","bronze:Library"],"picked":"bronze:Hardcode","floor":16},{"not_picked":["bronze:Backtrace","bronze:ForLoop","bronze:Fortify"],"picked":"SKIP","floor":19},{"not_picked":["bronze:Optimize","bronze:Deprecate"],"picked":"bronze:DelayedGuard+1","floor":21},{"not_picked":["bronze:BugBarrage","bronze:Constructor"],"picked":"bronze:OilSpill","floor":22},{"not_picked":["bronze:Optimize","bronze:Constructor","bronze:Invalidate"],"picked":"SKIP","floor":25},{"not_picked":["bronze:Backtrace+1","bronze:WildBeam","bronze:BurnOut"],"picked":"SKIP","floor":26},{"not_picked":["bronze:Backtrace+1","bronze:WildBeam","bronze:BurnOut"],"picked":"SKIP","floor":26},{"not_picked":["bronze:DelayedGuard","bronze:Optimize+1","bronze:Shield"],"picked":"SKIP","floor":27},{"not_picked":["bronze:WildBeam+1","bronze:BronzeArmor","bronze:Deprecate"],"picked":"SKIP","floor":28},{"not_picked":["bronze:DelayedSlice","bronze:Constructor+1"],"picked":"bronze:FineTuning","floor":30},{"not_picked":["bronze:Shield+1","bronze:Optimize"],"picked":"bronze:WhirlingStrike+1","floor":32},{"not_picked":["bronze:ShipIt","bronze:AlphaBuild"],"picked":"bronze:Virus","floor":33},{"not_picked":["bronze:Overheat+1","bronze:Iterate"],"picked":"bronze:ChosenStrike","floor":36},{"not_picked":["bronze:DelayedSlice+1","bronze:BronzeOrb"],"picked":"bronze:CutThrough+1","floor":37},{"not_picked":["bronze:WildBeam+1","bronze:DelayedSlice+1","bronze:Assembly"],"picked":"SKIP","floor":39},{"not_picked":["bronze:Iterate+1","bronze:Shield+1"],"picked":"bronze:FineTuning+1","floor":42},{"not_picked":["bronze:Allocate+1","bronze:Branch","bronze:Separator"],"picked":"SKIP","floor":43},{"not_picked":["bronze:Backtrace","bronze:Separator+1","bronze:BronzeOrb+1"],"picked":"SKIP","floor":45},{"not_picked":["bronze:DelayedSlice+1","bronze:SpaghettiCode","bronze:Frontload+1"],"picked":"SKIP","floor":46},{"not_picked":["bronze:Turbo","bronze:Separator","bronze:DelayedGuard"],"picked":"SKIP","floor":47},{"not_picked":["bronze:WhirlingStrike","bronze:Shield+1","bronze:DelayedGuard+1"],"picked":"SKIP","floor":48},{"not_picked":["bronze:Separator+1","bronze:OilSpill+1"],"picked":"bronze:Repulsor+1","floor":49},{"not_picked":["bronze:Return","bronze:BuggyMess","bronze:InfiniteBeams"],"picked":"SKIP","floor":52}],"player_experience":237827,"relics_obtained":[{"floor":6,"key":"Calipers"},{"floor":7,"key":"Juzu Bracelet"},{"floor":9,"key":"Peace Pipe"},{"floor":12,"key":"Centennial Puzzle"},{"floor":14,"key":"Blue Candle"},{"floor":25,"key":"Oddly Smooth Stone"},{"floor":28,"key":"Bag of Marbles"},{"floor":40,"key":"WingedGreaves"},{"floor":41,"key":"bronze:SilverBullet"},{"floor":42,"key":"Eternal Feather"},{"floor":43,"key":"Vajra"},{"floor":45,"key":"Gremlin Horn"},{"floor":48,"key":"Pen Nib"},{"floor":52,"key":"Bottled Lightning"}],"event_choices":[{"damage_healed":0,"gold_gain":0,"player_choice":"Success","damage_taken":7,"relics_obtained":["PreservedInsect"],"max_hp_gain":0,"max_hp_loss":0,"event_name":"Scrap Ooze","floor":3,"gold_loss":0}],"is_beta":false,"boss_relics":[{"not_picked":["expansioncontent:StudyCardRelic","Tiny House"],"picked":"Empty Cage"},{"not_picked":["Runic Dome","Cursed Key"],"picked":"Fusion Hammer"}],"items_purged_floors":[13,46],"is_endless":false,"potions_floor_spawned":[2,5,10,12,16,22,26,28,39,40,42,45,48,49],"ascension_level":2}}