{"host":"5ezk7t18wcb10u1o","time":1611300290,"event":{"mods":["BaseMod","Bestiary","Colored Powertips","Minty Spire (QoL Compilation)","Relic Sorter"],"gold_per_floor":[119,134,134,134,134,134,162,162,162,190,190,340,340,92,92,171,171,181,231,248,278,278,278,293,293,293],"floor_reached":25,"language":"ENG","playtime":1017,"items_purged":["Doubt"],"score":510,"play_id":"ea559ceb-2548-4751-a481-7a48efa4a2b3","local_time":"20210122072450","is_ascension_mode":true,"campfire_choices":[{"data":"Buffer","floor":6.0,"key":"SMITH"},{"data":"Loop","floor":8.0,"key":"SMITH"},{"floor":11.0,"key":"REST"},{"data":"Dualcast","floor":13.0,"key":"SMITH"},{"data":"Conserve Battery","floor":15.0,"key":"SMITH"},{"floor":23,"key":"REST"}],"circlet_count":0,"master_deck":["AscendersBane","Strike_B","Strike_B","Strike_B","Strike_B","Defend_B","Defend_B","Defend_B","Defend_B","Zap","Dualcast+1","Buffer+1","Conserve Battery+1","Streamline+1","Loop+1","Reinforced Body+1","Machine Learning","Genetic Algorithm+1","Coolheaded+1","Conserve Battery+1","Redo+1"],"relics":["Cracked Core","Symbiotic Virus","Matryoshka","Regal Pillow","HornCleat","Toxic Egg 2","ClockworkSouvenir","Nuclear Battery","Red Mask","MutagenicStrength"],"acts_visited":["TheCity"],"potions_floor_usage":[20,25],"damage_taken":[{"damage":0.0,"enemies":"Small Slimes","floor":1.0,"turns":4.0},{"damage":0.0,"enemies":"2 Louse","floor":2.0,"turns":1.0},{"damage":33.0,"enemies":"3 Sentries","floor":7.0,"turns":6.0},{"damage":6.0,"enemies":"Lagavulin","floor":10.0,"turns":4.0},{"damage":0.0,"enemies":"Slime Boss","floor":16.0,"turns":7.0},{"damage":11,"enemies":"Shell Parasite","floor":18,"turns":4},{"damage":0,"enemies":"Spheric Guardian","floor":20,"turns":3},{"damage":29,"enemies":"Masked Bandits","floor":21,"turns":5},{"damage":26,"enemies":"Cultist and Chosen","floor":24,"turns":6},{"damage":50,"enemies":"Gremlin Leader","floor":25,"turns":4}],"seed_played":"4336271093188123896","potions_obtained":[{"floor":2.0,"key":"SneckoOil"},{"floor":16.0,"key":"ColorlessPotion"},{"floor":18,"key":"FocusPotion"},{"floor":21,"key":"SteroidPotion"}],"is_trial":false,"path_per_floor":["M","M","?","?","?","R","E","R","T","E","R","?","R","$","R","B",null,"M","?","M","?","?","R","M","E"],"character_chosen":"DEFECT","items_purchased":["ClockworkSouvenir"],"campfire_rested":2,"item_purchase_floors":[14],"current_hp_per_floor":[64,64,64,69,64,64,31,31,31,25,62,62,62,62,62,62,73,62,62,62,33,33,70,44,0,0],"gold":293,"neow_bonus":"ONE_RANDOM_RARE_CARD","is_daily":false,"chose_seed":false,"campfire_upgraded":4,"win_rate":0.0,"timestamp":1611300290,"path_taken":["M","M","?","?","?","R","E","R","T","E","R","?","R","$","R","BOSS","M","?","M","?","?","R","M","E"],"items_purchased_type":["Relic"],"build_version":"2020-12-22","purchased_purges":1,"victory":false,"max_hp_per_floor":[71,71,71,76,76,76,76,76,76,76,76,76,76,76,76,76,76,76,76,76,76,76,76,76,76,76],"card_choices":[{"not_picked":["Beam Cell","Redo"],"picked":"Conserve Battery","floor":1.0},{"not_picked":["Rebound","Hologram"],"picked":"Streamline","floor":2.0},{"not_picked":["Rip and Tear","Hello World"],"picked":"Loop","floor":7.0},{"not_picked":["Auto Shields+1","FTL"],"picked":"Reinforced Body+1","floor":10.0},{"not_picked":["Thunder Strike","Amplify+1"],"picked":"Machine Learning","floor":16.0},{"not_picked":["Go for the Eyes","Coolheaded+1"],"picked":"Genetic Algorithm+1","floor":18},{"not_picked":["Loop","Hologram+1"],"picked":"Coolheaded+1","floor":20},{"not_picked":["Barrage","Streamline"],"picked":"Conserve Battery+1","floor":21},{"not_picked":["Conserve Battery+1","Ball Lightning"],"picked":"Redo+1","floor":24}],"player_experience":1156990,"relics_obtained":[{"floor":7.0,"key":"Matryoshka"},{"floor":9.0,"key":"Regal Pillow"},{"floor":9.0,"key":"HornCleat"},{"floor":10.0,"key":"Toxic Egg 2"},{"floor":21,"key":"Red Mask"}],"event_choices":[{"damage_healed":0.0,"max_hp_gain":0.0,"max_hp_loss":0.0,"gold_gain":0.0,"event_name":"Living Wall","player_choice":"Grow","floor":3.0,"gold_loss":0.0,"damage_taken":0.0,"cards_upgraded":["Streamline"]},{"damage_healed":0.0,"max_hp_gain":5.0,"max_hp_loss":0.0,"gold_gain":0.0,"event_name":"Big Fish","player_choice":"Donut","floor":4.0,"gold_loss":0.0,"damage_taken":0.0},{"damage_healed":0.0,"max_hp_gain":0.0,"max_hp_loss":0.0,"gold_gain":0.0,"event_name":"Scrap Ooze","player_choice":"Success","floor":5.0,"gold_loss":0.0,"damage_taken":5.0,"relics_obtained":["Symbiotic Virus"]},{"damage_healed":0.0,"max_hp_gain":0.0,"max_hp_loss":0.0,"gold_gain":150.0,"event_name":"Liars Game","player_choice":"AGREE","floor":12.0,"gold_loss":0.0,"damage_taken":0.0,"cards_obtained":["Doubt"]},{"damage_healed":0,"gold_gain":50,"player_choice":"Stole From Cult","damage_taken":0,"max_hp_gain":0,"max_hp_loss":0,"event_name":"Nest","floor":19,"gold_loss":0},{"damage_healed":0,"gold_gain":0,"player_choice":"Fought Bandits","damage_taken":0,"max_hp_gain":0,"max_hp_loss":0,"event_name":"Masked Bandits","floor":21,"gold_loss":0},{"damage_healed":0,"gold_gain":0,"player_choice":"Inject Mutagens","damage_taken":0,"relics_obtained":["MutagenicStrength"],"max_hp_gain":0,"max_hp_loss":0,"event_name":"Drug Dealer","floor":22,"gold_loss":0}],"is_beta":false,"boss_relics":[{"not_picked":["SlaversCollar","Runic Dome"],"picked":"Nuclear Battery"}],"items_purged_floors":[14],"is_endless":false,"potions_floor_spawned":[2,16,18,21],"killed_by":"Gremlin Leader","ascension_level":20}}