{"host":"56d873i5r3uhle0q","time":1611285493,"event":{"mods":["100% Spire Juice","Act Like it!","Aspiration","BaseMod","Block Reminder","Conspire","Gensokyo","Hermit","Hubris","Infinite Spire","Jedi Mod","Lobotomy","Marisa????????","Marked Mod","Minty Spire (QoL Compilation)","Replay The Spire","StSLib","The Animator","The Bug Knight","The Cursed","The Marked","The Servant 0.9.4","everything is the same but u backflip on backflip","vexMod","??????REMEMod"],"gold_per_floor":[112,112,112,151,167,179,199,73,100,117,117,117,135,147,147,245,245,261,261,279,291,310,310,310,235,235,235,385,397,412,424,424,520,520,530,111,111,28,46,46,66,101,173,173,173,192,192,209,209,209],"floor_reached":51,"language":"ENG","playtime":3602,"items_purged":["Strike_G","Strike_G","Strike_G","Decay"],"score":873,"play_id":"9a247193-3001-4786-81d3-df63a035d93a","local_time":"20210121201813","is_ascension_mode":false,"campfire_choices":[{"floor":12.0,"key":"REST"},{"data":"REME_GreenPollution","floor":15.0,"key":"SMITH"},{"floor":23.0,"key":"REST"},{"data":"Tools of the Trade","floor":32.0,"key":"SMITH"},{"floor":40,"key":"REST"},{"floor":44,"key":"RECALL"},{"floor":47,"key":"REST"},{"floor":49,"key":"REST"}],"circlet_count":0,"master_deck":["Strike_G","Defend_G","Defend_G","Defend_G","Defend_G","Defend_G","Survivor","Neutralize","RealityMarble+1","OldLady","All Out Attack","MeatLantern","ReplayTheSpireMod:The Works","Wellcheers","REME_GreenPollution+1","Calculated Gamble+1","Tools of the Trade+1","Eviscerate","ReplayTheSpireMod:Speed Training","ReplayTheSpireMod:Scrap Shanks+1","REME_Flogging","REME_ShortnessOfBreath","REME_GrazeFinale"],"relics":["Ring of the Snake","REME_ComplimentaryCards","CogitoBucket","Replay:Rubber Ducky","conspire:RunicOctahedron","Thread and Needle","ReplayTheSpireMod:CursedCoin","Fusion Hammer","AtMidnight","hubris:SlimyHat","StoneCalendar","jedi:scrapmetal","Torii"],"acts_visited":["Gensokyo:Gensokyo","Gensokyo:Gensokyoer","Gensokyo:Gensokyoest"],"potions_floor_usage":[],"damage_taken":[{"damage":6.0,"enemies":"Gensokyo:Gryphon","floor":1.0,"turns":4.0},{"damage":0.0,"enemies":"Gensokyo:3_Fairies","floor":5.0,"turns":4.0},{"damage":0.0,"enemies":"Gensokyo:2_Kodama","floor":6.0,"turns":3.0},{"damage":8.0,"enemies":"Gensokyo:CorruptedTreant","floor":7.0,"turns":5.0},{"damage":0.0,"enemies":"Gensokyo:Python_and_Kodama","floor":10.0,"turns":5.0},{"damage":0.0,"enemies":"Gensokyo:3_Kodama","floor":13.0,"turns":4.0},{"damage":0.0,"enemies":"Gensokyo:2_Rabbits","floor":14.0,"turns":3.0},{"damage":0.0,"enemies":"Gensokyo:Reimu","floor":16.0,"turns":8.0},{"damage":14.0,"enemies":"Gensokyo:3_Dogs","floor":18.0,"turns":4.0},{"damage":0.0,"enemies":"Gensokyo:AngelMirror","floor":20.0,"turns":3.0},{"damage":19.0,"enemies":"Gensokyo:Swordslinger","floor":21.0,"turns":4.0},{"damage":6.0,"enemies":"Gensokyo:Slime_Group","floor":22.0,"turns":5.0},{"damage":4.0,"enemies":"Gensokyo:Monolith_and_Dog","floor":29.0,"turns":5.0},{"damage":0.0,"enemies":"Gensokyo:Swordslinger","floor":30.0,"turns":5.0},{"damage":0.0,"enemies":"Gensokyo:Wraith","floor":31.0,"turns":5.0},{"damage":13.0,"enemies":"Gensokyo:Kaguya","floor":33.0,"turns":15.0},{"damage":40.0,"enemies":"Gensokyo:3_Bats","floor":35.0,"turns":20.0},{"damage":0,"enemies":"Gensokyo:AncientGuardian","floor":39,"turns":3},{"damage":0,"enemies":"Gensokyo:AtlasGolem","floor":41,"turns":3},{"damage":0,"enemies":"Gensokyo:Marisa","floor":42,"turns":4},{"damage":7,"enemies":"Gensokyo:4_Bats","floor":46,"turns":2},{"damage":0,"enemies":"Gensokyo:3_Boulders","floor":48,"turns":3},{"damage":0,"enemies":"Gensokyo:Scarlet_Devils","floor":50,"turns":5}],"seed_played":"734281771563639949","potions_obtained":[{"floor":4.0,"key":"Poison Potion"},{"floor":4.0,"key":"SpeedPotion"},{"floor":4.0,"key":"Fire Potion"}],"is_trial":false,"path_per_floor":["M","?","?","?","M","M","M","$","T","M","$","R","M","M","R","B",null,"M","$","M","M","M","R","?","$","T","?","$","M","M","M","R","B",null,"M","$","?","COS","M","R","M","E","T","R","?","M","R","M","R","B",null],"character_chosen":"THE_SILENT","items_purchased":["REME_GreenPollution","Calculated Gamble+1","ReplayTheSpireMod:CursedCoin","REME_Flogging","REME_ShortnessOfBreath","hubris:SlimyHat"],"campfire_rested":5,"item_purchase_floors":[8,8,28,36,36,36],"current_hp_per_floor":[64,64,64,36,36,36,28,28,28,28,28,49,52,52,52,61,70,56,56,56,40,37,58,58,58,58,58,37,36,42,45,45,47,70,48,48,48,48,51,70,70,70,70,70,70,63,70,70,70,70],"gold":209,"neow_bonus":"","is_daily":false,"chose_seed":false,"campfire_upgraded":2,"win_rate":0.0,"timestamp":1611285493,"path_taken":["M","?","?","?","?","M","M","$","T","M","$","R","M","M","R","BOSS","M","$","M","M","M","R","?","?","T","?","?","?","M","M","R","BOSS","M","$","?","COS","?","R","M","E","T","R","?","?","R","M","R","BOSS"],"items_purchased_type":["Card","Card","Relic","Card","Card","Relic"],"build_version":"2020-12-22","purchased_purges":4,"victory":true,"max_hp_per_floor":[70,70,70,70,70,70,70,70,70,70,70,70,70,70,70,70,70,70,70,70,70,70,70,70,70,70,70,70,70,70,70,70,70,70,70,70,70,70,70,70,70,70,70,70,70,70,70,70,70,70],"card_choices":[{"not_picked":["MeatLantern","Murderer"],"picked":"OldLady","floor":1.0},{"not_picked":["Crippling Poison","Blade Dance","Accuracy"],"picked":"SKIP","floor":1.0},{"not_picked":["Hidden Blade","Predator"],"picked":"All Out Attack","floor":2.0},{"not_picked":["HeroicMonk","Scorched"],"picked":"MeatLantern","floor":5.0},{"not_picked":["Slice","Eviscerate","Predator"],"picked":"SKIP","floor":5.0},{"not_picked":["hubris:SlightOfHand","Dagger Throw"],"picked":"ReplayTheSpireMod:The Works","floor":6.0},{"not_picked":["BeautyBeast","WallGazer"],"picked":"Wellcheers","floor":7.0},{"not_picked":["Bane","Well Laid Plans","Slice"],"picked":"SKIP","floor":7.0},{"not_picked":["Acrobatics","PiercingWail","Skewer"],"picked":"SKIP","floor":10.0},{"not_picked":["Sucker Punch","Outmaneuver","Cloak And Dagger"],"picked":"SKIP","floor":13.0},{"not_picked":["Distraction","Bane","Deflect"],"picked":"SKIP","floor":14.0},{"not_picked":["Burst","REME_SpectralBlade"],"picked":"Tools of the Trade","floor":16.0},{"not_picked":["Slice","Bane","Deadly Poison"],"picked":"SKIP","floor":18.0},{"not_picked":["jedi:pocketpoison","Footwork+1","Slice"],"picked":"SKIP","floor":20.0},{"not_picked":["Deflect","Sucker Punch","Blade Dance"],"picked":"SKIP","floor":21.0},{"not_picked":["Outmaneuver","All Out Attack+1"],"picked":"Eviscerate","floor":22.0},{"not_picked":["jedi:brewingpoison","Quick Slash","Backstab"],"picked":"SKIP","floor":29.0},{"not_picked":["Outmaneuver","Skewer","hubris:SlightOfHand"],"picked":"SKIP","floor":30.0},{"not_picked":["Dodge and Roll","Phantasmal Killer","ReplayTheSpireMod:Speed Training"],"picked":"SKIP","floor":31.0},{"not_picked":["Dodge and Roll","Phantasmal Killer"],"picked":"ReplayTheSpireMod:Speed Training","floor":31.0},{"not_picked":["Flying Knee+1","Slice"],"picked":"ReplayTheSpireMod:Scrap Shanks+1","floor":35.0},{"not_picked":["Deadly Poison","Bane+1","Cloak And Dagger+1"],"picked":"SKIP","floor":39},{"not_picked":["Quick Slash+1","Flying Knee+1","PiercingWail+1"],"picked":"SKIP","floor":41},{"not_picked":["Outmaneuver","jedi:pocketpoison+1"],"picked":"REME_GrazeFinale","floor":42},{"not_picked":["Skewer+1","Replay:Poison Smokescreen","Bane+1"],"picked":"SKIP","floor":46},{"not_picked":["Outmaneuver","Sucker Punch","All Out Attack"],"picked":"SKIP","floor":48}],"player_experience":581058,"relics_obtained":[{"floor":9.0,"key":"Replay:Rubber Ducky"},{"floor":26.0,"key":"Thread and Needle"},{"floor":35.0,"key":"AtMidnight"},{"floor":42,"key":"StoneCalendar"},{"floor":43,"key":"jedi:scrapmetal"}],"event_choices":[],"is_beta":false,"boss_relics":[{"not_picked":["aspiration:RunicSpoon","hubris:TerracottaHorce"],"picked":"conspire:RunicOctahedron"},{"not_picked":["REME_DemonsWealth","Snecko Eye"],"picked":"Fusion Hammer"}],"items_purged_floors":[25,28,28,28],"is_endless":false,"potions_floor_spawned":[5,6,10,14,20,21,30,31,35,42,48],"ascension_level":0}}