{"host":"vzkpoqyw8ea6g4k2","time":1611295029,"event":{"mods":["AchievementEnabler","BaseMod","Colored Map","Colored Powertips","Dark Map","Minty Spire (QoL Compilation)","Permanent Neow","Quick Restart","StSLib","SuperFastMode","The Runesmith"],"gold_per_floor":[119,129,148,161,174,174,200,216,240,240,256,184,184,184,184,309,309,327,340,355,159,159,159],"floor_reached":22,"language":"KOR","playtime":681,"items_purged":["Runesmith:Strike_RS"],"score":190,"play_id":"b124ce87-f075-43c7-84e2-3d3060800c11","local_time":"20210122145709","is_ascension_mode":false,"campfire_choices":[{"data":"Runesmith:Refine","floor":6.0,"key":"SMITH"},{"floor":10.0,"key":"REST"},{"data":"Runesmith:PerfectChisel","floor":13,"key":"SMITH"},{"data":"Runesmith:PerfectChisel","floor":15,"key":"SMITH"}],"circlet_count":0,"master_deck":["Runesmith:Strike_RS","Runesmith:Strike_RS","Runesmith:Defend_RS","Runesmith:Defend_RS","Runesmith:Defend_RS","Runesmith:Defend_RS","Runesmith:CraftFirestone","Runesmith:Fortify","Runesmith:FieryHammer","Runesmith:PerfectChisel+1","Runesmith:Refine+1","Runesmith:ChaoticBlast","Runesmith:RuneHurl","Runesmith:PerfectChisel+1","Runesmith:ChiselStab","Runesmith:Terraform","Runesmith:ArcReactor","Runesmith:ElementalConversion","Runesmith:LithiumIon+1","Runesmith:EnergizedChisel+1","Runesmith:Firestorm","Runesmith:CraftMagma"],"relics":["Runesmith:BrokenRuby","Shuriken","Bag of Marbles","Golden Idol","Sozu"],"acts_visited":["Exordium","TheCity"],"potions_floor_usage":[16,22],"damage_taken":[{"damage":1.0,"enemies":"Cultist","floor":1.0,"turns":4.0},{"damage":0.0,"enemies":"2 Louse","floor":2.0,"turns":2.0},{"damage":1.0,"enemies":"Jaw Worm","floor":3.0,"turns":4.0},{"damage":10.0,"enemies":"Looter","floor":4.0,"turns":3.0},{"damage":1.0,"enemies":"Blue Slaver","floor":5.0,"turns":5.0},{"damage":34.0,"enemies":"Lagavulin","floor":7.0,"turns":9.0},{"damage":9.0,"enemies":"Exordium Thugs","floor":8.0,"turns":4.0},{"damage":10,"enemies":"Looter","floor":11,"turns":2},{"damage":21,"enemies":"The Guardian","floor":16,"turns":9},{"damage":24,"enemies":"Chosen","floor":18,"turns":5},{"damage":7,"enemies":"Shell Parasite","floor":19,"turns":6},{"damage":22,"enemies":"Snecko","floor":20,"turns":5},{"damage":12,"enemies":"3 Cultists","floor":22,"turns":3}],"seed_played":"-4437700222161470068","potions_obtained":[{"floor":1.0,"key":"BlessingOfTheForge"},{"floor":4.0,"key":"SkillPotion"},{"floor":8.0,"key":"BlessingOfTheForge"}],"is_trial":false,"path_per_floor":["M","M","M","M","M","R","E","M","T","R","M","$","R","?","R","B",null,"M","M","M","$","M"],"character_chosen":"RUNESMITH_CLASS","items_purchased":["Runesmith:Terraform","Runesmith:Firestorm","Runesmith:CraftMagma"],"campfire_rested":1,"item_purchase_floors":[12,21,21],"current_hp_per_floor":[69,69,68,58,57,57,23,14,14,35,25,25,25,25,25,4,65,41,34,12,12,0,0],"gold":159,"neow_bonus":"REMOVE_CARD","is_daily":false,"chose_seed":false,"campfire_upgraded":3,"win_rate":0.0,"timestamp":1611295029,"path_taken":["M","M","M","?","M","R","E","M","T","R","M","$","R","?","R","BOSS","M","M","M","$","M"],"items_purchased_type":["Card","Card","Card"],"build_version":"2020-12-22","purchased_purges":1,"victory":false,"max_hp_per_floor":[70,70,70,70,70,70,70,70,70,70,70,70,70,65,65,65,65,65,65,65,65,65,65],"card_choices":[{"not_picked":["Runesmith:FrozenChisel","Runesmith:ShiftingStrike"],"picked":"Runesmith:FieryHammer","floor":1.0},{"not_picked":["Runesmith:StaticCage","Runesmith:DoubleUp"],"picked":"Runesmith:PerfectChisel","floor":2.0},{"not_picked":["Runesmith:UnstableHammer","Runesmith:Overpower"],"picked":"Runesmith:Refine","floor":3.0},{"not_picked":["Runesmith:StaticCage","Runesmith:UnstableHammer","Runesmith:Overpower"],"picked":"SKIP","floor":4.0},{"not_picked":["Runesmith:UnstableHammer","Runesmith:OneForEveryone"],"picked":"Runesmith:ChaoticBlast","floor":5.0},{"not_picked":["Runesmith:Supernova","Runesmith:UnstableHammer"],"picked":"Runesmith:RuneHurl","floor":7.0},{"not_picked":["Runesmith:RunicBlueprint","Runesmith:FieryHammer"],"picked":"Runesmith:PerfectChisel","floor":8.0},{"not_picked":["Runesmith:UnstableHammer","Runesmith:RuneHurl"],"picked":"Runesmith:ChiselStab","floor":11},{"not_picked":["Runesmith:Supernova","Runesmith:Duplicate"],"picked":"Runesmith:ArcReactor","floor":16},{"not_picked":["Runesmith:Electrocute","Runesmith:ShiftingStrike"],"picked":"Runesmith:ElementalConversion","floor":18},{"not_picked":["Runesmith:CraftProtectio","Runesmith:ChiselStab+1"],"picked":"Runesmith:LithiumIon+1","floor":19},{"not_picked":["Runesmith:FrozenChisel","Runesmith:Grindstone"],"picked":"Runesmith:EnergizedChisel+1","floor":20}],"player_experience":22349,"relics_obtained":[{"floor":7.0,"key":"Shuriken"},{"floor":9.0,"key":"Bag of Marbles"}],"event_choices":[{"damage_healed":0,"gold_gain":0,"player_choice":"Lose Max HP","damage_taken":0,"relics_obtained":["Golden Idol"],"max_hp_gain":0,"max_hp_loss":5,"event_name":"Golden Idol","floor":14,"gold_loss":0}],"is_beta":false,"boss_relics":[{"not_picked":["Tiny House","Runic Pyramid"],"picked":"Sozu"}],"items_purged_floors":[21],"is_endless":false,"potions_floor_spawned":[1,4,8,19],"killed_by":"3 Cultists","ascension_level":0}}