{"host":"pszcj3piwl6eu8b1","time":1611350756,"event":{"mods":["2.2 Compatiblity","Act Like it!","Aspiration","BaseMod","Better Altar","Better Match","Better Note","Better Sensory Stone","Better Skull","Better Third Choice","Better Vampires","CCEM","Downfall","Elementarium","Energized Spire","Gensokyo","GifTheSpireLib","Hallownest","Hubris","Marisa????????","Menagerie","Minty Spire (QoL Compilation)","Permanent Neow","Quarter Circle Forward PUNCH!","Quick Restart","Replay The Spire","Shop Mod","StSLib","Stuff the Spire","The Animator","The Blue Laboratory"],"gold_per_floor":[0,18,29,29,129,146,170,200,200,110,123,123,151,5,20,98,98,98,110,155,167,167,267,316,154,154,154,154],"floor_reached":27,"language":"ENG","playtime":4600,"items_purged":["animator:Defend"],"score":447,"play_id":"8b77c839-d64e-4a7e-a4b7-c6ce6431d9d6","local_time":"20210122132556","is_ascension_mode":true,"campfire_choices":[{"data":"animator:YoshinoHaruhiko","floor":1.0,"key":"SMITH"},{"data":"animator:Aqua","floor":9.0,"key":"SMITH"},{"floor":26.0,"key":"RECALL"}],"circlet_count":0,"master_deck":["AscendersBane","animator:Strike_Rewrite","animator:Defend_Rewrite","animator:Strike+1","animator:Defend","animator:YoshinoHaruhiko+1","animator:ShizuruNakatsu","animator:Aqua+1","Eclipse","animator:MetalKnight","animator:KyokoSakura","animator:Shimako","animator:Kaijin","animator:YoshinoHaruhiko","animator:Aqua","animator:Aqua","animator:SakuyaOhtori","animator:Wiz","animator:Alexander","animator:Cocytus","animator:SougenEsaka","animator:Geryuganshoop","animator:Shiro","J.A.X."],"relics":["animator:LivingPicture","animator:TheMissingPiece","animator:PurgingStone","hubris:Spice","Strawberry","Toy Ornithopter","CCEMRelics:FryingPan","StuffTheSpire:GrapeVine","energizedSpire:NeverEndingSparkler","Blood Vial","MutagenicStrength","Bag of Marbles","Potion Belt"],"acts_visited":["Exordium","TheCity"],"potions_floor_usage":[],"damage_taken":[{"damage":0.0,"enemies":"Small Slimes","floor":2.0,"turns":5.0},{"damage":11.0,"enemies":"Cultist","floor":3.0,"turns":4.0},{"damage":6.0,"enemies":"downfall:LadyInBlue","floor":5.0,"turns":10.0},{"damage":8.0,"enemies":"Jaw Worm","floor":6.0,"turns":4.0},{"damage":10.0,"enemies":"3 Louse","floor":8.0,"turns":4.0},{"damage":5.0,"enemies":"downfall:FleeingMerchant","floor":10.0,"turns":4.0},{"damage":7.0,"enemies":"Blue Slaver","floor":11.0,"turns":3.0},{"damage":26.0,"enemies":"3 Sentries","floor":13.0,"turns":6.0},{"damage":0.0,"enemies":"downfall:FleeingMerchant","floor":14.0,"turns":4.0},{"damage":7.0,"enemies":"Exordium Wildlife","floor":15.0,"turns":3.0},{"damage":29.0,"enemies":"DF_ARCHETYPE_STREAMLINE","floor":16.0,"turns":7.0},{"damage":21.0,"enemies":"Shell Parasite","floor":19.0,"turns":5.0},{"damage":12.0,"enemies":"downfall:FleeingMerchant","floor":20.0,"turns":4.0},{"damage":37.0,"enemies":"Snake Plant","floor":21.0,"turns":6.0},{"damage":26.0,"enemies":"downfall:Augmenter","floor":23.0,"turns":5.0},{"damage":28,"enemies":"Centurion and Healer","floor":27,"turns":4}],"seed_played":"63483639377774716","potions_obtained":[{"floor":3.0,"key":"Energy Potion"},{"floor":5.0,"key":"blueLaboratory:PhilterOfMotion"},{"floor":5.0,"key":"animator:GrowthPotion"},{"floor":11.0,"key":"blueLaboratory:PyrophylliteBrew"},{"floor":13.0,"key":"LifebloodPotion"},{"floor":15.0,"key":"Energy Potion"},{"floor":16.0,"key":"Doom Potion"},{"floor":23.0,"key":"Ancient Potion"}],"is_trial":false,"path_per_floor":["R","M","M","?","?","M","T","M","R","$","M","T","E","$","M","B",null,"R","M","$","M","?","?","T","$","R","M"],"character_chosen":"THE_ANIMATOR","items_purchased":["animator:SakuyaOhtori","blueLaboratory:PhilterOfMotion","Blood Vial","Fruit Juice","Potion Belt"],"campfire_rested":0,"item_purchase_floors":[14,14,20,20,25],"current_hp_per_floor":[62,62,53,48,44,38,46,38,38,36,37,37,19,29,34,22,68,68,54,49,31,31,15,15,15,15,0,0],"gold":154,"neow_bonus":"ONE_RARE_RELIC","is_daily":false,"chose_seed":true,"campfire_upgraded":2,"win_rate":0.0,"timestamp":1611350756,"path_taken":["R","M","M","?","?","?","T","M","R","?","M","?","E","$","M","BOSS","R","M","$","M","?","?","T","$","R","M"],"items_purchased_type":["Card","Potion","Relic","Potion","Relic"],"build_version":"2020-12-22","purchased_purges":1,"victory":false,"max_hp_per_floor":[68,68,68,75,75,75,83,83,83,83,83,83,83,83,83,83,83,83,83,83,88,88,89,89,89,89,89,89],"card_choices":[{"not_picked":["animator:Shinoa","animator:Genos"],"picked":"animator:Aqua","floor":2.0},{"not_picked":["animator:NarberalGamma","animator:ToukaNishikujou","animator:Kuribayashi"],"picked":"SKIP","floor":3.0},{"not_picked":["animator:Add","animator:Naotsugu"],"picked":"animator:MetalKnight","floor":5.0},{"not_picked":["animator:OrikoMikuni","animator:YuiTsuruno"],"picked":"animator:KyokoSakura","floor":6.0},{"not_picked":["animator:TohkaYatogami","animator:DwarfShaman"],"picked":"animator:Shimako","floor":8.0},{"not_picked":["animator:Emonzaemon","animator:Jibril"],"picked":"animator:Kaijin","floor":10.0},{"not_picked":["animator:FielNirvalen","hubris:SpiceAddiction"],"picked":"animator:YoshinoHaruhiko","floor":11.0},{"not_picked":["animator:YunYun","animator:Chris"],"picked":"animator:Aqua","floor":13.0},{"not_picked":["animator:YachiyoNanami","animator:GuildGirl"],"picked":"animator:Aqua","floor":14.0},{"not_picked":["animator:Verdia","animator:DolaSchwi","animator:Yusa"],"picked":"SKIP","floor":15.0},{"not_picked":["animator:GoblinSlayer","animator:Akatsuki"],"picked":"animator:Wiz","floor":16.0},{"not_picked":["hubris:SpiceAddiction","animator:Illya","animator:TukaLunaMarceau"],"picked":"SKIP","floor":19.0},{"not_picked":["animator:Demiurge","animator:Ain"],"picked":"animator:Cocytus","floor":21.0},{"not_picked":["animator:YuiTsuruno","animator:NiaHonjou"],"picked":"animator:SougenEsaka","floor":23.0},{"not_picked":[],"picked":"J.A.X.","floor":23.0}],"player_experience":1385992,"relics_obtained":[{"floor":5.0,"key":"Toy Ornithopter"},{"floor":7.0,"key":"hubris:Spice"},{"floor":12.0,"key":"CCEMRelics:FryingPan"},{"floor":13.0,"key":"StuffTheSpire:GrapeVine"},{"floor":23.0,"key":"MutagenicStrength"},{"floor":24.0,"key":"Bag of Marbles"}],"event_choices":[{"damage_healed":0.0,"max_hp_gain":0.0,"max_hp_loss":0.0,"gold_gain":0.0,"event_name":"Ghosts","player_choice":"Ignored","floor":22.0,"gold_loss":0.0,"damage_taken":0.0}],"is_beta":false,"boss_relics":[{"not_picked":["hubris:Stopwatch","animator:HolyGrailRelic"],"picked":"energizedSpire:NeverEndingSparkler"}],"items_purged_floors":[10],"is_endless":false,"potions_floor_spawned":[3,8,11,13,15,16,23],"killed_by":"Centurion and Healer","ascension_level":20}}