{"host":"7jl4uf745pjtflnx","time":1611354999,"event":{"mods":["BaseMod","BetterRewards","Hubris","Minty Spire (QoL Compilation)","Replay The Spire","StSLib","SuperFastMode","The Construct"],"gold_per_floor":[115,115,115,133,8,26,70,170,170,170,203,227,265,284,284,408,408,424,444,35,35,35,68,68,98,98,110,110,124,158,174,174,277,277,292,309,322,322,322,322,322,322,322,322,357,371,371,383,383,383,383],"floor_reached":50,"language":"ENG","playtime":3042,"items_purged":["Injury","hubris:Sloth"],"score":1160,"play_id":"e7bf719c-f144-4477-bc44-40ab605a3ef4","local_time":"20210122173639","is_ascension_mode":true,"campfire_choices":[{"floor":10,"key":"REST"},{"data":"ReplayTheSpireMod:Muscle Training","floor":15,"key":"SMITH"},{"data":"Whirlwind","floor":24,"key":"SMITH"},{"data":"Double Tap","floor":28,"key":"SMITH"},{"data":"True Grit","floor":32,"key":"SMITH"},{"floor":40,"key":"RECALL"},{"data":"Shrug It Off","floor":42,"key":"SMITH"},{"floor":44,"key":"REST"},{"data":"Rupture","floor":47,"key":"SMITH"},{"data":"Burning Pact","floor":49,"key":"SMITH"}],"circlet_count":0,"master_deck":["AscendersBane","Strike_R+1","Strike_R","Strike_R","Strike_R","Strike_R","Defend_R","Defend_R","Defend_R+1","Defend_R","Bash","Sword Boomerang","ReplayTheSpireMod:Muscle Training+1","True Grit+1","Cleave","Flex","Immolate","Shrug It Off+1","Burning Pact+1","Offering+1","Whirlwind+1","Bandage Up","Evolve","ReplayTheSpireMod:Muscle Training+1","Double Tap+1","Entrench+1","Rage+1","Seeing Red","Dropkick","Juggernaut","Feel No Pain","ReplayTheSpireMod:Limb From Limb+1","Rupture+1"],"relics":["Burning Blood","Bag of Marbles","Bloody Idol","Magic Flower","Garlic","Meat on the Bone","Chameleon Ring","Mark of Pain","ReplayTheSpireMod:CursedCoin","hubris:BundleOfHerbs","Blue Candle","White Beast Statue","Pantograph","construct:FoamFinger","Sozu","hubris:Towel","Kunai","Gremlin Horn"],"acts_visited":["Exordium","TheCity","TheBeyond"],"potions_floor_usage":[7,16,16,23,23,33,33,33,33,45],"damage_taken":[{"damage":1,"enemies":"2 Louse","floor":1,"turns":2},{"damage":4,"enemies":"Small Slimes","floor":4,"turns":4},{"damage":0,"enemies":"Cultist","floor":6,"turns":2},{"damage":40,"enemies":"Lagavulin","floor":7,"turns":6},{"damage":32,"enemies":"Gremlin Nob","floor":11,"turns":4},{"damage":1,"enemies":"3 Louse","floor":12,"turns":3},{"damage":42,"enemies":"Replay:BlueRogue","floor":13,"turns":5},{"damage":11,"enemies":"Exordium Wildlife","floor":14,"turns":5},{"damage":39,"enemies":"Fading Forest","floor":16,"turns":11},{"damage":16,"enemies":"3 Byrds","floor":18,"turns":5},{"damage":30,"enemies":"Shell Parasite","floor":19,"turns":3},{"damage":36,"enemies":"Book of Stabbing","floor":23,"turns":5},{"damage":51,"enemies":"Replay:Snechameleon","floor":25,"turns":7},{"damage":23,"enemies":"Snecko","floor":27,"turns":3},{"damage":0,"enemies":"Cultist and Chosen","floor":29,"turns":4},{"damage":0,"enemies":"Slavers","floor":30,"turns":1},{"damage":44,"enemies":"Snake Plant","floor":31,"turns":5},{"damage":82,"enemies":"Collector","floor":33,"turns":9},{"damage":19,"enemies":"Orb Walker","floor":35,"turns":4},{"damage":8,"enemies":"3 Shapes","floor":36,"turns":3},{"damage":65,"enemies":"Maw","floor":37,"turns":9},{"damage":59,"enemies":"Giant Head","floor":45,"turns":6},{"damage":16,"enemies":"4 Shapes","floor":46,"turns":1},{"damage":0,"enemies":"Jaw Worm Horde","floor":48,"turns":1},{"damage":118,"enemies":"Time Eater","floor":50,"turns":6}],"seed_played":"357421948662158792","potions_obtained":[{"floor":1,"key":"BloodPotion"},{"floor":11,"key":"Regen Potion"},{"floor":13,"key":"Dexterity Potion"},{"floor":16,"key":"PowerPotion"},{"floor":19,"key":"Fire Potion"},{"floor":25,"key":"Venom Potion"},{"floor":27,"key":"GamblersBrew"},{"floor":29,"key":"EntropicBrew"},{"floor":33,"key":"SmokeBomb"}],"is_trial":false,"path_per_floor":["M","?","?","M","$","M","E","?","T","R","E","M","E","M","R","B",null,"M","M","$","?","?","E","R","E","T","M","R","M","E","M","R","B",null,"M","M","M","?","?","R","?","R","T","R","E","M","R","M","R","B"],"character_chosen":"IRONCLAD","items_purchased":["Bag of Marbles","Sword Boomerang","ReplayTheSpireMod:Muscle Training","Flex","ReplayTheSpireMod:CursedCoin","hubris:BundleOfHerbs","Bandage Up","Evolve"],"campfire_rested":2,"item_purchase_floors":[0,0,0,5,20,20,20,20],"current_hp_per_floor":[67,51,51,53,53,59,41,41,41,65,42,50,35,51,51,61,75,68,65,65,65,65,67,67,54,54,63,63,80,80,68,68,36,69,70,80,53,53,53,53,53,53,53,77,54,70,70,80,80,0,0],"gold":383,"neow_bonus":"","is_daily":false,"chose_seed":false,"campfire_upgraded":7,"win_rate":0.0,"timestamp":1611354999,"path_taken":["M","?","?","M","$","M","E","?","T","R","E","M","E","M","R","BOSS","M","M","?","?","?","E","R","E","T","?","R","M","E","M","R","BOSS","M","M","M","?","?","R","?","R","T","R","E","M","R","M","R","BOSS"],"items_purchased_type":["Relic","Card","Card","Card","Relic","Relic","Card","Card"],"build_version":"2020-12-22","purchased_purges":2,"victory":false,"max_hp_per_floor":[80,80,80,80,80,80,80,80,80,80,80,80,80,80,80,80,80,80,80,80,80,80,80,80,80,80,80,80,80,80,80,80,80,80,80,80,80,80,80,80,80,80,80,80,80,80,80,80,80,80,80],"card_choices":[{"not_picked":["Warcry","hubris:CleavingFinish"],"picked":"True Grit","floor":1},{"not_picked":["Iron Wave","Headbutt"],"picked":"Cleave","floor":4},{"not_picked":["Warcry","True Grit","Anger"],"picked":"SKIP","floor":6},{"not_picked":["Replay:Undeath\u0027s Touch","Warcry"],"picked":"Immolate","floor":7},{"not_picked":["Anger","Flame Barrier"],"picked":"Shrug It Off","floor":11},{"not_picked":["Second Wind","Pommel Strike","ReplayReversal"],"picked":"SKIP","floor":12},{"not_picked":["Carnage","True Grit"],"picked":"Burning Pact","floor":13},{"not_picked":["Perfected Strike","Clash","Shrug It Off"],"picked":"SKIP","floor":14},{"not_picked":["Corruption","Impervious"],"picked":"Offering","floor":16},{"not_picked":["Anger","ReplayTheSpireMod:LeadingStrike"],"picked":"Whirlwind","floor":18},{"not_picked":["Sword Boomerang","hubris:ReadiedAction","Body Slam"],"picked":"SKIP","floor":19},{"not_picked":["ReplayTheSpireMod:LeadingStrike","Heavy Blade"],"picked":"ReplayTheSpireMod:Muscle Training+1","floor":23},{"not_picked":["Anger","Sword Boomerang"],"picked":"Double Tap","floor":25},{"not_picked":["Perfected Strike","Barricade"],"picked":"Entrench+1","floor":27},{"not_picked":["Run Through","Thunderclap"],"picked":"Rage+1","floor":29},{"not_picked":["Cleave","ReplayTheSpireMod:LeadingStrike"],"picked":"Seeing Red","floor":30},{"not_picked":["Pommel Strike","ReplayTheSpireMod:LeadingStrike"],"picked":"Dropkick","floor":31},{"not_picked":["Immolate","Demonic Infusion"],"picked":"Juggernaut","floor":33},{"not_picked":["Cleave+1","Perfected Strike","Replay:Undeath\u0027s Touch"],"picked":"SKIP","floor":35},{"not_picked":["Clash+1","Whirlwind"],"picked":"Feel No Pain","floor":36},{"not_picked":["Wild Strike","True Grit","Headbutt"],"picked":"SKIP","floor":37},{"not_picked":["Anger","Shrug It Off"],"picked":"ReplayTheSpireMod:Limb From Limb+1","floor":45},{"not_picked":["ReplayTheSpireMod:Strike From Hell","hubris:ReadiedAction+1"],"picked":"Rupture","floor":46},{"not_picked":["Shockwave","Defy Death","ReplayTheSpireMod:LeadingStrike"],"picked":"SKIP","floor":48}],"player_experience":723540,"relics_obtained":[{"floor":7,"key":"Magic Flower"},{"floor":9,"key":"Garlic"},{"floor":11,"key":"Meat on the Bone"},{"floor":13,"key":"Chameleon Ring"},{"floor":23,"key":"White Beast Statue"},{"floor":25,"key":"Pantograph"},{"floor":30,"key":"construct:FoamFinger"},{"floor":43,"key":"Kunai"},{"floor":45,"key":"Gremlin Horn"}],"event_choices":[{"damage_healed":0,"gold_gain":0,"player_choice":"Entered Light","damage_taken":16,"max_hp_gain":0,"max_hp_loss":0,"event_name":"Shining Light","floor":2,"gold_loss":0,"cards_upgraded":["Strike_R","Defend_R"]},{"damage_healed":0,"gold_gain":0,"player_choice":"Take Wound","damage_taken":0,"relics_obtained":["Golden Idol"],"max_hp_gain":0,"max_hp_loss":0,"event_name":"Golden Idol","floor":3,"gold_loss":0,"cards_obtained":["Injury"]},{"damage_healed":0,"gold_gain":100,"player_choice":"Pray","damage_taken":0,"max_hp_gain":0,"max_hp_loss":0,"event_name":"Golden Shrine","floor":8,"gold_loss":0},{"damage_healed":0,"gold_gain":0,"player_choice":"Gave Idol","damage_taken":0,"relics_obtained":["Bloody Idol"],"max_hp_gain":0,"max_hp_loss":0,"event_name":"Forgotten Altar","floor":22,"relics_lost":["Golden Idol"],"gold_loss":0},{"damage_healed":0,"gold_gain":0,"player_choice":"Ignored","damage_taken":0,"max_hp_gain":0,"max_hp_loss":0,"event_name":"Mysterious Sphere","floor":39,"gold_loss":0},{"damage_healed":0,"gold_gain":0,"player_choice":"Upgraded","damage_taken":0,"max_hp_gain":0,"max_hp_loss":0,"event_name":"Upgrade Shrine","floor":41,"gold_loss":0,"cards_upgraded":["Offering"]}],"is_beta":false,"boss_relics":[{"not_picked":["Ooze Armor","Runic Pyramid"],"picked":"Mark of Pain"},{"not_picked":["Astrolabe","Black Star"],"picked":"Sozu"}],"items_purged_floors":[5,20],"is_endless":false,"potions_floor_spawned":[1,11,13,16,19,25,27,29,30,31,33,35,36,37,45,46,48],"killed_by":"Time Eater","ascension_level":12}}