{"host":"qm4rv4rkpk76sbxu","time":1611322828,"event":{"mods":["BaseMod","Bestiary","Block Reminder","DeckTracker","Filter the Spire","Keyboard Shortcuts","Minty Spire (QoL Compilation)","MonsterHotkey","Quick Restart","Random Character Button","Relic Stats","Slay-I","StSLib","Unceasing Turn Reminder","ojb\u0027s Better Paths Mod","ojb\u0027s Info Mod"],"gold_per_floor":[118,128,144,163,163,163,195,370,397,397,397,397,407,423,423,423,423],"floor_reached":16,"language":"ENG","playtime":373,"items_purged":[],"score":107,"play_id":"bf2c63ae-4f76-4539-8a64-0afac727e580","local_time":"20210122144028","is_ascension_mode":true,"campfire_choices":[{"data":"Dash","floor":6,"key":"SMITH"},{"data":"Footwork","floor":12,"key":"SMITH"},{"data":"Footwork","floor":15,"key":"SMITH"}],"circlet_count":0,"master_deck":["Strike_G","Strike_G","Strike_G","Strike_G","Strike_G","Defend_G+1","Defend_G","Defend_G","Defend_G+1","Defend_G","Survivor","Neutralize","Dash+1","Backstab","Footwork+1","Backstab","Crippling Poison+1","Doubt","Footwork+1"],"relics":["Ring of the Snake","Strawberry","Happy Flower","Snake Skull","Potion Belt"],"acts_visited":["Exordium"],"potions_floor_usage":[7,16,16],"damage_taken":[{"damage":2,"enemies":"2 Louse","floor":1,"turns":3},{"damage":0,"enemies":"Small Slimes","floor":2,"turns":4},{"damage":0,"enemies":"Cultist","floor":3,"turns":4},{"damage":0,"enemies":"2 Fungi Beasts","floor":4,"turns":4},{"damage":2,"enemies":"3 Sentries","floor":7,"turns":8},{"damage":1,"enemies":"3 Louse","floor":13,"turns":2},{"damage":18,"enemies":"Exordium Thugs","floor":14,"turns":5},{"damage":21,"enemies":"Hexaghost","floor":16,"turns":11}],"seed_played":"6598887243476565885","potions_obtained":[{"floor":1,"key":"BlessingOfTheForge"},{"floor":2,"key":"SpeedPotion"},{"floor":4,"key":"Dexterity Potion"},{"floor":14,"key":"LiquidMemories"}],"is_trial":false,"path_per_floor":["M","M","M","M","?","R","E","?","T","?","?","R","M","M","R","B"],"character_chosen":"THE_SILENT","items_purchased":[],"campfire_rested":0,"item_purchase_floors":[],"current_hp_per_floor":[75,75,75,75,57,57,55,55,55,55,40,40,39,21,21,0,0],"gold":423,"neow_bonus":"RANDOM_COMMON_RELIC","is_daily":false,"chose_seed":false,"campfire_upgraded":3,"win_rate":0.0,"timestamp":1611322828,"path_taken":["M","M","M","M","?","R","E","?","T","?","?","R","M","M","R","BOSS"],"items_purchased_type":[],"build_version":"2020-12-22","purchased_purges":0,"victory":false,"max_hp_per_floor":[77,77,77,77,77,77,77,77,77,77,77,77,77,77,77,77,77],"relic_stats":{"Happy Flower":[8],"counters":[8,41],"Snake Skull":[6],"obtain_stats":[{"Potion Belt":9,"Happy Flower":5,"Strawberry":0,"Snake Skull":7,"Ring of the Snake":0},{"Potion Belt":5,"Happy Flower":4,"Strawberry":0,"Snake Skull":5,"Ring of the Snake":0},{"Potion Belt":23,"Happy Flower":15,"Strawberry":0,"Snake Skull":23,"Ring of the Snake":0}],"Ring of the Snake":[16]},"card_choices":[{"not_picked":["Quick Slash","Catalyst"],"picked":"Dash","floor":1},{"not_picked":["Prepared","Blade Dance"],"picked":"Backstab","floor":2},{"not_picked":["Distraction","Dagger Spray"],"picked":"Footwork","floor":3},{"not_picked":["Outmaneuver","Bane"],"picked":"Backstab","floor":4},{"not_picked":["Noxious Fumes","Setup"],"picked":"Crippling Poison","floor":7},{"not_picked":["Choke","Predator"],"picked":"Footwork","floor":13},{"not_picked":["Underhanded Strike","Escape Plan","PiercingWail"],"picked":"SKIP","floor":14}],"player_experience":1358058,"relics_obtained":[{"floor":7,"key":"Snake Skull"},{"floor":9,"key":"Potion Belt"}],"event_choices":[{"damage_healed":0,"gold_gain":0,"player_choice":"Success","damage_taken":18,"relics_obtained":["Happy Flower"],"max_hp_gain":0,"max_hp_loss":0,"event_name":"Scrap Ooze","floor":5,"gold_loss":0},{"damage_healed":0,"gold_gain":175,"player_choice":"AGREE","damage_taken":0,"max_hp_gain":0,"max_hp_loss":0,"event_name":"Liars Game","floor":8,"gold_loss":0,"cards_obtained":["Doubt"]},{"damage_healed":0,"gold_gain":0,"player_choice":"Grow","damage_taken":0,"max_hp_gain":0,"max_hp_loss":0,"event_name":"Living Wall","floor":10,"gold_loss":0,"cards_upgraded":["Crippling Poison"]},{"damage_healed":0,"gold_gain":0,"player_choice":"Entered Light","damage_taken":15,"max_hp_gain":0,"max_hp_loss":0,"event_name":"Shining Light","floor":11,"gold_loss":0,"cards_upgraded":["Defend_G","Defend_G"]}],"is_beta":false,"boss_relics":[],"items_purged_floors":[],"is_endless":false,"potions_floor_spawned":[1,2,4,14],"killed_by":"Hexaghost","ascension_level":1}}