{"host":"70zhvo5nwrhp1mbg","time":1611289727,"event":{"mods":["BaseMod","Colored Map","Colored Powertips","Highlight Path","Minty Spire (QoL Compilation)","Rare Cards Sparkle","StSLib"],"gold_per_floor":[116,116,116,128,138,168,168,15,15,50,50,80,155,168,168,168,168],"floor_reached":16,"language":"ENG","playtime":581,"items_purged":[],"score":153,"play_id":"bb017a89-1326-4b70-8794-a676a5c32f42","local_time":"20210121232847","is_ascension_mode":true,"campfire_choices":[{"floor":7,"key":"REST"},{"floor":11,"key":"REST"},{"floor":15,"key":"REST"}],"circlet_count":0,"master_deck":["Strike_R","Strike_R","Strike_R","Strike_R","Strike_R","Defend_R","Defend_R","Defend_R","Defend_R","Bash","Ghostly Armor","Thunderclap","Armaments","Anger","Blind","Carnage","Fire Breathing","Flex"],"relics":["Burning Blood","NeowsBlessing","Bird Faced Urn","Ginger","Anchor","Tiny Chest"],"acts_visited":["Exordium"],"potions_floor_usage":[16,16,16],"damage_taken":[{"damage":0,"enemies":"Jaw Worm","floor":1,"turns":2},{"damage":0,"enemies":"2 Louse","floor":4,"turns":1},{"damage":0,"enemies":"Cultist","floor":5,"turns":1},{"damage":40,"enemies":"Gremlin Nob","floor":6,"turns":5},{"damage":24,"enemies":"3 Sentries","floor":10,"turns":10},{"damage":26,"enemies":"Lagavulin","floor":12,"turns":6},{"damage":3,"enemies":"Looter","floor":14,"turns":4},{"damage":103,"enemies":"Slime Boss","floor":16,"turns":9}],"seed_played":"-4270896172293441983","potions_obtained":[{"floor":1,"key":"BloodPotion"},{"floor":10,"key":"FearPotion"}],"is_trial":false,"path_per_floor":["M","?","?","M","M","E","R","$","T","E","R","E","?","M","R","B"],"character_chosen":"IRONCLAD","items_purchased":["Blind","LiquidMemories"],"campfire_rested":3,"item_purchase_floors":[8,8],"current_hp_per_floor":[78,83,83,85,85,51,76,76,76,58,83,63,52,55,80,0,0],"gold":168,"neow_bonus":"THREE_ENEMY_KILL","is_daily":false,"chose_seed":false,"campfire_upgraded":0,"win_rate":0.0,"timestamp":1611289727,"path_taken":["M","?","?","M","M","E","R","$","T","E","R","E","?","M","R","BOSS"],"items_purchased_type":["Card","Potion"],"build_version":"2020-12-22","purchased_purges":0,"victory":false,"max_hp_per_floor":[80,85,85,85,85,85,85,85,85,85,85,85,85,85,85,85,85],"card_choices":[{"not_picked":["Infernal Blade","Pommel Strike"],"picked":"Ghostly Armor","floor":1},{"not_picked":["Flex","Feel No Pain"],"picked":"Thunderclap","floor":4},{"not_picked":["Shockwave","Entrench"],"picked":"Armaments","floor":5},{"not_picked":["Heavy Blade","Limit Break"],"picked":"Anger","floor":6},{"not_picked":["Wild Strike","Reckless Charge"],"picked":"Carnage","floor":10},{"not_picked":["Blood for Blood","Thunderclap"],"picked":"Fire Breathing","floor":12},{"not_picked":["Thunderclap","Warcry"],"picked":"Flex","floor":14}],"player_experience":438200,"relics_obtained":[{"floor":6,"key":"Bird Faced Urn"},{"floor":9,"key":"Ginger"},{"floor":10,"key":"Anchor"},{"floor":12,"key":"Tiny Chest"}],"event_choices":[{"damage_healed":0,"gold_gain":0,"player_choice":"Donut","damage_taken":0,"max_hp_gain":5,"max_hp_loss":0,"event_name":"Big Fish","floor":2,"gold_loss":0},{"damage_healed":0,"gold_gain":0,"player_choice":"Ignored","damage_taken":0,"max_hp_gain":0,"max_hp_loss":0,"event_name":"Liars Game","floor":3,"gold_loss":0},{"damage_healed":0,"gold_gain":75,"player_choice":"Gather Gold","damage_taken":11,"max_hp_gain":0,"max_hp_loss":0,"event_name":"World of Goop","floor":13,"gold_loss":0}],"is_beta":false,"boss_relics":[],"items_purged_floors":[],"is_endless":false,"potions_floor_spawned":[1,10,14],"killed_by":"Slime Boss","ascension_level":6}}