{"host":"o9xs51ubzug5n2pm","time":1611327157,"event":{"mods":["Arknights The Spire","Bard","BaseMod","Friendly Minions","GungeonMod","HololiveMod","Marisa£®ÏF”Í°°ƒß¿Ì…≥£©","Minty Spire (QoL Compilation)","SIMod","Shop Mod","StSLib","The Animator","The Bladedancer","The Construct","The Gatherer","Warlord Emblem","Yohane!","°æ“≈ŒÔø®≈∆°øREMEMod"],"gold_per_floor":[115,115,134,134,134,134,161,175,175,189,205,205,205,10,10,115,115,127,127,138,156,156,156],"floor_reached":22,"language":"ZHS","playtime":739,"items_purged":[],"score":211,"play_id":"fc321c5e-bbbc-4c6a-b3a9-3fb0e2333dc8","local_time":"20210122225237","is_ascension_mode":false,"campfire_choices":[{"floor":6,"key":"RECALL"},{"data":"ats:Powerful Strike","floor":12,"key":"SMITH"},{"data":"ats:Overload","floor":15,"key":"SMITH"}],"circlet_count":0,"master_deck":["ats:Armor Crushing Shot","ats:Emotion Absorption","ats:Mental Burst+1","ats:Powerful Strike+1","ats:Assault Order","ats:Assault Order","ats:Consecutive Shot Auto","ats:Childhood Dance","ats:Overload+1","ats:Sunburst","ats:Healing Drone","ats:Calcification","ats:Thorns","ats:Consecutive Shot Auto","ats:Neurotoxin","ats:Fractured Body","ats:Echo Reverb","ats:Durian","ats:Leaping Hammer","ats:Serious Mode","ats:Curse Doll+1","ats:Mental Burst","ats:Leaping Hammer+1"],"relics":["ats:Sanity","REME_ComplimentaryCards","NeowsBlessing","Pyrelight","ats:Originium","REME_LimitBreaker","REME_HourglassOfDeath","Pandora\u0027s Box"],"acts_visited":["Exordium","TheCity"],"potions_floor_usage":[11,16,16,20],"damage_taken":[{"damage":0,"enemies":"2 Louse","floor":1,"turns":1},{"damage":0,"enemies":"Small Slimes","floor":3,"turns":1},{"damage":0,"enemies":"Lagavulin","floor":7,"turns":1},{"damage":0,"enemies":"Cultist","floor":8,"turns":4},{"damage":5,"enemies":"Blue Slaver","floor":10,"turns":3},{"damage":4,"enemies":"Exordium Thugs","floor":11,"turns":3},{"damage":54,"enemies":"Hexaghost","floor":16,"turns":6},{"damage":9,"enemies":"3 Byrds","floor":18,"turns":4},{"damage":28,"enemies":"2 Thieves","floor":20,"turns":3},{"damage":29,"enemies":"Centurion and Healer","floor":21,"turns":4},{"damage":15,"enemies":"3 Cultists","floor":22,"turns":1}],"seed_played":"1094630857281744233","potions_obtained":[{"floor":1,"key":"FearPotion"},{"floor":10,"key":"ats:Emergency Sanity Potion"},{"floor":11,"key":"REME_GoldPotion"},{"floor":18,"key":"GamblersBrew"},{"floor":21,"key":"EntropicBrew"}],"is_trial":false,"path_per_floor":["M","?","M","?","?","R","E","M","T","M","M","R","?","$","R","B",null,"M","?","M","M","M"],"character_chosen":"DOCTOR_CLASS","items_purchased":["ats:Overload","ats:Sunburst","ats:Healing Drone"],"campfire_rested":0,"item_purchase_floors":[14,14,14],"current_hp_per_floor":[72,72,72,72,58,58,58,58,58,53,49,49,72,72,72,24,72,70,70,43,15,0,0],"gold":156,"neow_bonus":"THREE_ENEMY_KILL","is_daily":false,"chose_seed":false,"campfire_upgraded":2,"win_rate":0.0,"timestamp":1611327157,"path_taken":["M","?","M","?","?","R","E","M","T","M","M","R","?","$","R","BOSS","M","?","M","M","M"],"items_purchased_type":["Card","Card","Card"],"build_version":"2020-12-22","purchased_purges":0,"victory":false,"max_hp_per_floor":[72,72,72,72,72,72,72,72,72,72,72,72,72,72,72,72,72,72,72,72,72,72,72],"card_choices":[{"not_picked":["ats:Childhood Dance","ats:Very Hot Blade"],"picked":"ats:Powerful Strike","floor":1},{"not_picked":["ats:Phantom","ats:Blood Oath"],"picked":"ats:Assault Order","floor":3},{"not_picked":["ats:Dogmatic Field","ats:Automatic Cover"],"picked":"ats:Assault Order","floor":7},{"not_picked":["ats:Poison Spread","ats:Serious Mode"],"picked":"ats:Consecutive Shot Auto","floor":8},{"not_picked":["ats:Healing Strengthening","ats:Dogmatic Field"],"picked":"ats:Childhood Dance","floor":10},{"not_picked":["ats:Explosion Area Strengthen","ats:Childhood Dance","ats:Encircling Forest"],"picked":"SKIP","floor":11},{"not_picked":["ats:Echo Reverb","ats:Disruption Kick"],"picked":"ats:Calcification","floor":16},{"not_picked":["ats:Sashimi Platter","ats:Apocalypse+1"],"picked":"ats:Curse Doll+1","floor":18},{"not_picked":["ats:Poison Spread","ats:Guardian Obelisk"],"picked":"ats:Mental Burst","floor":20},{"not_picked":["ats:Curse Doll","ats:Revitalization"],"picked":"ats:Leaping Hammer+1","floor":21}],"player_experience":217974,"relics_obtained":[{"floor":7,"key":"ats:Originium"},{"floor":7,"key":"REME_LimitBreaker"},{"floor":9,"key":"REME_HourglassOfDeath"}],"event_choices":[{"damage_healed":0,"gold_gain":0,"player_choice":"Grow","damage_taken":0,"max_hp_gain":0,"max_hp_loss":0,"event_name":"Living Wall","floor":2,"gold_loss":0,"cards_upgraded":["ats:Mental Burst"]},{"damage_healed":0,"gold_gain":0,"player_choice":"Entered Light","damage_taken":14,"max_hp_gain":0,"max_hp_loss":0,"event_name":"Shining Light","floor":5,"gold_loss":0,"cards_upgraded":["ats:Defend","ats:Strike C"]},{"damage_healed":23,"gold_gain":0,"player_choice":"Full Heal","damage_taken":0,"max_hp_gain":0,"max_hp_loss":0,"event_name":"Wheel of Change","floor":13,"gold_loss":0}],"is_beta":false,"boss_relics":[{"not_picked":["REME_DemonsWealth","Cursed Key"],"picked":"Pandora\u0027s Box"}],"items_purged_floors":[],"is_endless":false,"potions_floor_spawned":[1,10,11,18,21],"killed_by":"3 Cultists","ascension_level":0}}