{"host":"qekv59dthhdg54sz","time":1611297739,"event":{"mods":["AchievementEnabler","BaseMod","Colored Map","DeckTracker","KOR Keyword Fix","Minty Spire (QoL Compilation)","Rare Cards Sparkle","StSLib","SuperFastMode"],"gold_per_floor":[117,130,55,69,144,144,157,207,207,227,242,242,252,270,270,348,348,360,320,320],"floor_reached":19,"language":"KOR","playtime":362,"items_purged":[],"score":326,"play_id":"d3e5d0cb-b6e1-4659-bc15-f4e9aff9cd4f","local_time":"20210122154219","is_ascension_mode":true,"campfire_choices":[{"data":"Cloak And Dagger","floor":6,"key":"SMITH"},{"data":"Prepared","floor":12,"key":"SMITH"},{"floor":15,"key":"REST"}],"circlet_count":0,"master_deck":["AscendersBane","Strike_G","Strike_G","Strike_G","Defend_G","Defend_G","Defend_G","Defend_G","Survivor","Neutralize","Cloak And Dagger+1","Masterful Stab","Masterful Stab","Well Laid Plans","Dagger Throw","Prepared+1","Eviscerate","Acrobatics","Burst"],"relics":["Ring of the Snake","NeowsBlessing","Snake Skull","Mango","Empty Cage"],"acts_visited":["Exordium","TheCity"],"potions_floor_usage":[16],"damage_taken":[{"damage":0,"enemies":"2 Louse","floor":1,"turns":1},{"damage":0,"enemies":"Jaw Worm","floor":2,"turns":1},{"damage":0,"enemies":"Cultist","floor":4,"turns":1},{"damage":33,"enemies":"Exordium Thugs","floor":7,"turns":6},{"damage":7,"enemies":"Large Slime","floor":10,"turns":4},{"damage":7,"enemies":"Blue Slaver","floor":11,"turns":3},{"damage":1,"enemies":"Gremlin Gang","floor":13,"turns":5},{"damage":7,"enemies":"3 Louse","floor":14,"turns":3},{"damage":18,"enemies":"Hexaghost","floor":16,"turns":9},{"damage":23,"enemies":"Spheric Guardian","floor":18,"turns":4},{"damage":4,"enemies":"2 Thieves","floor":19,"turns":2}],"seed_played":"-1759606564085932215","potions_obtained":[{"floor":10,"key":"AttackPotion"},{"floor":11,"key":"CultistPotion"},{"floor":16,"key":"LiquidBronze"}],"is_trial":false,"path_per_floor":["M","M","?","M","?","R","M","T","T","M","M","R","M","M","R","B",null,"M","M"],"character_chosen":"THE_SILENT","items_purchased":[],"campfire_rested":1,"item_purchase_floors":[],"current_hp_per_floor":[59,59,59,59,48,48,15,15,29,22,15,15,14,7,31,13,63,40,36,36],"gold":320,"neow_bonus":"THREE_ENEMY_KILL","is_daily":false,"chose_seed":false,"campfire_upgraded":2,"win_rate":0.0,"timestamp":1611297739,"path_taken":["M","M","?","M","?","R","M","?","T","M","M","R","M","?","R","BOSS","M","M"],"items_purchased_type":[],"build_version":"2020-12-22","purchased_purges":0,"victory":false,"max_hp_per_floor":[66,66,66,66,66,66,66,66,80,80,80,80,80,80,80,80,80,80,80,80],"card_choices":[{"not_picked":["Prepared","Dodge and Roll"],"picked":"Cloak And Dagger","floor":1},{"not_picked":["Setup","Slice"],"picked":"Masterful Stab","floor":2},{"not_picked":["Underhanded Strike","Flying Knee"],"picked":"Masterful Stab","floor":4},{"not_picked":["Deflect","Deadly Poison"],"picked":"Well Laid Plans","floor":7},{"not_picked":["Outmaneuver","Bane"],"picked":"Dagger Throw","floor":10},{"not_picked":["Calculated Gamble","Underhanded Strike"],"picked":"Prepared","floor":11},{"not_picked":["Infinite Blades","Wraith Form v2"],"picked":"Eviscerate","floor":13},{"not_picked":["Backstab","Outmaneuver"],"picked":"Acrobatics","floor":14},{"not_picked":["Glass Knife","Bullet Time"],"picked":"Burst","floor":16},{"not_picked":["Dodge and Roll","Quick Slash","Dagger Throw"],"picked":"SKIP","floor":18}],"player_experience":805113,"relics_obtained":[{"floor":8,"key":"Snake Skull"},{"floor":9,"key":"Mango"}],"event_choices":[{"cards_removed":["Defend_G"],"damage_healed":0,"gold_gain":0,"player_choice":"Card Removal","damage_taken":0,"max_hp_gain":0,"max_hp_loss":0,"event_name":"The Cleric","floor":3,"gold_loss":75},{"damage_healed":0,"gold_gain":75,"player_choice":"Gather Gold","damage_taken":11,"max_hp_gain":0,"max_hp_loss":0,"event_name":"World of Goop","floor":5,"gold_loss":0}],"is_beta":false,"boss_relics":[{"not_picked":["SacredBark","Fusion Hammer"],"picked":"Empty Cage"}],"items_purged_floors":[],"is_endless":false,"potions_floor_spawned":[10,11,13,16,18],"killed_by":"2 Thieves","ascension_level":20}}