{"host":"8c7ixdz8x9d2d2wv","time":1611342213,"event":{"mods":["AYAYA","BaseMod","Better Altar","Better Sensory Stone","Better Third Choice","Better-Laid Plans","BetterRewards","Colored Map","Colored Powertips","Curses Come First","Dark Map","Defuse TimeMaze Blight","Emptier Cage","Good Game Mod","Highlight Path","Minty Spire (QoL Compilation)","Quick Restart","Rare Cards Sparkle","Relic Sorter","Remove Card Discount Mod","Reorder Act Four","Shop Mod","StSLib","Transform Curses","Uncapped","everything is the same but u backflip on backflip"],"gold_per_floor":[109,384,0,0,0,0,17,15,15,45,45,45,64,97,97,192,192,207,207,9,9,9,9,28,28,107,19,38,38,38,54,54,159,159,174,174,224,0,16,26,55,49,73,73,73,73,92,118,118,118],"floor_reached":51,"language":"ENG","playtime":1931,"items_purged":["Regret","Strike_G","Defend_G","Strike_G","Strike_G","Survivor","Strike_G","Strike_G","Shame","Dark Shackles","Defend_G","Defend_G","Bouncing Flask","Dagger Spray"],"score":857,"play_id":"392a59c9-08d6-4278-a02a-51ee31aee803","local_time":"20210122200333","is_ascension_mode":false,"campfire_choices":[{"data":"Noxious Fumes","floor":6,"key":"SMITH"},{"floor":12,"key":"REST"},{"floor":15,"key":"REST"},{"floor":23,"key":"REST"},{"data":"After Image","floor":32,"key":"SMITH"},{"data":"After Image","floor":44,"key":"SMITH"},{"data":"Noxious Fumes","floor":49,"key":"SMITH"}],"circlet_count":0,"master_deck":["Defend_G","Defend_G","Sadistic Nature","Noxious Fumes+1","After Image+1","Deflect","After Image+1","Blur","Good Instincts","Noxious Fumes+1","Blur","Bouncing Flask+1"],"relics":["Ring of the Snake","REME:ComplimentaryCards","NeowsBlessing","Oddly Smooth Stone","MerchantsRug","Juzu Bracelet","Bag of Preparation","Sozu","Bloody Idol","Blood Vial","Mercury Hourglass","MutagenicStrength","WristBlade","StoneCalendar","TwistedFunnel","Omamori","Bronze Scales","Calipers"],"acts_visited":["Exordium","TheCity","TheBeyond"],"potions_floor_usage":[16,16,16],"damage_taken":[{"damage":0,"enemies":"2 Louse","floor":1,"turns":1},{"damage":0,"enemies":"Cultist","floor":7,"turns":1},{"damage":0,"enemies":"Gremlin Nob","floor":10,"turns":1},{"damage":1,"enemies":"Small Slimes","floor":13,"turns":3},{"damage":18,"enemies":"Lagavulin","floor":14,"turns":6},{"damage":28,"enemies":"Hexaghost","floor":16,"turns":10},{"damage":0,"enemies":"3 Byrds","floor":18,"turns":4},{"damage":2,"enemies":"2 Thieves","floor":24,"turns":4},{"damage":0,"enemies":"Cultist and Chosen","floor":28,"turns":4},{"damage":0,"enemies":"Centurion and Healer","floor":31,"turns":4},{"damage":0,"enemies":"Collector","floor":33,"turns":8},{"damage":0,"enemies":"3 Darklings","floor":35,"turns":4},{"damage":0,"enemies":"Mind Bloom Boss Battle","floor":37,"turns":6},{"damage":0,"enemies":"3 Shapes","floor":39,"turns":2},{"damage":0,"enemies":"Transient","floor":40,"turns":5},{"damage":22,"enemies":"Reptomancer","floor":41,"turns":5},{"damage":12,"enemies":"Jaw Worm Horde","floor":47,"turns":4},{"damage":0,"enemies":"Giant Head","floor":48,"turns":8},{"damage":36,"enemies":"Awakened One","floor":50,"turns":14}],"seed_played":"3753082611877993825","potions_obtained":[{"floor":10,"key":"Dexterity Potion"},{"floor":13,"key":"Dexterity Potion"},{"floor":14,"key":"EssenceOfSteel"}],"is_trial":false,"path_per_floor":["M","?","$","?","$","R","M","$","T","E","?","R","M","E","R","B",null,"M","?","$","?","?","R","M","T","T","$","M","?","?","M","R","B",null,"M","?","?","$","M","M","E","$","T","R","?","?","M","E","R","B",null],"character_chosen":"THE_SILENT","items_purchased":["Noxious Fumes","Oddly Smooth Stone","MerchantsRug","DollysMirror","Bouncing Flask","Mercury Hourglass","TwistedFunnel","Noxious Fumes"],"campfire_rested":3,"item_purchase_floors":[3,3,3,20,20,27,38,38],"current_hp_per_floor":[70,70,70,75,75,75,75,75,75,75,50,72,71,53,75,47,75,75,75,75,17,17,39,49,59,64,85,85,85,85,85,85,85,85,85,85,85,85,85,85,68,68,73,73,73,73,68,75,75,41],"gold":118,"neow_bonus":"THREE_ENEMY_KILL","is_daily":false,"chose_seed":false,"campfire_upgraded":4,"win_rate":0.0,"timestamp":1611342213,"path_taken":["M","?","?","?","$","R","M","?","T","E","?","R","M","E","R","BOSS","M","?","$","?","?","R","M","?","T","$","M","?","?","M","R","BOSS","M","?","?","$","M","M","E","$","T","R","?","?","M","E","R","BOSS"],"items_purchased_type":["Card","Relic","Relic","Relic","Card","Relic","Relic","Card"],"build_version":"2020-12-22","purchased_purges":14,"victory":true,"max_hp_per_floor":[70,70,70,75,75,75,75,75,75,75,75,75,75,75,75,75,75,75,75,75,75,75,75,75,85,85,85,85,85,85,85,85,85,85,85,85,85,85,85,85,85,85,85,85,81,81,81,81,81,81],"card_choices":[{"not_picked":["Masterful Stab","Heel Hook","Dash"],"picked":"SKIP","floor":1},{"not_picked":["Slice","Outmaneuver"],"picked":"Dagger Spray","floor":7},{"not_picked":["Finisher","Terror","Poisoned Stab"],"picked":"SKIP","floor":10},{"not_picked":["Skewer","Expertise","Dagger Spray"],"picked":"SKIP","floor":13},{"not_picked":["PiercingWail","Quick Slash","Storm of Steel"],"picked":"SKIP","floor":14},{"not_picked":["Storm of Steel","Venomology"],"picked":"After Image","floor":16},{"not_picked":["Blade Dance","Poisoned Stab","Prepared+1"],"picked":"SKIP","floor":18},{"not_picked":["Skewer","Deadly Poison","Backstab"],"picked":"SKIP","floor":24},{"not_picked":["Eviscerate","Flying Knee"],"picked":"Blur","floor":28},{"not_picked":["Dramatic Entrance","Chrysalis"],"picked":"Good Instincts","floor":29},{"not_picked":["HandOfGreed","Transmutation"],"picked":"Dark Shackles","floor":29},{"not_picked":["Predator","Underhanded Strike","Sucker Punch"],"picked":"SKIP","floor":31},{"not_picked":["Skewer","Backflip","Setup"],"picked":"SKIP","floor":35},{"not_picked":["Quick Slash","Calculated Gamble"],"picked":"Blur","floor":39},{"not_picked":["Crippling Poison","Dodge and Roll"],"picked":"Bouncing Flask+1","floor":40},{"not_picked":["Infinite Blades+1","Expertise","Slice"],"picked":"SKIP","floor":41},{"not_picked":["Skewer","Backflip+1","Accuracy"],"picked":"SKIP","floor":47},{"not_picked":["Endless Agony","Predator+1","Backflip"],"picked":"SKIP","floor":48}],"player_experience":662950,"relics_obtained":[{"floor":10,"key":"Juzu Bracelet"},{"floor":14,"key":"Bag of Preparation"},{"floor":25,"key":"Pear"},{"floor":26,"key":"Blue Candle"},{"floor":37,"key":"StoneCalendar"},{"floor":41,"key":"Omamori"},{"floor":43,"key":"Bronze Scales"},{"floor":48,"key":"Calipers"}],"event_choices":[{"damage_healed":0,"gold_gain":275,"player_choice":"Desecrate","damage_taken":0,"max_hp_gain":0,"max_hp_loss":0,"event_name":"Golden Shrine","floor":2,"gold_loss":0,"cards_obtained":["Regret"]},{"damage_healed":0,"gold_gain":0,"player_choice":"Donut","damage_taken":0,"max_hp_gain":5,"max_hp_loss":0,"event_name":"Big Fish","floor":4,"gold_loss":0},{"damage_healed":0,"gold_gain":0,"player_choice":"Relic ","damage_taken":25,"max_hp_gain":0,"max_hp_loss":0,"event_name":"betterThird:BetterScrap","floor":11,"gold_loss":0,"cards_obtained":["Reprogram"]},{"damage_healed":0,"gold_gain":0,"player_choice":"Read","damage_taken":0,"max_hp_gain":0,"max_hp_loss":0,"event_name":"The Library","floor":19,"gold_loss":0,"cards_obtained":["Deflect"]},{"damage_healed":0,"gold_gain":0,"player_choice":" Idol Vial ","damage_taken":58,"relics_obtained":["Bloody Idol","Blood Vial"],"max_hp_gain":75,"max_hp_loss":17,"event_name":"betterAltar:BetterAltar","floor":21,"potions_obtained":[],"relics_lost":[],"gold_loss":0},{"damage_healed":0,"gold_gain":0,"player_choice":"Stole Relic","damage_taken":0,"relics_obtained":["MealTicket"],"max_hp_gain":0,"max_hp_loss":0,"event_name":"Addict","floor":22,"gold_loss":0,"cards_obtained":["Shame"]},{"damage_healed":0,"gold_gain":2,"player_choice":"1","damage_taken":0,"max_hp_gain":0,"max_hp_loss":0,"event_name":"betterStone:BetterStone","floor":29,"gold_loss":0},{"damage_healed":0,"gold_gain":0,"player_choice":"Inject Mutagens","damage_taken":0,"relics_obtained":["MutagenicStrength"],"max_hp_gain":0,"max_hp_loss":0,"event_name":"Drug Dealer","floor":30,"gold_loss":0},{"damage_healed":0,"gold_gain":0,"player_choice":"Ignored","damage_taken":0,"max_hp_gain":0,"max_hp_loss":0,"event_name":"Tomb of Lord Red Mask","floor":36,"gold_loss":0},{"damage_healed":0,"gold_gain":0,"player_choice":"Fight","damage_taken":0,"max_hp_gain":0,"max_hp_loss":0,"event_name":"MindBloom","floor":37,"gold_loss":0},{"damage_healed":0,"gold_gain":0,"player_choice":"Max HP","damage_taken":0,"max_hp_gain":0,"max_hp_loss":4,"event_name":"Winding Halls","floor":45,"gold_loss":0},{"cards_removed":["Neutralize"],"damage_healed":0,"gold_gain":0,"player_choice":"Removed Attack","damage_taken":0,"max_hp_gain":0,"max_hp_loss":0,"event_name":"Falling","floor":46,"gold_loss":0}],"is_beta":false,"boss_relics":[{"not_picked":["SlaversCollar","Astrolabe"],"picked":"Sozu"},{"not_picked":["Pandora\u0027s Box","Fusion Hammer"],"picked":"WristBlade"}],"items_purged_floors":[3,3,8,20,20,20,20,20,27,38,38,42,42,42],"is_endless":false,"potions_floor_spawned":[10,13,14,33,35,41,48],"ascension_level":0}}