{"host":"ewslc4o3o167ipk9","time":1611294670,"event":{"mods":["BaseMod","Colored Powertips","GifTheSpireLib","HexUI Lib","Minty Spire (QoL Compilation)","Quick Restart","Shop Mod","StSLib","The Bug Knight","The Trickster"],"gold_per_floor":[114,114,129,129,304,336,336,352,352,352,15,44,44,55,55,154,154,173,192,192,208,25,50,65,81,81,99,129,144,156,75,75,172,172,185,203,3,3,3,3,34,47,47,74,74,3,13,29,29,29],"floor_reached":51,"language":"ENG","playtime":3588,"items_purged":["Doubt","Defend_G","Defend_G"],"score":934,"play_id":"052d1ca0-82ec-47c8-a97a-8f518fad6304","local_time":"20210122005110","is_ascension_mode":false,"campfire_choices":[{"data":"Sucker Punch","floor":7,"key":"SMITH"},{"floor":10,"key":"REST"},{"data":"Adrenaline","floor":13,"key":"SMITH"},{"data":"Blade Dance","floor":15,"key":"SMITH"},{"data":"After Image","floor":32,"key":"SMITH"},{"data":"After Image","floor":40,"key":"SMITH"},{"data":"Madness","floor":45,"key":"SMITH"},{"data":"Finisher","floor":49,"key":"SMITH"}],"circlet_count":0,"master_deck":["Strike_G+1","Strike_G","Strike_G","Strike_G","Strike_G","Defend_G","Defend_G+1","Survivor","Neutralize","Blade Dance+1","Blade Dance+1","Sucker Punch+1","Blur","Adrenaline+1","Heel Hook","Venomology","Dash+1","After Image+1","Deep Breath","Escape Plan","Quick Slash","Calculated Gamble","Backstab","After Image+1","Blade Dance","Infinite Blades+1","Madness","Madness+1","Flying Knee","Blade Dance","Acrobatics+1","Finisher+1"],"relics":["Ring of the Snake","NeowsBlessing","MealTicket","InkBottle","Shuriken","Mummified Hand","Black Star","HollowMod:PaleOreRelic","White Beast Statue","Potion Belt","Thread and Needle","Ginger","Boot","Runic Dome","Lizard Tail","Mercury Hourglass","Frozen Egg 2","Snake Skull","Letter Opener"],"acts_visited":["Exordium","TheCity","TheBeyond"],"potions_floor_usage":[12,16,16,19,19,21,21,24,25,25,27,27,28,28,28,29,30,33,33,33,33,41,41,42,42,44,47,50,50,50,50],"damage_taken":[{"damage":0,"enemies":"2 Louse","floor":1,"turns":1},{"damage":0,"enemies":"Cultist","floor":3,"turns":1},{"damage":0,"enemies":"Lagavulin","floor":6,"turns":1},{"damage":7,"enemies":"Small Slimes","floor":8,"turns":2},{"damage":0,"enemies":"Gremlin Nob","floor":12,"turns":3},{"damage":0,"enemies":"2 Fungi Beasts","floor":14,"turns":1},{"damage":20,"enemies":"Hexaghost","floor":16,"turns":5},{"damage":0,"enemies":"Chosen","floor":18,"turns":4},{"damage":0,"enemies":"Spheric Guardian","floor":19,"turns":3},{"damage":0,"enemies":"3 Cultists","floor":21,"turns":4},{"damage":0,"enemies":"Gremlin Leader","floor":23,"turns":5},{"damage":0,"enemies":"Snake Plant","floor":24,"turns":3},{"damage":3,"enemies":"Centurion and Healer","floor":25,"turns":3},{"damage":0,"enemies":"Snecko","floor":27,"turns":3},{"damage":11,"enemies":"HollowMod:Nosk","floor":28,"turns":3},{"damage":0,"enemies":"Sentry and Sphere","floor":29,"turns":2},{"damage":2,"enemies":"Snake Plant","floor":30,"turns":3},{"damage":5,"enemies":"Collector","floor":33,"turns":4},{"damage":0,"enemies":"Orb Walker","floor":35,"turns":2},{"damage":11,"enemies":"3 Darklings","floor":36,"turns":4},{"damage":7,"enemies":"Nemesis","floor":41,"turns":4},{"damage":0,"enemies":"Transient","floor":42,"turns":5},{"damage":0,"enemies":"Reptomancer","floor":44,"turns":5},{"damage":0,"enemies":"Maw","floor":47,"turns":3},{"damage":0,"enemies":"Jaw Worm Horde","floor":48,"turns":3},{"damage":0,"enemies":"Donu and Deca","floor":50,"turns":3}],"seed_played":"8538621799841200255","potions_obtained":[{"floor":1,"key":"Fire Potion"},{"floor":8,"key":"CunningPotion"},{"floor":14,"key":"Energy Potion"},{"floor":19,"key":"Explosive Potion"},{"floor":24,"key":"CunningPotion"},{"floor":25,"key":"GamblersBrew"},{"floor":27,"key":"SteroidPotion"},{"floor":28,"key":"Strength Potion"},{"floor":29,"key":"AttackPotion"},{"floor":30,"key":"LiquidBronze"},{"floor":33,"key":"GamblersBrew"},{"floor":35,"key":"Dexterity Potion"},{"floor":36,"key":"CultistPotion"},{"floor":41,"key":"CunningPotion"},{"floor":42,"key":"BlessingOfTheForge"},{"floor":44,"key":"FairyPotion"},{"floor":47,"key":"Dexterity Potion"},{"floor":48,"key":"LiquidMemories"}],"is_trial":false,"path_per_floor":["M","?","M","?","?","E","R","M","T","R","$","E","R","M","R","B",null,"M","M","?","M","$","E","M","M","T","M","E","M","M","?","R","B",null,"M","M","$","?","?","R","E","M","T","E","R","$","M","M","R","B",null],"character_chosen":"THE_SILENT","items_purchased":["Shuriken","Deep Breath","Infinite Blades","Finisher"],"campfire_rested":1,"item_purchase_floors":[11,22,37,46],"current_hp_per_floor":[70,70,70,56,56,56,56,49,49,70,70,70,70,70,70,50,70,70,70,70,70,70,70,70,67,67,67,56,56,54,54,54,49,70,70,59,70,61,61,61,54,54,54,54,54,69,69,69,69,69],"gold":29,"neow_bonus":"THREE_ENEMY_KILL","is_daily":false,"chose_seed":false,"campfire_upgraded":7,"win_rate":0.0,"timestamp":1611294670,"path_taken":["M","?","?","?","?","E","R","M","T","R","$","E","R","M","R","BOSS","M","M","?","?","?","E","M","M","T","M","E","M","M","?","R","BOSS","M","?","$","?","?","R","E","?","T","E","R","$","M","M","R","BOSS"],"items_purchased_type":["Relic","Card","Card","Card"],"build_version":"2020-12-22","purchased_purges":3,"victory":true,"max_hp_per_floor":[70,70,70,70,70,70,70,70,70,70,70,70,70,70,70,70,70,70,70,70,70,70,70,70,70,70,70,70,70,70,70,70,70,70,70,70,70,70,70,70,70,70,70,70,70,70,70,70,70,70],"card_choices":[{"not_picked":["Flying Knee","Dodge and Roll"],"picked":"Blade Dance","floor":1},{"not_picked":["Slice","Dodge and Roll"],"picked":"Blade Dance","floor":3},{"not_picked":["Reflex","Masterful Stab"],"picked":"Sucker Punch","floor":6},{"not_picked":["Prepared","Dagger Spray"],"picked":"Blur","floor":8},{"not_picked":["PiercingWail","All Out Attack"],"picked":"Adrenaline","floor":12},{"not_picked":["Deflect","Sucker Punch"],"picked":"Heel Hook","floor":14},{"not_picked":["Glass Knife","Unload"],"picked":"Venomology","floor":16},{"not_picked":["Deflect","Bane"],"picked":"Dash+1","floor":18},{"not_picked":["Quick Slash","Crippling Poison","Well Laid Plans"],"picked":"SKIP","floor":19},{"not_picked":["Noxious Fumes","Dagger Spray","Crippling Poison"],"picked":"SKIP","floor":21},{"not_picked":["Glass Knife","Masterful Stab"],"picked":"Escape Plan","floor":23},{"not_picked":["Deflect","Prepared","Caltrops"],"picked":"SKIP","floor":24},{"not_picked":["Crippling Poison","Dash"],"picked":"Quick Slash","floor":25},{"not_picked":["Choke","Noxious Fumes"],"picked":"Calculated Gamble","floor":27},{"not_picked":["Deflect","Dash"],"picked":"Backstab","floor":28},{"not_picked":["All Out Attack","Acrobatics+1","Dodge and Roll"],"picked":"SKIP","floor":29},{"not_picked":["Underhanded Strike","Footwork","Prepared"],"picked":"SKIP","floor":30},{"not_picked":["Corpse Explosion","Tools of the Trade"],"picked":"After Image","floor":33},{"not_picked":["Finisher+1","Underhanded Strike+1"],"picked":"Blade Dance","floor":35},{"not_picked":["PiercingWail+1","Backflip+1","Footwork+1"],"picked":"SKIP","floor":36},{"not_picked":["Bane","Sucker Punch"],"picked":"Flying Knee","floor":41},{"not_picked":["Prepared+1","Acrobatics+1"],"picked":"Blade Dance","floor":42},{"not_picked":["Dagger Spray+1","Catalyst"],"picked":"Acrobatics+1","floor":44},{"not_picked":["Calculated Gamble","Dodge and Roll","Venomology"],"picked":"SKIP","floor":47},{"not_picked":["Eviscerate+1","Poisoned Stab","Acrobatics"],"picked":"SKIP","floor":48}],"player_experience":37435,"relics_obtained":[{"floor":6,"key":"MealTicket"},{"floor":9,"key":"InkBottle"},{"floor":12,"key":"Mummified Hand"},{"floor":23,"key":"HollowMod:PaleOreRelic"},{"floor":23,"key":"White Beast Statue"},{"floor":26,"key":"Potion Belt"},{"floor":28,"key":"Thread and Needle"},{"floor":28,"key":"Ginger"},{"floor":41,"key":"Lizard Tail"},{"floor":41,"key":"Mercury Hourglass"},{"floor":43,"key":"Frozen Egg 2"},{"floor":44,"key":"Snake Skull"},{"floor":44,"key":"Letter Opener"}],"event_choices":[{"damage_healed":0,"gold_gain":0,"player_choice":"Forge","damage_taken":0,"max_hp_gain":0,"max_hp_loss":0,"event_name":"Accursed Blacksmith","floor":2,"gold_loss":0,"cards_upgraded":["Blade Dance"]},{"damage_healed":0,"gold_gain":0,"player_choice":"Entered Light","damage_taken":14,"max_hp_gain":0,"max_hp_loss":0,"event_name":"Shining Light","floor":4,"gold_loss":0,"cards_upgraded":["Defend_G","Strike_G"]},{"damage_healed":0,"gold_gain":175,"player_choice":"AGREE","damage_taken":0,"max_hp_gain":0,"max_hp_loss":0,"event_name":"Liars Game","floor":5,"gold_loss":0,"cards_obtained":["Doubt"]},{"damage_healed":0,"gold_gain":0,"cards_transformed":["Defend_G"],"player_choice":"Transformed","damage_taken":0,"max_hp_gain":0,"max_hp_loss":0,"event_name":"Transmorgrifier","floor":20,"gold_loss":0,"cards_obtained":["After Image"]},{"damage_healed":0,"gold_gain":0,"player_choice":"Paid Gold","damage_taken":0,"relics_obtained":["Boot"],"max_hp_gain":0,"max_hp_loss":0,"event_name":"WeMeetAgain","floor":31,"gold_loss":81},{"damage_healed":0,"gold_gain":0,"player_choice":"Embrace Madness","damage_taken":9,"max_hp_gain":0,"max_hp_loss":0,"event_name":"Winding Halls","floor":38,"gold_loss":0,"cards_obtained":["Madness","Madness"]},{"damage_healed":0,"gold_gain":0,"player_choice":"Upgraded","damage_taken":0,"max_hp_gain":0,"max_hp_loss":0,"event_name":"Upgrade Shrine","floor":39,"gold_loss":0,"cards_upgraded":["Infinite Blades"]}],"is_beta":false,"boss_relics":[{"not_picked":["Velvet Choker","HoveringKite"],"picked":"Black Star"},{"not_picked":["Fusion Hammer","Astrolabe"],"picked":"Runic Dome"}],"items_purged_floors":[11,22,37],"is_endless":false,"potions_floor_spawned":[1,8,14,19,24,25,27,28,29,30,33,35,36,41,42,44,47,48],"ascension_level":0}}