{"host":"TheShotgunBoss","time":1611276162,"event":{"mods":["AchievementEnabler","Always Whale","Aspiration","BaseMod","Beaked The Cultist","Colored Map","Colored Powertips","Colorless Booster Pack","Conspire","Downfall","Energized Spire","FetchMod","GifTheSpireLib","Halation","Hubris","Infinite Spire","Jedi Mod","Minty Spire (QoL Compilation)","Poor People Problems","Quick Restart","RNG!","Relic Sorter","SacredBarkPlus","Shop Mod","Spikes Relics","StSLib","Stuff the Spire","The Blue Laboratory","The Construct","Uncapped","Unceasing Turn Reminder","everything is the same but u backflip on backflip","vexMod","??????REMEMod"],"gold_per_floor":[99,119,130,145,165,165,165,196,209,219,219,219,230,260,275,275,275,275],"floor_reached":16,"language":"ENG","playtime":816,"items_purged":[],"score":116,"play_id":"d4aa33e2-7dfe-4ffd-b766-a32e22a0dbc8","local_time":"20210121194242","is_ascension_mode":false,"campfire_choices":[{"data":"Guardian:TwinSlam","floor":1,"key":"SMITH"},{"data":"Guardian:FloatingOrbs","floor":11,"key":"SMITH"}],"circlet_count":0,"master_deck":["Guardian:Strike_Guardian","Guardian:Strike_Guardian","Guardian:Strike_Guardian","Guardian:Strike_Guardian","Guardian:Defend_Guardian","Guardian:Defend_Guardian","Guardian:Defend_Guardian","Guardian:Defend_Guardian","Guardian:CurlUp","Guardian:TwinSlam+1","Guardian:PiercingHide","Guardian:FloatingOrbs+1","Guardian:AncientConstruct","Guardian:PrismaticBeam"],"relics":["Slimebound:AbsorbEndCombat","REME_ComplimentaryCards","infinitespire:Cubic Diamond","Bag of Preparation","Regal Pillow","aspiration:Lifesprig"],"acts_visited":["Exordium"],"potions_floor_usage":[14,14],"damage_taken":[{"damage":8,"enemies":"conspire:RoseBush","floor":2,"turns":4},{"damage":1,"enemies":"Cultist","floor":3,"turns":3},{"damage":5,"enemies":"Small Slimes","floor":4,"turns":4},{"damage":2,"enemies":"Blue Slaver","floor":5,"turns":4},{"damage":19,"enemies":"3 Sentries","floor":8,"turns":9},{"damage":11,"enemies":"Large Slime","floor":9,"turns":8},{"damage":7,"enemies":"conspire:2 RoseBushes","floor":10,"turns":5},{"damage":6,"enemies":"Exordium Thugs","floor":13,"turns":5},{"damage":16,"enemies":"Gremlin Nob","floor":14,"turns":5},{"damage":0,"enemies":"Blue Slaver","floor":15,"turns":5},{"damage":16,"enemies":"IC_STATUS_ARCHETYPE","floor":16,"turns":6}],"seed_played":"-8242768084105073473","potions_obtained":[{"floor":2,"key":"blueLaboratory:HeartbeatPotion"},{"floor":3,"key":"Block Potion"},{"floor":9,"key":"jedi:tentaclejuice"},{"floor":15,"key":"sneckomod:MuddlingPotion"}],"is_trial":false,"path_per_floor":["R","M","M","M","M","?","T","E","M","M","R","?","M","E","M","B"],"character_chosen":"GUARDIAN","items_purchased":[],"campfire_rested":0,"item_purchase_floors":[],"current_hp_per_floor":[88,80,79,74,72,72,72,53,42,35,35,35,29,13,13,0,0,0],"gold":275,"neow_bonus":"TEN_PERCENT_HP_BONUS","is_daily":false,"chose_seed":false,"campfire_upgraded":2,"win_rate":0.0,"timestamp":1611276162,"path_taken":["R","M","M","M","M","?","T","E","M","M","R","?","?","E","M","BOSS"],"items_purchased_type":[],"build_version":"2020-12-18","purchased_purges":0,"victory":false,"max_hp_per_floor":[88,88,88,88,88,88,88,88,88,88,88,88,88,88,88,88,88,88],"card_choices":[{"not_picked":["Guardian:ShieldCharger","Guardian:Repulse"],"picked":"Guardian:PiercingHide","floor":2},{"not_picked":["Guardian:Gem_Cyan","Guardian:BronzeArmor"],"picked":"Guardian:Gem_Crimson","floor":3},{"not_picked":["Guardian:Gem_Fragmented","Guardian:Recover"],"picked":"Guardian:FloatingOrbs","floor":4},{"not_picked":["Guardian:SentryBeam","Guardian:Suspension","Guardian:Planning"],"picked":"SKIP","floor":5},{"not_picked":["Guardian:Gem_Yellow","Guardian:ShieldSpikes","Guardian:Gem_Lightblue"],"picked":"SKIP","floor":8},{"not_picked":["Guardian:ShieldCharger","Guardian:Emergency"],"picked":"Guardian:Gem_Purple","floor":9},{"not_picked":["Guardian:BronzeArmor","Guardian:Recover","Guardian:ChargeCore"],"picked":"SKIP","floor":10},{"not_picked":["Guardian:Incinerate","Guardian:Repulse"],"picked":"Guardian:AncientConstruct","floor":13},{"not_picked":["Guardian:Recover","Guardian:Reroute","Guardian:TimeCapacitor"],"picked":"SKIP","floor":14},{"not_picked":["Guardian:Gem_Purple","Guardian:Recover"],"picked":"Guardian:PrismaticBeam","floor":15}],"player_experience":282381,"relics_obtained":[{"floor":7,"key":"Bag of Preparation"},{"floor":8,"key":"Regal Pillow"},{"floor":14,"key":"aspiration:Lifesprig"}],"event_choices":[],"is_beta":true,"boss_relics":[],"items_purged_floors":[],"is_endless":false,"potions_floor_spawned":[2,3,9,15],"killed_by":"IC_STATUS_ARCHETYPE","ascension_level":0}}