{"host":"vb9tx51ayxprrw9u","time":1611342168,"event":{"mods":["AchievementEnabler","BaseMod","Colored Map","Colored Powertips","Highlight Path","Minty Spire (QoL Compilation)","StSLib"],"gold_per_floor":[117,117,117,117,132,132,57,100,124,156,231,264,20,42,42,182,182,196,295,17,50,68,68,117,117,140,140,140],"floor_reached":27,"language":"ENG","playtime":1371,"items_purged":["Strike_R","Strike_R","Defend_R"],"score":237,"play_id":"f521415f-d989-4aee-8917-fd10b7963fcf","local_time":"20210122130248","is_ascension_mode":false,"campfire_choices":[{"data":"Armaments","floor":6,"key":"SMITH"},{"floor":15,"key":"REST"},{"data":"Impervious","floor":23,"key":"SMITH"},{"floor":25,"key":"REST"}],"circlet_count":0,"master_deck":["Strike_R","Strike_R","Defend_R","Defend_R","Bash","Barricade+1","Armaments+1","Dropkick","Rampage","Dual Wield","Shrug It Off","Impervious+1","True Grit+1","Feel No Pain","Ghostly Armor","Intimidate"],"relics":["Burning Blood","Golden Idol","Potion Belt","CeramicFish","Gremlin Horn","Bronze Scales","Philosopher\u0027s Stone","Bag of Preparation","Toy Ornithopter","Smiling Mask"],"acts_visited":["Exordium","TheCity"],"potions_floor_usage":[8,10,16,21,27],"damage_taken":[{"damage":6,"enemies":"Cultist","floor":1,"turns":3},{"damage":4,"enemies":"Small Slimes","floor":5,"turns":7},{"damage":23,"enemies":"Gremlin Nob","floor":8,"turns":4},{"damage":7,"enemies":"Jaw Worm","floor":10,"turns":6},{"damage":8,"enemies":"Lagavulin","floor":12,"turns":9},{"damage":1,"enemies":"2 Fungi Beasts","floor":14,"turns":6},{"damage":13,"enemies":"Hexaghost","floor":16,"turns":14},{"damage":0,"enemies":"Chosen","floor":18,"turns":6},{"damage":11,"enemies":"3 Byrds","floor":21,"turns":5},{"damage":100,"enemies":"Slavers","floor":24,"turns":14},{"damage":40,"enemies":"Book of Stabbing","floor":27,"turns":7}],"seed_played":"6057576576483309422","potions_obtained":[{"floor":1,"key":"Fire Potion"},{"floor":8,"key":"Regen Potion"},{"floor":10,"key":"Energy Potion"},{"floor":14,"key":"EssenceOfSteel"},{"floor":16,"key":"SpeedPotion"},{"floor":18,"key":"FairyPotion"}],"is_trial":false,"path_per_floor":["M","?","?","?","M","R","$","E","T","M","?","E","$","M","R","B",null,"M","?","$","M","?","R","E","R","T","E"],"character_chosen":"IRONCLAD","items_purchased":["Bronze Scales","Bag of Preparation"],"campfire_rested":2,"item_purchase_floors":[13,20],"current_hp_per_floor":[56,56,56,49,51,51,51,34,34,48,40,38,38,43,67,60,80,80,80,80,75,75,75,7,31,31,0,0],"gold":140,"neow_bonus":"THREE_RARE_CARDS","is_daily":false,"chose_seed":false,"campfire_upgraded":2,"win_rate":0.0,"timestamp":1611342168,"path_taken":["M","?","?","?","M","R","$","E","T","?","?","E","$","M","R","BOSS","M","?","$","M","?","R","E","R","T","E"],"items_purchased_type":["Relic","Relic"],"build_version":"2020-12-22","purchased_purges":3,"victory":false,"max_hp_per_floor":[80,80,80,80,80,80,80,80,80,80,80,80,80,80,80,80,80,80,80,80,80,80,80,80,80,80,80,80],"card_choices":[{"not_picked":["Berserk","Impervious"],"picked":"Barricade","floor":0},{"not_picked":["Carnage","Clothesline"],"picked":"Armaments","floor":1},{"not_picked":["True Grit","Iron Wave"],"picked":"Dropkick","floor":5},{"not_picked":["Carnage","Whirlwind"],"picked":"Rampage","floor":8},{"not_picked":["Perfected Strike","Searing Blow"],"picked":"Dual Wield","floor":10},{"not_picked":["Immolate","Pummel","Dual Wield"],"picked":"SKIP","floor":12},{"not_picked":["Power Through","Fire Breathing"],"picked":"Shrug It Off","floor":14},{"not_picked":["Brutality","Offering"],"picked":"Impervious","floor":16},{"not_picked":["Cleave+1","Clash","Searing Blow"],"picked":"SKIP","floor":18},{"not_picked":["Iron Wave","Seeing Red"],"picked":"True Grit+1","floor":21},{"not_picked":["Wild Strike+1","Perfected Strike"],"picked":"Intimidate","floor":24}],"player_experience":178362,"relics_obtained":[{"floor":8,"key":"Potion Belt"},{"floor":9,"key":"CeramicFish"},{"floor":12,"key":"Gremlin Horn"},{"floor":24,"key":"Toy Ornithopter"},{"floor":26,"key":"Smiling Mask"}],"event_choices":[{"damage_healed":0,"gold_gain":0,"player_choice":"Take Wound","damage_taken":0,"relics_obtained":["Golden Idol"],"max_hp_gain":0,"max_hp_loss":0,"event_name":"Golden Idol","floor":2,"gold_loss":0,"cards_obtained":["Injury"]},{"damage_healed":0,"gold_gain":0,"player_choice":"Grow","damage_taken":0,"max_hp_gain":0,"max_hp_loss":0,"event_name":"Living Wall","floor":3,"gold_loss":0,"cards_upgraded":["Barricade"]},{"cards_removed":["Injury"],"damage_healed":0,"gold_gain":0,"player_choice":"Card Removal","damage_taken":7,"max_hp_gain":0,"max_hp_loss":0,"event_name":"Golden Wing","floor":4,"gold_loss":0},{"damage_healed":0,"gold_gain":75,"player_choice":"Touch","damage_taken":8,"max_hp_gain":0,"max_hp_loss":0,"event_name":"FaceTrader","floor":11,"gold_loss":0},{"damage_healed":0,"gold_gain":99,"player_choice":"Stole From Cult","damage_taken":0,"max_hp_gain":0,"max_hp_loss":0,"event_name":"Nest","floor":19,"gold_loss":0},{"damage_healed":0,"gold_gain":0,"cards_transformed":["Strike_R","Defend_R"],"player_choice":"Became Test Subject","damage_taken":0,"max_hp_gain":0,"max_hp_loss":0,"event_name":"Drug Dealer","floor":22,"gold_loss":0,"cards_obtained":["Feel No Pain","Ghostly Armor"]}],"is_beta":false,"boss_relics":[{"not_picked":["Astrolabe","Snecko Eye"],"picked":"Philosopher\u0027s Stone"}],"items_purged_floors":[7,13,20],"is_endless":false,"potions_floor_spawned":[1,8,10,14,16,18],"killed_by":"Book of Stabbing","ascension_level":0}}