{"host":"clf2hd4adhiiw0zf","time":1611335964,"event":{"mods":["AchievementEnabler","BaseMod","Beaked The Cultist","Bestiary","Dark Map","Downfall","Gremlin Mod","Hermit","Jorbs\u0027s Wanderer Trilogy","Marisa????????","Minty Spire (QoL Compilation)","Shop Mod","StSLib","The Cursed","The Servant 0.9.4","UnlockEverythingMod"],"gold_per_floor":[349,369,380,380,655,673,673,685,699,699,699],"floor_reached":10,"language":"ENG","playtime":416,"items_purged":[],"score":60,"play_id":"6ecdf537-8283-4263-94b4-e280a3283869","local_time":"20210122101924","is_ascension_mode":false,"campfire_choices":[{"floor":1.0,"key":"RECALL"}],"circlet_count":0,"master_deck":["hermit:Strike_Hermit","hermit:Strike_Hermit","hermit:Strike_Hermit","hermit:Strike_Hermit","hermit:Defend_Hermit","hermit:Defend_Hermit","hermit:Defend_Hermit","hermit:Defend_Hermit","hermit:Snapshot","hermit:Covet","hermit:EyeOfTheStorm","hermit:Cheat","Regret","hermit:Snipe","hermit:Vantage","hermit:Enervate"],"relics":["hermit:Momento","Tiny Chest","Shuriken"],"acts_visited":["Exordium"],"potions_floor_usage":[10],"damage_taken":[{"damage":1.0,"enemies":"Cultist","floor":2.0,"turns":4.0},{"damage":0.0,"enemies":"2 Louse","floor":3.0,"turns":2.0},{"damage":6.0,"enemies":"Jaw Worm","floor":6.0,"turns":3.0},{"damage":27.0,"enemies":"Gremlin Gang","floor":8.0,"turns":6.0},{"damage":13.0,"enemies":"Exordium Wildlife","floor":9.0,"turns":6.0},{"damage":34,"enemies":"Gremlin Nob","floor":10,"turns":3}],"seed_played":"-6309313758041242273","potions_obtained":[{"floor":2.0,"key":"Fire Potion"},{"floor":8.0,"key":"SteroidPotion"},{"floor":9.0,"key":"Regen Potion"}],"is_trial":false,"path_per_floor":["R","M","M","?","?","M","T","M","M","E"],"character_chosen":"HERMIT","items_purchased":[],"campfire_rested":0,"item_purchase_floors":[],"current_hp_per_floor":[68,67,67,60,60,54,54,27,14,0,0],"gold":699,"neow_bonus":"TWO_FIFTY_GOLD","is_daily":false,"chose_seed":false,"campfire_upgraded":0,"win_rate":0.0,"timestamp":1611335964,"path_taken":["R","M","M","?","?","M","T","M","?","E"],"items_purchased_type":[],"build_version":"2020-12-22","purchased_purges":0,"victory":false,"max_hp_per_floor":[68,68,68,68,68,68,68,68,68,68,68],"card_choices":[{"not_picked":["hermit:Desperado","hermit:TrackingShot"],"picked":"hermit:EyeOfTheStorm","floor":2.0},{"not_picked":["hermit:Ricochet","hermit:Snipe"],"picked":"hermit:Cheat","floor":3.0},{"not_picked":["hermit:ItchyTrigger","hermit:SprayPray"],"picked":"hermit:Snipe","floor":6.0},{"not_picked":["hermit:Coalescence","hermit:Virtue"],"picked":"hermit:Vantage","floor":8.0},{"not_picked":["hermit:HighCaliber","hermit:Desperado"],"picked":"hermit:Enervate","floor":9.0}],"player_experience":80959,"relics_obtained":[{"floor":7.0,"key":"Shuriken"}],"event_choices":[{"damage_healed":0.0,"max_hp_gain":0.0,"max_hp_loss":0.0,"gold_gain":0.0,"event_name":"Scrap Ooze","player_choice":"Success","floor":4.0,"gold_loss":0.0,"damage_taken":7.0,"relics_obtained":["Tiny Chest"]}],"is_beta":false,"boss_relics":[],"items_purged_floors":[],"is_endless":false,"potions_floor_spawned":[2,8,9],"killed_by":"Gremlin Nob","ascension_level":0}}