{"host":"0av13bfd5y1jedv9","time":1611310887,"event":{"mods":["AchievementEnabler","Act Like it!","Aspiration","BaseMod","Bestiary","Challenge The Spire","Colored Map","Conspire","Downfall","Energized Spire","GifTheSpireLib","Highlight Path","Hubris","Infinite Spire","Minty Spire (QoL Compilation)","Relic Sorter","Spicy Shops","Spikes Relics","StSLib","Stuff the Spire","Synergy Search","vexMod"],"gold_per_floor":[99,99,99,99,99,99,149,171,215,227,255,267,279,279,279],"floor_reached":13,"language":"ENG","playtime":559,"items_purged":[],"score":83,"play_id":"a6cb4bc7-abc0-4f66-9697-597a0cba775c","local_time":"20210122102127","is_ascension_mode":true,"campfire_choices":[{"floor":10,"key":"REST"},{"floor":12,"key":"REST"}],"circlet_count":0,"master_deck":["sneckomod:Strike","sneckomod:Strike","sneckomod:Strike","sneckomod:TailWhip","sneckomod:SnekBite","sneckomod:Unknown","Madness+1","sneckomod:UnknownDraw","sneckomod:UnknownStrike","sneckomod:SoulCleanse","Deflect","conspire:PoisonWeapons","Outmaneuver","sneckomod:Unknown0Cost","sneckomod:SoulDraw","sneckomod:DiceCrush"],"relics":["sneckomod:SneckoSoul","downfall:HeartsMalice","MawBank","Omamori"],"acts_visited":[],"potions_floor_usage":[],"damage_taken":[{"damage":0,"enemies":"Small Slimes","floor":2,"turns":1},{"damage":0,"enemies":"infinitespire:Voidling","floor":3,"turns":1},{"damage":0,"enemies":"2 Louse","floor":5,"turns":1},{"damage":32,"enemies":"Gremlin Gang","floor":8,"turns":5},{"damage":56,"enemies":"Gremlin Nob","floor":9,"turns":6},{"damage":18,"enemies":"2 Fungi Beasts","floor":11,"turns":4},{"damage":41,"enemies":"3 Sentries","floor":13,"turns":4}],"seed_played":"8782996178087991315","potions_obtained":[{"floor":8,"key":"Explosive Potion"},{"floor":11,"key":"hexamod:SoulburnPotion"}],"is_trial":false,"path_per_floor":["R","M","M","?","M","?","T","M","E","R","M","R","E"],"character_chosen":"THE_SNECKO","items_purchased":[],"campfire_rested":2,"item_purchase_floors":[],"current_hp_per_floor":[90,90,90,90,90,90,90,58,2,29,11,38,0,0,0],"gold":279,"neow_bonus":"THREE_ENEMY_KILL","is_daily":false,"chose_seed":false,"campfire_upgraded":0,"win_rate":0.0,"timestamp":1611310887,"path_taken":["R","M","M","?","?","?","T","M","E","R","?","R","E"],"items_purchased_type":[],"build_version":"2020-12-22","purchased_purges":0,"victory":false,"max_hp_per_floor":[90,90,90,90,90,90,90,90,90,90,90,90,90,90,90],"card_choices":[{"not_picked":["sneckomod:Nope","sneckomod:UnknownCommonSkill"],"picked":"sneckomod:UnknownDraw","floor":2},{"not_picked":["sneckomod:DiceCrush","sneckomod:SoulDraw"],"picked":"sneckomod:UnknownStrike","floor":3},{"not_picked":["sneckomod:SlitherStrike","sneckomod:PureSnecko"],"picked":"sneckomod:SoulCleanse","floor":5},{"not_picked":["sneckomod:DiceBlock","sneckomod:QuickMove"],"picked":"sneckomod:Unknown0Cost","floor":8},{"not_picked":["sneckomod:SoulCleanse","sneckomod:Nope"],"picked":"sneckomod:SoulDraw","floor":9},{"not_picked":["sneckomod:Nope","sneckomod:DiceBlock"],"picked":"sneckomod:DiceCrush","floor":11}],"player_experience":200315,"relics_obtained":[{"floor":7,"key":"MawBank"},{"floor":9,"key":"Omamori"}],"event_choices":[],"is_beta":false,"boss_relics":[],"items_purged_floors":[],"is_endless":false,"potions_floor_spawned":[8,11],"killed_by":"3 Sentries","ascension_level":1}}