{"host":"4a6fro0of1ie0h2w","time":1611338520,"event":{"mods":["Aspiration","BaseMod","CCEM","Colored Map","Conspire","Downfall","GifTheSpireLib","Halation","Highlight Path","Hubris","Infinite Spire","Marisa????????","Minty Spire (QoL Compilation)","Permanent Neow","Replay The Spire","StSLib","Stuff the Spire","The Servant 0.9.4"],"gold_per_floor":[99,109,129,129,145,170,217,252,52,83,83,83,94,4,14,109,109,109,128,141,320,320,320,366,366,376,392,423,435,435,461,479,580,630,530,542,558,571,571,571,571,571,590,590,604,630,351,362,378,378,378,404,24,24,24,24,24],"floor_reached":55,"language":"ENG","playtime":3136,"items_purged":["downfall:Malfunctioning","bronze:Strike","bronze:Strike"],"score":776,"play_id":"6b0cf16a-5005-4265-a431-75de24b5fe81","local_time":"20210122200200","is_ascension_mode":false,"campfire_choices":[{"floor":1,"key":"RECALL"},{"data":"bronze:Iterate","floor":9,"key":"SMITH"},{"data":"bronze:FollowUp","floor":12,"key":"SMITH"},{"data":"bronze:Format","floor":18,"key":"SMITH"},{"data":"bronze:FineTuning","floor":23,"key":"SMITH"},{"data":"bronze:DelayedSlice","floor":35,"key":"SMITH"},{"data":"bronze:WhirlingStrike","floor":42,"key":"SMITH"},{"floor":54,"key":"REST"}],"circlet_count":0,"master_deck":["bronze:Strike+1","bronze:Strike","bronze:Defend+1","bronze:Defend+1","bronze:Defend","bronze:Defend","bronze:Replicate+1","bronze:Goto","bronze:ClassDefault","bronze:FollowUp+1","bronze:Iterate+1","bronze:Optimize+1","bronze:CloningBeam","bronze:DelayedSlice+1","bronze:Format+1","bronze:DelayedSlice+1","bronze:FineTuning+1","bronze:Iterate+1","bronze:ClassDefault+1","bronze:FineTuning","bronze:WhirlingStrike+1","bronze:DelayedGuard","bronze:Boost+1","bronze:Shell+1","bronze:SpaghettiCode+1","bronze:DelayedGuard+1","bronze:Repair+1","bronze:Backtrace","bronze:FineTuning+1"],"relics":["bronze:BronzeCore","Meat on the Bone","CCEMRelics:TinyMinotavrHorn","downfall:HeartBlessingRed","downfall:HeartBlessingBlue","Letter Opener","CCEMRelics:Sandal","hubris:TerracottaHorce","infinitespire:Beetle Shell","Shuriken","MutagenicStrength","Replay:Wax Seal","Tiny House","downfall:HeartBlessingGreen","StuffTheSpire:ForceGauntlet","Potion Belt","CCEMRelics:SpiritsEdge","StuffTheSpire:MayFlowers"],"acts_visited":["Exordium","TheCity","TheBeyond","TheEnding"],"potions_floor_usage":[14,16,36,50,52,52,55],"damage_taken":[{"damage":0,"enemies":"Small Slimes","floor":2,"turns":3},{"damage":3,"enemies":"Jaw Worm","floor":3,"turns":4},{"damage":4,"enemies":"Cultist","floor":5,"turns":5},{"damage":13,"enemies":"Replay:BlueRogue","floor":6,"turns":5},{"damage":28,"enemies":"3 Sentries","floor":8,"turns":9},{"damage":17,"enemies":"conspire:MimicChest","floor":10,"turns":6},{"damage":10,"enemies":"Exordium Thugs","floor":13,"turns":3},{"damage":4,"enemies":"downfall:FleeingMerchant","floor":14,"turns":4},{"damage":0,"enemies":"3 Louse","floor":15,"turns":2},{"damage":9,"enemies":"WA_ARCHETYPE_RETAIN","floor":16,"turns":6},{"damage":0,"enemies":"3 Byrds","floor":19,"turns":2},{"damage":1,"enemies":"Chosen","floor":20,"turns":3},{"damage":10,"enemies":"downfall:FleeingMerchant","floor":21,"turns":4},{"damage":3,"enemies":"conspire:HollyBat","floor":26,"turns":5},{"damage":0,"enemies":"Chosen and Byrds","floor":27,"turns":3},{"damage":2,"enemies":"Gremlin Leader","floor":28,"turns":3},{"damage":1,"enemies":"Cultist and Chosen","floor":29,"turns":3},{"damage":0,"enemies":"conspire:Head Lice","floor":31,"turns":2},{"damage":0,"enemies":"conspire:HollyBat","floor":32,"turns":6},{"damage":16,"enemies":"SI_MIRROR_ARCHETYPE","floor":33,"turns":6},{"damage":6,"enemies":"3 Darklings","floor":36,"turns":2},{"damage":0,"enemies":"Orb Walker","floor":37,"turns":1},{"damage":0,"enemies":"Transient","floor":38,"turns":5},{"damage":0,"enemies":"Sphere and 2 Shapes","floor":43,"turns":3},{"damage":0,"enemies":"Maw","floor":45,"turns":7},{"damage":18,"enemies":"Nemesis","floor":46,"turns":5},{"damage":0,"enemies":"Jaw Worm Horde","floor":48,"turns":3},{"damage":0,"enemies":"Spire Growth","floor":49,"turns":2},{"damage":31,"enemies":"IC_BLOCK_ARCHETYPE","floor":50,"turns":7},{"damage":75,"enemies":"downfall:CharBossMerchant","floor":52,"turns":7},{"damage":88,"enemies":"downfall:NeowBoss","floor":55,"turns":11}],"seed_played":"1461721034077545070","potions_obtained":[{"floor":2,"key":"FearPotion"},{"floor":3,"key":"bronze:FreeFunctionsPotion"},{"floor":10,"key":"EssenceOfSteel"},{"floor":16,"key":"Adrenaline Potion"},{"floor":26,"key":"Adrenaline Potion"},{"floor":36,"key":"Block Potion"},{"floor":46,"key":"PowerPotion"},{"floor":52,"key":"Elixir"}],"is_trial":false,"path_per_floor":["R","M","M","?","M","E","T","E","R","?","T","R","M","$","M","B",null,"R","M","M","$","?","R","T","?","M","M","E","M","?","E","M","B",null,"R","M","M","M","?","?","T","R","M","?","M","E","$","M","M","B",null,"E","$","R","B"],"character_chosen":"THE_AUTOMATON","items_purchased":["bronze:Iterate+1","CCEMRelics:SpiritsEdge","StuffTheSpire:MayFlowers","EssenceOfSteel"],"campfire_rested":1,"item_purchase_floors":[21,47,53,53],"current_hp_per_floor":[70,70,67,67,63,50,50,34,44,39,39,39,41,49,49,52,73,73,73,72,62,62,62,62,62,59,59,57,56,56,56,56,52,78,78,72,72,72,52,52,52,52,62,62,72,54,54,54,54,54,77,40,40,65,0,0,0],"gold":24,"neow_bonus":"UPGRADE_CARD","is_daily":false,"chose_seed":false,"campfire_upgraded":6,"win_rate":0.0,"timestamp":1611338520,"path_taken":["R","M","M","?","M","E","T","E","R","?","?","R","?","?","M","BOSS","R","M","M","$","?","R","T","?","M","?","E","M","?","E","M","BOSS","R","M","M","M","?","?","T","R","M","?","M","E","$","M","M","BOSS","E","$","R","BOSS"],"items_purchased_type":["Card","Relic","Relic","Potion"],"build_version":"2020-12-22","purchased_purges":3,"victory":false,"max_hp_per_floor":[70,70,70,70,70,70,70,70,80,80,80,80,80,80,80,80,80,80,80,80,80,80,80,80,80,80,80,80,80,80,80,80,80,85,85,85,85,85,85,85,85,85,85,85,85,85,85,85,85,85,85,85,85,85,85,85,85],"card_choices":[{"not_picked":["bronze:Branch","bronze:Overheat"],"picked":"bronze:ClassDefault","floor":2},{"not_picked":["bronze:Shield","bronze:CloningBeam"],"picked":"bronze:FollowUp","floor":3},{"not_picked":["bronze:DelayedGuard","bronze:Fortify"],"picked":"bronze:Iterate","floor":5},{"not_picked":["bronze:BitShift","bronze:ThunderWave"],"picked":"bronze:Optimize","floor":6},{"not_picked":["bronze:CutThrough","bronze:BitShift"],"picked":"bronze:CloningBeam","floor":8},{"not_picked":["bronze:Overheat","bronze:NullPointer","bronze:DigitalCarnage"],"picked":"SKIP","floor":13},{"not_picked":["bronze:BurnOut","bronze:ItsAFeature"],"picked":"bronze:DelayedSlice","floor":14},{"not_picked":["bronze:BuggyMess","bronze:OilSpill","bronze:BugBarrage"],"picked":"SKIP","floor":15},{"not_picked":["bronze:Break","bronze:AlphaBuild"],"picked":"bronze:Format","floor":16},{"not_picked":["bronze:Shell","bronze:CutThrough"],"picked":"bronze:DelayedSlice+1","floor":19},{"not_picked":["bronze:WildBeam","bronze:CutThrough","bronze:Frontload"],"picked":"SKIP","floor":20},{"not_picked":["bronze:BugBarrage","bronze:BurnOut"],"picked":"bronze:FineTuning","floor":21},{"not_picked":["bronze:ChosenStrike","bronze:Branch+1"],"picked":"bronze:ClassDefault+1","floor":26},{"not_picked":["bronze:Frontload","bronze:Deprecate"],"picked":"bronze:FineTuning","floor":27},{"not_picked":["bronze:BuggyMess","bronze:DelayedGuard+1"],"picked":"bronze:WhirlingStrike","floor":28},{"not_picked":["bronze:Frontload","bronze:BugBarrage+1"],"picked":"bronze:DelayedGuard","floor":29},{"not_picked":["bronze:Deprecate","bronze:ForceShield+1"],"picked":"bronze:Boost+1","floor":31},{"not_picked":["bronze:AlphaBuild","bronze:CutThrough"],"picked":"bronze:Shell+1","floor":32},{"not_picked":["bronze:ShipIt","bronze:Virus"],"picked":"bronze:SpaghettiCode","floor":33},{"not_picked":["bronze:WhirlingStrike","bronze:BitShift"],"picked":"bronze:DelayedGuard+1","floor":36},{"not_picked":["bronze:CutThrough","bronze:FineTuning+1"],"picked":"bronze:Repair+1","floor":37},{"not_picked":["bronze:FineTuning","bronze:ForceShield","bronze:BugBarrage"],"picked":"SKIP","floor":38},{"not_picked":["bronze:Frontload","bronze:CutThrough+1","bronze:FindAndReplace"],"picked":"SKIP","floor":43},{"not_picked":["bronze:OilSpill+1","bronze:WildBeam","bronze:Frontload"],"picked":"SKIP","floor":45},{"not_picked":["bronze:Return+1","bronze:DarkDash"],"picked":"bronze:Backtrace","floor":46},{"not_picked":["bronze:Frontload+1","bronze:Allocate","bronze:Invalidate"],"picked":"SKIP","floor":48},{"not_picked":["bronze:HyperBeam","bronze:WhirlingStrike"],"picked":"bronze:FineTuning+1","floor":49},{"not_picked":["bronze:Overheat","bronze:NullPointer+1","bronze:CutThrough+1"],"picked":"SKIP","floor":52}],"player_experience":214856,"relics_obtained":[{"floor":6,"key":"Meat on the Bone"},{"floor":8,"key":"CCEMRelics:TinyMinotavrHorn"},{"floor":10,"key":"Letter Opener"},{"floor":11,"key":"CCEMRelics:Sandal"},{"floor":24,"key":"infinitespire:Beetle Shell"},{"floor":28,"key":"Shuriken"},{"floor":31,"key":"Replay:Wax Seal"},{"floor":41,"key":"StuffTheSpire:ForceGauntlet"},{"floor":46,"key":"Potion Belt"}],"event_choices":[{"damage_healed":0,"gold_gain":0,"player_choice":"Inject Mutagens","damage_taken":0,"relics_obtained":["MutagenicStrength"],"max_hp_gain":0,"max_hp_loss":0,"event_name":"Drug Dealer","floor":30,"gold_loss":0}],"is_beta":false,"boss_relics":[{"not_picked":["halation:SmartPhone","aspiration:WatcherSkillbook"],"picked":"hubris:TerracottaHorce"},{"not_picked":["conspire:RoyalGoblet","hubris:GrandSneckoEye"],"picked":"Tiny House"}],"items_purged_floors":[14,21,47],"is_endless":false,"potions_floor_spawned":[2,3,10,16,26,27,32,33,36,37,38,46,52],"killed_by":"downfall:NeowBoss","ascension_level":0}}