{"host":"s41rn2jhghpwfrvz","time":1611340037,"event":{"mods":["BaseMod","Minty Spire (QoL Compilation)","Quick Restart","Relic Stats","SuperFastMode"],"gold_per_floor":[117,42,42,42,58,58,87,100,126,157,157,187,187,222,222,299,299,314,239,164,164,177,197,222,240,240,275,275,302,313,339,339,417,417,431,431,447,447,498,498,498],"floor_reached":40,"language":"ENG","playtime":7475,"items_purged":["Quick Slash"],"score":1430,"play_id":"9daac180-9173-4c74-a6d9-ac74777ff857","local_time":"20210122202717","daily_mods":["SealedDeck","Diverse","DeadlyEvents"],"is_ascension_mode":true,"campfire_choices":[{"data":"Body Slam","floor":6.0,"key":"SMITH"},{"data":"Body Slam","floor":11.0,"key":"SMITH"},{"data":"Acrobatics","floor":13.0,"key":"SMITH"},{"data":"Blur","floor":15.0,"key":"SMITH"},{"data":"Barricade","floor":32.0,"key":"SMITH"}],"circlet_count":0,"master_deck":["AscendersBane","Sweeping Beam","PiercingWail","Steam+1","Body Slam+1","Undo+1","BootSequence","Acrobatics+1","Body Slam+1","Blur+1","Barricade+1"],"relics":["Burning Blood","Art of War","Bag of Preparation","War Paint","Gremlin Horn","Ornamental Fan","Runic Dome","Magic Flower","Oddly Smooth Stone","Akabeko","Molten Egg 2","Lizard Tail","Turnip","SacredBark","Shovel"],"acts_visited":["Exordium","TheCity","TheBeyond"],"potions_floor_usage":[40],"damage_taken":[{"damage":0.0,"enemies":"Small Slimes","floor":1.0,"turns":3.0},{"damage":3.0,"enemies":"Jaw Worm","floor":5.0,"turns":4.0},{"damage":14.0,"enemies":"Lagavulin","floor":7.0,"turns":6.0},{"damage":0.0,"enemies":"2 Louse","floor":8.0,"turns":2.0},{"damage":52.0,"enemies":"Gremlin Nob","floor":10.0,"turns":5.0},{"damage":0.0,"enemies":"Lagavulin","floor":12.0,"turns":3.0},{"damage":0.0,"enemies":"Gremlin Nob","floor":14.0,"turns":2.0},{"damage":0.0,"enemies":"Hexaghost","floor":16.0,"turns":4.0},{"damage":0.0,"enemies":"Chosen","floor":18.0,"turns":3.0},{"damage":0.0,"enemies":"Spheric Guardian","floor":22.0,"turns":2.0},{"damage":0.0,"enemies":"Snecko","floor":23.0,"turns":4.0},{"damage":0.0,"enemies":"Book of Stabbing","floor":24.0,"turns":2.0},{"damage":0.0,"enemies":"Shelled Parasite and Fungi","floor":25.0,"turns":2.0},{"damage":0.0,"enemies":"Gremlin Leader","floor":27.0,"turns":3.0},{"damage":14.0,"enemies":"Slavers","floor":29.0,"turns":5.0},{"damage":0.0,"enemies":"Centurion and Healer","floor":30.0,"turns":2.0},{"damage":0.0,"enemies":"Gremlin Leader","floor":31.0,"turns":3.0},{"damage":0.0,"enemies":"Collector","floor":33.0,"turns":3.0},{"damage":0.0,"enemies":"3 Darklings","floor":35.0,"turns":3.0},{"damage":0.0,"enemies":"Orb Walker","floor":37.0,"turns":3.0},{"damage":0.0,"enemies":"2 Orb Walkers","floor":39.0,"turns":3.0},{"damage":22,"enemies":"Nemesis","floor":40,"turns":7}],"seed_played":"-6260485983580513334","potions_obtained":[{"floor":1.0,"key":"Dexterity Potion"},{"floor":5.0,"key":"Regen Potion"},{"floor":23.0,"key":"PowerPotion"}],"is_trial":true,"path_per_floor":["M","?","?","$","M","R","E","M","T","E","R","E","R","E","R","B",null,"M","?","$","T","M","M","E","M","T","E","T","E","M","E","R","B",null,"M","?","M","?","?","E"],"character_chosen":"IRONCLAD","items_purchased":[],"campfire_rested":0,"item_purchase_floors":[],"current_hp_per_floor":[74,74,79,79,80,80,72,78,78,32,32,38,38,44,44,50,73,79,79,79,79,80,80,80,80,80,80,80,75,80,80,80,80,80,80,70,79,79,80,58,58],"gold":498,"neow_bonus":"","is_daily":false,"chose_seed":false,"campfire_upgraded":5,"win_rate":0.0,"timestamp":1611340037,"path_taken":["M","?","?","?","M","R","E","M","T","?","R","E","R","E","R","BOSS","M","?","$","?","?","M","E","M","T","E","?","E","M","?","R","BOSS","M","?","M","?","?","E"],"items_purchased_type":[],"build_version":"2020-12-22","purchased_purges":1,"victory":false,"max_hp_per_floor":[75,75,80,80,80,80,80,80,80,80,80,80,80,80,80,80,80,80,80,80,80,80,80,80,80,80,80,80,80,80,80,80,80,80,80,80,80,80,80,80,80],"relic_stats":{"Lizard Tail":0,"Shovel":0,"Gremlin Horn":[16,16],"counters":[22,74],"Ornamental Fan":[60],"Magic Flower":[6],"Turnip":[0],"Art of War":[5],"Bag of Preparation":[36],"War Paint":["Steam","Undo"],"obtain_stats":[{"Gremlin Horn":12,"SacredBark":34,"Magic Flower":21,"Oddly Smooth Stone":24,"Bag of Preparation":9,"War Paint":10,"Burning Blood":0,"Akabeko":27,"Runic Dome":17,"Lizard Tail":29,"Shovel":39,"Ornamental Fan":14,"Molten Egg 2":28,"Turnip":31,"Art of War":7},{"Gremlin Horn":6,"SacredBark":18,"Magic Flower":9,"Oddly Smooth Stone":12,"Bag of Preparation":4,"War Paint":5,"Burning Blood":0,"Akabeko":14,"Runic Dome":8,"Lizard Tail":15,"Shovel":21,"Ornamental Fan":7,"Molten Egg 2":14,"Turnip":17,"Art of War":3},{"Gremlin Horn":23,"SacredBark":58,"Magic Flower":32,"Oddly Smooth Stone":40,"Bag of Preparation":15,"War Paint":20,"Burning Blood":0,"Akabeko":45,"Runic Dome":29,"Lizard Tail":50,"Shovel":67,"Ornamental Fan":25,"Molten Egg 2":45,"Turnip":55,"Art of War":13}],"Burning Blood":77},"card_choices":[{"not_picked":["Shrug It Off","Undo"],"picked":"Acrobatics","floor":1.0},{"not_picked":["Reprogram","Flex"],"picked":"Body Slam","floor":5.0},{"not_picked":["BowlingBash","Hologram","Cleave"],"picked":"SKIP","floor":7.0},{"not_picked":["Cleave","Impervious","Leap"],"picked":"SKIP","floor":8.0},{"not_picked":["Sword Boomerang","Blizzard","Recycle"],"picked":"SKIP","floor":10.0},{"not_picked":["Predator","Flechettes","Bloodletting"],"picked":"SKIP","floor":12.0},{"not_picked":["Evaluate","Crescendo"],"picked":"Blur","floor":14.0},{"not_picked":["Phantasmal Killer","Wish"],"picked":"Barricade","floor":16.0},{"not_picked":["Infinite Blades","Deadly Poison","Go for the Eyes"],"picked":"SKIP","floor":18.0},{"not_picked":["Sucker Punch","Swivel","Clash"],"picked":"SKIP","floor":22.0},{"not_picked":["Reflex","Thunderclap","Go for the Eyes"],"picked":"SKIP","floor":23.0},{"not_picked":["Leap","Pray","Dagger Spray"],"picked":"SKIP","floor":24.0},{"not_picked":["ThirdEye","Slice","Rage"],"picked":"SKIP","floor":25.0},{"not_picked":["Fission","Body Slam","EmptyFist+1"],"picked":"SKIP","floor":27.0},{"not_picked":["Bloodletting","True Grit","Cold Snap+1"],"picked":"SKIP","floor":29.0},{"not_picked":["Bloodletting","True Grit","Cold Snap+1"],"picked":"SKIP","floor":29.0},{"not_picked":["Cold Snap+1","Feel No Pain","Hologram"],"picked":"SKIP","floor":30.0},{"not_picked":["Protect","Steam Power","Infinite Blades"],"picked":"SKIP","floor":31.0},{"not_picked":["Acrobatics","Poisoned Stab+1","Perfected Strike+1"],"picked":"SKIP","floor":35.0},{"not_picked":["Cloak And Dagger","Evaluate+1","Pommel Strike+1"],"picked":"SKIP","floor":37.0}],"player_experience":1825274,"relics_obtained":[{"floor":7.0,"key":"Art of War"},{"floor":9.0,"key":"Bag of Preparation"},{"floor":10.0,"key":"War Paint"},{"floor":12.0,"key":"Gremlin Horn"},{"floor":14.0,"key":"Ornamental Fan"},{"floor":21.0,"key":"Magic Flower"},{"floor":24.0,"key":"Oddly Smooth Stone"},{"floor":27.0,"key":"Akabeko"},{"floor":28.0,"key":"Molten Egg 2"},{"floor":29.0,"key":"Lizard Tail"},{"floor":31.0,"key":"Turnip"},{"floor":39.0,"key":"Shovel"}],"event_choices":[{"cards_removed":["Armaments"],"damage_healed":0.0,"max_hp_gain":0.0,"max_hp_loss":0.0,"gold_gain":0.0,"event_name":"The Cleric","player_choice":"Card Removal","floor":2.0,"gold_loss":75.0,"damage_taken":0.0},{"damage_healed":0.0,"max_hp_gain":5.0,"max_hp_loss":0.0,"gold_gain":0.0,"event_name":"Big Fish","player_choice":"Donut","floor":3.0,"gold_loss":0.0,"damage_taken":0.0},{"cards_removed":["Protect"],"damage_healed":0.0,"max_hp_gain":0.0,"max_hp_loss":0.0,"gold_gain":0.0,"event_name":"Beggar","player_choice":"Gave Gold","floor":19.0,"gold_loss":75.0,"damage_taken":0.0},{"damage_healed":0.0,"max_hp_gain":0.0,"max_hp_loss":0.0,"gold_gain":0.0,"event_name":"SensoryStone","player_choice":"Memory 3","floor":36.0,"gold_loss":0.0,"damage_taken":10.0},{"cards_removed":["Fire Breathing"],"damage_healed":0.0,"max_hp_gain":0.0,"max_hp_loss":0.0,"gold_gain":0.0,"event_name":"Falling","player_choice":"Removed Power","floor":38.0,"gold_loss":0.0,"damage_taken":0.0},{"damage_healed":0.0,"max_hp_gain":0.0,"max_hp_loss":0.0,"gold_gain":0.0,"event_name":"Mysterious Sphere","player_choice":"Fight","floor":39.0,"gold_loss":0.0,"damage_taken":0.0}],"is_beta":false,"boss_relics":[{"not_picked":["Mark of Pain","Tiny House"],"picked":"Runic Dome"},{"not_picked":["Runic Cube","Snecko Eye"],"picked":"SacredBark"}],"items_purged_floors":[20],"is_endless":false,"potions_floor_spawned":[1,5,12,14,22,23,30,31],"killed_by":"Nemesis","ascension_level":20}}