{"host":"4rvakrj1idbgia3f","time":1611326095,"event":{"mods":["BaseMod","Colored Map","Colored Powertips","DeckTracker","Highlight Path","Minty Spire (QoL Compilation)","Random Character Button","StSLib"],"gold_per_floor":[115,31,31,44,44,74,74,103,103,130,130,145,174,11,11,88,88,98,98,23,23,34,34,69,86,110,110,122,122,141,154,154,225,225,241,259,276,276,276],"floor_reached":38,"language":"JPN","playtime":1329,"items_purged":["Strike_R"],"score":898,"play_id":"47b75a82-2dcf-45fd-a74a-9611f0904b45","local_time":"20210122233455","is_ascension_mode":true,"campfire_choices":[{"data":"Fire Breathing","floor":7.0,"key":"SMITH"},{"data":"Rampage","floor":11.0,"key":"SMITH"},{"data":"Wild Strike","floor":15.0,"key":"SMITH"},{"data":"Burning Pact","floor":23.0,"key":"SMITH"},{"data":"Power Through","floor":27,"key":"SMITH"},{"data":"Pommel Strike","floor":29,"key":"SMITH"},{"data":"Juggernaut","floor":32,"key":"SMITH"}],"circlet_count":0,"master_deck":["AscendersBane","Strike_R","Strike_R","Defend_R","Defend_R","Defend_R","Defend_R","Bash","Power Through+1","Fire Breathing+1","Burning Pact+1","Rampage+1","Pommel Strike+1","Wild Strike+1","Disarm","Disarm","Juggernaut+1","Intimidate+1","True Grit+1","Burning Pact","Corruption","True Grit","Sentinel+1"],"relics":["Burning Blood","NeowsBlessing","Du-Vu Doll","CaptainsWheel","Lizard Tail","Calipers","Pen Nib","Coffee Dripper","Bottled Tornado","Regal Pillow","Mark of Pain"],"acts_visited":["Exordium","TheCity","TheBeyond"],"potions_floor_usage":[24,33,33],"damage_taken":[{"damage":0.0,"enemies":"Jaw Worm","floor":1.0,"turns":1.0},{"damage":0.0,"enemies":"Cultist","floor":4.0,"turns":1.0},{"damage":0.0,"enemies":"Lagavulin","floor":6.0,"turns":2.0},{"damage":15.0,"enemies":"3 Sentries","floor":8.0,"turns":4.0},{"damage":14.0,"enemies":"Gremlin Nob","floor":10.0,"turns":4.0},{"damage":7.0,"enemies":"2 Louse","floor":12.0,"turns":3.0},{"damage":7.0,"enemies":"Lagavulin","floor":13.0,"turns":6.0},{"damage":10.0,"enemies":"Slime Boss","floor":16.0,"turns":7.0},{"damage":12.0,"enemies":"2 Thieves","floor":18.0,"turns":4.0},{"damage":0.0,"enemies":"Chosen","floor":22.0,"turns":5.0},{"damage":75,"enemies":"Gremlin Leader","floor":24,"turns":7},{"damage":4,"enemies":"Centurion and Healer","floor":25,"turns":6},{"damage":1,"enemies":"3 Cultists","floor":28,"turns":5},{"damage":19,"enemies":"Snake Plant","floor":30,"turns":4},{"damage":1,"enemies":"Centurion and Healer","floor":31,"turns":5},{"damage":33,"enemies":"Automaton","floor":33,"turns":8},{"damage":20,"enemies":"Orb Walker","floor":35,"turns":3},{"damage":11,"enemies":"3 Shapes","floor":36,"turns":3},{"damage":21,"enemies":"Maw","floor":37,"turns":7},{"damage":42,"enemies":"Writhing Mass","floor":38,"turns":4}],"seed_played":"3827984824054242279","potions_obtained":[{"floor":8.0,"key":"LiquidBronze"},{"floor":12.0,"key":"PowerPotion"},{"floor":16.0,"key":"PowerPotion"},{"floor":22.0,"key":"DuplicationPotion"},{"floor":30,"key":"PowerPotion"},{"floor":33,"key":"ColorlessPotion"}],"is_trial":false,"path_per_floor":["M","$","?","M","$","E","R","E","T","E","R","M","E","$","R","B",null,"M","?","?","?","M","R","E","M","T","R","M","R","M","M","R","B",null,"M","M","M","M"],"character_chosen":"IRONCLAD","items_purchased":["Fire Breathing","Disarm"],"campfire_rested":0,"item_purchase_floors":[2,14],"current_hp_per_floor":[74,74,63,69,69,75,75,66,66,58,58,57,56,56,56,52,69,63,63,63,63,69,69,43,45,45,45,50,50,37,42,42,15,60,46,41,26,0,0],"gold":276,"neow_bonus":"THREE_ENEMY_KILL","is_daily":false,"chose_seed":false,"campfire_upgraded":7,"win_rate":0.0,"timestamp":1611326095,"path_taken":["M","$","?","M","$","E","R","E","T","E","R","?","E","?","R","BOSS","M","?","?","?","M","R","E","M","T","R","M","R","M","M","R","BOSS","M","?","?","M"],"items_purchased_type":["Card","Card"],"build_version":"2020-12-22","purchased_purges":1,"victory":false,"max_hp_per_floor":[75,75,75,75,75,75,75,75,75,75,75,75,75,75,75,75,75,75,75,75,75,75,75,75,75,75,75,75,75,75,75,75,75,75,75,75,75,75,75],"card_choices":[{"not_picked":["Headbutt","Pommel Strike"],"picked":"Power Through","floor":1.0},{"not_picked":["Pommel Strike","Barricade"],"picked":"Burning Pact","floor":6.0},{"not_picked":["Fire Breathing","Clash"],"picked":"Rampage","floor":8.0},{"not_picked":["Clothesline","Shockwave"],"picked":"Pommel Strike","floor":10.0},{"not_picked":["Havoc","Ghostly Armor"],"picked":"Wild Strike","floor":12.0},{"not_picked":["Pommel Strike","Armaments"],"picked":"Disarm","floor":13.0},{"not_picked":["Double Tap","Limit Break"],"picked":"Juggernaut","floor":16.0},{"not_picked":["Warcry","Iron Wave","Twin Strike"],"picked":"SKIP","floor":18.0},{"not_picked":["Clash","Seeing Red"],"picked":"Intimidate+1","floor":22.0},{"not_picked":["Flame Barrier","Twin Strike","Dropkick"],"picked":"SKIP","floor":24},{"not_picked":["Anger","Carnage"],"picked":"True Grit+1","floor":25},{"not_picked":["Wild Strike","Cleave","Infernal Blade"],"picked":"SKIP","floor":28},{"not_picked":["Clothesline","Ghostly Armor"],"picked":"Burning Pact","floor":30},{"not_picked":["Rampage","Iron Wave","Wild Strike"],"picked":"SKIP","floor":31},{"not_picked":["Limit Break","Demon Form"],"picked":"Corruption","floor":33},{"not_picked":["Armaments","Clash"],"picked":"True Grit","floor":36},{"not_picked":["Flex","Headbutt"],"picked":"Sentinel+1","floor":37}],"player_experience":2066544,"relics_obtained":[{"floor":6.0,"key":"Du-Vu Doll"},{"floor":8.0,"key":"CaptainsWheel"},{"floor":9.0,"key":"Lizard Tail"},{"floor":10.0,"key":"Calipers"},{"floor":13.0,"key":"Pen Nib"},{"floor":24,"key":"Bottled Tornado"},{"floor":26,"key":"Regal Pillow"}],"event_choices":[{"damage_healed":0.0,"max_hp_gain":0.0,"max_hp_loss":0.0,"gold_gain":0.0,"event_name":"Wheel of Change","player_choice":"Damaged","floor":3.0,"gold_loss":0.0,"damage_taken":11.0},{"damage_healed":0.0,"max_hp_gain":0.0,"max_hp_loss":0.0,"gold_gain":0.0,"event_name":"Ghosts","player_choice":"Ignored","floor":19.0,"gold_loss":0.0,"damage_taken":0.0},{"cards_removed":["Strike_R"],"damage_healed":0.0,"max_hp_gain":0.0,"max_hp_loss":0.0,"gold_gain":0.0,"event_name":"Beggar","player_choice":"Gave Gold","floor":20.0,"gold_loss":75.0,"damage_taken":0.0},{"cards_removed":["Strike_R"],"damage_healed":0.0,"max_hp_gain":0.0,"max_hp_loss":0.0,"gold_gain":0.0,"event_name":"Purifier","player_choice":"Purged","floor":21.0,"gold_loss":0.0,"damage_taken":0.0}],"is_beta":false,"boss_relics":[{"not_picked":["Tiny House","Velvet Choker"],"picked":"Coffee Dripper"},{"not_picked":["Black Star","SlaversCollar"],"picked":"Mark of Pain"}],"items_purged_floors":[14],"is_endless":false,"potions_floor_spawned":[8,12,16,22,30,31,33],"killed_by":"Writhing Mass","ascension_level":20}}