{"host":"ga4s3hj9m6nkn6gp","time":1611355556,"event":{"mods":["AchievementEnabler","BaseMod","Bestiary","Colored Powertips","Highlight Path","Minty Spire (QoL Compilation)","Relic Stats","everything is the same but u backflip on backflip"],"gold_per_floor":[359,370,385,9,9,40,40,65,89,115,133,165,165,179,179,283,283,300,300,313,313,313,313,338,338,338,372,472,239,199,224,224,322,322,335,347,347,128,128,162,162,193,219,219,219,231,159,159,159,159,159,159,22,50,50,50],"floor_reached":55,"language":"ENG","playtime":2916,"items_purged":["Doubt","Writhe","Strike_B+1"],"score":1414,"play_id":"b2131552-2ae7-4b05-8269-a9f934f5a7e7","local_time":"20210122234556","is_ascension_mode":true,"campfire_choices":[{"data":"Doom and Gloom","floor":7.0,"key":"SMITH"},{"floor":13.0,"key":"REST"},{"data":"Defragment","floor":15.0,"key":"SMITH"},{"data":"Biased Cognition","floor":23.0,"key":"SMITH"},{"floor":32,"key":"REST"},{"data":"Biased Cognition","floor":41,"key":"SMITH"},{"floor":44,"key":"REST"},{"floor":49,"key":"RECALL"},{"data":"Aggregate","floor":52,"key":"SMITH"}],"circlet_count":0,"master_deck":["AscendersBane","Strike_B+1","Strike_B+1","Defend_B+1","Defend_B+1","Defend_B+1","Defend_B+1","Zap","Dualcast","Streamline+1","Doom and Gloom+1","Cold Snap","Compile Driver","Biased Cognition+1","Defragment+1","BootSequence","Ghostly+1","Ghostly","Ghostly","Ghostly","Ghostly","Cold Snap","Aggregate+1","Coolheaded+1","Biased Cognition+1","Redo+1","Echo Form","Compile Driver+1","Hologram+1","Secret Technique","Defragment+1","Core Surge"],"relics":["Cracked Core","PreservedInsect","Medical Kit","Centennial Puzzle","DataDisk","Regal Pillow","Juzu Bracelet","Vajra","Sozu","StoneCalendar","Bag of Marbles","Torii","Dream Catcher","Gambling Chip","Pear","Membership Card","WingedGreaves","Inserter","Incense Burner","Orichalcum","Blue Candle","Orrery","DollysMirror","Shuriken"],"acts_visited":["Exordium","TheCity","TheBeyond","TheEnding"],"potions_floor_usage":[55],"damage_taken":[{"damage":1.0,"enemies":"Cultist","floor":1.0,"turns":4.0},{"damage":8.0,"enemies":"Jaw Worm","floor":2.0,"turns":4.0},{"damage":0.0,"enemies":"2 Louse","floor":3.0,"turns":2.0},{"damage":20.0,"enemies":"3 Sentries","floor":6.0,"turns":4.0},{"damage":16.0,"enemies":"Gremlin Nob","floor":8.0,"turns":3.0},{"damage":0.0,"enemies":"3 Sentries","floor":10.0,"turns":2.0},{"damage":6.0,"enemies":"Looter","floor":11.0,"turns":2.0},{"damage":10.0,"enemies":"Lagavulin","floor":12.0,"turns":4.0},{"damage":0.0,"enemies":"3 Louse","floor":14.0,"turns":3.0},{"damage":23.0,"enemies":"Hexaghost","floor":16.0,"turns":8.0},{"damage":6.0,"enemies":"Spheric Guardian","floor":18.0,"turns":3.0},{"damage":2.0,"enemies":"Chosen","floor":20.0,"turns":3.0},{"damage":15.0,"enemies":"Slavers","floor":24.0,"turns":3.0},{"damage":0.0,"enemies":"Book of Stabbing","floor":27.0,"turns":5.0},{"damage":2.0,"enemies":"Colosseum Slavers","floor":28.0,"turns":5.0},{"damage":19.0,"enemies":"Colosseum Nobs","floor":28.0,"turns":4.0},{"damage":0,"enemies":"Gremlin Leader","floor":31,"turns":5},{"damage":26,"enemies":"Collector","floor":33,"turns":12},{"damage":1,"enemies":"3 Shapes","floor":35,"turns":7},{"damage":0,"enemies":"3 Darklings","floor":36,"turns":6},{"damage":0,"enemies":"Giant Head","floor":40,"turns":8},{"damage":22,"enemies":"Nemesis","floor":42,"turns":7},{"damage":0,"enemies":"Maw","floor":46,"turns":6},{"damage":18,"enemies":"Awakened One","floor":50,"turns":17},{"damage":35,"enemies":"Shield and Spear","floor":54,"turns":7},{"damage":19,"enemies":"The Heart","floor":55,"turns":6}],"seed_played":"-2201134846091193571","potions_obtained":[{"floor":1.0,"key":"SneckoOil"},{"floor":6.0,"key":"AttackPotion"},{"floor":10.0,"key":"Explosive Potion"},{"floor":12.0,"key":"Dexterity Potion"}],"is_trial":false,"path_per_floor":["M","M","M","$","?","E","R","E","T","E","M","E","R","M","R","B",null,"M","?","M","?","?","R","E","?","T","E","?","$","?","E","R","B",null,"M","M","?","$","?","E","R","E","T","R","?","M","$","?","R","B",null,"R","$","E","B"],"character_chosen":"DEFECT","items_purchased":["PreservedInsect","Medical Kit","Membership Card","Cold Snap","Echo Form","Incense Burner","Orrery","DollysMirror"],"campfire_rested":3,"item_purchase_floors":[4,4,29,29,38,38,47,53],"current_hp_per_floor":[67,59,59,59,59,39,39,23,23,23,17,7,44,44,44,21,62,56,56,54,54,54,54,39,37,37,37,26,26,26,26,47,21,41,40,40,40,40,40,40,40,18,18,45,45,45,45,35,35,17,38,38,38,3,0,0],"gold":50,"neow_bonus":"TWO_FIFTY_GOLD","is_daily":false,"chose_seed":false,"campfire_upgraded":5,"win_rate":0.0,"timestamp":1611355556,"path_taken":["M","M","?","$","?","E","R","E","T","E","M","E","R","M","R","BOSS","M","?","M","?","?","R","E","?","T","E","?","$","?","E","R","BOSS","M","M","?","$","?","E","R","E","T","R","?","M","$","?","R","BOSS","R","$","E","BOSS"],"items_purchased_type":["Relic","Relic","Relic","Card","Card","Relic","Relic","Relic"],"build_version":"2020-12-22","purchased_purges":3,"victory":false,"max_hp_per_floor":[75,75,75,75,75,75,75,75,75,75,75,75,75,75,75,75,75,75,75,75,75,75,75,75,37,37,37,47,47,47,47,47,47,47,47,47,47,47,45,45,45,45,45,45,45,45,45,45,45,45,45,45,45,45,45,45],"relic_stats":{"Regal Pillow":36,"Inserter":[31],"Torii":0,"counters":[26,140],"Blue Candle":[0],"StoneCalendar":[183],"PreservedInsect":545,"Juzu Bracelet":2,"Orichalcum":[102],"Medical Kit":[18],"Sozu":6,"Centennial Puzzle":[45],"Dream Catcher":2,"Shuriken":[0],"Gambling Chip":[26],"obtain_stats":[{"Regal Pillow":9,"Pear":28,"Inserter":34,"Torii":26,"Blue Candle":42,"Vajra":12,"StoneCalendar":22,"PreservedInsect":4,"Juzu Bracelet":10,"Incense Burner":38,"Orichalcum":40,"Medical Kit":4,"Sozu":17,"Centennial Puzzle":6,"DataDisk":8,"Dream Catcher":27,"DollysMirror":53,"Shuriken":54,"Gambling Chip":28,"Orrery":47,"WingedGreaves":31,"Bag of Marbles":24,"Membership Card":29,"Cracked Core":0},{"Regal Pillow":5,"Pear":16,"Inserter":18,"Torii":13,"Blue Candle":22,"Vajra":8,"StoneCalendar":12,"PreservedInsect":3,"Juzu Bracelet":6,"Incense Burner":20,"Orichalcum":21,"Medical Kit":3,"Sozu":10,"Centennial Puzzle":4,"DataDisk":5,"Dream Catcher":14,"DollysMirror":24,"Shuriken":25,"Gambling Chip":16,"Orrery":23,"WingedGreaves":17,"Bag of Marbles":13,"Membership Card":16,"Cracked Core":0},{"Regal Pillow":17,"Pear":59,"Inserter":76,"Torii":45,"Blue Candle":104,"Vajra":25,"StoneCalendar":42,"PreservedInsect":10,"Juzu Bracelet":19,"Incense Burner":89,"Orichalcum":97,"Medical Kit":10,"Sozu":36,"Centennial Puzzle":14,"DataDisk":17,"Dream Catcher":50,"DollysMirror":127,"Shuriken":134,"Gambling Chip":59,"Orrery":110,"WingedGreaves":64,"Bag of Marbles":45,"Membership Card":59,"Cracked Core":0}]},"card_choices":[{"not_picked":["Hologram","Skim"],"picked":"Streamline","floor":1.0},{"not_picked":["Beam Cell","Sweeping Beam"],"picked":"Doom and Gloom","floor":2.0},{"not_picked":["Conserve Battery","Double Energy"],"picked":"Cold Snap","floor":3.0},{"not_picked":["Rebound","Turbo","Recycle"],"picked":"SKIP","floor":6.0},{"not_picked":["Recycle","Cold Snap"],"picked":"Compile Driver","floor":8.0},{"not_picked":["Go for the Eyes","Cold Snap"],"picked":"Biased Cognition","floor":10.0},{"not_picked":["Recycle","Leap"],"picked":"Defragment","floor":11.0},{"not_picked":["Meteor Strike","Buffer"],"picked":"BootSequence","floor":12.0},{"not_picked":["Lockon","Self Repair","Beam Cell"],"picked":"SKIP","floor":14.0},{"not_picked":["Blizzard","Undo","Auto Shields"],"picked":"SKIP","floor":18.0},{"not_picked":["Redo","Sweeping Beam","Scrape"],"picked":"SKIP","floor":20.0},{"not_picked":["Sweeping Beam","Reboot","Auto Shields"],"picked":"SKIP","floor":24.0},{"not_picked":["Tempest","Steam","Darkness+1"],"picked":"SKIP","floor":27.0},{"not_picked":["Gash","Steam"],"picked":"Aggregate","floor":31},{"not_picked":["Loop","Turbo"],"picked":"Coolheaded+1","floor":32},{"not_picked":["Hyperbeam","Buffer"],"picked":"Biased Cognition","floor":33},{"not_picked":["Tempest","Blizzard+1"],"picked":"Redo+1","floor":35},{"not_picked":["Blizzard+1","Undo","Hello World+1"],"picked":"SKIP","floor":36},{"not_picked":["Reprogram","Double Energy+1","Gash+1"],"picked":"SKIP","floor":40},{"not_picked":["Amplify","Hello World+1","Reprogram"],"picked":"SKIP","floor":42},{"not_picked":["Cold Snap+1","Compile Driver","Force Field+1"],"picked":"SKIP","floor":46},{"not_picked":["Heatsinks","Steam"],"picked":"Compile Driver+1","floor":47},{"not_picked":["Capacitor","Aggregate"],"picked":"Hologram+1","floor":47},{"not_picked":["Madness","Transmutation"],"picked":"Secret Technique","floor":48},{"not_picked":["Ball Lightning+1","Beam Cell+1"],"picked":"Core Surge","floor":54}],"player_experience":663697,"relics_obtained":[{"floor":6.0,"key":"Centennial Puzzle"},{"floor":8.0,"key":"DataDisk"},{"floor":9.0,"key":"Regal Pillow"},{"floor":10.0,"key":"Juzu Bracelet"},{"floor":12.0,"key":"Vajra"},{"floor":24.0,"key":"Bag of Marbles"},{"floor":26.0,"key":"Torii"},{"floor":27.0,"key":"Dream Catcher"},{"floor":28.0,"key":"Gambling Chip"},{"floor":28.0,"key":"Pear"},{"floor":31,"key":"WingedGreaves"},{"floor":40,"key":"Orichalcum"},{"floor":42,"key":"Blue Candle"},{"floor":54,"key":"Shuriken"}],"event_choices":[{"damage_healed":0.0,"max_hp_gain":0.0,"max_hp_loss":0.0,"gold_gain":0.0,"event_name":"Living Wall","player_choice":"Grow","floor":5.0,"gold_loss":0.0,"damage_taken":0.0,"cards_upgraded":["Streamline"]},{"damage_healed":0.0,"max_hp_gain":0.0,"max_hp_loss":0.0,"gold_gain":0.0,"event_name":"Back to Basics","player_choice":"Simplicity","floor":19.0,"gold_loss":0.0,"damage_taken":0.0,"cards_upgraded":["Strike_B","Strike_B","Strike_B","Strike_B","Defend_B","Defend_B","Defend_B","Defend_B"]},{"damage_healed":0.0,"max_hp_gain":0.0,"max_hp_loss":0.0,"gold_gain":0.0,"event_name":"Vampires","player_choice":"Ignored","floor":21.0,"gold_loss":0.0,"damage_taken":0.0},{"damage_healed":0.0,"max_hp_gain":0.0,"max_hp_loss":0.0,"gold_gain":0.0,"event_name":"The Mausoleum","player_choice":"Opened","floor":22.0,"gold_loss":0.0,"damage_taken":0.0,"relics_obtained":["StoneCalendar"],"cards_obtained":["Writhe"]},{"damage_healed":0.0,"max_hp_gain":0.0,"max_hp_loss":38.0,"gold_gain":0.0,"event_name":"Ghosts","player_choice":"Became a Ghost","floor":25.0,"gold_loss":0.0,"damage_taken":0.0,"cards_obtained":["Ghostly","Ghostly","Ghostly","Ghostly","Ghostly"]},{"damage_healed":0.0,"max_hp_gain":0.0,"max_hp_loss":0.0,"gold_gain":0.0,"event_name":"Colosseum","player_choice":"Fight","floor":28.0,"gold_loss":0.0,"damage_taken":0.0},{"damage_healed":0.0,"max_hp_gain":0.0,"max_hp_loss":0.0,"gold_gain":0.0,"event_name":"Colosseum","player_choice":"Fought Nobs","floor":28.0,"gold_loss":0.0,"damage_taken":0.0},{"damage_healed":0.0,"max_hp_gain":0.0,"max_hp_loss":0.0,"gold_gain":0.0,"event_name":"Designer","player_choice":"Upgrade","floor":30.0,"gold_loss":40.0,"damage_taken":0.0,"cards_upgraded":["Ghostly"]},{"cards_removed":["Strike_B"],"damage_healed":0,"gold_gain":0,"player_choice":"Removed Attack","damage_taken":0,"max_hp_gain":0,"max_hp_loss":0,"event_name":"Falling","floor":37,"gold_loss":0},{"damage_healed":0,"gold_gain":0,"player_choice":"Max HP","damage_taken":0,"max_hp_gain":0,"max_hp_loss":2,"event_name":"Winding Halls","floor":39,"gold_loss":0},{"damage_healed":0,"gold_gain":0,"player_choice":"Ignored","damage_taken":0,"max_hp_gain":0,"max_hp_loss":0,"event_name":"Tomb of Lord Red Mask","floor":45,"gold_loss":0},{"damage_healed":0,"gold_gain":0,"player_choice":"Memory 3","damage_taken":10,"max_hp_gain":0,"max_hp_loss":0,"event_name":"SensoryStone","floor":48,"gold_loss":0}],"is_beta":false,"boss_relics":[{"not_picked":["Fusion Hammer","Cursed Key"],"picked":"Sozu"},{"not_picked":["Busted Crown","Snecko Eye"],"picked":"Inserter"}],"items_purged_floors":[4,29,53],"is_endless":false,"potions_floor_spawned":[1,6,10,12,16,24,27,28,31,35,40,46],"killed_by":"The Heart","ascension_level":11}}