{"host":"1c17lcvl7acx821p","time":1611351601,"event":{"mods":["AchievementEnabler","BaseMod","Colored Map","Minty Spire (QoL Compilation)","StSLib"],"gold_per_floor":[110,129,204,222,222,252,252,279,279,279,54,73,88,88,88,216,216,230,249,164,164,81,112,112,126,171,187,213,213,266,302,302,431,431,450,450,513,265,265,265,289,289,312,367,403,415,446,74,74,74,74,74,23,61,61,61],"floor_reached":55,"language":"ENG","playtime":1867,"items_purged":["Strike_B","Zap"],"score":1233,"play_id":"7e2d1da2-75f5-417d-9189-f20f4fc2310a","local_time":"20210122234001","is_ascension_mode":true,"campfire_choices":[{"floor":7,"key":"REST"},{"floor":10,"key":"REST"},{"floor":15,"key":"REST"},{"floor":29,"key":"DIG"},{"floor":32,"key":"DIG"},{"data":"Defragment","floor":40,"key":"SMITH"},{"data":"Capacitor","floor":42,"key":"SMITH"},{"data":"Biased Cognition","floor":46,"key":"SMITH"},{"floor":49,"key":"RECALL"},{"floor":52,"key":"DIG"}],"circlet_count":0,"master_deck":["Defend_B","Defend_B","Defend_B","Dualcast","Lockon","Conserve Battery","Ball Lightning","Electrodynamics","Capacitor+1","Ball Lightning","Biased Cognition+1","Darkness+1","Ghostly","Ghostly","Ghostly","Ghostly","Ghostly","Defragment+1","Coolheaded","Turbo+1","Cold Snap","Hologram+1","Panacea","Amplify"],"relics":["Cracked Core","NeowsBlessing","Tiny Chest","Kunai","MealTicket","Chemical X","Golden Idol","Busted Crown","Shovel","White Beast Statue","Happy Flower","PreservedInsect","Du-Vu Doll","Bag of Preparation","TungstenRod","Toy Ornithopter","Empty Cage","WingedGreaves","Orrery","Dream Catcher","MawBank","StrikeDummy","Medical Kit","Lantern","Shuriken","Bag of Marbles"],"acts_visited":["Exordium","TheCity","TheBeyond","TheEnding"],"potions_floor_usage":[16,18,54,55,55,55],"damage_taken":[{"damage":0,"enemies":"Cultist","floor":1,"turns":1},{"damage":0,"enemies":"2 Louse","floor":2,"turns":1},{"damage":0,"enemies":"Small Slimes","floor":4,"turns":1},{"damage":26,"enemies":"Gremlin Nob","floor":6,"turns":4},{"damage":18,"enemies":"Lagavulin","floor":8,"turns":6},{"damage":8,"enemies":"3 Louse","floor":12,"turns":2},{"damage":9,"enemies":"Blue Slaver","floor":13,"turns":3},{"damage":14,"enemies":"The Guardian","floor":16,"turns":10},{"damage":6,"enemies":"3 Byrds","floor":18,"turns":2},{"damage":16,"enemies":"Shell Parasite","floor":19,"turns":3},{"damage":0,"enemies":"Gremlin Leader","floor":23,"turns":6},{"damage":4,"enemies":"Shelled Parasite and Fungi","floor":25,"turns":4},{"damage":0,"enemies":"Snake Plant","floor":27,"turns":3},{"damage":2,"enemies":"Book of Stabbing","floor":31,"turns":5},{"damage":25,"enemies":"Collector","floor":33,"turns":8},{"damage":4,"enemies":"Orb Walker","floor":35,"turns":4},{"damage":0,"enemies":"Mind Bloom Boss Battle","floor":37,"turns":6},{"damage":0,"enemies":"Reptomancer","floor":44,"turns":5},{"damage":0,"enemies":"3 Darklings","floor":45,"turns":5},{"damage":0,"enemies":"Spire Growth","floor":47,"turns":4},{"damage":1,"enemies":"Time Eater","floor":50,"turns":8},{"damage":10,"enemies":"Shield and Spear","floor":54,"turns":8},{"damage":39,"enemies":"The Heart","floor":55,"turns":9}],"seed_played":"1154589266634934643","potions_obtained":[{"floor":1,"key":"CultistPotion"},{"floor":12,"key":"Explosive Potion"},{"floor":13,"key":"Dexterity Potion"},{"floor":16,"key":"Dexterity Potion"},{"floor":19,"key":"SteroidPotion"},{"floor":25,"key":"FocusPotion"},{"floor":31,"key":"SpeedPotion"},{"floor":33,"key":"Dexterity Potion"},{"floor":35,"key":"Block Potion"},{"floor":54,"key":"FocusPotion"}],"is_trial":false,"path_per_floor":["M","M","?","M","?","E","R","E","T","R","$","M","M","?","R","B",null,"M","M","?","?","$","E","T","M","T","M","T","R","T","E","R","B",null,"M","?","?","$","?","R","T","R","T","E","M","R","M","$","R","B",null,"R","$","E","B"],"character_chosen":"DEFECT","items_purchased":["Chemical X","Defragment","Coolheaded","Orrery","Medical Kit","Panacea","Lantern","FocusPotion"],"campfire_rested":3,"item_purchase_floors":[11,22,22,38,48,48,48,53],"current_hp_per_floor":[68,68,57,57,57,31,53,35,35,57,72,64,55,37,59,45,68,62,46,46,37,37,37,37,33,33,33,33,33,33,31,31,6,29,25,25,25,37,37,37,37,37,37,37,37,37,37,37,37,36,37,37,37,27,0,0],"gold":61,"neow_bonus":"THREE_ENEMY_KILL","is_daily":false,"chose_seed":false,"campfire_upgraded":3,"win_rate":0.0,"timestamp":1611351601,"path_taken":["M","M","?","M","?","E","R","E","T","R","$","M","M","?","R","BOSS","M","M","?","?","$","E","?","?","T","?","?","R","?","E","R","BOSS","M","?","?","$","?","R","?","R","T","E","?","R","M","$","R","BOSS","R","$","E","BOSS"],"items_purchased_type":["Relic","Card","Card","Relic","Relic","Card","Relic","Potion"],"build_version":"2020-12-22","purchased_purges":2,"victory":false,"max_hp_per_floor":[75,75,75,75,75,75,75,75,75,75,75,75,75,75,75,75,75,75,75,75,37,37,37,37,37,37,37,37,37,37,37,37,37,37,37,37,37,37,37,37,37,37,37,37,37,37,37,37,37,37,37,37,37,37,37,37],"card_choices":[{"not_picked":["Blizzard","Stack"],"picked":"Lockon","floor":1},{"not_picked":["Compile Driver","Streamline"],"picked":"Conserve Battery","floor":2},{"not_picked":["Steam Power","Scrape","Stack"],"picked":"SKIP","floor":4},{"not_picked":["Aggregate","Sunder"],"picked":"Ball Lightning","floor":6},{"not_picked":["Leap","Conserve Battery"],"picked":"Electrodynamics","floor":8},{"not_picked":["Sweeping Beam","Skim"],"picked":"Capacitor","floor":12},{"not_picked":["Heatsinks","Steam"],"picked":"Ball Lightning","floor":13},{"not_picked":["Rainbow","Core Surge"],"picked":"Biased Cognition","floor":16},{"not_picked":["Beam Cell"],"picked":"SKIP","floor":18},{"not_picked":["Darkness+1"],"picked":"SKIP","floor":19},{"not_picked":[],"picked":"Darkness+1","floor":19},{"not_picked":["Leap"],"picked":"SKIP","floor":23},{"not_picked":["Rebound"],"picked":"SKIP","floor":25},{"not_picked":["Gash+1"],"picked":"SKIP","floor":27},{"not_picked":["Doom and Gloom+1"],"picked":"SKIP","floor":31},{"not_picked":["Gash+1"],"picked":"SKIP","floor":35},{"not_picked":[],"picked":"Turbo+1","floor":38},{"not_picked":[],"picked":"Cold Snap","floor":44},{"not_picked":["Doom and Gloom"],"picked":"SKIP","floor":45},{"not_picked":[],"picked":"Hologram+1","floor":47},{"not_picked":[],"picked":"Amplify","floor":54}],"player_experience":175921,"relics_obtained":[{"floor":6,"key":"Tiny Chest"},{"floor":8,"key":"Kunai"},{"floor":9,"key":"MealTicket"},{"floor":23,"key":"White Beast Statue"},{"floor":26,"key":"Happy Flower"},{"floor":28,"key":"PreservedInsect"},{"floor":29,"key":"Du-Vu Doll"},{"floor":30,"key":"Bag of Preparation"},{"floor":31,"key":"TungstenRod"},{"floor":32,"key":"Toy Ornithopter"},{"floor":37,"key":"WingedGreaves"},{"floor":41,"key":"Dream Catcher"},{"floor":43,"key":"MawBank"},{"floor":44,"key":"StrikeDummy"},{"floor":52,"key":"Shuriken"},{"floor":54,"key":"Bag of Marbles"}],"event_choices":[{"damage_healed":0,"gold_gain":75,"player_choice":"Gather Gold","damage_taken":11,"max_hp_gain":0,"max_hp_loss":0,"event_name":"World of Goop","floor":3,"gold_loss":0},{"cards_removed":["Strike_B"],"damage_healed":0,"gold_gain":0,"player_choice":"Forget","damage_taken":0,"max_hp_gain":0,"max_hp_loss":0,"event_name":"Living Wall","floor":5,"gold_loss":0},{"damage_healed":0,"gold_gain":0,"player_choice":"Take Damage","damage_taken":18,"relics_obtained":["Golden Idol"],"max_hp_gain":0,"max_hp_loss":0,"event_name":"Golden Idol","floor":14,"gold_loss":0},{"damage_healed":0,"gold_gain":0,"player_choice":"Obtained Relic","damage_taken":0,"relics_obtained":["Shovel"],"max_hp_gain":0,"max_hp_loss":0,"event_name":"Addict","floor":20,"gold_loss":85},{"damage_healed":0,"gold_gain":0,"player_choice":"Became a Ghost","damage_taken":0,"max_hp_gain":0,"max_hp_loss":38,"event_name":"Ghosts","floor":21,"gold_loss":0,"cards_obtained":["Ghostly","Ghostly","Ghostly","Ghostly","Ghostly"]},{"cards_removed":["Defend_B"],"damage_healed":0,"gold_gain":0,"player_choice":"Removed Skill","damage_taken":0,"max_hp_gain":0,"max_hp_loss":0,"event_name":"Falling","floor":36,"gold_loss":0},{"damage_healed":0,"gold_gain":0,"player_choice":"Fight","damage_taken":0,"max_hp_gain":0,"max_hp_loss":0,"event_name":"MindBloom","floor":37,"gold_loss":0},{"damage_healed":0,"gold_gain":0,"player_choice":"Ignored","damage_taken":0,"max_hp_gain":0,"max_hp_loss":0,"event_name":"Tomb of Lord Red Mask","floor":39,"gold_loss":0}],"is_beta":false,"boss_relics":[{"not_picked":["Cursed Key","SlaversCollar"],"picked":"Busted Crown"},{"not_picked":["Snecko Eye","SacredBark"],"picked":"Empty Cage"}],"items_purged_floors":[11,38],"is_endless":false,"potions_floor_spawned":[1,12,13,16,19,25,27,31,33,35,37,44,45,47,54],"killed_by":"The Heart","ascension_level":9}}