{"host":"qm4rv4rkpk76sbxu","time":1611347415,"event":{"mods":["BaseMod","Bestiary","Block Reminder","DeckTracker","Filter the Spire","Keyboard Shortcuts","Minty Spire (QoL Compilation)","MonsterHotkey","Quick Restart","Random Character Button","Relic Stats","Slay-I","StSLib","Unceasing Turn Reminder","ojb\u0027s Better Paths Mod","ojb\u0027s Info Mod"],"gold_per_floor":[109,124,141,216,216,245,268,281,281,281,299,309,309,339,339,437,437,451,471,119,119,131,157,77,77,103,115,147,163,192,205,205,306,306,325,336,14,14,0,35,35,66,66,101,101,126,126,126,126,126],"floor_reached":51,"language":"ENG","playtime":1738,"items_purged":["Strike_R"],"score":1031,"play_id":"0f31fcbf-b4e0-401b-806e-51991103a0b4","local_time":"20210122213015","is_ascension_mode":true,"campfire_choices":[{"data":"Barricade","floor":10,"key":"SMITH"},{"data":"Body Slam","floor":13,"key":"SMITH"},{"floor":15,"key":"REST"},{"floor":25,"key":"RECALL"},{"floor":32,"key":"REST"},{"floor":45,"key":"REST"},{"floor":47,"key":"REST"},{"floor":49,"key":"REST"}],"circlet_count":0,"master_deck":["Strike_R","Strike_R","Strike_R","Strike_R","Defend_R","Defend_R","Defend_R","Defend_R","Bash+1","Pommel Strike","Battle Trance","Second Wind","Barricade+1","Body Slam+1","Shrug It Off+1","Cleave","Body Slam+1","Double Tap+1","Shrug It Off+1","Entrench+1","Shockwave+1","Seeing Red+1","Second Wind+1","Headbutt+1","Shrug It Off+1","Power Through+1","Power Through+1","Trip+1","Finesse+1","Panacea+1","Dark Embrace+1","Entrench+1","Offering+1","Seeing Red+1","Entrench+1","Dual Wield+1","Second Wind+1"],"relics":["Burning Blood","Dream Catcher","Toxic Egg 2","Oddly Smooth Stone","Nunchaku","Art of War","Fusion Hammer","Centennial Puzzle","Omamori","Potion Belt","StrikeDummy","Kunai","Cursed Key","Gremlin Horn","Red Mask","Question Card","Red Skull","Whetstone","Sundial"],"acts_visited":["Exordium","TheCity","TheBeyond"],"potions_floor_usage":[6,14,14,16,22,22,23,48],"damage_taken":[{"damage":2,"enemies":"2 Louse","floor":1,"turns":3},{"damage":6,"enemies":"Jaw Worm","floor":2,"turns":4},{"damage":1,"enemies":"Cultist","floor":3,"turns":3},{"damage":21,"enemies":"Lagavulin","floor":6,"turns":6},{"damage":13,"enemies":"Red Slaver","floor":8,"turns":4},{"damage":4,"enemies":"Large Slime","floor":11,"turns":7},{"damage":0,"enemies":"2 Fungi Beasts","floor":12,"turns":3},{"damage":12,"enemies":"3 Sentries","floor":14,"turns":5},{"damage":35,"enemies":"The Guardian","floor":16,"turns":11},{"damage":32,"enemies":"2 Thieves","floor":18,"turns":5},{"damage":14,"enemies":"Spheric Guardian","floor":19,"turns":6},{"damage":0,"enemies":"3 Cultists","floor":22,"turns":5},{"damage":3,"enemies":"Slavers","floor":23,"turns":4},{"damage":20,"enemies":"Sentry and Sphere","floor":27,"turns":4},{"damage":6,"enemies":"Gremlin Leader","floor":28,"turns":5},{"damage":4,"enemies":"Cultist and Chosen","floor":29,"turns":4},{"damage":25,"enemies":"Slavers","floor":30,"turns":4},{"damage":12,"enemies":"Centurion and Healer","floor":31,"turns":6},{"damage":20,"enemies":"Automaton","floor":33,"turns":5},{"damage":0,"enemies":"3 Shapes","floor":35,"turns":6},{"damage":0,"enemies":"Orb Walker","floor":36,"turns":2},{"damage":0,"enemies":"Giant Head","floor":40,"turns":8},{"damage":0,"enemies":"Reptomancer","floor":42,"turns":7},{"damage":13,"enemies":"Giant Head","floor":44,"turns":5},{"damage":6,"enemies":"Reptomancer","floor":46,"turns":4},{"damage":0,"enemies":"Jaw Worm Horde","floor":48,"turns":1},{"damage":39,"enemies":"Awakened One","floor":50,"turns":7}],"seed_played":"5046785323813389357","potions_obtained":[{"floor":0,"key":"FearPotion"},{"floor":0,"key":"CultistPotion"},{"floor":0,"key":"Fire Potion"},{"floor":8,"key":"Block Potion"},{"floor":11,"key":"SkillPotion"},{"floor":14,"key":"Block Potion"},{"floor":19,"key":"Swift Potion"},{"floor":22,"key":"LiquidBronze"},{"floor":33,"key":"SpeedPotion"},{"floor":35,"key":"SmokeBomb"},{"floor":42,"key":"BloodPotion"},{"floor":46,"key":"EssenceOfSteel"}],"is_trial":false,"path_per_floor":["M","M","M","?","?","E","T","M","T","R","M","M","R","E","R","B",null,"M","M","$","?","M","E","$","R","T","M","E","M","E","M","R","B",null,"M","M","$","?","?","E","?","E","T","E","R","E","R","M","R","B",null],"character_chosen":"IRONCLAD","items_purchased":["Double Tap+1","Centennial Puzzle","SkillPotion","Entrench+1","Gremlin Horn","Power Through+1"],"campfire_rested":5,"item_purchase_floors":[20,20,20,24,37,37],"current_hp_per_floor":[80,80,80,69,44,29,29,22,22,22,24,30,30,24,48,19,80,54,46,46,90,90,90,90,90,90,76,76,78,59,53,80,66,90,90,90,90,80,80,86,86,90,90,83,90,90,90,90,90,57],"gold":126,"neow_bonus":"THREE_SMALL_POTIONS","is_daily":false,"chose_seed":false,"campfire_upgraded":2,"win_rate":0.0,"timestamp":1611347415,"path_taken":["M","M","M","?","?","E","?","?","T","R","M","M","R","E","R","BOSS","M","M","$","?","?","E","?","R","T","M","E","M","E","M","R","BOSS","M","M","$","?","?","E","?","E","T","E","R","E","R","M","R","BOSS"],"items_purchased_type":["Card","Relic","Potion","Card","Relic","Card"],"build_version":"2020-12-22","purchased_purges":1,"victory":true,"max_hp_per_floor":[80,80,80,80,80,80,80,80,80,80,80,80,80,80,80,80,80,80,80,80,90,90,90,90,90,90,90,90,90,90,90,90,90,90,90,90,90,90,90,90,90,90,90,90,90,90,90,90,90,90],"relic_stats":{"Gremlin Horn":[11,11],"counters":[27,134],"Whetstone":["Headbutt","Bash"],"Cursed Key":1,"Question Card":6,"Burning Blood":124,"Dream Catcher":5,"Nunchaku":[24],"Centennial Puzzle":[30],"Sundial":[0],"Art of War":[11],"Kunai":[17],"obtain_stats":[{"Potion Belt":26,"Gremlin Horn":37,"Oddly Smooth Stone":7,"Omamori":23,"Whetstone":44,"Cursed Key":34,"Question Card":40,"Burning Blood":0,"Dream Catcher":5,"Nunchaku":9,"Centennial Puzzle":20,"Sundial":46,"Fusion Hammer":17,"Art of War":14,"Red Mask":39,"Kunai":30,"Toxic Egg 2":6,"StrikeDummy":28,"Red Skull":42},{"Potion Belt":13,"Gremlin Horn":21,"Oddly Smooth Stone":4,"Omamori":13,"Whetstone":24,"Cursed Key":19,"Question Card":22,"Burning Blood":0,"Dream Catcher":3,"Nunchaku":5,"Centennial Puzzle":11,"Sundial":25,"Fusion Hammer":9,"Art of War":8,"Red Mask":21,"Kunai":17,"Toxic Egg 2":4,"StrikeDummy":15,"Red Skull":23},{"Potion Belt":66,"Gremlin Horn":102,"Oddly Smooth Stone":16,"Omamori":66,"Whetstone":122,"Cursed Key":94,"Question Card":110,"Burning Blood":0,"Dream Catcher":10,"Nunchaku":20,"Centennial Puzzle":57,"Sundial":126,"Fusion Hammer":46,"Art of War":35,"Red Mask":102,"Kunai":83,"Toxic Egg 2":16,"StrikeDummy":75,"Red Skull":117}]},"card_choices":[{"not_picked":["Perfected Strike","Wild Strike"],"picked":"Pommel Strike","floor":1},{"not_picked":["Clothesline","True Grit"],"picked":"Battle Trance","floor":2},{"not_picked":["Whirlwind","Clash"],"picked":"Second Wind","floor":3},{"not_picked":["Headbutt","Uppercut"],"picked":"Barricade","floor":6},{"not_picked":["Carnage","Havoc+1"],"picked":"Body Slam","floor":8},{"not_picked":["Thunderclap","Wild Strike"],"picked":"Shrug It Off+1","floor":11},{"not_picked":["Dual Wield+1","Rampage"],"picked":"Cleave","floor":12},{"not_picked":["Clash","Sword Boomerang","Anger"],"picked":"SKIP","floor":14},{"not_picked":["Brutality","Corruption"],"picked":"Demon Form","floor":16},{"not_picked":["Headbutt","Cleave+1"],"picked":"Body Slam+1","floor":18},{"not_picked":["Blood for Blood","Heavy Blade+1","Wild Strike"],"picked":"SKIP","floor":19},{"not_picked":["Bloodletting+1","Body Slam+1"],"picked":"Shrug It Off+1","floor":22},{"not_picked":["Twin Strike","Rampage","Burning Pact+1"],"picked":"SKIP","floor":23},{"not_picked":["Sentinel+1","Reaper"],"picked":"Shockwave+1","floor":27},{"not_picked":["Body Slam","Feel No Pain+1"],"picked":"Seeing Red+1","floor":28},{"not_picked":["Intimidate+1","Cleave"],"picked":"Second Wind+1","floor":29},{"not_picked":["Evolve","Heavy Blade+1","Headbutt"],"picked":"SKIP","floor":30},{"not_picked":["Evolve","Heavy Blade+1"],"picked":"Headbutt","floor":30},{"not_picked":["Uppercut","Flex+1","Cleave"],"picked":"SKIP","floor":31},{"not_picked":["Warcry+1","Thunderclap"],"picked":"Shrug It Off+1","floor":35},{"not_picked":["Body Slam+1","Battle Trance+1"],"picked":"Power Through+1","floor":36},{"not_picked":["Mayhem","Dark Shackles+1"],"picked":"Trip+1","floor":38},{"not_picked":["Forethought+1","Dark Shackles+1"],"picked":"Finesse+1","floor":38},{"not_picked":["Good Instincts+1","Deep Breath+1"],"picked":"Panacea+1","floor":38},{"not_picked":["Burning Pact+1","Seeing Red+1"],"picked":"Dark Embrace+1","floor":40},{"not_picked":["Heavy Blade","Warcry+1","True Grit+1"],"picked":"Offering+1","floor":42},{"not_picked":["Wild Strike","Havoc+1","Cleave","Iron Wave+1"],"picked":"SKIP","floor":44},{"not_picked":["Power Through+1","Heavy Blade","Warcry+1"],"picked":"Seeing Red+1","floor":45},{"not_picked":["Sword Boomerang","Disarm+1","Pommel Strike+1"],"picked":"Entrench+1","floor":46},{"not_picked":["Iron Wave","Body Slam","Headbutt"],"picked":"Dual Wield+1","floor":47},{"not_picked":["Wild Strike","Pommel Strike+1","Carnage"],"picked":"Second Wind+1","floor":49}],"player_experience":1378443,"relics_obtained":[{"floor":6,"key":"Toxic Egg 2"},{"floor":7,"key":"Oddly Smooth Stone"},{"floor":9,"key":"Nunchaku"},{"floor":14,"key":"Art of War"},{"floor":23,"key":"Omamori"},{"floor":26,"key":"Potion Belt"},{"floor":28,"key":"StrikeDummy"},{"floor":30,"key":"Kunai"},{"floor":40,"key":"Question Card"},{"floor":42,"key":"Red Skull"},{"floor":44,"key":"Whetstone"},{"floor":46,"key":"Sundial"}],"event_choices":[{"damage_healed":0,"gold_gain":75,"player_choice":"Gather Gold","damage_taken":11,"max_hp_gain":0,"max_hp_loss":0,"event_name":"World of Goop","floor":4,"gold_loss":0},{"damage_healed":0,"gold_gain":0,"player_choice":"Success","damage_taken":25,"relics_obtained":["Dream Catcher"],"max_hp_gain":0,"max_hp_loss":0,"event_name":"Scrap Ooze","floor":5,"gold_loss":0},{"cards_removed":["Demon Form"],"damage_healed":34,"gold_gain":0,"player_choice":"Offered Rare","damage_taken":0,"max_hp_gain":10,"max_hp_loss":0,"event_name":"Bonfire Elementals","floor":21,"gold_loss":0},{"damage_healed":0,"gold_gain":0,"player_choice":"Memory 3","damage_taken":10,"max_hp_gain":0,"max_hp_loss":0,"event_name":"SensoryStone","floor":38,"gold_loss":0},{"damage_healed":0,"gold_gain":0,"player_choice":"Paid","damage_taken":0,"relics_obtained":["Red Mask"],"max_hp_gain":0,"max_hp_loss":0,"event_name":"Tomb of Lord Red Mask","floor":39,"gold_loss":14},{"damage_healed":0,"gold_gain":0,"player_choice":"Copied","damage_taken":0,"max_hp_gain":0,"max_hp_loss":0,"event_name":"Duplicator","floor":41,"gold_loss":0,"cards_obtained":["Entrench"]}],"is_beta":false,"boss_relics":[{"not_picked":["SacredBark","Runic Pyramid"],"picked":"Fusion Hammer"},{"not_picked":["Velvet Choker","Runic Cube"],"picked":"Cursed Key"}],"items_purged_floors":[20],"is_endless":false,"potions_floor_spawned":[2,8,11,14,19,22,33,35,42,46,48],"ascension_level":1}}