{"host":"f0gpob8hq9vgebej","time":1611289832,"event":{"mods":["AchievementEnabler","BaseMod","Minty Spire (QoL Compilation)","Quick Restart","SuperFastMode"],"gold_per_floor":[16,31,51,61,80,80,80,80,127,152,165,165,165,165,165,165,165],"floor_reached":16,"language":"KOR","playtime":289,"items_purged":[],"score":138,"play_id":"aa468f90-a593-424c-9334-f6c058e3cdb3","local_time":"20210122133032","is_ascension_mode":true,"campfire_choices":[{"data":"Deadly Poison","floor":6,"key":"SMITH"},{"data":"Secret Technique","floor":8,"key":"SMITH"},{"floor":15,"key":"REST"}],"circlet_count":0,"master_deck":["Strike_G","Strike_G","Strike_G","Strike_G+1","Defend_G+1","Defend_G","Defend_G","Defend_G","Survivor","Neutralize","Secret Technique+1","All Out Attack","Deadly Poison+1","Reflex","Prepared","Accuracy"],"relics":["Ring of the Snake","Smiling Mask","Shuriken","CeramicFish"],"acts_visited":["Exordium"],"potions_floor_usage":[10,10],"damage_taken":[{"damage":0,"enemies":"2 Louse","floor":1,"turns":3},{"damage":0,"enemies":"Small Slimes","floor":2,"turns":3},{"damage":0,"enemies":"Jaw Worm","floor":3,"turns":4},{"damage":6,"enemies":"3 Louse","floor":4,"turns":4},{"damage":3,"enemies":"Looter","floor":5,"turns":3},{"damage":2,"enemies":"Gremlin Nob","floor":10,"turns":3},{"damage":1,"enemies":"Red Slaver","floor":11,"turns":4},{"damage":25,"enemies":"Slime Boss","floor":16,"turns":7}],"seed_played":"-8392307141571065441","potions_obtained":[{"floor":2,"key":"Poison Potion"},{"floor":5,"key":"GamblersBrew"}],"is_trial":false,"path_per_floor":["M","M","M","M","M","R","?","R","T","E","M","?","?","?","R","B"],"character_chosen":"THE_SILENT","items_purchased":[],"campfire_rested":1,"item_purchase_floors":[],"current_hp_per_floor":[63,63,63,57,54,54,40,40,40,38,37,30,30,18,39,14,14],"gold":165,"neow_bonus":"RANDOM_COLORLESS_2","is_daily":false,"chose_seed":false,"campfire_upgraded":2,"win_rate":0.0,"timestamp":1611289832,"path_taken":["M","M","M","M","M","R","?","R","T","E","M","?","?","?","R","BOSS"],"items_purchased_type":[],"build_version":"2020-12-22","purchased_purges":0,"victory":false,"max_hp_per_floor":[70,70,70,70,70,70,70,70,70,70,70,70,70,70,70,70,70],"card_choices":[{"not_picked":["Magnetism","Secret Weapon"],"picked":"Secret Technique","floor":0},{"not_picked":["Flying Knee","All Out Attack","Dagger Throw"],"picked":"SKIP","floor":1},{"not_picked":["Flying Knee","Dagger Throw"],"picked":"All Out Attack","floor":1},{"not_picked":["Dagger Throw","Quick Slash"],"picked":"Deadly Poison","floor":2},{"not_picked":["Deflect","Predator","Choke"],"picked":"SKIP","floor":3},{"not_picked":["Outmaneuver","Caltrops","Dash"],"picked":"SKIP","floor":4},{"not_picked":["Outmaneuver","Sucker Punch"],"picked":"Reflex","floor":5},{"not_picked":["Poisoned Stab","Backstab"],"picked":"Prepared","floor":10},{"not_picked":["Reflex","Dodge and Roll"],"picked":"Accuracy","floor":11}],"player_experience":202266,"relics_obtained":[{"floor":9,"key":"Smiling Mask"},{"floor":10,"key":"Shuriken"}],"event_choices":[{"damage_healed":0,"gold_gain":0,"player_choice":"Entered Light","damage_taken":14,"max_hp_gain":0,"max_hp_loss":0,"event_name":"Shining Light","floor":7,"gold_loss":0,"cards_upgraded":["Strike_G","Defend_G"]},{"cards_removed":["Strike_G"],"damage_healed":0,"gold_gain":0,"player_choice":"Card Removal","damage_taken":7,"max_hp_gain":0,"max_hp_loss":0,"event_name":"Golden Wing","floor":12,"gold_loss":0},{"cards_removed":["Defend_G"],"damage_healed":0,"gold_gain":0,"player_choice":"Forget","damage_taken":0,"max_hp_gain":0,"max_hp_loss":0,"event_name":"Living Wall","floor":13,"gold_loss":0},{"damage_healed":0,"gold_gain":0,"player_choice":"Success","damage_taken":12,"relics_obtained":["CeramicFish"],"max_hp_gain":0,"max_hp_loss":0,"event_name":"Scrap Ooze","floor":14,"gold_loss":0}],"is_beta":false,"boss_relics":[],"items_purged_floors":[],"is_endless":false,"potions_floor_spawned":[2,5],"killed_by":"Slime Boss","ascension_level":7}}