{"host":"22s5scuj7mu87reg","time":1611335352,"event":{"mods":["BaseMod","Better Third Choice","CapriCore","Colored Powertips","Dota2Spire","Downfall","Duelist Mod","GungeonMod","Halation","Hubris","Infinite Spire","Koishi","KomeijiMod","Minty Spire (QoL Compilation)","Quick Restart","Replay The Spire","Shop Mod","StSLib","SuperFastMode","The Jungle","The Mystic","The Necromancer","Wandering Minibosses"],"gold_per_floor":[214,27,27,27,127,127,150,150,226,226,262,283,335,45,45,175,175,195,195,210,254,254,254,268,268,268,268,183,209,233,253,253,381,381,404,404,467,800,810,810,829,855,855,855,855,855,196,216,216,216],"floor_reached":51,"language":"POL","playtime":2052,"items_purged":["Strike_B","Strike_B","Strike_B"],"score":969,"play_id":"82f3e18e-fa39-4ad7-a0ea-4a48d0634182","local_time":"20210122180912","is_ascension_mode":true,"campfire_choices":[{"data":"Consume","floor":6.0,"key":"SMITH"},{"data":"Capacitor","floor":15.0,"key":"SMITH"},{"data":"Self Repair","floor":23.0,"key":"SMITH"},{"data":"Coolheaded","floor":25.0,"key":"SMITH"},{"data":"Consume","floor":32,"key":"SMITH"},{"data":"ReplayTheSpireMod:Calculation Training","floor":40,"key":"SMITH"},{"data":"Reboot","floor":44,"key":"SMITH"},{"data":"ReplayTheSpireMod:Calculation Training","floor":49,"key":"SMITH"}],"circlet_count":0,"master_deck":["Strike_B","Defend_B","Defend_B","Defend_B","Zap","Dualcast+1","Consume+1","Self Repair+1","Lockon","Cold Snap+1","Storm of Steel","Doom and Gloom","Ball Lightning","Capacitor+1","Coolheaded+1","Turbo+1","Ball Lightning+1","ReplayTheSpireMod:Calculation Training+1","Barrage+1","Consume+1","ReplayTheSpireMod:Calculation Training","Consume+1","Reboot+1","Skim+1","ReplayTheSpireMod:Calculation Training+1","Crystallizer+1","Defragment+1","Master of Strategy"],"relics":["Cracked Core","Dota2Spire:MagicBottle","hubris:Reverence","Mummified Hand","Mirror","Snack Pack","Coffee Dripper","Prayer Wheel","Red Mask","Shuriken","Carrot","infinitespire:PuzzleCube","Inserter","StoneCalendar","Centennial Puzzle","Dota2Spire:Desolator","DemoMod:Metronome","Dota2Spire:OrchidMalevolence","Onion Ring"],"acts_visited":["Exordium","TheCity","TheBeyond"],"potions_floor_usage":[27,33,50,50,50],"damage_taken":[{"damage":2.0,"enemies":"Jaw Worm","floor":1.0,"turns":3.0},{"damage":0.0,"enemies":"Small Slimes","floor":7.0,"turns":3.0},{"damage":31.0,"enemies":"3 Sentries","floor":11.0,"turns":6.0},{"damage":0.0,"enemies":"Cultist","floor":12.0,"turns":2.0},{"damage":12.0,"enemies":"Slime Boss","floor":16.0,"turns":6.0},{"damage":46.0,"enemies":"Shell Parasite","floor":18.0,"turns":6.0},{"damage":19.0,"enemies":"3 Byrds","floor":20.0,"turns":4.0},{"damage":55.0,"enemies":"Masked Bandits","floor":21.0,"turns":4.0},{"damage":0.0,"enemies":"Sentry and Sphere","floor":24.0,"turns":3.0},{"damage":0,"enemies":"Snake Plant","floor":27,"turns":1},{"damage":13,"enemies":"3 Cultists","floor":30,"turns":4},{"damage":0,"enemies":"Snecko","floor":31,"turns":2},{"damage":35,"enemies":"Automaton","floor":33,"turns":9},{"damage":31,"enemies":"3 Shapes","floor":35,"turns":4},{"damage":2,"enemies":"Mind Bloom Boss Battle","floor":37,"turns":5},{"damage":20,"enemies":"Orb Walker","floor":39,"turns":3},{"damage":39,"enemies":"Spire Growth","floor":41,"turns":5},{"damage":7,"enemies":"Giant Head","floor":42,"turns":7},{"damage":0,"enemies":"Maw","floor":48,"turns":4},{"damage":26,"enemies":"Donu and Deca","floor":50,"turns":5}],"seed_played":"7484587308777383216","potions_obtained":[{"floor":7.0,"key":"Ancient Potion"},{"floor":12.0,"key":"Dota2Spire:HealingSalve"},{"floor":16.0,"key":"FairyPotion"},{"floor":18.0,"key":"SmokeBomb"},{"floor":21.0,"key":"Milkshake"},{"floor":31,"key":"SkillPotion"},{"floor":33,"key":"infinitespire:BlackPotion"},{"floor":35,"key":"Strength Potion"},{"floor":48,"key":"BlessingOfTheForge"}],"is_trial":false,"path_per_floor":["M","$","?","?","?","R","M","?","T","?","E","M","T","$","R","B",null,"M","?","M","?","?","R","M","R","T","M","?","T","M","M","R","B",null,"M","?","?","?","M","R","M","E","T","R","AVR","?","$","M","R","B",null],"character_chosen":"DEFECT","items_purchased":["Self Repair","Lockon","Snack Pack","Capacitor","Dota2Spire:OrchidMalevolence","Onion Ring","LifebloodPotion"],"campfire_rested":0,"item_purchase_floors":[2,2,14,14,47,47,47],"current_hp_per_floor":[66,66,66,66,66,66,66,61,61,61,46,49,49,49,49,63,72,37,37,29,9,9,9,11,11,11,11,11,11,21,21,21,17,61,40,40,52,52,46,46,25,32,32,32,32,32,32,55,55,46],"gold":216,"neow_bonus":"HUNDRED_GOLD","is_daily":false,"chose_seed":false,"campfire_upgraded":8,"win_rate":0.0,"timestamp":1611335352,"path_taken":["M","$","?","?","?","R","?","?","T","?","E","M","?","?","R","BOSS","M","?","M","?","?","R","M","R","T","?","?","?","?","M","R","BOSS","M","?","?","?","?","R","M","E","T","R","AVR","?","?","M","R","BOSS"],"items_purchased_type":["Card","Card","Relic","Card","Relic","Relic","Potion"],"build_version":"2020-12-13","purchased_purges":3,"victory":true,"max_hp_per_floor":[75,75,75,75,75,75,75,75,75,75,75,75,75,75,75,75,75,75,75,75,75,75,75,75,75,75,75,75,75,75,75,75,75,75,75,75,75,75,75,75,75,75,75,75,75,75,75,75,75,75],"card_choices":[{"not_picked":["Cold Snap","Turbo"],"picked":"Consume","floor":1.0},{"not_picked":["Leap","Sweeping Beam","Scrape"],"picked":"SKIP","floor":7.0},{"not_picked":["Go for the Eyes","Conserve Battery"],"picked":"Doom and Gloom","floor":11.0},{"not_picked":["Turbo","Hologram"],"picked":"Ball Lightning","floor":12.0},{"not_picked":["Seek","Fission"],"picked":"ReplayTheSpireMod:Fabricate Wheel","floor":16.0},{"not_picked":["hubris:Ukulele","Hologram"],"picked":"Coolheaded","floor":18.0},{"not_picked":["Go for the Eyes","Blizzard"],"picked":"Turbo+1","floor":18.0},{"not_picked":["FIFO Queue","Sweeping Beam"],"picked":"Ball Lightning+1","floor":20.0},{"not_picked":["Loop+1","Rebound"],"picked":"ReplayTheSpireMod:Calculation Training","floor":20.0},{"not_picked":["Turbo","Stack"],"picked":"Barrage+1","floor":24.0},{"not_picked":["Sweeping Beam","Panic Button+1"],"picked":"Consume+1","floor":24.0},{"not_picked":["Electrodynamics","Scrape"],"picked":"ReplayTheSpireMod:Calculation Training","floor":30},{"not_picked":["Sweeping Beam","Ball Lightning"],"picked":"Consume","floor":30},{"not_picked":["Beam Cell","Panic Button","Consume+1"],"picked":"SKIP","floor":31},{"not_picked":["BasicCrystalCard+1","Gash+1","Rebound"],"picked":"SKIP","floor":31},{"not_picked":["Multi-Cast","Electrodynamics"],"picked":"Reboot","floor":33},{"not_picked":["Lockon","Go for the Eyes+1","Streamline"],"picked":"SKIP","floor":35},{"not_picked":["Panic Button","Blizzard","Steam+1"],"picked":"SKIP","floor":35},{"not_picked":["Mirror Shield","Rebound+1"],"picked":"Skim+1","floor":37},{"not_picked":["Turbo+1","Gash"],"picked":"ReplayTheSpireMod:Calculation Training","floor":39},{"not_picked":["Go for the Eyes+1","Undo+1","Reprogram+1"],"picked":"SKIP","floor":39},{"not_picked":["Go for the Eyes+1","Undo+1","Reprogram+1"],"picked":"SKIP","floor":39},{"not_picked":["Hologram","hubris:Prefetch"],"picked":"Crystallizer+1","floor":41},{"not_picked":["Conserve Battery+1","Stack"],"picked":"Defragment+1","floor":41},{"not_picked":["BasicCrystalCard","BootSequence+1","Streamline+1"],"picked":"SKIP","floor":42},{"not_picked":["ReplayTheSpireMod:Necrogeddon","DemoMod:Spice"],"picked":"Master of Strategy","floor":46},{"not_picked":["Streamline","Go for the Eyes+1","Gash+1"],"picked":"SKIP","floor":48},{"not_picked":["hubris:Ukulele","Barrage","Scrape+1"],"picked":"SKIP","floor":48}],"player_experience":174719,"relics_obtained":[{"floor":9.0,"key":"hubris:Reverence"},{"floor":11.0,"key":"Mummified Hand"},{"floor":13.0,"key":"DemoMod:WeirdEgg"},{"floor":21.0,"key":"Red Mask"},{"floor":26.0,"key":"Shuriken"},{"floor":29,"key":"infinitespire:PuzzleCube"},{"floor":37,"key":"StoneCalendar"},{"floor":42,"key":"Centennial Puzzle"},{"floor":43,"key":"Dota2Spire:Desolator"}],"event_choices":[{"damage_healed":0.0,"max_hp_gain":0.0,"max_hp_loss":0.0,"gold_gain":0.0,"event_name":"Golden Idol","player_choice":"Take Wound","floor":4.0,"gold_loss":0.0,"damage_taken":0.0,"relics_obtained":["Golden Idol"],"cards_obtained":["Injury"]},{"damage_healed":0.0,"max_hp_gain":0.0,"max_hp_loss":0.0,"gold_gain":100.0,"event_name":"Golden Shrine","player_choice":"Pray","floor":5.0,"gold_loss":0.0,"damage_taken":0.0},{"damage_healed":0.0,"max_hp_gain":0.0,"max_hp_loss":0.0,"gold_gain":0.0,"event_name":"Cursed Tome","player_choice":"Ignored","floor":19.0,"gold_loss":0.0,"damage_taken":0.0},{"damage_healed":0.0,"max_hp_gain":0.0,"max_hp_loss":0.0,"gold_gain":0.0,"event_name":"Masked Bandits","player_choice":"Fought Bandits","floor":21.0,"gold_loss":0.0,"damage_taken":0.0},{"damage_healed":0,"gold_gain":0,"player_choice":"Obtained Relic","damage_taken":0,"relics_obtained":["Carrot"],"max_hp_gain":0,"max_hp_loss":0,"event_name":"Addict","floor":28,"gold_loss":85},{"damage_healed":0,"gold_gain":0,"player_choice":"Fight","damage_taken":0,"max_hp_gain":0,"max_hp_loss":0,"event_name":"MindBloom","floor":37,"gold_loss":0},{"damage_healed":0,"gold_gain":333,"player_choice":"Gave Idol","damage_taken":0,"max_hp_gain":0,"max_hp_loss":0,"event_name":"The Moai Head","floor":38,"relics_lost":["Golden Idol"],"gold_loss":0},{"damage_healed":0,"gold_gain":0,"player_choice":"Memory 1","damage_taken":0,"max_hp_gain":0,"max_hp_loss":0,"event_name":"SensoryStone","floor":46,"gold_loss":0}],"is_beta":false,"boss_relics":[{"not_picked":["halation:PlatinumPhoenix","infinitespire:Cupcake"],"picked":"Coffee Dripper"},{"not_picked":["ReplayTheSpireMod:DimensionalGlitch","Replay:Grab Bag"],"picked":"Inserter"}],"items_purged_floors":[2,45,47],"is_endless":false,"potions_floor_spawned":[7,12,16,18,21,27,31,33,35,41,48],"ascension_level":8}}