{"host":"notgjglmecngcj3l","time":1611350692,"event":{"mods":["A Magickal Journey","Aspiration","Astrologer","Bard","BaseMod","Better Third Choice","Colored Powertips","Conspire","Downfall","Duelist Mod","Energized Spire","GifTheSpireLib","Hubris","Infinite Spire","Magitek Elite","Minty Spire (QoL Compilation)","Quick Restart","Robot Space Explorer","Spicy Shops","StSLib","Stuff the Spire","Td1madao Mod","The Animator","The Blackbeard","The Bladedancer","The Bug Knight","The Construct","The Cursed","The Disciple","The Hierophant","The Necromancer","The Poker Player","The Runesmith","The Servant 0.9.4","The Wild Card"],"gold_per_floor":[114,39,39,39,39,39,56,91,163,163,177,177,195,224,224,224,224],"floor_reached":16,"language":"ENG","playtime":677,"items_purged":[],"score":133,"play_id":"046081b6-8672-4a87-a7ee-f33053443c9e","local_time":"20210122142452","is_ascension_mode":false,"campfire_choices":[{"data":"theWildCard:Arsene","floor":6,"key":"SMITH"},{"data":"theWildCard:PowerOfTheArcana","floor":15,"key":"SMITH"}],"circlet_count":0,"master_deck":["theWildCard:BasicStrike","theWildCard:BasicStrike","theWildCard:BasicStrike","theWildCard:BasicStrike","theWildCard:BasicDefend","theWildCard:BasicDefend","theWildCard:BasicDefend","theWildCard:BasicDefend","theWildCard:CallToAdventure","theWildCard:Arsene+1","theWildCard:ArcanaArtistry","theWildCard:ArcaneArts","theWildCard:Caesar","theWildCard:Odin","theWildCard:PowerOfTheArcana+1","hubris:NaturalOne"],"relics":["theWildCard:VelvetContract","NeowsBlessing","Frozen Eye","StuffTheSpire:Gunfinga","infinitespire:FocusingShard","hubris:Towel","hubris:Icosahedron","Pear"],"acts_visited":["Exordium"],"potions_floor_usage":[14,14,16],"damage_taken":[{"damage":0,"enemies":"2 Louse","floor":1,"turns":1},{"damage":0,"enemies":"Cultist","floor":7,"turns":1},{"damage":0,"enemies":"Lagavulin","floor":8,"turns":1},{"damage":2,"enemies":"Jaw Worm","floor":11,"turns":2},{"damage":6,"enemies":"Large Slime","floor":13,"turns":5},{"damage":1,"enemies":"Gremlin Nob","floor":14,"turns":3},{"damage":23,"enemies":"Hexaghost","floor":16,"turns":8}],"seed_played":"4750652485877218830","potions_obtained":[{"floor":1,"key":"hexamod:SoulburnPotion"},{"floor":11,"key":"SteroidPotion"},{"floor":14,"key":"Block Potion"}],"is_trial":false,"path_per_floor":["M","$","?","$","$","R","M","E","T","?","M","?","M","E","R","B"],"character_chosen":"THE_WILD_CARD","items_purchased":["Frozen Eye"],"campfire_rested":0,"item_purchase_floors":[2],"current_hp_per_floor":[60,60,60,60,60,60,60,60,60,60,58,58,52,61,61,38,38],"gold":224,"neow_bonus":"THREE_ENEMY_KILL","is_daily":false,"chose_seed":false,"campfire_upgraded":2,"win_rate":0.0,"timestamp":1611350692,"path_taken":["M","$","?","?","$","R","M","E","T","?","M","?","M","E","R","BOSS"],"items_purchased_type":["Relic"],"build_version":"2020-12-22","purchased_purges":0,"victory":false,"max_hp_per_floor":[60,60,60,60,60,60,60,60,60,60,60,60,60,70,70,70,70],"card_choices":[{"not_picked":["theWildCard:StalwartBlade","theWildCard:PowerOfTheArcana"],"picked":"theWildCard:ArcanaArtistry","floor":1},{"not_picked":["theWildCard:TheGreatSeal","theWildCard:Proficiency"],"picked":"theWildCard:ArcaneArts","floor":7},{"not_picked":["theWildCard:StalwartBlade","theWildCard:StingingStrike"],"picked":"theWildCard:Caesar","floor":8},{"not_picked":["theWildCard:LadyLuck","theWildCard:Polydeuces"],"picked":"theWildCard:Odin","floor":11},{"not_picked":["theWildCard:TheGreatSeal","theWildCard:Polydeuces"],"picked":"theWildCard:PowerOfTheArcana","floor":13},{"not_picked":["theWildCard:Desolation","theWildCard:StalwartBlade","theWildCard:TheGreatSeal"],"picked":"SKIP","floor":14},{"not_picked":["theWildCard:Desolation","theWildCard:StalwartBlade","theWildCard:TheGreatSeal"],"picked":"SKIP","floor":14}],"player_experience":400899,"relics_obtained":[{"floor":8,"key":"StuffTheSpire:Gunfinga"},{"floor":9,"key":"infinitespire:FocusingShard"},{"floor":14,"key":"Pear"}],"event_choices":[],"is_beta":false,"boss_relics":[],"items_purged_floors":[],"is_endless":false,"potions_floor_spawned":[1,11,14],"killed_by":"Hexaghost","ascension_level":0}}