{"host":"srk2drlvga69hbot","time":1611314246,"event":{"mods":["BaseMod","Colored Map","Colored Powertips","Highlight Path","Minty Spire (QoL Compilation)","Quick Restart","Rare Cards Sparkle","Relic Stats"],"gold_per_floor":[367,176,191,191,204,229,57,7,7,7,7,21,32,32,32,130,130,141,18,18,18,18,18,52,52,52,52,70,270,192,20,20,117,117,129,129,129,129,143,175,175,191,191,209,259,25,73,15,15,15,15],"floor_reached":50,"language":"ZHS","playtime":3011,"items_purged":["Strike_G","Regret","Strike_G","Defend_G"],"score":608,"play_id":"d2cca52c-a52b-41eb-8584-6f8ea76db1d6","local_time":"20210122191726","is_ascension_mode":true,"campfire_choices":[{"floor":15.0,"key":"REST"},{"floor":23.0,"key":"REST"},{"data":"Venomology","floor":25.0,"key":"SMITH"},{"floor":32,"key":"REST"},{"floor":49,"key":"REST"}],"circlet_count":0,"master_deck":["Strike_G","Defend_G","Defend_G","Survivor","Neutralize","Choke","Prepared","Blade Dance","Finesse","Burst","Noxious Fumes","Venomology+1","Finesse","Catalyst","Infinite Blades","Panache","A Thousand Cuts","Outmaneuver+1","Cloak And Dagger","Apotheosis","Cloak And Dagger+1","Blade Dance+1"],"relics":["Ring of the Snake","Membership Card","Nunchaku","Snake Skull","Oddly Smooth Stone","The Courier","Regal Pillow","Potion Belt","Juzu Bracelet","HornCleat","Happy Flower","Ninja Scroll","WristBlade","Omamori","Question Card","Torii","Meat on the Bone","Centennial Puzzle","StoneCalendar","Sling"],"acts_visited":["Exordium","TheCity","TheBeyond"],"potions_floor_usage":[33,33,33,33,35,42,44,44,45,45,45,45,45,45,50,50,50,50,50],"damage_taken":[{"damage":2.0,"enemies":"Small Slimes","floor":1.0,"turns":4.0},{"damage":0.0,"enemies":"2 Louse","floor":3.0,"turns":2.0},{"damage":11.0,"enemies":"Jaw Worm","floor":5.0,"turns":4.0},{"damage":32.0,"enemies":"Gremlin Nob","floor":6.0,"turns":5.0},{"damage":3.0,"enemies":"Blue Slaver","floor":12.0,"turns":2.0},{"damage":0.0,"enemies":"Red Slaver","floor":13.0,"turns":1.0},{"damage":27.0,"enemies":"Hexaghost","floor":16.0,"turns":11.0},{"damage":34.0,"enemies":"Spheric Guardian","floor":18.0,"turns":5.0},{"damage":21.0,"enemies":"Gremlin Leader","floor":24.0,"turns":5.0},{"damage":22.0,"enemies":"Shell Parasite","floor":28.0,"turns":4.0},{"damage":11,"enemies":"Automaton","floor":33,"turns":6},{"damage":9,"enemies":"3 Darklings","floor":35,"turns":3},{"damage":2,"enemies":"Orb Walker","floor":39,"turns":2},{"damage":0,"enemies":"Nemesis","floor":40,"turns":5},{"damage":1,"enemies":"Sphere and 2 Shapes","floor":42,"turns":1},{"damage":11,"enemies":"Writhing Mass","floor":44,"turns":4},{"damage":0,"enemies":"Mind Bloom Boss Battle","floor":45,"turns":3},{"damage":27,"enemies":"2 Orb Walkers","floor":47,"turns":2},{"damage":90,"enemies":"Time Eater","floor":50,"turns":8}],"seed_played":"-1637647722470402476","potions_obtained":[{"floor":1.0,"key":"Block Potion"},{"floor":6.0,"key":"Regen Potion"},{"floor":16.0,"key":"Dexterity Potion"},{"floor":18.0,"key":"Block Potion"},{"floor":24.0,"key":"FearPotion"},{"floor":27.0,"key":"Regen Potion"},{"floor":27.0,"key":"Poison Potion"},{"floor":27.0,"key":"SteroidPotion"},{"floor":40,"key":"Strength Potion"},{"floor":42,"key":"Weak Potion"},{"floor":44,"key":"Swift Potion"},{"floor":45,"key":"Ancient Potion"},{"floor":47,"key":"Regen Potion"}],"is_trial":false,"path_per_floor":["M","$","M","?","M","E","$","?","T","T","$","M","M","?","R","B",null,"M","$","?","?","?","R","E","R","T","?","M","?","$","$","R","B",null,"M","?","?","?","M","E","?","M","T","M","?","$","?","$","R","B"],"character_chosen":"THE_SILENT","items_purchased":["Membership Card","Finesse","Oddly Smooth Stone","Potion Belt","Juzu Bracelet","Infinite Blades","Ninja Scroll","Panache","Meat on the Bone","Centennial Puzzle","Sling"],"campfire_rested":4,"item_purchase_floors":[2,7,7,19,19,30,31,31,46,46,48],"current_hp_per_floor":[61,61,61,61,50,18,18,18,18,18,18,15,15,15,48,36,63,29,29,29,29,29,62,41,41,41,41,33,33,33,33,63,52,63,54,54,54,54,52,52,52,51,51,40,40,40,25,25,58,0,0],"gold":15,"neow_bonus":"TWO_FIFTY_GOLD","is_daily":false,"chose_seed":false,"campfire_upgraded":1,"win_rate":0.0,"timestamp":1611314246,"path_taken":["M","$","M","?","M","E","$","?","T","?","?","?","M","?","R","BOSS","M","$","?","?","?","R","E","R","T","?","M","?","?","$","R","BOSS","M","?","?","?","M","E","?","M","T","M","?","$","?","?","R","BOSS"],"items_purchased_type":["Relic","Card","Relic","Relic","Relic","Card","Relic","Card","Relic","Relic","Relic"],"build_version":"2020-12-22","purchased_purges":4,"victory":false,"max_hp_per_floor":[63,63,63,63,63,63,63,63,63,63,63,63,63,63,63,63,63,63,63,63,63,63,63,63,63,63,63,63,63,63,63,63,63,63,63,63,63,60,60,60,60,60,60,60,60,60,60,60,60,60,60],"relic_stats":{"Regal Pillow":57,"Happy Flower":[12],"Torii":3,"counters":[19,77],"StoneCalendar":[52],"Snake Skull":[56],"Juzu Bracelet":5,"Question Card":3,"Nunchaku":[25],"Centennial Puzzle":[6],"obtain_stats":[{"Potion Belt":19,"Regal Pillow":10,"Happy Flower":26,"Torii":45,"Oddly Smooth Stone":7,"StoneCalendar":47,"Snake Skull":6,"The Courier":9,"Juzu Bracelet":19,"Omamori":40,"Question Card":43,"Sling":48,"Nunchaku":4,"Centennial Puzzle":46,"HornCleat":24,"WristBlade":34,"Ninja Scroll":31,"Membership Card":2,"Ring of the Snake":0,"Meat on the Bone":46},{"Potion Belt":8,"Regal Pillow":4,"Happy Flower":9,"Torii":17,"Oddly Smooth Stone":4,"StoneCalendar":18,"Snake Skull":4,"The Courier":4,"Juzu Bracelet":8,"Omamori":14,"Question Card":15,"Sling":18,"Nunchaku":2,"Centennial Puzzle":17,"HornCleat":9,"WristBlade":11,"Ninja Scroll":10,"Membership Card":1,"Ring of the Snake":0,"Meat on the Bone":17},{"Potion Belt":34,"Regal Pillow":15,"Happy Flower":39,"Torii":67,"Oddly Smooth Stone":15,"StoneCalendar":69,"Snake Skull":15,"The Courier":15,"Juzu Bracelet":34,"Omamori":59,"Question Card":60,"Sling":69,"Nunchaku":6,"Centennial Puzzle":67,"HornCleat":39,"WristBlade":49,"Ninja Scroll":43,"Membership Card":4,"Ring of the Snake":0,"Meat on the Bone":67}],"Ring of the Snake":[38],"Meat on the Bone":12},"card_choices":[{"not_picked":["Underhanded Strike","Slice"],"picked":"Choke","floor":1.0},{"not_picked":["Dagger Spray","Deadly Poison"],"picked":"Prepared","floor":3.0},{"not_picked":["Catalyst","Dagger Spray"],"picked":"Blade Dance","floor":5.0},{"not_picked":["Quick Slash","Sucker Punch","Crippling Poison"],"picked":"SKIP","floor":6.0},{"not_picked":["Acrobatics","Masterful Stab"],"picked":"Burst","floor":12.0},{"not_picked":["Setup","Expertise"],"picked":"Noxious Fumes","floor":13.0},{"not_picked":["Phantasmal Killer","Wraith Form v2"],"picked":"Venomology","floor":16.0},{"not_picked":["Outmaneuver","Dagger Spray","Underhanded Strike"],"picked":"SKIP","floor":18.0},{"not_picked":["Outmaneuver","Deflect+1"],"picked":"Cloak And Dagger","floor":24.0},{"not_picked":["Choke","Cloak And Dagger"],"picked":"Catalyst","floor":28.0},{"not_picked":["Unload","Storm of Steel"],"picked":"A Thousand Cuts","floor":33},{"not_picked":["Sucker Punch","Dash"],"picked":"Outmaneuver+1","floor":35},{"not_picked":["Expertise+1","Deadly Poison+1"],"picked":"Cloak And Dagger","floor":39},{"not_picked":["Backflip","Poisoned Stab+1","Slice"],"picked":"SKIP","floor":40},{"not_picked":["Discovery","Jack Of All Trades"],"picked":"Apotheosis","floor":41},{"not_picked":["Dodge and Roll+1","Dash+1","Skewer"],"picked":"SKIP","floor":42},{"not_picked":["Deflect+1","Setup+1","Deadly Poison"],"picked":"Cloak And Dagger+1","floor":44},{"not_picked":["Terror+1","Bouncing Flask","Underhanded Strike"],"picked":"Blade Dance+1","floor":45}],"player_experience":138107,"relics_obtained":[{"floor":6.0,"key":"Snake Skull"},{"floor":9.0,"key":"The Courier"},{"floor":10.0,"key":"Regal Pillow"},{"floor":24.0,"key":"HornCleat"},{"floor":26.0,"key":"Happy Flower"},{"floor":40,"key":"Omamori"},{"floor":43,"key":"Question Card"},{"floor":45,"key":"Torii"},{"floor":47,"key":"StoneCalendar"}],"event_choices":[{"damage_healed":0.0,"max_hp_gain":0.0,"max_hp_loss":0.0,"gold_gain":0.0,"event_name":"Big Fish","player_choice":"Box","floor":4.0,"gold_loss":0.0,"damage_taken":0.0,"relics_obtained":["Nunchaku"],"cards_obtained":["Regret"]},{"cards_removed":["Strike_G"],"damage_healed":0.0,"max_hp_gain":0.0,"max_hp_loss":0.0,"gold_gain":0.0,"event_name":"The Cleric","player_choice":"Card Removal","floor":8.0,"gold_loss":50.0,"damage_taken":0.0},{"cards_removed":["Defend_G"],"damage_healed":0.0,"max_hp_gain":0.0,"max_hp_loss":0.0,"gold_gain":0.0,"event_name":"Bonfire Elementals","player_choice":"Offered Basic","floor":14.0,"gold_loss":0.0,"damage_taken":0.0},{"cards_removed":["Defend_G"],"damage_healed":0.0,"max_hp_gain":0.0,"max_hp_loss":0.0,"gold_gain":0.0,"event_name":"Purifier","player_choice":"Purged","floor":20.0,"gold_loss":0.0,"damage_taken":0.0},{"damage_healed":0.0,"max_hp_gain":0.0,"max_hp_loss":0.0,"gold_gain":0.0,"event_name":"Duplicator","player_choice":"Copied","floor":21.0,"gold_loss":0.0,"damage_taken":0.0,"cards_obtained":["Finesse"]},{"cards_removed":["Strike_G"],"damage_healed":0.0,"max_hp_gain":0.0,"max_hp_loss":0.0,"gold_gain":0.0,"event_name":"Back to Basics","player_choice":"Elegance","floor":22.0,"gold_loss":0.0,"damage_taken":0.0},{"damage_healed":0.0,"max_hp_gain":0.0,"max_hp_loss":0.0,"gold_gain":0.0,"event_name":"Lab","player_choice":"Got Potions","floor":27.0,"gold_loss":0.0,"damage_taken":0.0},{"damage_healed":0,"gold_gain":250,"player_choice":"Bet on Owner","damage_taken":0,"max_hp_gain":0,"max_hp_loss":0,"event_name":"The Joust","floor":29,"gold_loss":50},{"damage_healed":0,"gold_gain":0,"player_choice":"Ignored","damage_taken":0,"max_hp_gain":0,"max_hp_loss":0,"event_name":"Tomb of Lord Red Mask","floor":36,"gold_loss":0},{"cards_removed":["Cloak And Dagger"],"damage_healed":0,"gold_gain":0,"player_choice":"Removed Skill","damage_taken":0,"max_hp_gain":0,"max_hp_loss":0,"event_name":"Falling","floor":37,"gold_loss":0},{"damage_healed":0,"gold_gain":0,"player_choice":"Max HP","damage_taken":0,"max_hp_gain":0,"max_hp_loss":3,"event_name":"Winding Halls","floor":38,"gold_loss":0},{"damage_healed":0,"gold_gain":0,"player_choice":"Memory 1","damage_taken":0,"max_hp_gain":0,"max_hp_loss":0,"event_name":"SensoryStone","floor":41,"gold_loss":0},{"damage_healed":0,"gold_gain":0,"player_choice":"Fight","damage_taken":0,"max_hp_gain":0,"max_hp_loss":0,"event_name":"MindBloom","floor":45,"gold_loss":0},{"damage_healed":0,"gold_gain":0,"player_choice":"Fight","damage_taken":0,"max_hp_gain":0,"max_hp_loss":0,"event_name":"Mysterious Sphere","floor":47,"gold_loss":0}],"is_beta":false,"boss_relics":[{"not_picked":["Velvet Choker","Cursed Key","Runic Dome"]},{"not_picked":["Black Star","Tiny House"],"picked":"WristBlade"}],"items_purged_floors":[2,7,30,46],"is_endless":false,"potions_floor_spawned":[1,6,16,18,24,40,42,44,45,47],"killed_by":"Time Eater","ascension_level":2}}