{"host":"wppa8gky53tnknhf","time":1611340584,"event":{"mods":["AchievementEnabler","Act Like it!","BaseMod","Beaked The Cultist","Better Third Choice","BetterRewards","Card Forge","Colored Powertips","Energized Spire","Hubris","Infinite Spire","Marked Mod","Minty Spire (QoL Compilation)","Permanent Neow","Quick Restart","Rare Cards Sparkle","Relic Stats","Remove Card Discount Mod","Replay The Spire","Spikes Relics","Spire Birthday Party","StSLib","Wandering Minibosses"],"gold_per_floor":[365,377,377,377,394,424,442,442,468,27,57,57,91,110,110,213,213,229,229,245,295,319,319,346,346,416,741,756,756,783,808,808,909,909,959,959],"floor_reached":35,"language":"ENG","playtime":1164,"items_purged":[],"score":493,"play_id":"dee66553-2d2e-43bd-801e-44c074e82195","local_time":"20210122183624","is_ascension_mode":true,"campfire_choices":[{"floor":8.0,"key":"RECALL"},{"floor":12.0,"key":"REST"},{"data":"beaked:Foresight","floor":15.0,"key":"SMITH"},{"floor":23.0,"key":"REST"},{"floor":25.0,"key":"REST"},{"floor":32,"key":"REST"}],"circlet_count":0,"master_deck":["beaked:Strike_Y+1","beaked:Strike_Y+1","beaked:Strike_Y+1","beaked:Strike_Y+1","beaked:Strike_Y+1","beaked:Strike_Y+1","beaked:Defend_Y+1","beaked:Defend_Y+1","beaked:Defend_Y+1","beaked:Defend_Y+1","beaked:Ceremony+1","beaked:Ceremony+1","beaked:Ceremony+1","beaked:Tweet+1","beaked:BounceBack+1","beaked:MachineEssence+1","beaked:Ceremony+1","beaked:MachineEssence+1","beaked:Foresight+1","beaked:ScreechingChant+1","beaked:MimicWarrior+1","beaked:Evade+1","beaked:Foresight+1","beaked:Overpower+1","RitualDagger+1","beaked:DigDeep+1","beaked:KnowThyFoe+1","beaked:KnowThyFoe+1","beaked:KnowThyFoe+1","beaked:AwakenedForm+1"],"relics":["beaked:MendingPlumage","Hammer of Thor","Seething Fire","Anvil of the Gods","hubris:Towel","Tiny Chest","DollysMirror","Blood Vial","Odd Mushroom","Juzu Bracelet","energizedSpire:CursedPentagram","Regal Pillow","Anchor","Dream Catcher","Molten Egg 2","Old Coin","MiniBlackHole","hubris:MobiusCoin","Coffee Dripper"],"acts_visited":["Exordium","TheCity","TheBeyond"],"potions_floor_usage":[33],"damage_taken":[{"damage":3.0,"enemies":"Small Slimes","floor":1.0,"turns":3.0},{"damage":3.0,"enemies":"Jaw Worm","floor":2.0,"turns":4.0},{"damage":0.0,"enemies":"2 Louse","floor":5.0,"turns":2.0},{"damage":40.0,"enemies":"3 Sentries","floor":6.0,"turns":7.0},{"damage":9.0,"enemies":"Red Slaver","floor":7.0,"turns":4.0},{"damage":42.0,"enemies":"The Mushroom Lair","floor":11.0,"turns":7.0},{"damage":41.0,"enemies":"Lagavulin","floor":13.0,"turns":9.0},{"damage":24.0,"enemies":"Large Slime","floor":14.0,"turns":12.0},{"damage":51.0,"enemies":"Fading Forest","floor":16.0,"turns":11.0},{"damage":42.0,"enemies":"3 Byrds","floor":18.0,"turns":7.0},{"damage":10.0,"enemies":"Chosen","floor":20.0,"turns":6.0},{"damage":50.0,"enemies":"Slavers","floor":24.0,"turns":5.0},{"damage":74.0,"enemies":"Book of Stabbing","floor":27.0,"turns":7.0},{"damage":20.0,"enemies":"Snecko","floor":28.0,"turns":6.0},{"damage":49,"enemies":"Slavers","floor":31,"turns":5},{"damage":57,"enemies":"Champ","floor":33,"turns":11},{"damage":54,"enemies":"3 Darklings","floor":35,"turns":3}],"seed_played":"-1089850535398565213","potions_obtained":[{"floor":2.0,"key":"Strength Potion"},{"floor":6.0,"key":"AttackPotion"},{"floor":11.0,"key":"Dexterity Potion"},{"floor":14.0,"key":"ColorlessPotion"},{"floor":16.0,"key":"Energy Potion"},{"floor":27.0,"key":"Doom Potion"},{"floor":31,"key":"Swift Potion"}],"is_trial":false,"path_per_floor":["M","M","?","?","M","E","M","R","T","$","?","R","E","M","R","B",null,"M","?","M","T","T","R","E","R","T","E","M","?","T","E","R","B",null,"M"],"character_chosen":"BEAKED_THE_CULTIST","items_purchased":["beaked:MachineEssence","DollysMirror","Blood Vial"],"campfire_rested":4,"item_purchase_floors":[10,10,10],"current_hp_per_floor":[39,47,47,47,50,26,28,28,28,28,8,23,15,50,50,27,50,50,50,50,50,50,50,14,44,44,24,50,44,44,14,44,50,50,0,0],"gold":959,"neow_bonus":"TWO_FIFTY_GOLD","is_daily":false,"chose_seed":false,"campfire_upgraded":1,"win_rate":0.0,"timestamp":1611340584,"path_taken":["M","M","?","?","M","E","M","R","T","$","?","R","E","M","R","BOSS","M","?","M","?","?","R","E","R","T","E","M","?","?","E","R","BOSS","M"],"items_purchased_type":["Card","Relic","Relic"],"build_version":"2020-12-22","purchased_purges":0,"victory":false,"max_hp_per_floor":[50,50,50,50,50,50,50,50,50,50,50,50,50,50,50,50,50,50,50,50,50,50,50,50,50,50,50,50,50,50,50,50,50,50,50,50],"relic_stats":{"Blood Vial":14,"Regal Pillow":30,"Dream Catcher":2,"counters":[17,108],"Tiny Chest":1,"Juzu Bracelet":0,"obtain_stats":[{"hubris:MobiusCoin":31,"Regal Pillow":21,"Hammer of Thor":0,"Juzu Bracelet":13,"Seething Fire":0,"hubris:Towel":3,"Odd Mushroom":11,"Old Coin":27,"Blood Vial":10,"Anchor":22,"Dream Catcher":24,"energizedSpire:CursedPentagram":17,"Anvil of the Gods":0,"DollysMirror":10,"MiniBlackHole":30,"Tiny Chest":6,"Molten Egg 2":26,"Coffee Dripper":34,"beaked:MendingPlumage":0},{"hubris:MobiusCoin":15,"Regal Pillow":11,"Hammer of Thor":0,"Juzu Bracelet":7,"Seething Fire":0,"hubris:Towel":2,"Odd Mushroom":6,"Old Coin":13,"Blood Vial":5,"Anchor":11,"Dream Catcher":12,"energizedSpire:CursedPentagram":9,"Anvil of the Gods":0,"DollysMirror":5,"MiniBlackHole":14,"Tiny Chest":4,"Molten Egg 2":12,"Coffee Dripper":16,"beaked:MendingPlumage":0},{"hubris:MobiusCoin":95,"Regal Pillow":72,"Hammer of Thor":0,"Juzu Bracelet":36,"Seething Fire":0,"hubris:Towel":7,"Odd Mushroom":27,"Old Coin":84,"Blood Vial":20,"Anchor":72,"Dream Catcher":77,"energizedSpire:CursedPentagram":59,"Anvil of the Gods":0,"DollysMirror":20,"MiniBlackHole":90,"Tiny Chest":16,"Molten Egg 2":77,"Coffee Dripper":105,"beaked:MendingPlumage":0}]},"card_choices":[{"not_picked":["beaked:TuckingFeathers","beaked:Flinch"],"picked":"beaked:Tweet","floor":1.0},{"not_picked":["beaked:Cower","beaked:CursingBlood","beaked:Replenish"],"picked":"SKIP","floor":2.0},{"not_picked":["beaked:VigorBurst","beaked:SurvivalInstinct","beaked:Flinch"],"picked":"SKIP","floor":5.0},{"not_picked":["beaked:Brace","beaked:CrazyRituals"],"picked":"beaked:BounceBack","floor":6.0},{"not_picked":["beaked:DigDeeper","beaked:WindBringer","beaked:CursingBlood"],"picked":"SKIP","floor":7.0},{"not_picked":["beaked:BloodRitual","beaked:Flinch"],"picked":"beaked:MachineEssence","floor":13.0},{"not_picked":["beaked:CrazyRituals","beaked:MaddeningMurmurs"],"picked":"beaked:Foresight","floor":14.0},{"not_picked":["beaked:FeelMyPain","beaked:Poke+1"],"picked":"beaked:ScreechingChant","floor":18.0},{"not_picked":["beaked:Struggle","beaked:FeelMyPain+1"],"picked":"beaked:MimicWarrior+1","floor":20.0},{"not_picked":["beaked:FeelMyPain","beaked:VolatileMisfortune"],"picked":"beaked:Evade","floor":24.0},{"not_picked":["beaked:Windmill+1","ReplayTheSpireMod:Wings of Steel"],"picked":"beaked:Foresight","floor":27.0},{"not_picked":["beaked:Overexert+1","beaked:Replenish"],"picked":"beaked:Overpower+1","floor":28.0},{"not_picked":["beaked:Redirect","beaked:CursingBlood","beaked:FeelMyPain"],"picked":"SKIP","floor":31},{"not_picked":["beaked:CursingBlood","beaked:Tradeoff"],"picked":"beaked:DigDeep","floor":32},{"not_picked":["beaked:Sacrifice+1","beaked:CheekyTricks"],"picked":"beaked:KnowThyFoe","floor":33},{"not_picked":["beaked:Sacrifice+1","beaked:CheekyTricks"],"picked":"beaked:KnowThyFoe","floor":33}],"player_experience":772261,"relics_obtained":[{"floor":6.0,"key":"Tiny Chest"},{"floor":11.0,"key":"Odd Mushroom"},{"floor":13.0,"key":"Juzu Bracelet"},{"floor":21.0,"key":"Regal Pillow"},{"floor":22.0,"key":"Anchor"},{"floor":24.0,"key":"Dream Catcher"},{"floor":26.0,"key":"Molten Egg 2"},{"floor":27.0,"key":"Old Coin"},{"floor":30.0,"key":"MiniBlackHole"},{"floor":31,"key":"hubris:MobiusCoin"}],"event_choices":[{"damage_healed":0.0,"max_hp_gain":0.0,"max_hp_loss":0.0,"gold_gain":0.0,"event_name":"The Cleric","player_choice":"Leave","floor":4.0,"gold_loss":0.0,"damage_taken":0.0},{"damage_healed":0.0,"max_hp_gain":0.0,"max_hp_loss":0.0,"gold_gain":0.0,"event_name":"Mushrooms","player_choice":"Fought Mushrooms","floor":11.0,"gold_loss":0.0,"damage_taken":0.0},{"damage_healed":0.0,"max_hp_gain":0.0,"max_hp_loss":0.0,"gold_gain":0.0,"event_name":"Vampires","player_choice":"Ignored","floor":19.0,"gold_loss":0.0,"damage_taken":0.0},{"damage_healed":0.0,"max_hp_gain":0.0,"max_hp_loss":0.0,"gold_gain":0.0,"event_name":"betterThird:BetterNest","player_choice":"Dagger","floor":29.0,"gold_loss":0.0,"damage_taken":6.0,"cards_obtained":["RitualDagger"]}],"is_beta":false,"boss_relics":[{"not_picked":["energizedSpire:DeadBattery","Painkiller Herb"],"picked":"energizedSpire:CursedPentagram"},{"not_picked":["Runic Dome","energizedSpire:MagnifyingGlass"],"picked":"Coffee Dripper"}],"items_purged_floors":[],"is_endless":false,"potions_floor_spawned":[2,6,11,14,16,27,31],"killed_by":"3 Darklings","ascension_level":1}}