{"host":"928gv66myv2vlnsd","time":1611352613,"event":{"mods":["BaseMod","Minty Spire (QoL Compilation)","StSLib"],"gold_per_floor":[112,128,138,153,166,166,197,197,222,222,241,255,290,307,307,307,307],"floor_reached":16,"language":"ENG","playtime":716,"items_purged":[],"score":226,"play_id":"3fa20a70-75bd-41c1-bafb-5638a3ca8cf6","local_time":"20210122165653","is_ascension_mode":true,"campfire_choices":[{"floor":6,"key":"REST"},{"floor":15,"key":"REST"}],"circlet_count":0,"master_deck":["AscendersBane","Strike_R","Strike_R","Strike_R","Defend_R","Defend_R","Defend_R","Defend_R","Bash","Iron Wave","Perfected Strike","Shrug It Off","Perfected Strike","Sentinel","Perfected Strike"],"relics":["Burning Blood","StrikeDummy","Art of War","Centennial Puzzle"],"acts_visited":["Exordium"],"potions_floor_usage":[7,7,14],"damage_taken":[{"damage":14,"enemies":"Small Slimes","floor":1,"turns":7},{"damage":2,"enemies":"2 Louse","floor":2,"turns":5},{"damage":2,"enemies":"Cultist","floor":3,"turns":4},{"damage":23,"enemies":"Large Slime","floor":4,"turns":8},{"damage":41,"enemies":"Gremlin Gang","floor":5,"turns":8},{"damage":33,"enemies":"Lagavulin","floor":7,"turns":10},{"damage":8,"enemies":"Looter","floor":11,"turns":4},{"damage":9,"enemies":"Red Slaver","floor":12,"turns":4},{"damage":7,"enemies":"3 Sentries","floor":13,"turns":7},{"damage":3,"enemies":"Exordium Wildlife","floor":14,"turns":3},{"damage":65,"enemies":"Hexaghost","floor":16,"turns":9}],"seed_played":"1582784337481134532","potions_obtained":[{"floor":2,"key":"SteroidPotion"},{"floor":5,"key":"BlessingOfTheForge"},{"floor":12,"key":"FairyPotion"},{"floor":13,"key":"BlessingOfTheForge"}],"is_trial":false,"path_per_floor":["M","M","M","M","M","R","E","?","T","?","M","M","E","M","R","B"],"character_chosen":"IRONCLAD","items_purchased":[],"campfire_rested":2,"item_purchase_floors":[],"current_hp_per_floor":[60,64,68,51,16,36,9,14,14,19,17,14,13,16,37,0,0],"gold":307,"neow_bonus":"REMOVE_TWO","is_daily":false,"chose_seed":false,"campfire_upgraded":0,"win_rate":0.0,"timestamp":1611352613,"path_taken":["M","M","M","M","M","R","E","?","T","?","M","?","E","M","R","BOSS"],"items_purchased_type":[],"build_version":"2020-12-22","purchased_purges":0,"victory":false,"max_hp_per_floor":[68,68,68,68,68,68,68,73,73,73,73,73,73,73,73,73,73],"card_choices":[{"not_picked":["Intimidate","Perfected Strike"],"picked":"Iron Wave","floor":1},{"not_picked":["Pummel","Infernal Blade"],"picked":"Headbutt","floor":2},{"not_picked":["Shrug It Off","Flex"],"picked":"Perfected Strike","floor":3},{"not_picked":["Rupture","True Grit"],"picked":"Shrug It Off","floor":4},{"not_picked":["Havoc","Headbutt","Twin Strike"],"picked":"SKIP","floor":5},{"not_picked":["Uppercut","Anger"],"picked":"Perfected Strike","floor":7},{"not_picked":["Barricade","Havoc"],"picked":"Sentinel","floor":11},{"not_picked":["Pommel Strike","Pummel"],"picked":"Perfected Strike","floor":12},{"not_picked":["Twin Strike","Clash","Heavy Blade"],"picked":"SKIP","floor":13},{"not_picked":["Pummel","Searing Blow","Twin Strike"],"picked":"SKIP","floor":14}],"player_experience":1292309,"relics_obtained":[{"floor":7,"key":"StrikeDummy"},{"floor":9,"key":"Art of War"},{"floor":13,"key":"Centennial Puzzle"}],"event_choices":[{"damage_healed":0,"gold_gain":0,"player_choice":"Donut","damage_taken":0,"max_hp_gain":5,"max_hp_loss":0,"event_name":"Big Fish","floor":8,"gold_loss":0},{"cards_removed":["Headbutt"],"damage_healed":5,"gold_gain":0,"player_choice":"Offered Common","damage_taken":0,"max_hp_gain":0,"max_hp_loss":0,"event_name":"Bonfire Elementals","floor":10,"gold_loss":0},{"cards_removed":["Headbutt"],"damage_healed":5,"gold_gain":0,"player_choice":"Offered Special","damage_taken":0,"max_hp_gain":0,"max_hp_loss":0,"event_name":"Bonfire Elementals","floor":10,"gold_loss":0}],"is_beta":false,"boss_relics":[],"items_purged_floors":[],"is_endless":false,"potions_floor_spawned":[2,5,12,13],"killed_by":"Hexaghost","ascension_level":19}}