{"host":"jx3f6ezc0g3s9edc","time":1611280230,"event":{"mods":["AchievementEnabler","BaseMod","Bestiary","Colored Map","Highlight Path","Minty Spire (QoL Compilation)","StSLib"],"gold_per_floor":[113,113,126,137,137,137,169,189,189,189,189],"floor_reached":10,"language":"ENG","playtime":616,"items_purged":[],"score":102,"play_id":"3609e018-f748-4664-b6c5-c1dbf495acc1","local_time":"20210121205030","is_ascension_mode":true,"campfire_choices":[{"data":"Neutralize","floor":6.0,"key":"SMITH"}],"circlet_count":0,"master_deck":["AscendersBane","Strike_G","Strike_G","Strike_G","Strike_G","Strike_G","Defend_G","Defend_G","Defend_G","Defend_G","Defend_G","Survivor","Neutralize+1","Bouncing Flask","Corpse Explosion","Poisoned Stab","Well Laid Plans","Acrobatics"],"relics":["Ring of the Snake","White Beast Statue","Kunai","Meat on the Bone"],"acts_visited":["Exordium"],"potions_floor_usage":[8,10],"damage_taken":[{"damage":6.0,"enemies":"Cultist","floor":1.0,"turns":5.0},{"damage":4.0,"enemies":"Jaw Worm","floor":3.0,"turns":3.0},{"damage":0.0,"enemies":"Small Slimes","floor":4.0,"turns":3.0},{"damage":20.0,"enemies":"3 Sentries","floor":7.0,"turns":3.0},{"damage":5,"enemies":"2 Fungi Beasts","floor":8,"turns":4},{"damage":42,"enemies":"Gremlin Nob","floor":10,"turns":4}],"seed_played":"-177054027141504065","potions_obtained":[{"floor":3.0,"key":"BlessingOfTheForge"},{"floor":4.0,"key":"Ancient Potion"},{"floor":7.0,"key":"EssenceOfSteel"},{"floor":8,"key":"Swift Potion"}],"is_trial":false,"path_per_floor":["M","?","M","M","?","R","E","M","T","E"],"character_chosen":"THE_SILENT","items_purchased":[],"campfire_rested":0,"item_purchase_floors":[],"current_hp_per_floor":[64,61,57,57,57,57,37,32,32,0,0],"gold":189,"neow_bonus":"TEN_PERCENT_HP_BONUS","is_daily":false,"chose_seed":false,"campfire_upgraded":1,"win_rate":0.0,"timestamp":1611280230,"path_taken":["M","?","M","M","?","R","E","M","T","E"],"items_purchased_type":[],"build_version":"2020-12-22","purchased_purges":0,"victory":false,"max_hp_per_floor":[77,77,77,77,77,77,77,77,77,77,77],"card_choices":[{"not_picked":["Dagger Throw","PiercingWail"],"picked":"Bouncing Flask","floor":1.0},{"not_picked":["Reflex","Poisoned Stab"],"picked":"Corpse Explosion","floor":3.0},{"not_picked":["Backflip","Crippling Poison"],"picked":"Poisoned Stab","floor":4.0},{"not_picked":["Bouncing Flask","Bane"],"picked":"Well Laid Plans","floor":7.0},{"not_picked":["Sucker Punch","Eviscerate"],"picked":"Acrobatics","floor":8}],"player_experience":769946,"relics_obtained":[{"floor":7.0,"key":"Kunai"},{"floor":9,"key":"Meat on the Bone"}],"event_choices":[{"damage_healed":0.0,"max_hp_gain":0.0,"max_hp_loss":0.0,"gold_gain":0.0,"event_name":"Scrap Ooze","player_choice":"Success","floor":2.0,"gold_loss":0.0,"damage_taken":3.0,"relics_obtained":["White Beast Statue"]},{"damage_healed":0.0,"max_hp_gain":0.0,"max_hp_loss":0.0,"gold_gain":0.0,"event_name":"Liars Game","player_choice":"Ignored","floor":5.0,"gold_loss":0.0,"damage_taken":0.0}],"is_beta":false,"boss_relics":[],"items_purged_floors":[],"is_endless":false,"potions_floor_spawned":[3,4,7,8],"killed_by":"Gremlin Nob","ascension_level":10}}