{"host":"avq773cl9g5msfol","time":1611305555,"event":{"mods":["100% Spire Juice","AchievementEnabler","Act Like it!","Ascension Unlocker","Aspiration","Astrologer","Bard","Bartender","BaseMod","Better Altar","Better Match","Better Third Choice","BetterRewards","CapriCore","ChefMod","Colored Map","Colored Powertips","Conspire","Dio Mod","Elementarium","Energized Spire","Gensokyo","GifTheSpireLib","GungeonMod","Hallownest","Hermit","Highlight Path","Hubris","Humility","Infinite Spire","Jorbs\u0027s Wanderer Trilogy","Koishi","Magitek Elite","Marisa????????","Marked Mod","Menagerie","Minty Spire (QoL Compilation)","Pale of the Ancients","Potionbrewer","Quarter Circle Forward PUNCH!","Rare Cards Sparkle","Reimu??????","Relic Stats","Remilia??????","Replay The Spire","SacredBarkPlus","Shade Mod","Somnambulant","Spicy Shops","Spire Arcade","StSLib","The Administrix","The Blue Laboratory","The Bug Knight","The Construct","The Cursed","The Disciple","The Dragon Tamer","The Exalted","The Hayseed","The Hierophant","The Immortal","The Marked","The Mystic","The Problem Sleuth","The Runesmith","The Senshi","The Vixen","The Wild Card","TheFirefly","Wandering Minibosses","vexMod"],"gold_per_floor":[110,130,147,164,664,698,716,744,744,744,659,659,534,569,569,641,741,754,754,699,699,699,699,740,784,833,870,422,422,422,437,437,522,522,549,549,549,568,597,646,646,646,671,688,720,742,742,774,774,782,788],"floor_reached":52,"language":"ENG","playtime":3570,"items_purged":["Shade:Bonestorm+1"],"score":2882,"play_id":"a481a57e-6ca4-4906-a482-a32151315e20","local_time":"20210122155235","is_ascension_mode":true,"campfire_choices":[{"data":"Shade:CallWraith","floor":10,"key":"SMITH"},{"data":"Shade:AnimateDead","floor":12,"key":"SMITH"},{"data":"infinitespire:NeuralNetwork","floor":15,"key":"SMITH"},{"data":"Shade:SkeletonHug","floor":23,"key":"SMITH"},{"data":"Shade:CarefulCut","floor":30,"key":"SMITH"},{"floor":32,"key":"REST"},{"data":"ReplayTheSpireMod:Black Plague","floor":41,"key":"SMITH"}],"circlet_count":0,"master_deck":["AscendersBane","Shade:AnimateDead+1","Shade:CarefulCut+1","Shade:SoulToxin+1","Shade:WallOfFlesh+1","Shade:LastGasp+1","Shade:Frenzy+1","Shade:FuneraryJewels+1","Shade:AblativeArmor+1","Shade:FleshOffering+1","Shade:Bonestorm+1","Shade:Putrefaction+1","Shade:Doomsay+1","Shade:Asphyxiate+1","Shade:Premonition+1","Shade:Bite_Shade+1","Shade:GreaterAnimation+1","Shade:AuraOfUnlife+1","Shade:SensePrey+1","Shade:GraveStillness+1","Shade:ClawBack+1","ReplayTheSpireMod:Private Reserves+1","Shade:DangerousRitual+1","Specialist+1","conspire:Banana+1","Shade:Brains+1","Shade:Excise+1","Shade:Tombstone+1","Shade:CallWraith+1","Shade:SkeletonHug+1","Replay:Dark Deal+1","infinitespire:NeuralNetwork+1","Shade:Coordination+1","Shade:FleshLikeOak+1","Shade:OpenGraves+1","ReplayTheSpireMod:Black Plague+1","Shade:OminousRitual+1","ReplayUltimateDefense+1","Shade:OfferingToTheBeyond+1"],"relics":["Shade:YorickSkull","Golden Egg","PreservedInsect","HornCleat","TungstenRod","ClockworkSouvenir","Membership Card","Juzu Bracelet","hubris:64BitClover","Pocketwatch","White_Cape","Potion Belt","DemoMod:GlassGuonStoneRelic","infinitespire:Lucky Rock","War Paint","Mummified Hand","Replay:Wanted Poster","Bromod:ArcaneAwakening","Nilry\u0027s Codex","Replay:Bandana","hubris:Towel","Blood Vial","Replay:Baseball","DemoMod:SevenLeafClover","Torii","Replay:Towering Pillar of Hats","infinitespire:Cupcake","wanderingMiniBosses:AbyssPearl","Bag of Marbles","aspiration:DSix","ReplayFunnel","qcfpunch:Wrestler\u0027s_Cloak","Guard_Bracelet"],"acts_visited":["Exordium","TheCity","TheBeyond"],"potions_floor_usage":[6,16,16,16,51],"damage_taken":[{"damage":0.0,"enemies":"infinitespire:Voidling","floor":1.0,"turns":2.0},{"damage":0.0,"enemies":"Small Slimes","floor":2.0,"turns":2.0},{"damage":0.0,"enemies":"conspire:RoseBush","floor":3.0,"turns":2.0},{"damage":0.0,"enemies":"Red Slaver","floor":4.0,"turns":3.0},{"damage":0,"enemies":"3 Sentries","floor":6,"turns":2},{"damage":0,"enemies":"Looter","floor":7,"turns":2},{"damage":0,"enemies":"HollowMod:MossKnight","floor":8,"turns":3},{"damage":8,"enemies":"Nightmare","floor":14,"turns":6},{"damage":4,"enemies":"Slime Boss","floor":16,"turns":3},{"damage":0,"enemies":"Chosen","floor":18,"turns":3},{"damage":4,"enemies":"HollowMod:Nosk","floor":24,"turns":3},{"damage":0,"enemies":"Slavers","floor":27,"turns":2},{"damage":4,"enemies":"2 Thieves","floor":31,"turns":3},{"damage":4,"enemies":"conspire:MysteriousRune","floor":33,"turns":6},{"damage":0,"enemies":"3 Shapes","floor":35,"turns":3},{"damage":4,"enemies":"3 Darklings","floor":38,"turns":5},{"damage":0,"enemies":"Jaw Worm Horde","floor":39,"turns":3},{"damage":4,"enemies":"R_Hoarder","floor":40,"turns":5},{"damage":0,"enemies":"4 Shapes","floor":44,"turns":2},{"damage":0,"enemies":"Reptomancer","floor":45,"turns":4},{"damage":4,"enemies":"Sphere and 2 Shapes","floor":46,"turns":3},{"damage":4,"enemies":"4 Shapes","floor":48,"turns":3},{"damage":0,"enemies":"hubris:GrandSnecko","floor":50,"turns":8},{"damage":0,"enemies":"Replay:Hell Engine","floor":51,"turns":9}],"seed_played":"5326831576397934144","potions_obtained":[{"floor":35,"key":"CultistPotion"},{"floor":36,"key":"GrandPatriotsElixir:ReiMu"},{"floor":36,"key":"MagicPotion:ReiMu"},{"floor":44,"key":"LifebloodPotion"}],"is_trial":false,"path_per_floor":["M","M","M","M","?","E","M","E","T","R","$","R","?","NM","R","B",null,"M","?","?","T","?","R","E","?","T","E","$","?","R","M","R","B",null,"M","?","AVR","M","M","E","R","?","T","M","E","M","?","M","R_BF","B","B",null],"character_chosen":"SHADE","items_purchased":["PreservedInsect","Adrenaline Potion","Shade:Putrefaction","Shade:Doomsay","Shade:Asphyxiate","HornCleat","Shade:Premonition","Shade:Bonestorm","Shade:Bite_Shade","TungstenRod","blueLaboratory:FruitPunch","ClockworkSouvenir","Shade:GreaterAnimation","Shade:AuraOfUnlife","Shade:SensePrey","Shade:GraveStillness","Membership Card","Juzu Bracelet","Shade:ClawBack","hubris:64BitClover","ReplayTheSpireMod:Private Reserves","Shade:DangerousRitual","Pocketwatch","Specialist","White_Cape","Potion Belt","potionbrewer:CleansingPotion","Adrenaline Potion","conspire:Banana","War Paint","Torii","Replay:Towering Pillar of Hats","Shade:FleshLikeOak","Shade:OpenGraves"],"campfire_rested":1,"item_purchase_floors":[0,0,0,0,0,0,0,0,0,0,0,0,0,0,0,0,0,0,0,0,0,0,0,0,0,0,0,0,0,11,28,28,28,28],"current_hp_per_floor":[50,50,52,55,55,55,57,57,57,57,57,57,57,51,51,54,62,67,50,67,67,67,67,65,65,65,69,69,69,69,65,69,67,70,73,73,73,74,75,73,73,73,73,77,79,75,75,73,77,79,81],"gold":788,"neow_bonus":"","is_daily":false,"chose_seed":false,"campfire_upgraded":6,"win_rate":0.0,"timestamp":1611305555,"path_taken":["M","M","M","M","?","E","M","E","T","R","$","R","?","NM","R","BOSS","M","?","?","?","?","R","E","?","T","E","$","?","R","M","R","BOSS","M","?","AVR","M","M","E","R","?","T","M","E","M","?","M","R_BF","BOSS","BOSS"],"items_purchased_type":["Relic","Potion","Card","Card","Card","Relic","Card","Card","Card","Relic","Potion","Relic","Card","Card","Card","Card","Relic","Relic","Card","Relic","Card","Card","Relic","Card","Relic","Relic","Potion","Potion","Card","Relic","Relic","Relic","Card","Card"],"build_version":"2020-12-22","purchased_purges":1,"victory":true,"max_hp_per_floor":[55,55,57,57,57,57,59,59,59,59,59,59,59,61,61,65,65,67,67,67,67,67,67,69,69,69,69,69,69,69,69,69,71,71,73,73,73,75,75,77,77,77,77,77,79,79,75,77,77,79,81],"relic_stats":{"Blood Vial":6,"Torii":3,"counters":[190,621],"Mummified Hand":[456],"PreservedInsect":334,"Juzu Bracelet":7,"War Paint":["Shade:Excise","Shade:Brains"],"obtain_stats":[{"Golden Egg":0,"infinitespire:BottledMercury":43,"construct:FoamFinger":8,"Bromod:ArcaneNullifier":26,"wanderingMiniBosses:OtherGremlinHorn":31,"qcfpunch:Red_Beret":42,"Bottled Tornado":0,"theSenshi:SpiralHeartMoonRodRelic":22,"vexMod:RockOfEvil":34,"FrozenCore":17,"Replay:Wanted Poster":34,"DemoMod:SuperHotWatch":27,"Blood Vial":24,"Replay:Ringing Soul":26,"vexMod:InvisibilityCloak":13,"conspire:GlowingRock":6,"Replay:Bronze Core":34,"DemoMod:MeltedRock":14,"infinitespire:Golems Mask":45,"Replay:Bottled Flurry":43,"Kunai":43,"qcfpunch:Red_Cyclone_Teachings":26,"aspiration:DSix":43,"construct:RocketBooster":24,"Blue Candle":6,"Counterbalance":17,"HollowMod:JonisBlessing":54,"Guardian:PocketSentry":11,"Replay:Ancient Bell":17,"aspiration:FrozenJewel":0,"potionbrewer:Torch":0,"SlaversCollar":50,"Elementarium:ElementariumTrophy":33,"qcfpunch:Broken_Tusk":46,"Pandora\u0027s Box":0,"energizedSpire:MagnifyingGlass":48,"DemoMod:ResourcefulSack":26,"Bromod:ArcaneFury":30,"infinitespire:Cupcake":34,"Lantern":0,"Torii":12,"astrologer:Telescope":41,"Bromod:ArcaneVictory":42,"StoneCalendar":40,"Bromod:ArcanePistoleer":35,"wanderingMiniBosses:AbyssPearl":18,"stsjorbsmod:AlchemistsFireRelic":0,"Mythril_Glove":38,"hubris:EmptyBottle":0,"White_Cape":0,"Power_Wrist":6,"qcfpunch:Crimson_Sash":4,"hubris:EvacipatedBox":21,"vexMod:ThrowingStar":0,"Replay:Rubber Ducky":0,"Bromod:ArcaneAwakening":18,"Matryoshka":17,"infinitespire:Bottled Soul":27,"AntiCross":6,"hubris:CuriousFeather":0,"WingedGreaves":2,"hubris:FunFungus":40,"DemoMod:GnawedKey":0,"Chemical X":0,"wanderingMiniBosses:LockLocket":39,"Potion Belt":0,"Lee\u0027s Waffle":0,"construct:ClawGrip":34,"hubris:64BitClover":9,"Guardian:GemstoneGun":0,"DemoMod:WeirdEgg":23,"Thread and Needle":44,"PreservedInsect":0,"Protect_Vest":49,"infinitespire:CheckeredPen":6,"infinitespire:Lucky Rock":6,"hubris:Towel":12,"PureWhite:ReiMu":26,"Bromod:ArcaneDeflection":43,"CrazyTorch:ReiMu":8,"Elementarium:FlickeringLantern":25,"DemoMod:GreenGuonStone":0,"Ice Cream":0,"hubris:CrystalStatue":0,"Calipers":0,"Nilry\u0027s Codex":19,"Menagerie:HuntersKnife":5,"Vajra":0,"ZunR:ReiMu":23,"DemoMod:GlassGuonStoneRelic":11,"DemoMod:RiddleOfLead":34,"Lizard Tail":0,"Replay:Frozen Program":0,"HornCleat":0,"aspiration:MobileForge":22,"Prayer Wheel":10,"qcfpunch:Handcuffs":0,"theSenshi:SailorFukuRelic":48,"vexMod:RetaliationKit":31,"conspire:Dentures":40,"Girya":9,"hubris:Teleporter":33,"Happy Flower":0,"wanderingMiniBosses:ThiefScarf":30,"Choco_Feather":8,"Oddly Smooth Stone":28,"wanderingMiniBosses:MasterThiefsPresence":22,"stsjorbsmod:GrimoireRelic":0,"infinitespire:Beetle Shell":23,"vexMod:PaidLearning":29,"aspiration:SeaSaltIceCream":4,"Replay:Kaleidoscope":0,"War Paint":29,"hubris:Zylophone":45,"OrangePellets":42,"Bottled Flame":13,"Replay:Baseball":26,"ReplayTheSpireMod:Shallot":4,"energizedSpire:NeverEndingSparkler":17,"hubris:PeanutButter":0,"Onion Ring":20,"ReplayTheSpireMod:TigerMarble":9,"infinitespire:EmpoweringShard":0,"Mirror":40,"aspiration:HatOfInfinitePower":54,"hermit:Momento":0,"conspire:IceCreamScoop":56,"Pocketwatch":0,"Darkstone Periapt":31,"ReplayFunnel":10,"theSenshi:SuperSailorFukuRelic":0,"Hallownest:StagBellRelic1":4,"Shade:YorickSkull":0,"conspire:SpecialSausage":3,"Juzu Bracelet":0,"Hallownest:DreamNailRelic":3,"hubris:SlimyHat":6,"Replay:Mystery Machine":13,"ClockworkSouvenir":0,"DemoMod:SevenLeafClover":0,"Frozen Eye":29,"Dream Catcher":20,"Replay:Bandana":21,"Mummified Hand":0,"Bromod:ArcaneTrickery":47,"Bromod:ArcaneTempo":47,"Genji_Glove":38,"astrologer:SkyMirror":0,"qcfpunch:Wrestler\u0027s_Cloak":45,"vexMod:FakeStar":33,"Cracked Core":0,"Hallownest:SalubrasBlessingRelic":10,"ReplayTheSpireMod:Ninjato":3,"Replay:Towering Pillar of Hats":40,"infinitespire:CursedDice":43,"aspiration:FetidBarrel":0,"aspiration:RunicSpoon":0,"Quantum Egg":2,"Replay:WaspNest":27,"aspiration:SecretTechniqueScroll":17,"vexMod:FocusSash":17,"Medical Kit":54,"White Beast Statue":10,"Pondfish Scales":45,"Anchor":51,"vexMod:BarristanHead":26,"infinitespire:WardingShard":6,"Pendant":0,"vexMod:HeadHunter":0,"LetterFromLob":1,"Coffee Dripper":34,"Bag of Marbles":40,"Membership Card":0,"vexMod:FutureSight":31,"Guard_Bracelet":44,"potionbrewer:Keyblade":21,"DemoMod:RingOfEthereal":26,"potionbrewer:SlideRule":45,"DemoMod:VorpalBullet":24,"TungstenRod":9,"FossilizedHelix":0,"RuthlessExorcism:ReiMu":0},{"Golden Egg":0,"infinitespire:BottledMercury":21,"construct:FoamFinger":116,"Bromod:ArcaneNullifier":124,"wanderingMiniBosses:OtherGremlinHorn":35,"qcfpunch:Red_Beret":158,"Bottled Tornado":111,"theSenshi:SpiralHeartMoonRodRelic":123,"vexMod:RockOfEvil":36,"FrozenCore":62,"Replay:Wanted Poster":17,"DemoMod:SuperHotWatch":67,"Blood Vial":177,"Replay:Ringing Soul":11,"vexMod:InvisibilityCloak":119,"conspire:GlowingRock":2,"Replay:Bronze Core":153,"DemoMod:MeltedRock":29,"infinitespire:Golems Mask":134,"Replay:Bottled Flurry":106,"Kunai":77,"qcfpunch:Red_Cyclone_Teachings":32,"aspiration:DSix":184,"construct:RocketBooster":32,"Blue Candle":88,"Counterbalance":121,"HollowMod:JonisBlessing":82,"Guardian:PocketSentry":27,"Replay:Ancient Bell":121,"aspiration:FrozenJewel":43,"potionbrewer:Torch":138,"SlaversCollar":136,"Elementarium:ElementariumTrophy":36,"qcfpunch:Broken_Tusk":40,"Pandora\u0027s Box":24,"energizedSpire:MagnifyingGlass":136,"DemoMod:ResourcefulSack":124,"Bromod:ArcaneFury":151,"infinitespire:Cupcake":180,"Lantern":43,"Torii":92,"astrologer:Telescope":132,"Bromod:ArcaneVictory":133,"StoneCalendar":20,"Bromod:ArcanePistoleer":129,"wanderingMiniBosses:AbyssPearl":63,"stsjorbsmod:AlchemistsFireRelic":138,"Mythril_Glove":19,"hubris:EmptyBottle":24,"White_Cape":43,"Power_Wrist":142,"qcfpunch:Crimson_Sash":25,"hubris:EvacipatedBox":96,"vexMod:ThrowingStar":111,"Replay:Rubber Ducky":53,"Bromod:ArcaneAwakening":176,"Matryoshka":121,"infinitespire:Bottled Soul":99,"AntiCross":2,"hubris:CuriousFeather":24,"WingedGreaves":25,"hubris:FunFungus":105,"DemoMod:GnawedKey":43,"Chemical X":84,"wanderingMiniBosses:LockLocket":104,"Potion Belt":43,"Lee\u0027s Waffle":43,"construct:ClawGrip":129,"hubris:64BitClover":53,"Guardian:GemstoneGun":43,"DemoMod:WeirdEgg":66,"Thread and Needle":158,"PreservedInsect":24,"Protect_Vest":41,"infinitespire:CheckeredPen":26,"infinitespire:Lucky Rock":52,"hubris:Towel":144,"PureWhite:ReiMu":11,"Bromod:ArcaneDeflection":134,"CrazyTorch:ReiMu":90,"Elementarium:FlickeringLantern":66,"DemoMod:GreenGuonStone":43,"Ice Cream":111,"hubris:CrystalStatue":43,"Calipers":111,"Nilry\u0027s Codex":176,"Menagerie:HuntersKnife":45,"Vajra":111,"ZunR:ReiMu":123,"DemoMod:GlassGuonStoneRelic":4,"DemoMod:RiddleOfLead":101,"Lizard Tail":53,"Replay:Frozen Program":53,"HornCleat":53,"aspiration:MobileForge":123,"Prayer Wheel":59,"qcfpunch:Handcuffs":111,"theSenshi:SailorFukuRelic":109,"vexMod:RetaliationKit":16,"conspire:Dentures":156,"Girya":3,"hubris:Teleporter":128,"Happy Flower":53,"wanderingMiniBosses:ThiefScarf":127,"Choco_Feather":3,"Oddly Smooth Stone":33,"wanderingMiniBosses:MasterThiefsPresence":10,"stsjorbsmod:GrimoireRelic":138,"infinitespire:Beetle Shell":148,"vexMod:PaidLearning":100,"aspiration:SeaSaltIceCream":25,"Replay:Kaleidoscope":84,"War Paint":14,"hubris:Zylophone":107,"OrangePellets":39,"Bottled Flame":28,"Replay:Baseball":177,"ReplayTheSpireMod:Shallot":25,"energizedSpire:NeverEndingSparkler":94,"hubris:PeanutButter":53,"Onion Ring":147,"ReplayTheSpireMod:TigerMarble":26,"infinitespire:EmpoweringShard":84,"Mirror":39,"aspiration:HatOfInfinitePower":164,"hermit:Momento":0,"conspire:IceCreamScoop":84,"Pocketwatch":166,"Darkstone Periapt":127,"ReplayFunnel":144,"theSenshi:SuperSailorFukuRelic":53,"Hallownest:StagBellRelic1":141,"Shade:YorickSkull":166,"conspire:SpecialSausage":50,"Juzu Bracelet":0,"Hallownest:DreamNailRelic":1,"hubris:SlimyHat":57,"Replay:Mystery Machine":28,"ClockworkSouvenir":24,"DemoMod:SevenLeafClover":0,"Frozen Eye":13,"Dream Catcher":64,"Replay:Bandana":176,"Mummified Hand":111,"Bromod:ArcaneTrickery":135,"Bromod:ArcaneTempo":135,"Genji_Glove":131,"astrologer:SkyMirror":111,"qcfpunch:Wrestler\u0027s_Cloak":186,"vexMod:FakeStar":128,"Cracked Core":43,"Hallownest:SalubrasBlessingRelic":3,"ReplayTheSpireMod:Ninjato":50,"Replay:Towering Pillar of Hats":75,"infinitespire:CursedDice":21,"aspiration:FetidBarrel":111,"aspiration:RunicSpoon":0,"Quantum Egg":1,"Replay:WaspNest":125,"aspiration:SecretTechniqueScroll":6,"vexMod:FocusSash":121,"Medical Kit":82,"White Beast Statue":59,"Pondfish Scales":107,"Anchor":137,"vexMod:BarristanHead":98,"infinitespire:WardingShard":46,"Pendant":84,"vexMod:HeadHunter":0,"LetterFromLob":44,"Coffee Dripper":71,"Bag of Marbles":184,"Membership Card":24,"vexMod:FutureSight":127,"Guard_Bracelet":78,"potionbrewer:Keyblade":96,"DemoMod:RingOfEthereal":124,"potionbrewer:SlideRule":134,"DemoMod:VorpalBullet":11,"TungstenRod":116,"FossilizedHelix":138,"RuthlessExorcism:ReiMu":53},{"Golden Egg":0,"infinitespire:BottledMercury":74,"construct:FoamFinger":407,"Bromod:ArcaneNullifier":425,"wanderingMiniBosses:OtherGremlinHorn":115,"qcfpunch:Red_Beret":515,"Bottled Tornado":396,"theSenshi:SpiralHeartMoonRodRelic":423,"vexMod:RockOfEvil":123,"FrozenCore":201,"Replay:Wanted Poster":52,"DemoMod:SuperHotWatch":219,"Blood Vial":569,"Replay:Ringing Soul":34,"vexMod:InvisibilityCloak":413,"conspire:GlowingRock":6,"Replay:Bronze Core":502,"DemoMod:MeltedRock":94,"infinitespire:Golems Mask":453,"Replay:Bottled Flurry":372,"Kunai":257,"qcfpunch:Red_Cyclone_Teachings":104,"aspiration:DSix":594,"construct:RocketBooster":104,"Blue Candle":310,"Counterbalance":419,"HollowMod:JonisBlessing":279,"Guardian:PocketSentry":89,"Replay:Ancient Bell":419,"aspiration:FrozenJewel":147,"potionbrewer:Torch":467,"SlaversCollar":460,"Elementarium:ElementariumTrophy":123,"qcfpunch:Broken_Tusk":130,"Pandora\u0027s Box":83,"energizedSpire:MagnifyingGlass":460,"DemoMod:ResourcefulSack":425,"Bromod:ArcaneFury":497,"infinitespire:Cupcake":580,"Lantern":147,"Torii":322,"astrologer:Telescope":446,"Bromod:ArcaneVictory":449,"StoneCalendar":71,"Bromod:ArcanePistoleer":439,"wanderingMiniBosses:AbyssPearl":205,"stsjorbsmod:AlchemistsFireRelic":467,"Mythril_Glove":60,"hubris:EmptyBottle":83,"White_Cape":147,"Power_Wrist":474,"qcfpunch:Crimson_Sash":85,"hubris:EvacipatedBox":338,"vexMod:ThrowingStar":396,"Replay:Rubber Ducky":171,"Bromod:ArcaneAwakening":566,"Matryoshka":419,"infinitespire:Bottled Soul":345,"AntiCross":6,"hubris:CuriousFeather":83,"WingedGreaves":85,"hubris:FunFungus":369,"DemoMod:GnawedKey":147,"Chemical X":297,"wanderingMiniBosses:LockLocket":366,"Potion Belt":147,"Lee\u0027s Waffle":147,"construct:ClawGrip":439,"hubris:64BitClover":171,"Guardian:GemstoneGun":147,"DemoMod:WeirdEgg":215,"Thread and Needle":515,"PreservedInsect":83,"Protect_Vest":131,"infinitespire:CheckeredPen":87,"infinitespire:Lucky Rock":169,"hubris:Towel":480,"PureWhite:ReiMu":34,"Bromod:ArcaneDeflection":453,"CrazyTorch:ReiMu":318,"Elementarium:FlickeringLantern":215,"DemoMod:GreenGuonStone":147,"Ice Cream":396,"hubris:CrystalStatue":147,"Calipers":396,"Nilry\u0027s Codex":566,"Menagerie:HuntersKnife":152,"Vajra":396,"ZunR:ReiMu":423,"DemoMod:GlassGuonStoneRelic":10,"DemoMod:RiddleOfLead":357,"Lizard Tail":171,"Replay:Frozen Program":171,"HornCleat":171,"aspiration:MobileForge":423,"Prayer Wheel":191,"qcfpunch:Handcuffs":396,"theSenshi:SailorFukuRelic":388,"vexMod:RetaliationKit":45,"conspire:Dentures":508,"Girya":9,"hubris:Teleporter":435,"Happy Flower":171,"wanderingMiniBosses:ThiefScarf":433,"Choco_Feather":9,"Oddly Smooth Stone":107,"wanderingMiniBosses:MasterThiefsPresence":29,"stsjorbsmod:GrimoireRelic":467,"infinitespire:Beetle Shell":490,"vexMod:PaidLearning":350,"aspiration:SeaSaltIceCream":85,"Replay:Kaleidoscope":297,"War Paint":39,"hubris:Zylophone":376,"OrangePellets":127,"Bottled Flame":92,"Replay:Baseball":569,"ReplayTheSpireMod:Shallot":85,"energizedSpire:NeverEndingSparkler":332,"hubris:PeanutButter":171,"Onion Ring":488,"ReplayTheSpireMod:TigerMarble":87,"infinitespire:EmpoweringShard":297,"Mirror":127,"aspiration:HatOfInfinitePower":529,"hermit:Momento":0,"conspire:IceCreamScoop":286,"Pocketwatch":538,"Darkstone Periapt":433,"ReplayFunnel":480,"theSenshi:SuperSailorFukuRelic":171,"Hallownest:StagBellRelic1":472,"Shade:YorickSkull":538,"conspire:SpecialSausage":167,"Juzu Bracelet":0,"Hallownest:DreamNailRelic":1,"hubris:SlimyHat":184,"Replay:Mystery Machine":92,"ClockworkSouvenir":83,"DemoMod:SevenLeafClover":0,"Frozen Eye":37,"Dream Catcher":209,"Replay:Bandana":566,"Mummified Hand":396,"Bromod:ArcaneTrickery":457,"Bromod:ArcaneTempo":457,"Genji_Glove":443,"astrologer:SkyMirror":396,"qcfpunch:Wrestler\u0027s_Cloak":599,"vexMod:FakeStar":435,"Cracked Core":147,"Hallownest:SalubrasBlessingRelic":9,"ReplayTheSpireMod:Ninjato":167,"Replay:Towering Pillar of Hats":251,"infinitespire:CursedDice":74,"aspiration:FetidBarrel":396,"aspiration:RunicSpoon":0,"Quantum Egg":1,"Replay:WaspNest":428,"aspiration:SecretTechniqueScroll":16,"vexMod:FocusSash":419,"Medical Kit":279,"White Beast Statue":192,"Pondfish Scales":376,"Anchor":464,"vexMod:BarristanHead":343,"infinitespire:WardingShard":157,"Pendant":297,"vexMod:HeadHunter":0,"LetterFromLob":150,"Coffee Dripper":237,"Bag of Marbles":594,"Membership Card":83,"vexMod:FutureSight":433,"Guard_Bracelet":260,"potionbrewer:Keyblade":338,"DemoMod:RingOfEthereal":425,"potionbrewer:SlideRule":453,"DemoMod:VorpalBullet":34,"TungstenRod":407,"FossilizedHelix":467,"RuthlessExorcism:ReiMu":171}],"TungstenRod":14,"Pocketwatch":[29]},"card_choices":[{"not_picked":["Shade:GraveStillness","Shade:CoffinDance"],"picked":"Shade:Brains","floor":1.0},{"not_picked":["Shade:CommandSoldier","Shade:FingerOfDeath","Shade:RavenousHorde"],"picked":"SKIP","floor":2.0},{"not_picked":["Shade:Consume","Shade:Frenzy","Shade:CoffinDance"],"picked":"SKIP","floor":3.0},{"not_picked":["Shade:ExtraLimbs","Shade:DangerousRitual"],"picked":"Shade:Excise","floor":4.0},{"not_picked":["Shade:Frenzy","Shade:SanguineRitual"],"picked":"Shade:Tombstone","floor":6},{"not_picked":["Shade:Frenzy","Shade:CoffinDance","Shade:GraveStillness"],"picked":"SKIP","floor":7},{"not_picked":["Shade:FuneraryJewels","Shade:Putrefaction"],"picked":"Shade:CallWraith","floor":8},{"not_picked":["Shade:AncientSpear","Shade:Brains"],"picked":"Shade:SkeletonHug","floor":13},{"not_picked":["Magnetism","ReplayTheSpireMod:Brewmster"],"picked":"Replay:Dark Deal","floor":13},{"not_picked":["infinitespire:Gouge","hubris:Fate"],"picked":"infinitespire:NeuralNetwork","floor":14},{"not_picked":["Shade:Bite_Shade","Shade:CoffinDance","Shade:CloudOfShrapnel"],"picked":"SKIP","floor":14},{"not_picked":["Shade:DarkOfNight","Shade:OneIsEnough"],"picked":"Shade:Coordination","floor":16},{"not_picked":["Shade:Trample","Shade:FreshBones","Shade:PressTheAttack+1"],"picked":"SKIP","floor":18},{"not_picked":["Shade:FeralStrike","Shade:Bonestorm","Shade:FreshBones"],"picked":"SKIP","floor":24},{"not_picked":["Shade:FingerOfDeath","Shade:CoffinDance","Shade:PressTheAttack+1"],"picked":"SKIP","floor":27},{"not_picked":["Shade:AncientSpear+1","Shade:ExtraLimbs","Shade:FuneraryArmor"],"picked":"SKIP","floor":31},{"not_picked":["Shade:Doomsay","Shade:Premonition","Shade:SpectralStrikes"],"picked":"SKIP","floor":35},{"not_picked":["Shade:FuneraryArmor","Shade:GraveStillness+1","Shade:Frenzy"],"picked":"SKIP","floor":38},{"not_picked":["Shade:FuneraryArmor+1","Shade:Trample"],"picked":"Shade:OminousRitual","floor":39},{"not_picked":["Shade:ClawBack","Shade:SkeletonArmy","Shade:Asphyxiate"],"picked":"SKIP","floor":40},{"not_picked":["Dark Shackles","Deep Breath"],"picked":"ReplayUltimateDefense","floor":42},{"not_picked":["Shade:OneIsEnough","Shade:MadHubris"],"picked":"Shade:OfferingToTheBeyond","floor":43},{"not_picked":["Shade:SkeletonArmy","Shade:FeralStrike","Shade:TouchOfTheGrave"],"picked":"SKIP","floor":44},{"not_picked":["Shade:StitchTogether","Shade:Brains","Shade:ExtraLimbs"],"picked":"SKIP","floor":45},{"not_picked":["Shade:BoneShards+1","Shade:Premonition","Shade:GreyBargain+1"],"picked":"SKIP","floor":46},{"not_picked":["Shade:OminousRitual","Shade:StitchTogether","Shade:SkeletonHug"],"picked":"SKIP","floor":48}],"player_experience":1242238,"relics_obtained":[{"floor":6,"key":"infinitespire:Lucky Rock"},{"floor":18,"key":"Bromod:ArcaneAwakening"},{"floor":19,"key":"Nilry\u0027s Codex"},{"floor":21,"key":"Replay:Bandana"},{"floor":24,"key":"Blood Vial"},{"floor":26,"key":"Replay:Baseball"},{"floor":27,"key":"DemoMod:SevenLeafClover"},{"floor":38,"key":"wanderingMiniBosses:AbyssPearl"},{"floor":40,"key":"Bag of Marbles"},{"floor":43,"key":"aspiration:DSix"},{"floor":43,"key":"ReplayFunnel"},{"floor":45,"key":"qcfpunch:Wrestler\u0027s_Cloak"},{"floor":46,"key":"Guard_Bracelet"}],"event_choices":[{"damage_healed":0,"gold_gain":0,"player_choice":"1","damage_taken":0,"max_hp_gain":0,"max_hp_loss":0,"event_name":"betterMatch:BetterMatch","floor":13,"gold_loss":0,"cards_obtained":["betterMatch:CommonCard","betterMatch:ColorlessRareCard"]},{"damage_healed":0,"gold_gain":0,"player_choice":"Obtained Book","damage_taken":21,"max_hp_gain":0,"max_hp_loss":0,"event_name":"Cursed Tome","floor":19,"gold_loss":0},{"damage_healed":0,"gold_gain":44,"player_choice":"Grab what you can","damage_taken":0,"max_hp_gain":0,"max_hp_loss":0,"event_name":"Creature of the Night","floor":25,"gold_loss":0},{"damage_healed":0,"gold_gain":0,"player_choice":"Got Potions","damage_taken":0,"max_hp_gain":0,"max_hp_loss":0,"event_name":"Lab","floor":36,"gold_loss":0},{"damage_healed":0,"gold_gain":0,"player_choice":"Memory 1","damage_taken":0,"max_hp_gain":0,"max_hp_loss":0,"event_name":"SensoryStone","floor":42,"gold_loss":0},{"damage_healed":0,"gold_gain":0,"player_choice":"Max HP","damage_taken":0,"max_hp_gain":0,"max_hp_loss":4,"event_name":"Winding Halls","floor":47,"gold_loss":0}],"is_beta":false,"boss_relics":[{"not_picked":["aspiration:RunicSpoon","qcfpunch:Killian_Engine_Alpha"],"picked":"Replay:Wanted Poster"},{"not_picked":["hubris:GrandSneckoEye","energizedSpire:RedRose"],"picked":"infinitespire:Cupcake"}],"items_purged_floors":[0],"is_endless":false,"potions_floor_spawned":[1,6,14,18,24,35,40,44,46],"ascension_level":20}}