{"host":"gvmmh8a4dbuurnvz","time":1611305163,"event":{"mods":["AchievementEnabler","Aspiration","BaseMod","Better Vampires","BetterRewards","Colored Powertips","Highlight Path","Minty Spire (QoL Compilation)","MostiFishMod","Spicy Shops","StSLib","¡¾ÒÅÎï¿¨ÅÆ¡¿REMEMod"],"gold_per_floor":[117,131,150,50,63,93,93,105,105,116,126,157,169,240,252,365,377,407,518,530,113,163,163,192,210,210,225,255,255,152,171,171,266,266,277,277,288,298,316,342,417,452,452,472,472,472,492,442,442,442,442,442,145,172,172,172],"floor_reached":55,"language":"ZHS","playtime":2304,"items_purged":["Bash","Strike_R","MostiFishMod:OrdinaryWorld","Strike_R","Strike_R","Defend_R","Defend_R"],"score":1751,"play_id":"3da9d229-5883-4940-9657-267e1f9244f1","local_time":"20210122164603","is_ascension_mode":true,"campfire_choices":[{"data":"Spot Weakness","floor":7.0,"key":"SMITH"},{"data":"Heavy Blade","floor":13.0,"key":"SMITH"},{"floor":15.0,"key":"RECALL"},{"data":"MostiFishMod:KnuckleDown","floor":23.0,"key":"SMITH"},{"data":"MostiFishMod:AdrenalineArouse","floor":29.0,"key":"SMITH"},{"data":"Pommel Strike","floor":32.0,"key":"SMITH"},{"data":"Limit Break","floor":46.0,"key":"SMITH"},{"data":"Strike_R","floor":49.0,"key":"SMITH"},{"data":"Strike_R","floor":52.0,"key":"SMITH"}],"circlet_count":0,"master_deck":["AscendersBane","Strike_R+1","Strike_R+1","MostiFishMod:AdrenalineArouse+1","Spot Weakness+1","Heavy Blade+1","MostiFishMod:KnuckleDown+1","Pommel Strike+1","Limit Break+1"],"relics":["Burning Blood","REME_ComplimentaryCards","DaveBox","BirthdayGift-Icosahedron","Ying","SynthV:TestCard","Pocketwatch","MawBank","SynthV:C4","JellyFishMachine","Lantern","Smiling Mask","Paper Frog","Bag of Preparation","RhineCircuit","Red Skull","Pear","Bag of Marbles","White Beast Statue","REME_LimitBreaker","Bottled Lightning"],"acts_visited":["Exordium","TheCity","TheBeyond","TheEnding"],"potions_floor_usage":[],"damage_taken":[{"damage":0.0,"enemies":"Cultist","floor":1.0,"turns":3.0},{"damage":2.0,"enemies":"Jaw Worm","floor":2.0,"turns":4.0},{"damage":0.0,"enemies":"2 Louse","floor":3.0,"turns":2.0},{"damage":0.0,"enemies":"2 Fungi Beasts","floor":5.0,"turns":4.0},{"damage":18.0,"enemies":"Gremlin Nob","floor":6.0,"turns":2.0},{"damage":7.0,"enemies":"Lots of Slimes","floor":8.0,"turns":3.0},{"damage":0.0,"enemies":"Exordium Wildlife","floor":10.0,"turns":2.0},{"damage":0.0,"enemies":"Red Slaver","floor":11.0,"turns":2.0},{"damage":0.0,"enemies":"Lagavulin","floor":12.0,"turns":4.0},{"damage":1.0,"enemies":"3 Sentries","floor":14.0,"turns":3.0},{"damage":3.0,"enemies":"The Guardian","floor":16.0,"turns":6.0},{"damage":11.0,"enemies":"2 Thieves","floor":18.0,"turns":2.0},{"damage":31.0,"enemies":"Slavers","floor":24.0,"turns":3.0},{"damage":0.0,"enemies":"Spheric Guardian","floor":25.0,"turns":3.0},{"damage":0.0,"enemies":"3 Cultists","floor":27.0,"turns":3.0},{"damage":0.0,"enemies":"REME_1_Revenger","floor":28.0,"turns":3.0},{"damage":9.0,"enemies":"Centurion and Healer","floor":31.0,"turns":2.0},{"damage":15.0,"enemies":"Champ","floor":33.0,"turns":5.0},{"damage":0.0,"enemies":"3 Shapes","floor":35.0,"turns":2.0},{"damage":0.0,"enemies":"3 Darklings","floor":37.0,"turns":3.0},{"damage":0.0,"enemies":"Transient","floor":38.0,"turns":5.0},{"damage":16.0,"enemies":"Jaw Worm Horde","floor":39.0,"turns":2.0},{"damage":0.0,"enemies":"Giant Head","floor":40.0,"turns":4.0},{"damage":31.0,"enemies":"Reptomancer","floor":42.0,"turns":4.0},{"damage":11.0,"enemies":"Maw","floor":44.0,"turns":4.0},{"damage":0.0,"enemies":"3 Darklings","floor":47.0,"turns":3.0},{"damage":15.0,"enemies":"Donu and Deca","floor":50.0,"turns":3.0},{"damage":22.0,"enemies":"Shield and Spear","floor":54.0,"turns":3.0},{"damage":72,"enemies":"The Heart","floor":55,"turns":5}],"seed_played":"-5256150578521273315","potions_obtained":[{"floor":1.0,"key":"FearPotion"},{"floor":3.0,"key":"Block Potion"},{"floor":11.0,"key":"DuplicationPotion"},{"floor":27.0,"key":"GamblersBrew"},{"floor":31.0,"key":"LiquidBronze"},{"floor":37.0,"key":"Weak Potion"},{"floor":38.0,"key":"Swift Potion"},{"floor":42.0,"key":"Strength Potion"},{"floor":44.0,"key":"AttackPotion"},{"floor":47.0,"key":"BloodPotion"},{"floor":54.0,"key":"Explosive Potion"}],"is_trial":false,"path_per_floor":["M","M","M","$","M","E","R","M","T","M","M","E","R","?","R","B",null,"M","?","?","$","?","R","E","M","T","M","E","R","$","M","R","B",null,"M","?","M","M","M","E","T","E","T","M","?","R","M","$","R","B",null,"R","$","E","B"],"character_chosen":"IRONCLAD","items_purchased":["Ying","Lantern","Pommel Strike","REME_LimitBreaker"],"campfire_rested":0,"item_purchase_floors":[0,21,30,53],"current_hp_per_floor":[79,80,80,80,80,69,69,69,69,76,80,80,80,80,80,80,80,76,76,76,76,76,76,52,59,59,66,73,73,73,71,71,63,76,80,80,80,80,71,78,88,64,64,60,60,60,67,67,67,77,87,87,87,72,0,0],"gold":172,"neow_bonus":"","is_daily":false,"chose_seed":false,"campfire_upgraded":8,"win_rate":0.0,"timestamp":1611305163,"path_taken":["M","M","?","$","M","E","R","M","T","M","M","E","R","?","R","BOSS","M","?","?","$","?","R","E","M","T","M","E","R","$","?","R","BOSS","M","?","M","?","M","E","?","E","T","M","?","R","M","$","R","BOSS","R","$","E","BOSS"],"items_purchased_type":["Relic","Relic","Card","Relic"],"build_version":"2020-12-22","purchased_purges":7,"victory":false,"max_hp_per_floor":[80,80,80,80,80,80,80,80,80,80,80,80,80,80,80,80,80,80,80,80,80,80,80,80,80,80,80,80,80,80,80,80,80,80,80,80,80,80,80,80,90,90,90,90,90,90,90,90,90,90,90,90,90,90,90,90],"card_choices":[{"not_picked":["Twin Strike","Wild Strike","Body Slam"],"picked":"SKIP","floor":1.0},{"not_picked":["Sentinel","Warcry","Rampage","REME_FearOfPain"],"picked":"Spot Weakness","floor":2.0},{"not_picked":["True Grit","Clash","Combust","Seeing Red","Blood for Blood"],"picked":"SKIP","floor":3.0},{"not_picked":["Clothesline","Armaments","Bloodletting","Rupture","Burning Pact"],"picked":"SKIP","floor":5.0},{"not_picked":["Seeing Red","Pummel","Infernal Blade","Cleave","Wild Strike"],"picked":"SKIP","floor":6.0},{"not_picked":["Havoc","Anger","Combust","Perfected Strike","Feel No Pain"],"picked":"SKIP","floor":8.0},{"not_picked":["Iron Wave","Armaments","MostiFishMod:Mania","Rampage","Flame Barrier"],"picked":"SKIP","floor":10.0},{"not_picked":["Spot Weakness","Feel No Pain","Pommel Strike","Warcry"],"picked":"Heavy Blade","floor":11.0},{"not_picked":["Perfected Strike","Shrug It Off","True Grit","Shockwave"],"picked":"MostiFishMod:OrdinaryWorld","floor":12.0},{"not_picked":["Headbutt","Flex","Warcry","Anger","Heavy Blade"],"picked":"SKIP","floor":18.0},{"not_picked":["Spot Weakness","MostiFishMod:404NotFound","MostiFishMod:DarkDeal","Heavy Blade","Seeing Red"],"picked":"SKIP","floor":24.0},{"not_picked":["Bloodletting","Reckless Charge+1","Perfected Strike","Pummel","REME_FearOfPain"],"picked":"SKIP","floor":25.0},{"not_picked":["Body Slam","Blood for Blood","Anger","REME_SingleHolding","Heavy Blade"],"picked":"SKIP","floor":27.0},{"not_picked":["Infernal Blade","Cleave","REME_Cut","Headbutt","Feed"],"picked":"SKIP","floor":28.0},{"not_picked":["Pommel Strike","Second Wind","Sword Boomerang","Armaments","Cleave+1"],"picked":"SKIP","floor":31.0},{"not_picked":["MostiFishMod:PerfectStrikeMKII","MostiFishMod:404NotFound","MostiFishMod:WingOfPhoenix","Offering"],"picked":"Limit Break","floor":33.0},{"not_picked":["True Grit+1","Clothesline","Iron Wave","Rage","REME_FearOfPain"],"picked":"SKIP","floor":35.0},{"not_picked":["Pommel Strike","Twin Strike","MostiFishMod:FireWorks","Spot Weakness+1","Shrug It Off"],"picked":"SKIP","floor":37.0},{"not_picked":["Cleave+1","Warcry","Rage","Armaments+1","Twin Strike"],"picked":"SKIP","floor":38.0},{"not_picked":["Brutality","Cleave","Clash","Wild Strike+1","Metallicize"],"picked":"SKIP","floor":39.0},{"not_picked":["Fire Breathing","Seeing Red","Dropkick","Shrug It Off","Perfected Strike"],"picked":"SKIP","floor":40.0},{"not_picked":["Warcry","Rupture+1","Entrench","Anger+1","Twin Strike+1"],"picked":"SKIP","floor":42.0},{"not_picked":["Metallicize+1","Burning Pact+1","Anger","Heavy Blade+1","Cleave"],"picked":"SKIP","floor":44.0},{"not_picked":["Whirlwind+1","Perfected Strike","Clothesline+1","Offering","Thunderclap"],"picked":"SKIP","floor":47.0},{"not_picked":["REME_TheLastStrike","Carnage","Wild Strike","Spot Weakness","Shrug It Off"],"picked":"SKIP","floor":54.0}],"player_experience":282544,"relics_obtained":[{"floor":1.0,"key":"SynthV:TestCard"},{"floor":6.0,"key":"Pocketwatch"},{"floor":12.0,"key":"MawBank"},{"floor":14.0,"key":"SynthV:C4"},{"floor":24.0,"key":"Smiling Mask"},{"floor":26.0,"key":"Paper Frog"},{"floor":28.0,"key":"Bag of Preparation"},{"floor":40.0,"key":"Red Skull"},{"floor":41.0,"key":"Pear"},{"floor":42.0,"key":"Bag of Marbles"},{"floor":43.0,"key":"White Beast Statue"},{"floor":54.0,"key":"Bottled Lightning"}],"event_choices":[{"damage_healed":0.0,"max_hp_gain":0.0,"max_hp_loss":0.0,"gold_gain":0.0,"event_name":"Dead Adventurer","player_choice":"Searched \u00271\u0027 times","floor":14.0,"gold_loss":0.0,"damage_taken":0.0},{"damage_healed":0.0,"max_hp_gain":0.0,"max_hp_loss":0.0,"gold_gain":99.0,"event_name":"Nest","player_choice":"Stole From Cult","floor":19.0,"gold_loss":0.0,"damage_taken":0.0},{"damage_healed":0.0,"max_hp_gain":0.0,"max_hp_loss":0.0,"gold_gain":0.0,"event_name":"The Library","player_choice":"Read","floor":20.0,"gold_loss":0.0,"damage_taken":0.0,"cards_obtained":["MostiFishMod:KnuckleDown"]},{"damage_healed":0.0,"max_hp_gain":0.0,"max_hp_loss":0.0,"gold_gain":100.0,"event_name":"The Joust","player_choice":"Bet on Murderer","floor":22.0,"gold_loss":50.0,"damage_taken":0.0},{"cards_removed":["Defend_R"],"damage_healed":0.0,"max_hp_gain":0.0,"max_hp_loss":0.0,"gold_gain":0.0,"event_name":"Purifier","player_choice":"Purged","floor":36.0,"gold_loss":0.0,"damage_taken":0.0},{"cards_removed":["Defend_R"],"damage_healed":0.0,"max_hp_gain":0.0,"max_hp_loss":0.0,"gold_gain":0.0,"event_name":"Bonfire Elementals","player_choice":"Offered Basic","floor":45.0,"gold_loss":0.0,"damage_taken":0.0}],"is_beta":false,"boss_relics":[{"not_picked":["SacredBark","Ectoplasm"],"picked":"JellyFishMachine"},{"not_picked":["Pandora\u0027s Box","Velvet Choker"],"picked":"RhineCircuit"}],"items_purged_floors":[0,4,21,21,30,48,53],"is_endless":false,"potions_floor_spawned":[1,3,6,11,12,14,27,31,37,38,39,42,44,47,54],"killed_by":"The Heart","ascension_level":12}}