{"host":"x7xd4wkamhrqrrvw","time":1611356753,"event":{"mods":["AchievementEnabler","BaseMod","Minty Spire (QoL Compilation)","StSLib"],"gold_per_floor":[118,78,94,106,119,119,151,170,170,170,187,187,207,207,207,303,303,319,319,306,326,138,138,138,173,208,220,232,232],"floor_reached":28,"language":"ENG","playtime":1338,"items_purged":["Strike_G"],"score":372,"play_id":"c9a0eae8-fde9-41c7-ad43-88f7a3d10b5b","local_time":"20210122210553","is_ascension_mode":true,"campfire_choices":[{"data":"Wraith Form v2","floor":6.0,"key":"SMITH"},{"data":"Sucker Punch","floor":10.0,"key":"SMITH"},{"data":"Neutralize","floor":12.0,"key":"SMITH"},{"data":"Eviscerate","floor":15.0,"key":"SMITH"},{"data":"Tools of the Trade","floor":23,"key":"SMITH"},{"data":"Quick Slash","floor":27,"key":"SMITH"}],"circlet_count":0,"master_deck":["AscendersBane","Strike_G","Strike_G","Strike_G","Defend_G","Defend_G","Defend_G","Defend_G","Defend_G","Survivor","Neutralize+1","Wraith Form v2+1","Endless Agony","Heel Hook","Quick Slash+1","Eviscerate+1","Acrobatics","Sucker Punch+1","Flying Knee","Tools of the Trade+1","Terror","Well Laid Plans"],"relics":["Ring of the Snake","FossilizedHelix","Bottled Lightning","Coffee Dripper","Nilry\u0027s Codex","Membership Card","MawBank"],"acts_visited":["Exordium","TheCity"],"potions_floor_usage":[25],"damage_taken":[{"damage":6.0,"enemies":"Cultist","floor":1.0,"turns":6.0},{"damage":2.0,"enemies":"Small Slimes","floor":3.0,"turns":3.0},{"damage":2.0,"enemies":"2 Louse","floor":4.0,"turns":4.0},{"damage":2.0,"enemies":"Lots of Slimes","floor":5.0,"turns":6.0},{"damage":2.0,"enemies":"Lagavulin","floor":7.0,"turns":8.0},{"damage":0.0,"enemies":"Blue Slaver","floor":8.0,"turns":4.0},{"damage":0.0,"enemies":"Gremlin Gang","floor":11.0,"turns":4.0},{"damage":4.0,"enemies":"Lots of Slimes","floor":13.0,"turns":5.0},{"damage":47.0,"enemies":"The Guardian","floor":16.0,"turns":13.0},{"damage":3,"enemies":"3 Byrds","floor":18,"turns":5},{"damage":8,"enemies":"2 Thieves","floor":20,"turns":4},{"damage":0,"enemies":"Chosen and Byrds","floor":21,"turns":5},{"damage":6,"enemies":"Gremlin Leader","floor":25,"turns":5},{"damage":14,"enemies":"Slavers","floor":28,"turns":1}],"seed_played":"-7161115142032732135","potions_obtained":[{"floor":2.0,"key":"Fruit Juice"},{"floor":2.0,"key":"GhostInAJar"},{"floor":2.0,"key":"PowerPotion"},{"floor":5.0,"key":"SpeedPotion"},{"floor":13.0,"key":"Explosive Potion"},{"floor":20,"key":"Ancient Potion"},{"floor":21,"key":"PowerPotion"}],"is_trial":false,"path_per_floor":["M","?","M","M","M","R","E","M","T","R","M","R","M","?","R","B",null,"M","?","M","M","$","R","?","E","T","R","E"],"character_chosen":"THE_SILENT","items_purchased":["Membership Card"],"campfire_rested":0,"item_purchase_floors":[22],"current_hp_per_floor":[57,62,60,58,56,56,54,54,54,54,54,54,50,50,50,3,57,54,38,30,30,30,30,16,10,10,10,0,0],"gold":232,"neow_bonus":"ONE_RANDOM_RARE_CARD","is_daily":false,"chose_seed":false,"campfire_upgraded":6,"win_rate":0.0,"timestamp":1611356753,"path_taken":["M","?","M","M","?","R","E","M","T","R","M","R","M","?","R","BOSS","M","?","M","M","$","R","?","E","T","R","E"],"items_purchased_type":["Relic"],"build_version":"2020-12-22","purchased_purges":1,"victory":false,"max_hp_per_floor":[70,75,75,75,75,75,75,75,75,75,75,75,75,75,75,75,75,75,75,75,75,75,75,80,80,80,80,80,80],"card_choices":[{"not_picked":["Prepared","Finisher"],"picked":"Endless Agony","floor":1.0},{"not_picked":["Prepared","Flying Knee"],"picked":"Heel Hook","floor":3.0},{"not_picked":["Cloak And Dagger","Expertise"],"picked":"Quick Slash","floor":4.0},{"not_picked":["Prepared","Bane"],"picked":"Eviscerate","floor":5.0},{"not_picked":["Distraction","Setup"],"picked":"Acrobatics","floor":7.0},{"not_picked":["Flying Knee","Heel Hook"],"picked":"Sucker Punch","floor":8.0},{"not_picked":["Bane","Acrobatics","Deadly Poison"],"picked":"SKIP","floor":11.0},{"not_picked":["Blade Dance","PiercingWail","Expertise"],"picked":"SKIP","floor":13.0},{"not_picked":["Burst","Adrenaline"],"picked":"Tools of the Trade","floor":16.0},{"not_picked":["Poisoned Stab","Outmaneuver"],"picked":"Terror","floor":18},{"not_picked":["Flying Knee+1","PiercingWail"],"picked":"Well Laid Plans","floor":20},{"not_picked":["Crippling Poison","Underhanded Strike","Poisoned Stab"],"picked":"SKIP","floor":21},{"not_picked":["Burst","Deadly Poison+1","Infinite Blades"],"picked":"SKIP","floor":25}],"player_experience":388652,"relics_obtained":[{"floor":7.0,"key":"FossilizedHelix"},{"floor":9.0,"key":"Bottled Lightning"},{"floor":19,"key":"Nilry\u0027s Codex"},{"floor":25,"key":"MawBank"}],"event_choices":[{"damage_healed":0.0,"max_hp_gain":0.0,"max_hp_loss":0.0,"gold_gain":0.0,"event_name":"The Woman in Blue","player_choice":"Bought 3 Potions","floor":2.0,"gold_loss":0.0,"damage_taken":0.0},{"damage_healed":0.0,"max_hp_gain":0.0,"max_hp_loss":0.0,"gold_gain":0.0,"cards_transformed":["Strike_G"],"event_name":"Living Wall","player_choice":"Change","floor":14.0,"gold_loss":0.0,"damage_taken":0.0,"cards_obtained":["Flying Knee"]},{"damage_healed":0,"gold_gain":0,"player_choice":"Obtained Book","damage_taken":16,"max_hp_gain":0,"max_hp_loss":0,"event_name":"Cursed Tome","floor":19,"gold_loss":0},{"damage_healed":0,"gold_gain":0,"player_choice":"Shed Blood","damage_taken":19,"max_hp_gain":5,"max_hp_loss":0,"event_name":"Forgotten Altar","floor":24,"gold_loss":0}],"is_beta":false,"boss_relics":[{"not_picked":["Fusion Hammer","Runic Dome"],"picked":"Coffee Dripper"}],"items_purged_floors":[22],"is_endless":false,"potions_floor_spawned":[3,5,13,20,21],"killed_by":"Slavers","ascension_level":11}}