{"host":"hqxy2g3i5ker09hc","time":1611355727,"event":{"mods":["2.2 Compatiblity","AlwaysNeverKeys","Aspiration","BaseMod","Beaked The Cultist","Better Match","Better Note","Better Sensory Stone","Better Silent Start","Better Third Choice","Better-Laid Plans","CCEM","CatGirl Mod","Chen","Conspire","Fireblade Mod","GifTheSpireLib","Gold Saver","Hubris","Ironclad Rager","Minty Spire (QoL Compilation)","MostiFishMod","Permanent Neow","Quarter Circle Forward PUNCH!","Quick Restart","Replay The Spire","Shop Mod","Small Relic Pack","Spikes Relics","StSLib","Stuff the Spire","The Animator","The Bug Knight","The Forsaken","The Wild Card","vexMod"],"gold_per_floor":[793,793,812,812,822,838,838,850,900,270,299,299,317,346,346,445,445,463,13,288,307,307,307,232,263,315,332,147,147,147,165,165,165,165],"floor_reached":33,"language":"ENG","playtime":2051,"items_purged":["Injury"],"score":341,"play_id":"400e2d03-f98f-47f1-9325-5061199784a0","local_time":"20210122234847","is_ascension_mode":true,"campfire_choices":[{"data":"theCatGirl:BleedingWounds","floor":12,"key":"SMITH"},{"floor":15,"key":"DIG"},{"data":"theCatGirl:Counterattack","floor":23,"key":"SMITH"},{"floor":32,"key":"REST"}],"circlet_count":0,"master_deck":["theCatGirl:Strike","theCatGirl:Strike","theCatGirl:Strike","theCatGirl:Defend","theCatGirl:Defend","theCatGirl:Defend","theCatGirl:Defend","theCatGirl:ClawStrike","theCatGirl:Evasion","theCatGirl:Prepared","theCatGirl:BleedingWounds+1","theCatGirl:Misfire","theCatGirl:FumblingBlow","theCatGirl:LearnByMistake+1","theCatGirl:Counterattack+1","theCatGirl:Parry+1","theCatGirl:KeepAlert+1","theCatGirl:Insane+1","theCatGirl:ScratchFlurry","theCatGirl:PoisedStrike+1","theCatGirl:AccidentalHeadbutt+1","theCatGirl:BloodScent+1","theCatGirl:SmellFear+1","theCatGirl:SevenLives+1","theCatGirl:Beastification+1","theCatGirl:TwoStep+1","theCatGirl:TwoStep+1"],"relics":["theCatGirl:TrainedRelic","DaveBox","aspiration:Nostalgia","FireBladeMod:DuelistLocket","SynthV:TestCard","Toxic Egg 2","StuffTheSpire:SapphireSignet","SpikesRelics:DaevaFist","theForsaken:HumbleEgg","CCEMRelics:SpiritsEdge","Frozen Egg 2","StuffTheSpire:Rhapsscallions","Regal Pillow","Ying","TungstenRod","hubris:Towel","CCEMRelics:OverlyComfyChair","Centennial Puzzle","Toolbox","ReplayFunnel"],"acts_visited":["Exordium","TheCity"],"potions_floor_usage":[],"damage_taken":[{"damage":3,"enemies":"Jaw Worm","floor":1,"turns":3},{"damage":3,"enemies":"2 Louse","floor":3,"turns":3},{"damage":0,"enemies":"Cultist","floor":5,"turns":4},{"damage":10,"enemies":"Looter","floor":6,"turns":3},{"damage":7,"enemies":"3 Louse","floor":8,"turns":3},{"damage":3,"enemies":"Gremlin Nob","floor":11,"turns":4},{"damage":0,"enemies":"Exordium Wildlife","floor":13,"turns":3},{"damage":9,"enemies":"3 Sentries","floor":14,"turns":8},{"damage":0,"enemies":"Hexaghost","floor":16,"turns":9},{"damage":16,"enemies":"Spheric Guardian","floor":18,"turns":6},{"damage":0,"enemies":"3 Byrds","floor":21,"turns":5},{"damage":22,"enemies":"Book of Stabbing","floor":25,"turns":8},{"damage":12,"enemies":"conspire:HollyBat","floor":27,"turns":6},{"damage":0,"enemies":"3 Cultists","floor":31,"turns":6},{"damage":76,"enemies":"hubris:MusketHawk","floor":33,"turns":9}],"seed_played":"5460629732146363634","potions_obtained":[{"floor":5,"key":"Death Potion"},{"floor":6,"key":"Adrenaline Potion"},{"floor":8,"key":"FearPotion"},{"floor":18,"key":"BlessingOfTheForge"}],"is_trial":false,"path_per_floor":["M","?","M","T","M","M","?","M","T","$","E","R","M","E","R","B",null,"M","$","?","M","?","R","?","E","T","M","$","T","$","M","R","B"],"character_chosen":"THE_CATGIRL","items_purchased":["theForsaken:HumbleEgg","CCEMRelics:SpiritsEdge","theCatGirl:Counterattack","theCatGirl:Parry+1","theCatGirl:KeepAlert+1","Ying","TungstenRod","Toolbox","theCatGirl:TwoStep+1"],"campfire_rested":1,"item_purchase_floors":[10,10,10,10,10,19,19,28,28],"current_hp_per_floor":[67,67,64,64,64,54,54,47,47,47,44,44,44,38,38,38,73,57,57,57,57,57,57,57,35,35,23,23,23,23,23,59,0,0],"gold":165,"neow_bonus":"NOSTALGIA","is_daily":false,"chose_seed":false,"campfire_upgraded":2,"win_rate":0.0,"timestamp":1611355727,"path_taken":["M","?","M","?","M","M","?","M","T","$","E","R","?","E","R","BOSS","M","$","?","?","?","R","?","E","T","M","$","?","?","M","R","BOSS"],"items_purchased_type":["Relic","Relic","Card","Card","Card","Relic","Relic","Relic","Card"],"build_version":"2020-12-22","purchased_purges":1,"victory":false,"max_hp_per_floor":[70,70,70,70,70,70,70,70,70,70,70,70,70,73,73,73,73,73,73,73,73,73,73,73,73,73,73,73,73,73,73,73,73,73],"card_choices":[{"not_picked":["theCatGirl:ClenchYourTeeth","theCatGirl:KeepAlert"],"picked":"theCatGirl:Prepared","floor":1},{"not_picked":["theCatGirl:GoddessOfMisfortune","theCatGirl:Stalk+1","theCatGirl:SearchBackpack+1","theCatGirl:BloodScent"],"picked":"theCatGirl:BleedingWounds","floor":3},{"not_picked":["theCatGirl:Meow+1","theCatGirl:RecoveryBlow","theCatGirl:LostTrinket+1","theCatGirl:AccidentalSlap"],"picked":"theCatGirl:Misfire","floor":5},{"not_picked":["theCatGirl:ChangeOfPlans+1","theCatGirl:BloodBath","theCatGirl:RecoveryBlow","theCatGirl:KeepAlert+1"],"picked":"theCatGirl:FumblingBlow","floor":6},{"not_picked":["theCatGirl:LearnThePattern+1","theCatGirl:Meow+1","theCatGirl:ExtremeSpeed","theCatGirl:AllIn"],"picked":"theCatGirl:LearnByMistake+1","floor":8},{"not_picked":["theCatGirl:FinishingMove","theCatGirl:AllIn","theCatGirl:SpinningStrike+1","theCatGirl:Parry+1"],"picked":"theCatGirl:Insane+1","floor":11},{"not_picked":["theCatGirl:RageClaws+1","theCatGirl:AccidentalSlap","theCatGirl:EmergencyParry+1","theCatGirl:LostTrinket+1"],"picked":"theCatGirl:ScratchFlurry","floor":13},{"not_picked":["theCatGirl:LearnThePattern+1","theCatGirl:Prepared+1","theCatGirl:ShockedWitness+1","theCatGirl:PlayAround+1"],"picked":"theCatGirl:PoisedStrike+1","floor":14},{"not_picked":["theCatGirl:PerfectBlock+1","theCatGirl:Insane+1","theCatGirl:SevenLives+1","theCatGirl:AdventurersInsight+1"],"picked":"theCatGirl:AccidentalHeadbutt+1","floor":16},{"not_picked":["theCatGirl:Misfire+1","theCatGirl:UnrelentingAssault+1","theCatGirl:TripLunge+1","theCatGirl:Slip+1"],"picked":"theCatGirl:BloodScent+1","floor":18},{"not_picked":["theCatGirl:TryingMyBest","theCatGirl:Stalk+1","theCatGirl:FumblingBlow","theCatGirl:ComboAttack+1"],"picked":"theCatGirl:SmellFear+1","floor":21},{"not_picked":["theCatGirl:EmergencyParry+1","theCatGirl:RageClaws+1","theCatGirl:ChangeOfPlans+1","theCatGirl:ShockedWitness+1"],"picked":"theCatGirl:SevenLives+1","floor":25},{"not_picked":["theCatGirl:PlayAround+1","theCatGirl:AccidentalSlap","theCatGirl:LostTrinket+1","theCatGirl:ExtremeSpeed"],"picked":"theCatGirl:Beastification+1","floor":27},{"not_picked":["theCatGirl:LostTrinket+1","theCatGirl:BloodScent+1","theCatGirl:AllIn+1","theCatGirl:TryingMyBest"],"picked":"theCatGirl:TwoStep+1","floor":31}],"player_experience":677593,"relics_obtained":[{"floor":1,"key":"SynthV:TestCard"},{"floor":4,"key":"StuffTheSpire:SapphireSignet"},{"floor":9,"key":"SpikesRelics:DaevaFist"},{"floor":11,"key":"Frozen Egg 2"},{"floor":14,"key":"StuffTheSpire:Rhapsscallions"},{"floor":15,"key":"Regal Pillow"},{"floor":25,"key":"CCEMRelics:OverlyComfyChair"},{"floor":26,"key":"Centennial Puzzle"},{"floor":29,"key":"ReplayFunnel"}],"event_choices":[{"damage_healed":0,"gold_gain":275,"player_choice":"Desecrate","damage_taken":0,"max_hp_gain":0,"max_hp_loss":0,"event_name":"Golden Shrine","floor":20,"gold_loss":0,"cards_obtained":["Regret"]},{"cards_removed":["Regret"],"damage_healed":0,"gold_gain":0,"player_choice":"Gave Gold","damage_taken":0,"max_hp_gain":0,"max_hp_loss":0,"event_name":"Beggar","floor":24,"gold_loss":75}],"is_beta":false,"boss_relics":[{"not_picked":["Replay:Drink Me","Honey Jar","hubris:TerracottaHorce"]}],"items_purged_floors":[10],"is_endless":false,"potions_floor_spawned":[5,6,8,18,27,31],"killed_by":"hubris:MusketHawk","ascension_level":1}}