{"host":"88eug9pqmt5m979n","time":1611332927,"event":{"mods":["Arknights The Spire","BaseMod","Downfall","Minty Spire (QoL Compilation)","MostiFishMod","StSLib"],"gold_per_floor":[114,127,127,145,145,179,179,193,263,298,312,49,82,96,96,225,225,250,250,293,293,312,346,360,360,360,360,391,3,21,64,64,184,184,200,200,422,441,441,441,501,501,501,542,542,561,561,285,285,285],"floor_reached":51,"language":"ZHS","playtime":2133,"items_purged":["Strike_B","Strike_B","Defend_B"],"score":1354,"play_id":"798a2b69-6981-4aec-ac98-7b19548e61cb","local_time":"20210123002847","is_ascension_mode":true,"campfire_choices":[{"data":"Loop","floor":7,"key":"SMITH"},{"data":"Zap","floor":15,"key":"SMITH"},{"data":"Coolheaded","floor":25,"key":"SMITH"},{"data":"MostiFishMod:GatherIntelligence","floor":27,"key":"SMITH"},{"data":"Chaos","floor":32,"key":"SMITH"},{"data":"Blizzard","floor":40,"key":"SMITH"},{"floor":42,"key":"DIG"},{"floor":45,"key":"DIG"},{"floor":47,"key":"DIG"},{"floor":49,"key":"DIG"}],"circlet_count":0,"master_deck":["Strike_B","Strike_B","Defend_B","Defend_B","Defend_B","Zap+1","Dualcast","Cold Snap","Loop+1","Double Energy","Chill","Core Surge","Capacitor+1","Skim","MostiFishMod:GatherIntelligence+1","Coolheaded+1","Chaos+1","Echo Form","Blizzard+1","Tempest+1","MostiFishMod:TalkingToTheRain"],"relics":["Cracked Core","DaveBox","FeatherPendant","SynthV:TestCard","Golden Idol","WingedGreaves","Sundial","Lantern","Civilization","Bag of Marbles","OneHitWonderSystem","Red Mask","Eternal Feather","Shuriken","Question Card","Shovel","Mummified Hand","Sozu","Dead Branch","Singing Bowl","StoneCalendar","Bag of Preparation","Ornamental Fan","Meat on the Bone","Runic Capacitor","Gremlin Horn"],"acts_visited":["Exordium","TheCity","TheBeyond"],"potions_floor_usage":[16,50],"damage_taken":[{"damage":0,"enemies":"Jaw Worm","floor":1,"turns":2},{"damage":0,"enemies":"2 Louse","floor":2,"turns":2},{"damage":0,"enemies":"Cultist","floor":4,"turns":2},{"damage":12,"enemies":"Gremlin Nob","floor":6,"turns":3},{"damage":0,"enemies":"2 Fungi Beasts","floor":8,"turns":4},{"damage":5,"enemies":"3 Sentries","floor":10,"turns":5},{"damage":0,"enemies":"Large Slime","floor":11,"turns":5},{"damage":11,"enemies":"Gremlin Nob","floor":13,"turns":3},{"damage":0,"enemies":"Looter","floor":14,"turns":2},{"damage":0,"enemies":"Hexaghost","floor":16,"turns":6},{"damage":0,"enemies":"3 Byrds","floor":18,"turns":4},{"damage":0,"enemies":"Masked Bandits","floor":20,"turns":2},{"damage":0,"enemies":"2 Thieves","floor":22,"turns":3},{"damage":0,"enemies":"Slavers","floor":23,"turns":4},{"damage":0,"enemies":"Centurion and Healer","floor":24,"turns":2},{"damage":0,"enemies":"Book of Stabbing","floor":28,"turns":2},{"damage":0,"enemies":"3 Cultists","floor":30,"turns":4},{"damage":0,"enemies":"Gremlin Leader","floor":31,"turns":3},{"damage":0,"enemies":"Collector","floor":33,"turns":5},{"damage":0,"enemies":"3 Darklings","floor":35,"turns":4},{"damage":0,"enemies":"3 Shapes","floor":38,"turns":2},{"damage":0,"enemies":"2 Orb Walkers","floor":41,"turns":2},{"damage":0,"enemies":"Nemesis","floor":44,"turns":3},{"damage":0,"enemies":"3 Darklings","floor":46,"turns":2},{"damage":0,"enemies":"Time Eater","floor":50,"turns":2}],"seed_played":"1707803394216314564","potions_obtained":[{"floor":10,"key":"GamblersBrew"},{"floor":11,"key":"SteroidPotion"},{"floor":14,"key":"FocusPotion"},{"floor":16,"key":"SkillPotion"},{"floor":33,"key":"DuplicationPotion"}],"is_trial":false,"path_per_floor":["M","M","?","M","?","E","R","M","T","E","M","$","E","M","R","B",null,"M","?","?","?","M","E","M","R","T","R","E","$","M","E","R","B",null,"M","?","?","M","?","R","?","R","T","E","R","M","R","$","R","B",null],"character_chosen":"DEFECT","items_purchased":["Civilization","Chill","Shovel","Runic Capacitor"],"campfire_rested":0,"item_purchase_floors":[12,12,29,48],"current_hp_per_floor":[82,82,62,62,62,50,50,50,50,45,45,45,35,37,37,40,1,6,1,6,1,6,6,6,1,1,1,6,1,6,6,1,6,1,6,1,1,6,1,1,6,1,1,6,1,6,1,1,1,6],"gold":285,"neow_bonus":"TEN_PERCENT_HP_BONUS","is_daily":false,"chose_seed":false,"campfire_upgraded":6,"win_rate":0.0,"timestamp":1611332927,"path_taken":["M","M","?","M","?","E","R","M","T","E","?","$","E","M","R","BOSS","M","?","?","?","M","E","M","R","T","R","E","?","M","E","R","BOSS","M","?","?","M","?","R","?","R","T","E","R","M","R","?","R","BOSS"],"items_purchased_type":["Relic","Card","Relic","Relic"],"build_version":"2020-12-22","purchased_purges":3,"victory":true,"max_hp_per_floor":[82,82,82,82,82,82,82,82,82,82,82,82,83,85,85,88,1,6,1,6,1,6,6,6,1,1,1,6,1,6,6,1,6,1,6,1,1,6,1,1,6,1,1,6,1,6,1,1,1,6],"card_choices":[{"not_picked":["Streamline","Redo"],"picked":"Cold Snap","floor":1},{"not_picked":["Leap","Gash","Turbo","Streamline","Redo"],"picked":"SKIP","floor":2},{"not_picked":["Steam","MostiFishMod:PushDownKick","Redo","Rebound","Skim"],"picked":"SKIP","floor":4},{"not_picked":["Fusion","Beam Cell","Melter","FTL"],"picked":"Loop","floor":6},{"not_picked":["Cold Snap","Rip and Tear","Go for the Eyes","MostiFishMod:Impulse","Auto Shields"],"picked":"SKIP","floor":8},{"not_picked":["Redo","Ball Lightning","Undo","Hello World","MostiFishMod:SeaWaves"],"picked":"SKIP","floor":10},{"not_picked":["Go for the Eyes","Steam","Barrage","Loop"],"picked":"Double Energy","floor":11},{"not_picked":["Hologram","MostiFishMod:FluxCapactior","Sweeping Beam","Beam Cell","Chill"],"picked":"SKIP","floor":13},{"not_picked":["Stack","Double Energy","Compile Driver","Meteor Strike","Conserve Battery"],"picked":"SKIP","floor":14},{"not_picked":["MostiFishMod:GoodWordForIt","MostiFishMod:IntelligentEquipment","Buffer","MostiFishMod:InterfaceCompatibility"],"picked":"Core Surge","floor":16},{"not_picked":["Sweeping Beam","Coolheaded","Auto Shields+1","Rebound"],"picked":"Capacitor+1","floor":18},{"not_picked":["Beam Cell","Turbo+1","Steam","MostiFishMod:Nova"],"picked":"Skim","floor":20},{"not_picked":["Reinforced Body+1","Defragment","Steam Power+1","Compile Driver"],"picked":"MostiFishMod:GatherIntelligence","floor":22},{"not_picked":["Cold Snap+1","Hello World","Gash","Beam Cell"],"picked":"Coolheaded","floor":23},{"not_picked":["Melter","Cold Snap","Beam Cell","Gash+1","Recycle"],"picked":"SKIP","floor":24},{"not_picked":["Coolheaded+1","Reprogram+1","Consume","Barrage","Steam"],"picked":"SKIP","floor":28},{"not_picked":["Redo+1","Lockon","Meteor Strike","Compile Driver","Double Energy","Tempest+1"],"picked":"SKIP","floor":30},{"not_picked":["MostiFishMod:Impulse","Cold Snap","Sweeping Beam","Sunder","Beam Cell+1"],"picked":"Chaos","floor":31},{"not_picked":["Seek","Electrodynamics","MostiFishMod:GoodWordForIt","MostiFishMod:TalkingToTheRain","MostiFishMod:DeathFromBelow"],"picked":"Echo Form","floor":33},{"not_picked":["Double Energy+1","Undo+1","Reprogram+1","Aggregate+1","Compile Driver+1"],"picked":"Blizzard","floor":35},{"not_picked":["Capacitor","BootSequence+1","Turbo","Go for the Eyes","Hologram+1"],"picked":"Tempest+1","floor":38},{"not_picked":["Cold Snap+1","Darkness+1","Stack+1","Barrage+1","Scrape"],"picked":"MostiFishMod:TalkingToTheRain","floor":44},{"not_picked":["Streamline+1","Redo","Turbo+1","Scrape+1","Gash","MostiFishMod:TalkingToTheRain"],"picked":"SKIP","floor":46}],"player_experience":294897,"relics_obtained":[{"floor":1,"key":"SynthV:TestCard"},{"floor":6,"key":"WingedGreaves"},{"floor":9,"key":"Sundial"},{"floor":10,"key":"Lantern"},{"floor":13,"key":"Bag of Marbles"},{"floor":20,"key":"Red Mask"},{"floor":23,"key":"Eternal Feather"},{"floor":26,"key":"Shuriken"},{"floor":28,"key":"Question Card"},{"floor":31,"key":"Mummified Hand"},{"floor":41,"key":"Dead Branch"},{"floor":42,"key":"Singing Bowl"},{"floor":43,"key":"StoneCalendar"},{"floor":44,"key":"Bag of Preparation"},{"floor":45,"key":"Ornamental Fan"},{"floor":47,"key":"Meat on the Bone"},{"floor":49,"key":"Gremlin Horn"}],"event_choices":[{"damage_healed":0,"gold_gain":0,"player_choice":"Take Damage","damage_taken":20,"relics_obtained":["Golden Idol"],"max_hp_gain":0,"max_hp_loss":0,"event_name":"Golden Idol","floor":3,"gold_loss":0},{"damage_healed":0,"gold_gain":0,"player_choice":"Bought 0 Potions","damage_taken":0,"max_hp_gain":0,"max_hp_loss":0,"event_name":"The Woman in Blue","floor":5,"gold_loss":0},{"damage_healed":0,"gold_gain":0,"player_choice":"Fought Bandits","damage_taken":0,"max_hp_gain":0,"max_hp_loss":0,"event_name":"Masked Bandits","floor":20,"gold_loss":0},{"damage_healed":0,"gold_gain":0,"player_choice":"Memory 1","damage_taken":0,"max_hp_gain":0,"max_hp_loss":0,"event_name":"SensoryStone","floor":36,"gold_loss":0},{"damage_healed":0,"gold_gain":222,"player_choice":"Wore Mask","damage_taken":0,"max_hp_gain":0,"max_hp_loss":0,"event_name":"Tomb of Lord Red Mask","floor":37,"gold_loss":0},{"damage_healed":0,"gold_gain":0,"player_choice":"Max HP","damage_taken":0,"max_hp_gain":0,"max_hp_loss":0,"event_name":"Winding Halls","floor":39,"gold_loss":0},{"damage_healed":0,"gold_gain":0,"player_choice":"Fight","damage_taken":0,"max_hp_gain":0,"max_hp_loss":0,"event_name":"Mysterious Sphere","floor":41,"gold_loss":0}],"is_beta":false,"boss_relics":[{"not_picked":["Cursed Key","Snecko Eye"],"picked":"OneHitWonderSystem"},{"not_picked":["Philosopher\u0027s Stone","FrostBlade"],"picked":"Sozu"}],"items_purged_floors":[12,29,48],"is_endless":false,"potions_floor_spawned":[8,10,11,14,16,20,31,33,38,41,44],"ascension_level":2}}