{"host":"s3s7xsmblwiz356v","time":1611359613,"event":{"mods":["AchievementEnabler","BaseMod","Block Reminder","Colored Map","Colored Powertips","Minty Spire (QoL Compilation)"],"gold_per_floor":[114,126,138,157,13,13,42,42,42,67,67,100,110,110,110,184,184,200,231,53,72,72,104,104,104],"floor_reached":24,"language":"ENG","playtime":9112,"items_purged":[],"score":466,"play_id":"cda88401-1c98-40e4-b654-83d83d280107","local_time":"20210122185333","is_ascension_mode":true,"campfire_choices":[{"data":"Neutralize","floor":6.0,"key":"SMITH"},{"data":"Flash of Steel","floor":8.0,"key":"SMITH"},{"data":"Night Terror","floor":11.0,"key":"SMITH"},{"data":"Acrobatics","floor":15.0,"key":"SMITH"}],"circlet_count":0,"master_deck":["AscendersBane","Strike_G","Strike_G","Strike_G","Strike_G","Strike_G","Defend_G","Defend_G","Defend_G","Defend_G","Defend_G","Survivor","Neutralize+1","Dagger Spray","Infinite Blades","Terror","Flash of Steel+1","Acrobatics+1","Night Terror+1","Backflip","Wraith Form v2","Blade Dance","Swift Strike","Well Laid Plans","Blade Dance"],"relics":["Ring of the Snake","White Beast Statue","Meat on the Bone","StrikeDummy","Happy Flower","Black Star","Red Mask","Singing Bowl","Smiling Mask"],"acts_visited":["Exordium","TheCity"],"potions_floor_usage":[19,19,21,23],"damage_taken":[{"damage":0.0,"enemies":"Cultist","floor":1.0,"turns":4.0},{"damage":0.0,"enemies":"2 Louse","floor":2.0,"turns":3.0},{"damage":0.0,"enemies":"Jaw Worm","floor":3.0,"turns":4.0},{"damage":10.0,"enemies":"Lots of Slimes","floor":4.0,"turns":3.0},{"damage":12.0,"enemies":"Lagavulin","floor":7.0,"turns":7.0},{"damage":31.0,"enemies":"Gremlin Nob","floor":10.0,"turns":4.0},{"damage":0.0,"enemies":"Lagavulin","floor":12.0,"turns":3.0},{"damage":0.0,"enemies":"2 Fungi Beasts","floor":13.0,"turns":2.0},{"damage":20.0,"enemies":"Hexaghost","floor":16.0,"turns":11.0},{"damage":8.0,"enemies":"3 Byrds","floor":18.0,"turns":5.0},{"damage":14,"enemies":"Masked Bandits","floor":19,"turns":5},{"damage":2,"enemies":"2 Thieves","floor":21,"turns":4},{"damage":35,"enemies":"Book of Stabbing","floor":23,"turns":6}],"seed_played":"-4358129951081806459","potions_obtained":[{"floor":3.0,"key":"LiquidMemories"},{"floor":7.0,"key":"Ancient Potion"},{"floor":10.0,"key":"EntropicBrew"},{"floor":12.0,"key":"Strength Potion"},{"floor":13.0,"key":"Regen Potion"},{"floor":16.0,"key":"SteroidPotion"},{"floor":18.0,"key":"LiquidBronze"},{"floor":19,"key":"AttackPotion"},{"floor":21,"key":"Swift Potion"},{"floor":23,"key":"Block Potion"}],"is_trial":false,"path_per_floor":["M","M","M","M","$","R","E","R","T","E","R","E","M","?","R","B",null,"M","?","$","M","?","E","R"],"character_chosen":"THE_SILENT","items_purchased":["Flash of Steel","FearPotion","Swift Strike","Well Laid Plans"],"campfire_rested":0,"item_purchase_floors":[5,5,20,20],"current_hp_per_floor":[65,65,65,55,55,55,43,43,43,24,24,36,48,38,38,68,71,63,49,49,47,52,29,29,29],"gold":104,"neow_bonus":"TEN_PERCENT_HP_BONUS","is_daily":false,"chose_seed":false,"campfire_upgraded":4,"win_rate":0.0,"timestamp":1611359613,"path_taken":["M","M","?","M","$","R","E","R","T","E","R","E","?","?","R","BOSS","M","?","$","M","?","E","R"],"items_purchased_type":["Card","Potion","Card","Card"],"build_version":"2020-12-22","purchased_purges":0,"victory":false,"max_hp_per_floor":[72,72,72,72,72,72,72,72,72,72,72,72,72,72,72,72,72,72,72,72,72,72,72,72,72],"card_choices":[{"not_picked":["Outmaneuver","Poisoned Stab"],"picked":"Dagger Spray","floor":1.0},{"not_picked":["Poisoned Stab","Dodge and Roll"],"picked":"Underhanded Strike","floor":2.0},{"not_picked":["Skewer","Heel Hook"],"picked":"Infinite Blades","floor":3.0},{"not_picked":["Cloak And Dagger","Backflip"],"picked":"Terror","floor":4.0},{"not_picked":["Prepared","Terror"],"picked":"Acrobatics","floor":7.0},{"not_picked":["Dagger Throw","Dagger Spray"],"picked":"Night Terror","floor":10.0},{"not_picked":["Deadly Poison","Sucker Punch"],"picked":"Backflip","floor":12.0},{"not_picked":["Bane","Dodge and Roll","Flying Knee"],"picked":"SKIP","floor":13.0},{"not_picked":["A Thousand Cuts","Grand Finale"],"picked":"Wraith Form v2","floor":16.0},{"not_picked":["Deadly Poison","Bouncing Flask"],"picked":"Blade Dance","floor":18.0},{"not_picked":["Poisoned Stab","Prepared","Deflect"],"picked":"SKIP","floor":21},{"not_picked":["Bouncing Flask","Prepared"],"picked":"Blade Dance","floor":23}],"player_experience":488417,"relics_obtained":[{"floor":7.0,"key":"White Beast Statue"},{"floor":9.0,"key":"Meat on the Bone"},{"floor":10.0,"key":"StrikeDummy"},{"floor":12.0,"key":"Happy Flower"},{"floor":19,"key":"Red Mask"},{"floor":23,"key":"Singing Bowl"},{"floor":23,"key":"Smiling Mask"}],"event_choices":[{"damage_healed":0.0,"max_hp_gain":0.0,"max_hp_loss":0.0,"gold_gain":0.0,"event_name":"Wheel of Change","player_choice":"Damaged","floor":14.0,"gold_loss":0.0,"damage_taken":10.0},{"damage_healed":0,"gold_gain":0,"player_choice":"Fought Bandits","damage_taken":0,"max_hp_gain":0,"max_hp_loss":0,"event_name":"Masked Bandits","floor":19,"gold_loss":0},{"cards_removed":["Underhanded Strike"],"damage_healed":5,"gold_gain":0,"player_choice":"Offered Common","damage_taken":0,"max_hp_gain":0,"max_hp_loss":0,"event_name":"Bonfire Elementals","floor":22,"gold_loss":0},{"cards_removed":["Underhanded Strike"],"damage_healed":5,"gold_gain":0,"player_choice":"Offered Special","damage_taken":0,"max_hp_gain":0,"max_hp_loss":0,"event_name":"Bonfire Elementals","floor":22,"gold_loss":0}],"is_beta":false,"boss_relics":[{"not_picked":["Empty Cage","Calling Bell"],"picked":"Black Star"}],"items_purged_floors":[],"is_endless":false,"potions_floor_spawned":[3,7,10,12,13,16,18,19,21,23],"ascension_level":16}}