{"host":"njcl8kinlkfw245p","time":1611275313,"event":{"mods":["BaseMod","Block Reminder","Colored Map","Googly Eyes","KinomotoSakuraMod(????)","Minty Spire (QoL Compilation)","StSLib","The Senshi","Unceasing Turn Reminder","everything is the same but u backflip on backflip"],"gold_per_floor":[112,92,104,117,192,192,212,212,265,299,299,343,363,389,389,498,498,521,544,643,652,577,577,600,600,600],"floor_reached":25,"language":"ENG","playtime":1690,"items_purged":[],"score":341,"play_id":"3511446d-6e3d-41c2-b0d4-6abecf49033e","local_time":"20210121162833","is_ascension_mode":true,"campfire_choices":[{"data":"theSenshi:SailorJupiterAssists","floor":6.0,"key":"SMITH"},{"data":"theSenshi:MoonCrisisMakeUp","floor":8.0,"key":"SMITH"},{"floor":11.0,"key":"REST"},{"data":"theSenshi:CrisisMakeUp","floor":15.0,"key":"SMITH"},{"floor":23,"key":"REST"}],"circlet_count":0,"master_deck":["AscendersBane","theSenshi:SailorKick","theSenshi:SailorKick","theSenshi:SailorKick","theSenshi:SailorBlock","theSenshi:SailorBlock","theSenshi:SailorBlock","theSenshi:SailorBlock","theSenshi:RoseThrow","theSenshi:MoonPrismPowerMakeUp","theSenshi:SailorJupiterAssists+1","theSenshi:CrisisMakeUp+1","theSenshi:MoonCrystalPowerMakeUp","theSenshi:MoonCrisisMakeUp+1","theSenshi:SailorChibiMoonAssists","theSenshi:MoonPunch","theSenshi:SailorMercuryAssists","theSenshi:UranusStrength","theSenshi:LunaSensingAllies","theSenshi:MoonTiaraMagic","theSenshi:TallSilhouette","theSenshi:MoonPrincessHalation","theSenshi:MoonKick"],"relics":["SacredBark","CeramicFish","theSenshi:SailorFukuRelic","Bronze Scales","Cursed Key"],"acts_visited":["Exordium","TheCity"],"potions_floor_usage":[16,25,25],"damage_taken":[{"damage":0.0,"enemies":"2 Louse","floor":1.0,"turns":3.0},{"damage":0.0,"enemies":"Cultist","floor":3.0,"turns":4.0},{"damage":4.0,"enemies":"Jaw Worm","floor":4.0,"turns":5.0},{"damage":8.0,"enemies":"Blue Slaver","floor":7.0,"turns":5.0},{"damage":15.0,"enemies":"Lagavulin","floor":10.0,"turns":9.0},{"damage":37.0,"enemies":"Gremlin Nob","floor":12.0,"turns":6.0},{"damage":8.0,"enemies":"3 Louse","floor":13.0,"turns":5.0},{"damage":3.0,"enemies":"Lots of Slimes","floor":14.0,"turns":5.0},{"damage":32,"enemies":"Slime Boss","floor":16,"turns":15},{"damage":29,"enemies":"Chosen","floor":18,"turns":9},{"damage":21,"enemies":"Shell Parasite","floor":19,"turns":5},{"damage":25,"enemies":"Sentry and Sphere","floor":24,"turns":6},{"damage":10,"enemies":"Gremlin Leader","floor":25,"turns":2}],"seed_played":"-9138541730895394101","potions_obtained":[{"floor":2.0,"key":"PowerPotion"},{"floor":4.0,"key":"Regen Potion"},{"floor":12.0,"key":"PowerPotion"},{"floor":14.0,"key":"GamblersBrew"},{"floor":16,"key":"SpeedPotion"}],"is_trial":false,"path_per_floor":["M","?","M","M","?","R","M","R","T","E","R","E","M","M","R","B",null,"M","M","?","?","?","R","M","E"],"character_chosen":"THE_SENSHI","items_purchased":[],"campfire_rested":2,"item_purchase_floors":[],"current_hp_per_floor":[68,68,68,64,53,53,45,45,45,30,52,52,44,41,41,9,59,30,9,9,9,9,31,6,0,0],"gold":600,"neow_bonus":"BOSS_RELIC","is_daily":false,"chose_seed":false,"campfire_upgraded":3,"win_rate":0.0,"timestamp":1611275313,"path_taken":["M","?","?","M","?","R","M","R","T","E","R","E","M","M","R","BOSS","M","M","?","?","?","R","M","E"],"items_purchased_type":[],"build_version":"2020-12-22","purchased_purges":0,"victory":false,"max_hp_per_floor":[75,75,75,75,75,75,75,75,75,75,75,75,75,75,75,75,75,75,75,75,75,75,75,75,75,75],"card_choices":[{"not_picked":["theSenshi:MoonTiaraMagic","theSenshi:SailorVenusAssists"],"picked":"theSenshi:SailorJupiterAssists","floor":1.0},{"not_picked":["theSenshi:LunaWiseMentor","theSenshi:PlutosSolemnity"],"picked":"theSenshi:CrisisMakeUp","floor":3.0},{"not_picked":["theSenshi:MoonsReflection","theSenshi:EncouragingSpeech"],"picked":"theSenshi:MoonCrystalPowerMakeUp","floor":4.0},{"not_picked":["theSenshi:SailorChibiMoonAssists","theSenshi:SailorPlanetPower"],"picked":"theSenshi:MoonCrisisMakeUp","floor":7.0},{"not_picked":["theSenshi:SchoolBag","theSenshi:LunasBite"],"picked":"theSenshi:SailorChibiMoonAssists","floor":10.0},{"not_picked":["theSenshi:MoonTwilightFlash","theSenshi:KlutzyLuck"],"picked":"theSenshi:MoonPunch","floor":12.0},{"not_picked":["theSenshi:DramaticEntrance","theSenshi:MoonsReflection"],"picked":"theSenshi:SailorMercuryAssists","floor":13.0},{"not_picked":["theSenshi:MercurysCunning","theSenshi:EncouragingSpeech"],"picked":"theSenshi:UranusStrength","floor":14.0},{"not_picked":["theSenshi:GlimpseOfThePast","theSenshi:SailorCosmosAssists"],"picked":"theSenshi:LunaSensingAllies","floor":16},{"not_picked":["theSenshi:Overload","theSenshi:MoonPunch"],"picked":"theSenshi:MoonTiaraMagic","floor":18},{"not_picked":["theSenshi:MoonPower","theSenshi:TuxedoMaskAssists"],"picked":"theSenshi:TallSilhouette","floor":19},{"not_picked":["theSenshi:MoonCrisisMakeUp","theSenshi:SailorMarsAssists"],"picked":"theSenshi:MoonKick","floor":24}],"player_experience":913943,"relics_obtained":[{"floor":9.0,"key":"CeramicFish"},{"floor":10.0,"key":"theSenshi:SailorFukuRelic"},{"floor":12.0,"key":"Bronze Scales"}],"event_choices":[{"damage_healed":0.0,"max_hp_gain":0.0,"max_hp_loss":0.0,"gold_gain":0.0,"event_name":"The Woman in Blue","player_choice":"Bought 1 Potion","floor":2.0,"gold_loss":0.0,"damage_taken":0.0},{"damage_healed":0.0,"max_hp_gain":0.0,"max_hp_loss":0.0,"gold_gain":75.0,"event_name":"World of Goop","player_choice":"Gather Gold","floor":5.0,"gold_loss":0.0,"damage_taken":11.0},{"damage_healed":0,"gold_gain":99,"player_choice":"Stole From Cult","damage_taken":0,"max_hp_gain":0,"max_hp_loss":0,"event_name":"Nest","floor":20,"gold_loss":0},{"damage_healed":0,"gold_gain":0,"player_choice":"Read","damage_taken":0,"max_hp_gain":0,"max_hp_loss":0,"event_name":"The Library","floor":21,"gold_loss":0,"cards_obtained":["theSenshi:MoonPrincessHalation"]},{"cards_removed":["theSenshi:SailorKick"],"damage_healed":0,"gold_gain":0,"player_choice":"Gave Gold","damage_taken":0,"max_hp_gain":0,"max_hp_loss":0,"event_name":"Beggar","floor":22,"gold_loss":75}],"is_beta":false,"boss_relics":[{"not_picked":["Busted Crown","Tiny House"],"picked":"Cursed Key"}],"items_purged_floors":[],"is_endless":false,"potions_floor_spawned":[4,12,14,16,19],"killed_by":"Gremlin Leader","ascension_level":12}}