{"host":"pxmwci5ksxda8grt","time":1611283556,"event":{"mods":["BaseMod","Bestiary","Better Synergies","Better Third Choice","BetterRewards","Block Reminder","Colored Map","Colored Powertips","DeckTracker","Defuse TimeMaze Blight","Energized Spire","GifTheSpireLib","Minty Spire (QoL Compilation)","Quick Restart","Rare Cards Sparkle","Relic Stats","Spire Birthday Party","StSLib","SuperFastMode","Synergy Search","Unceasing Turn Reminder"],"gold_per_floor":[117,117,117,174,24,50,744,775,775,798,810,810,837,802,802,897,897,912,766,766,778,494,494,523,473,551,565,583,583,603,634,634,634,634],"floor_reached":33,"language":"ENG","playtime":1698,"items_purged":[],"score":679,"play_id":"fa2eb7fd-5bbc-4e97-876e-674b4b614d0d","local_time":"20210122154556","is_ascension_mode":true,"campfire_choices":[{"data":"Flex","floor":12.0,"key":"SMITH"},{"data":"Shrug It Off","floor":15.0,"key":"SMITH"},{"data":"Armaments","floor":23.0,"key":"SMITH"},{"data":"Offering","floor":29,"key":"SMITH"},{"data":"Offering","floor":32,"key":"SMITH"}],"circlet_count":0,"master_deck":["Bash+1","Body Slam+1","Wild Strike+1","Iron Wave+1","Shrug It Off+1","Berserk+1","Dark Embrace+1","Cleave+1","Flex+1","Metallicize+1","Bludgeon+1","Spot Weakness","Bloodletting","True Grit","Evolve+1","Bloodletting","Armaments+1","Metallicize+1","Dark Embrace+1","Dark Embrace+1","Twin Strike+1","Flex","True Grit","Flex+1","Barricade+1","Offering+1","Twin Strike+1","Iron Wave+1","Feel No Pain+1","Flex","Pummel+1","Offering+1"],"relics":["Burning Blood","Prayer Wheel","Juzu Bracelet","Toolbox","Molten Egg 2","Lantern","Blood Vial","Medical Kit","Frozen Egg 2","Turnip","Tiny Chest","Orichalcum","Membership Card","Happy Flower","Torii","Frozen Eye","StoneCalendar","MealTicket","Gambling Chip","Pandora\u0027s Box","Bag of Preparation","Omamori","Bottled Tornado","Whetstone","Potion Belt","Paper Frog","Boot"],"acts_visited":["Exordium","TheCity"],"potions_floor_usage":[27,31,33,33,33,33],"damage_taken":[{"damage":7.0,"enemies":"Jaw Worm","floor":1.0,"turns":2.0},{"damage":29.0,"enemies":"Lagavulin","floor":6.0,"turns":5.0},{"damage":3.0,"enemies":"3 Sentries","floor":8.0,"turns":10.0},{"damage":0.0,"enemies":"2 Louse","floor":11.0,"turns":3.0},{"damage":9.0,"enemies":"Gremlin Nob","floor":13.0,"turns":3.0},{"damage":15.0,"enemies":"The Guardian","floor":16.0,"turns":9.0},{"damage":8.0,"enemies":"Chosen","floor":18.0,"turns":4.0},{"damage":4.0,"enemies":"Shell Parasite","floor":21.0,"turns":4.0},{"damage":43.0,"enemies":"Book of Stabbing","floor":24.0,"turns":6.0},{"damage":11,"enemies":"Cultist and Chosen","floor":27,"turns":5},{"damage":3,"enemies":"Snecko","floor":28,"turns":5},{"damage":9,"enemies":"Snake Plant","floor":30,"turns":2},{"damage":34,"enemies":"Slavers","floor":31,"turns":5},{"damage":20,"enemies":"Automaton","floor":33,"turns":4}],"seed_played":"-2307077995862778837","potions_obtained":[{"floor":11.0,"key":"SkillPotion"},{"floor":13.0,"key":"SteroidPotion"},{"floor":24.0,"key":"SteroidPotion"},{"floor":27,"key":"Ancient Potion"},{"floor":30,"key":"SteroidPotion"},{"floor":31,"key":"Explosive Potion"}],"is_trial":false,"path_per_floor":["M","?","$","?","$","E","$","E","T","T","M","R","E","?","R","B",null,"M","$","?","M","$","R","E","?","T","M","M","R","M","E","R","B"],"character_chosen":"IRONCLAD","items_purchased":["Prayer Wheel","Juzu Bracelet","Toolbox","Molten Egg 2","Lantern","Blood Vial","Medical Kit","Frozen Egg 2","Turnip","Membership Card","Torii","Berserk+1","Frozen Eye","Bag of Preparation","Omamori","Barricade+1","Bottled Tornado","Whetstone"],"campfire_rested":0,"item_purchase_floors":[0,0,0,0,0,0,0,0,0,5,7,7,7,19,19,22,22,22],"current_hp_per_floor":[73,48,48,48,48,27,27,32,32,32,40,40,39,59,59,52,73,73,80,80,80,80,80,43,43,43,40,45,45,44,18,18,0,0],"gold":634,"neow_bonus":"","is_daily":false,"chose_seed":false,"campfire_upgraded":5,"win_rate":0.0,"timestamp":1611283556,"path_taken":["M","?","$","?","?","E","$","E","T","?","M","R","E","?","R","BOSS","M","$","?","M","$","R","E","?","T","M","M","R","M","E","R","BOSS"],"items_purchased_type":["Relic","Relic","Relic","Relic","Relic","Relic","Relic","Relic","Relic","Relic","Relic","Card","Relic","Relic","Relic","Card","Relic","Relic"],"build_version":"2020-12-22","purchased_purges":0,"victory":false,"max_hp_per_floor":[80,80,80,80,80,80,80,80,80,80,80,80,80,80,80,80,80,80,80,80,80,80,80,80,80,80,80,80,80,80,80,80,80,80],"relic_stats":{"Happy Flower":[66],"Torii":24,"counters":[96,274],"StoneCalendar":[52],"Juzu Bracelet":4,"Bag of Preparation":[118],"Whetstone":["Bash","Strike_R","Strike_R","Strike_R","Bash"],"Orichalcum":[120],"Medical Kit":[52],"Boot":[32],"Burning Blood":237,"Blood Vial":47,"Gambling Chip":[2],"Prayer Wheel":25,"Tiny Chest":7,"MealTicket":46,"Pandora\u0027s Box":["Pommel Strike","Perfected Strike","Evolve","Sword Boomerang","Sever Soul","Carnage","Disarm","Shockwave","Spot Weakness","Bloodletting","True Grit","Evolve","Bloodletting","Armaments","Metallicize","Dark Embrace","Dark Embrace"],"Turnip":[13],"obtain_stats":[{"Whetstone":48,"Ginger":54,"Bottled Tornado":22,"Sling":0,"Boot":46,"Blood Vial":0,"Sundial":26,"MealTicket":0,"HandDrill":0,"Kunai":32,"Pear":0,"Blue Candle":0,"Eternal Feather":0,"Pen Nib":0,"Bird Faced Urn":25,"Pandora\u0027s Box":17,"Mark of Pain":17,"energizedSpire:MagnifyingGlass":34,"Unceasing Top":0,"Lantern":0,"Regal Pillow":6,"Torii":44,"Singing Bowl":0,"Magic Flower":7,"StoneCalendar":0,"Bag of Preparation":0,"Smiling Mask":43,"Ancient Tea Set":0,"Burning Blood":0,"Shovel":0,"Matryoshka":0,"Toolbox":0,"Chemical X":48,"InkBottle":0,"Paper Frog":0,"Potion Belt":0,"Lee\u0027s Waffle":0,"Self Forming Clay":0,"energizedSpire:EnergizedDie":34,"Thread and Needle":36,"PreservedInsect":11,"Omamori":27,"Frozen Egg 2":0,"MawBank":23,"Ornamental Fan":0,"Orrery":0,"Turnip":12,"Art of War":0,"Champion Belt":0,"Toy Ornithopter":23,"Ice Cream":28,"Calipers":44,"Gremlin Horn":0,"Vajra":0,"Lizard Tail":0,"Centennial Puzzle":40,"HornCleat":42,"Strawberry":0,"Philosopher\u0027s Stone":17,"Prayer Wheel":34,"Toxic Egg 2":0,"Happy Flower":0,"Dead Branch":0,"Oddly Smooth Stone":0,"Charon\u0027s Ashes":0,"Letter Opener":9,"War Paint":4,"Question Card":30,"WarpedTongs":13,"Du-Vu Doll":0,"OrangePellets":0,"Bottled Flame":43,"Shuriken":0,"Brimstone":0,"Bronze Scales":0,"Molten Egg 2":0,"Nloth\u0027s Gift":19,"Pocketwatch":0,"Meat on the Bone":48,"Darkstone Periapt":0,"Mango":0,"Juzu Bracelet":0,"Incense Burner":0,"ClockworkSouvenir":0,"Frozen Eye":0,"Nunchaku":0,"Dream Catcher":0,"TheAbacus":0,"Mummified Hand":0,"Pantograph":0,"Gambling Chip":13,"Tiny Chest":31,"Red Mask":21,"Red Skull":28,"Orichalcum":0,"Medical Kit":0,"Mercury Hourglass":34,"Peace Pipe":0,"Calling Bell":34,"Cauldron":0,"CaptainsWheel":0,"Anchor":0,"Bag of Marbles":0,"Membership Card":0,"FossilizedHelix":0,"TungstenRod":37},{"Whetstone":29,"Ginger":52,"Bottled Tornado":90,"Sling":0,"Boot":28,"Blood Vial":0,"Sundial":16,"MealTicket":0,"HandDrill":0,"Kunai":43,"Pear":30,"Blue Candle":30,"Eternal Feather":0,"Pen Nib":0,"Bird Faced Urn":16,"Pandora\u0027s Box":61,"Mark of Pain":10,"energizedSpire:MagnifyingGlass":20,"Unceasing Top":0,"Lantern":0,"Regal Pillow":33,"Torii":27,"Singing Bowl":30,"Magic Flower":33,"StoneCalendar":0,"Bag of Preparation":0,"Smiling Mask":27,"Ancient Tea Set":30,"Burning Blood":0,"Shovel":30,"Matryoshka":30,"Toolbox":0,"Chemical X":29,"InkBottle":30,"Paper Frog":0,"Potion Belt":0,"Lee\u0027s Waffle":0,"Self Forming Clay":30,"energizedSpire:EnergizedDie":71,"Thread and Needle":22,"PreservedInsect":7,"Omamori":17,"Frozen Egg 2":30,"MawBank":15,"Ornamental Fan":0,"Orrery":30,"Turnip":7,"Art of War":30,"Champion Belt":0,"Toy Ornithopter":38,"Ice Cream":17,"Calipers":47,"Gremlin Horn":30,"Vajra":0,"Lizard Tail":0,"Centennial Puzzle":26,"HornCleat":27,"Strawberry":30,"Philosopher\u0027s Stone":37,"Prayer Wheel":44,"Toxic Egg 2":0,"Happy Flower":30,"Dead Branch":30,"Oddly Smooth Stone":30,"Charon\u0027s Ashes":30,"Letter Opener":5,"War Paint":2,"Question Card":18,"WarpedTongs":59,"Du-Vu Doll":30,"OrangePellets":0,"Bottled Flame":77,"Shuriken":0,"Brimstone":0,"Bronze Scales":0,"Molten Egg 2":0,"Nloth\u0027s Gift":38,"Pocketwatch":0,"Meat on the Bone":29,"Darkstone Periapt":30,"Mango":0,"Juzu Bracelet":0,"Incense Burner":0,"ClockworkSouvenir":0,"Frozen Eye":0,"Nunchaku":0,"Dream Catcher":0,"TheAbacus":0,"Mummified Hand":0,"Pantograph":30,"Gambling Chip":87,"Tiny Chest":19,"Red Mask":65,"Red Skull":17,"Orichalcum":0,"Medical Kit":0,"Mercury Hourglass":44,"Peace Pipe":0,"Calling Bell":44,"Cauldron":0,"CaptainsWheel":0,"Anchor":0,"Bag of Marbles":30,"Membership Card":0,"FossilizedHelix":0,"TungstenRod":23},{"Whetstone":64,"Ginger":112,"Bottled Tornado":247,"Sling":0,"Boot":58,"Blood Vial":0,"Sundial":28,"MealTicket":0,"HandDrill":0,"Kunai":93,"Pear":68,"Blue Candle":68,"Eternal Feather":0,"Pen Nib":0,"Bird Faced Urn":28,"Pandora\u0027s Box":140,"Mark of Pain":18,"energizedSpire:MagnifyingGlass":37,"Unceasing Top":0,"Lantern":0,"Regal Pillow":74,"Torii":55,"Singing Bowl":68,"Magic Flower":74,"StoneCalendar":0,"Bag of Preparation":0,"Smiling Mask":55,"Ancient Tea Set":68,"Burning Blood":0,"Shovel":68,"Matryoshka":68,"Toolbox":0,"Chemical X":64,"InkBottle":68,"Paper Frog":0,"Potion Belt":0,"Lee\u0027s Waffle":0,"Self Forming Clay":68,"energizedSpire:EnergizedDie":171,"Thread and Needle":40,"PreservedInsect":12,"Omamori":29,"Frozen Egg 2":68,"MawBank":27,"Ornamental Fan":0,"Orrery":68,"Turnip":12,"Art of War":68,"Champion Belt":0,"Toy Ornithopter":87,"Ice Cream":29,"Calipers":101,"Gremlin Horn":68,"Vajra":0,"Lizard Tail":0,"Centennial Puzzle":51,"HornCleat":55,"Strawberry":68,"Philosopher\u0027s Stone":85,"Prayer Wheel":96,"Toxic Egg 2":0,"Happy Flower":68,"Dead Branch":68,"Oddly Smooth Stone":68,"Charon\u0027s Ashes":68,"Letter Opener":8,"War Paint":4,"Question Card":32,"WarpedTongs":133,"Du-Vu Doll":68,"OrangePellets":0,"Bottled Flame":189,"Shuriken":0,"Brimstone":0,"Bronze Scales":0,"Molten Egg 2":0,"Nloth\u0027s Gift":87,"Pocketwatch":0,"Meat on the Bone":64,"Darkstone Periapt":68,"Mango":0,"Juzu Bracelet":0,"Incense Burner":0,"ClockworkSouvenir":0,"Frozen Eye":0,"Nunchaku":0,"Dream Catcher":0,"TheAbacus":0,"Mummified Hand":0,"Pantograph":68,"Gambling Chip":230,"Tiny Chest":33,"Red Mask":148,"Red Skull":29,"Orichalcum":0,"Medical Kit":0,"Mercury Hourglass":96,"Peace Pipe":0,"Calling Bell":96,"Cauldron":0,"CaptainsWheel":0,"Anchor":0,"Bag of Marbles":68,"Membership Card":0,"FossilizedHelix":0,"TungstenRod":42}]},"card_choices":[{"not_picked":["Havoc","Combust+1"],"picked":"Wild Strike+1","floor":1.0},{"not_picked":["Sword Boomerang+1","Warcry"],"picked":"Iron Wave+1","floor":1.0},{"not_picked":["Havoc","Headbutt+1"],"picked":"Shrug It Off","floor":6.0},{"not_picked":["Clash+1","Intimidate"],"picked":"Dark Embrace+1","floor":8.0},{"not_picked":["Clothesline+1","Sentinel"],"picked":"Cleave+1","floor":11.0},{"not_picked":["Thunderclap+1","Headbutt+1"],"picked":"Flex","floor":11.0},{"not_picked":["Double Tap","Sever Soul+1"],"picked":"Metallicize+1","floor":13.0},{"not_picked":["Impervious","Exhume"],"picked":"Bludgeon+1","floor":16.0},{"not_picked":["Shrug It Off+1","Body Slam+1"],"picked":"Twin Strike+1","floor":18.0},{"not_picked":["Armaments","Body Slam+1"],"picked":"Flex","floor":18.0},{"not_picked":["Twin Strike+1","Anger+1"],"picked":"True Grit","floor":21.0},{"not_picked":["Pommel Strike+1","Heavy Blade+1"],"picked":"Flex+1","floor":21.0},{"not_picked":["Clothesline+1","Sword Boomerang+1"],"picked":"Offering","floor":24.0},{"not_picked":["Anger+1","Wild Strike+1"],"picked":"Twin Strike+1","floor":27},{"not_picked":["Sword Boomerang+1","Havoc"],"picked":"Iron Wave+1","floor":27},{"not_picked":["Carnage+1","Burning Pact+1"],"picked":"Feel No Pain+1","floor":28},{"not_picked":["Blood for Blood+1","Whirlwind+1","Perfected Strike+1"],"picked":"SKIP","floor":28},{"not_picked":["Clothesline+1","Dual Wield"],"picked":"Flex","floor":30},{"not_picked":["Anger+1","Ghostly Armor"],"picked":"Pummel+1","floor":30},{"not_picked":["Iron Wave+1","Searing Blow+1"],"picked":"Offering","floor":31}],"player_experience":581086,"relics_obtained":[{"floor":6.0,"key":"Happy Flower"},{"floor":8.0,"key":"StoneCalendar"},{"floor":10.0,"key":"MealTicket"},{"floor":13.0,"key":"Gambling Chip"},{"floor":24.0,"key":"Potion Belt"},{"floor":26,"key":"Paper Frog"},{"floor":31,"key":"Boot"}],"event_choices":[{"damage_healed":0.0,"max_hp_gain":0.0,"max_hp_loss":0.0,"gold_gain":0.0,"event_name":"betterThird:BetterScrap","player_choice":"Relic ","floor":2.0,"gold_loss":0.0,"damage_taken":25.0,"cards_obtained":["White Noise"]},{"damage_healed":0.0,"max_hp_gain":0.0,"max_hp_loss":0.0,"gold_gain":57.0,"event_name":"Golden Wing","player_choice":"Gained Gold","floor":4.0,"gold_loss":0.0,"damage_taken":0.0},{"damage_healed":20.0,"max_hp_gain":0.0,"max_hp_loss":0.0,"gold_gain":0.0,"event_name":"The Cleric","player_choice":"Healed","floor":14.0,"gold_loss":35.0,"damage_taken":0.0},{"damage_healed":0.0,"max_hp_gain":0.0,"max_hp_loss":0.0,"gold_gain":0.0,"event_name":"Match and Keep!","player_choice":"0 cards matched","floor":20.0,"gold_loss":0.0,"damage_taken":0.0,"cards_obtained":[]},{"damage_healed":0,"gold_gain":0,"player_choice":"Bet on Murderer","damage_taken":0,"max_hp_gain":0,"max_hp_loss":0,"event_name":"The Joust","floor":25,"gold_loss":50}],"is_beta":false,"boss_relics":[{"not_picked":["energizedSpire:SpiderWeb","Empty Cage"],"picked":"Pandora\u0027s Box"}],"items_purged_floors":[],"is_endless":false,"potions_floor_spawned":[11,13,24,27,30,31],"killed_by":"Automaton","ascension_level":9}}