{"host":"2tgyrzvaa7l04o2e","time":1611337374,"event":{"mods":["BaseMod","Highlight Path","Minty Spire (QoL Compilation)","Permanent Neow","Relic Stats"],"gold_per_floor":[119,138,158,83,93,93,127,138,218,229,229,229,229,268,268,362,362,376,399,399,105,152,173,223,264,336,377,377,420,439,463,463,554,554,567,585,918,966,980,1008,1033,1033,1033,1065,254,254,254,265,265,265,265,265],"floor_reached":51,"language":"ENG","playtime":4722,"items_purged":["Defend_G","Strike_G","Strike_G"],"score":1775,"play_id":"3c683fae-e10a-4131-985f-64918969b59a","local_time":"20210122184254","is_ascension_mode":true,"campfire_choices":[{"data":"Glass Knife","floor":6,"key":"SMITH"},{"data":"Neutralize","floor":12,"key":"SMITH"},{"data":"Corpse Explosion","floor":15,"key":"SMITH"},{"data":"Wraith Form v2","floor":28,"key":"SMITH"},{"floor":32,"key":"REST"},{"floor":42,"key":"RECALL"},{"data":"1","floor":46,"key":"LIFT"},{"data":"2","floor":49,"key":"LIFT"}],"circlet_count":0,"master_deck":["AscendersBane","Strike_G","Defend_G","Defend_G","Defend_G","Survivor","Neutralize+1","Glass Knife+1","Flying Knee","Acrobatics","Backflip","Quick Slash","Corpse Explosion+1","Blade Dance+1","Wraith Form v2+1","Eviscerate+1","Blade Dance+1","Setup+1","Terror+1","Blur+1","Backflip+1","Noxious Fumes","Bullet Time+1","Blade Dance+1","Venomology+1","PiercingWail+1","Footwork+1","Sadistic Nature","Blind+1","Trip+1","Backflip+1"],"relics":["Ring of the Snake","The Courier","Toxic Egg 2","Gambling Chip","Astrolabe","Potion Belt","TwistedFunnel","Happy Flower","Bottled Lightning","Orichalcum","Dead Branch","Cursed Key","TungstenRod","Calipers","Girya","Gremlin Horn","Shuriken","Mummified Hand"],"acts_visited":["Exordium","TheCity","TheBeyond"],"potions_floor_usage":[7,14,25,29,33,39,39,40,41,44,50,51],"damage_taken":[{"damage":1,"enemies":"Cultist","floor":1,"turns":4},{"damage":2,"enemies":"Jaw Worm","floor":2,"turns":4},{"damage":0,"enemies":"2 Louse","floor":3,"turns":2},{"damage":7,"enemies":"Exordium Thugs","floor":5,"turns":4},{"damage":15,"enemies":"Gremlin Nob","floor":7,"turns":4},{"damage":3,"enemies":"Blue Slaver","floor":8,"turns":3},{"damage":3,"enemies":"3 Louse","floor":10,"turns":4},{"damage":8,"enemies":"Lagavulin","floor":14,"turns":5},{"damage":21,"enemies":"Hexaghost","floor":16,"turns":9},{"damage":0,"enemies":"3 Byrds","floor":18,"turns":1},{"damage":1,"enemies":"Spheric Guardian","floor":19,"turns":3},{"damage":0,"enemies":"3 Cultists","floor":23,"turns":2},{"damage":14,"enemies":"Gremlin Leader","floor":25,"turns":4},{"damage":0,"enemies":"Slavers","floor":27,"turns":1},{"damage":16,"enemies":"Gremlin Leader","floor":29,"turns":6},{"damage":0,"enemies":"Snecko","floor":30,"turns":3},{"damage":0,"enemies":"Centurion and Healer","floor":31,"turns":1},{"damage":28,"enemies":"Automaton","floor":33,"turns":9},{"damage":0,"enemies":"3 Darklings","floor":35,"turns":1},{"damage":0,"enemies":"Orb Walker","floor":36,"turns":1},{"damage":0,"enemies":"2 Orb Walkers","floor":38,"turns":1},{"damage":0,"enemies":"Writhing Mass","floor":39,"turns":4},{"damage":20,"enemies":"Nemesis","floor":40,"turns":5},{"damage":0,"enemies":"Mind Bloom Boss Battle","floor":41,"turns":3},{"damage":0,"enemies":"Reptomancer","floor":44,"turns":2},{"damage":0,"enemies":"4 Shapes","floor":48,"turns":2},{"damage":0,"enemies":"Awakened One","floor":50,"turns":6},{"damage":36,"enemies":"Time Eater","floor":51,"turns":5}],"seed_played":"3629913698459768518","potions_obtained":[{"floor":2,"key":"GamblersBrew"},{"floor":5,"key":"Dexterity Potion"},{"floor":8,"key":"Ancient Potion"},{"floor":10,"key":"Block Potion"},{"floor":23,"key":"Swift Potion"},{"floor":25,"key":"Swift Potion"},{"floor":27,"key":"FearPotion"},{"floor":30,"key":"Block Potion"},{"floor":31,"key":"FearPotion"},{"floor":38,"key":"DistilledChaos"},{"floor":39,"key":"Weak Potion"},{"floor":41,"key":"Fruit Juice"},{"floor":48,"key":"GhostInAJar"}],"is_trial":false,"path_per_floor":["M","M","M","$","M","R","E","M","T","M","?","R","?","E","R","B",null,"M","M","?","$","T","M","?","E","T","E","R","E","M","M","R","B",null,"M","M","?","?","M","E","?","R","T","E","$","R","?","M","R","B","B"],"character_chosen":"THE_SILENT","items_purchased":["TwistedFunnel","Backflip+1","Noxious Fumes","Shuriken","Mummified Hand","Sadistic Nature","Blind+1","Trip+1"],"campfire_rested":1,"item_purchase_floors":[21,21,21,45,45,45,45,45],"current_hp_per_floor":[43,41,41,41,34,34,19,16,16,13,35,35,35,27,27,6,47,47,46,46,46,46,46,46,32,32,32,32,16,16,16,34,6,47,47,47,47,47,47,27,27,27,27,32,32,32,32,32,32,32,0,0],"gold":265,"neow_bonus":"THREE_RARE_CARDS","is_daily":false,"chose_seed":false,"campfire_upgraded":4,"win_rate":0.0,"timestamp":1611337374,"path_taken":["M","M","?","$","M","R","E","M","T","M","?","R","?","E","R","BOSS","M","M","?","$","?","M","?","E","T","E","R","E","?","M","R","BOSS","M","M","?","?","M","E","?","R","T","E","?","R","?","?","R","BOSS","BOSS"],"items_purchased_type":["Relic","Card","Card","Relic","Relic","Card","Card","Card"],"build_version":"2020-12-22","purchased_purges":3,"victory":false,"max_hp_per_floor":[66,66,66,66,66,66,66,66,66,66,66,66,60,60,60,60,60,60,60,60,60,60,60,60,60,60,60,60,60,60,60,60,60,60,60,60,60,60,60,60,60,60,60,65,65,65,65,65,65,65,65,65],"relic_stats":{"Happy Flower":[18],"Gremlin Horn":[6,6],"counters":[28,99],"Astrolabe":["Eviscerate","Blade Dance","Setup"],"Dead Branch":[188],"Orichalcum":[18],"Cursed Key":0,"Shuriken":[11],"Mummified Hand":[11],"Gambling Chip":[58],"obtain_stats":[{"Potion Belt":20,"TwistedFunnel":21,"Girya":41,"Calipers":40,"Happy Flower":22,"Gremlin Horn":44,"Golden Idol":13,"Astrolabe":17,"Dead Branch":29,"The Courier":7,"Orichalcum":27,"Cursed Key":34,"Shuriken":45,"Mummified Hand":45,"Gambling Chip":14,"Bottled Lightning":25,"Toxic Egg 2":9,"TungstenRod":38,"Ring of the Snake":0},{"Potion Belt":11,"TwistedFunnel":11,"Girya":24,"Calipers":23,"Happy Flower":11,"Gremlin Horn":25,"Golden Idol":7,"Astrolabe":9,"Dead Branch":15,"The Courier":5,"Orichalcum":14,"Cursed Key":18,"Shuriken":25,"Mummified Hand":25,"Gambling Chip":8,"Bottled Lightning":13,"Toxic Egg 2":6,"TungstenRod":21,"Ring of the Snake":0},{"Potion Belt":43,"TwistedFunnel":43,"Girya":84,"Calipers":81,"Happy Flower":43,"Gremlin Horn":86,"Golden Idol":25,"Astrolabe":39,"Dead Branch":56,"The Courier":18,"Orichalcum":50,"Cursed Key":69,"Shuriken":86,"Mummified Hand":86,"Gambling Chip":30,"Bottled Lightning":49,"Toxic Egg 2":21,"TungstenRod":72,"Ring of the Snake":0}],"TungstenRod":10,"Ring of the Snake":[56]},"card_choices":[{"not_picked":["After Image","Malaise"],"picked":"Glass Knife","floor":0},{"not_picked":["Acrobatics","Bane"],"picked":"Flying Knee","floor":1},{"not_picked":["Sucker Punch","Prepared"],"picked":"Acrobatics","floor":2},{"not_picked":["Dagger Throw","PiercingWail"],"picked":"Backflip","floor":3},{"not_picked":["Reflex","Deflect"],"picked":"Quick Slash","floor":5},{"not_picked":["Cloak And Dagger","Deflect"],"picked":"Corpse Explosion","floor":7},{"not_picked":["Prepared","Distraction","Poisoned Stab"],"picked":"SKIP","floor":8},{"not_picked":["Sucker Punch","Terror+1"],"picked":"Blade Dance+1","floor":10},{"not_picked":["Concentrate+1","Skewer","Infinite Blades"],"picked":"SKIP","floor":14},{"not_picked":["Glass Knife","Die Die Die"],"picked":"Wraith Form v2","floor":16},{"not_picked":["Outmaneuver+1","Backstab"],"picked":"Terror+1","floor":18},{"not_picked":["Tactician+1","All Out Attack"],"picked":"Blur+1","floor":19},{"not_picked":["Infinite Blades","Escape Plan+1","All Out Attack"],"picked":"SKIP","floor":23},{"not_picked":["Skewer","Finisher"],"picked":"Bullet Time+1","floor":25},{"not_picked":["Sucker Punch+1","Dagger Throw","Slice"],"picked":"SKIP","floor":27},{"not_picked":["Blur+1","Flying Knee"],"picked":"Blade Dance+1","floor":29},{"not_picked":["Acrobatics+1","Bouncing Flask+1","Cloak And Dagger+1"],"picked":"SKIP","floor":30},{"not_picked":["Flying Knee","Underhanded Strike","Blade Dance+1"],"picked":"SKIP","floor":31},{"not_picked":["Tools of the Trade","Envenom"],"picked":"Venomology+1","floor":33},{"not_picked":["Flying Knee","Reflex+1","Deadly Poison+1"],"picked":"SKIP","floor":35},{"not_picked":["Slice+1","Flying Knee","Cloak And Dagger+1"],"picked":"SKIP","floor":36},{"not_picked":["Dash","Dodge and Roll+1"],"picked":"PiercingWail+1","floor":38},{"not_picked":["Concentrate+1","Skewer"],"picked":"Footwork+1","floor":39},{"not_picked":["Flying Knee","All Out Attack","Outmaneuver+1"],"picked":"SKIP","floor":40},{"not_picked":["Infinite Blades+1","Slice","Underhanded Strike+1"],"picked":"SKIP","floor":44},{"not_picked":["Dagger Throw","Prepared+1"],"picked":"Backflip+1","floor":48}],"player_experience":641623,"relics_obtained":[{"floor":7,"key":"The Courier"},{"floor":9,"key":"Toxic Egg 2"},{"floor":14,"key":"Gambling Chip"},{"floor":22,"key":"Happy Flower"},{"floor":25,"key":"Bottled Lightning"},{"floor":27,"key":"Orichalcum"},{"floor":29,"key":"Dead Branch"},{"floor":38,"key":"TungstenRod"},{"floor":40,"key":"Calipers"},{"floor":41,"key":"Girya"},{"floor":44,"key":"Gremlin Horn"}],"event_choices":[{"damage_healed":22,"gold_gain":0,"player_choice":"Banana","damage_taken":0,"max_hp_gain":0,"max_hp_loss":0,"event_name":"Big Fish","floor":11,"gold_loss":0},{"damage_healed":0,"gold_gain":0,"player_choice":"Lose Max HP","damage_taken":0,"relics_obtained":["Golden Idol"],"max_hp_gain":0,"max_hp_loss":6,"event_name":"Golden Idol","floor":13,"gold_loss":0},{"damage_healed":0,"gold_gain":0,"player_choice":"Gave Potion","damage_taken":0,"relics_obtained":["Potion Belt"],"max_hp_gain":0,"max_hp_loss":0,"event_name":"WeMeetAgain","floor":20,"gold_loss":0},{"damage_healed":0,"gold_gain":50,"player_choice":"Pray","damage_taken":0,"max_hp_gain":0,"max_hp_loss":0,"event_name":"Golden Shrine","floor":24,"gold_loss":0},{"damage_healed":0,"gold_gain":333,"player_choice":"Gave Idol","damage_taken":0,"max_hp_gain":0,"max_hp_loss":0,"event_name":"The Moai Head","floor":37,"relics_lost":["Golden Idol"],"gold_loss":0},{"damage_healed":0,"gold_gain":0,"player_choice":"Fight","damage_taken":0,"max_hp_gain":0,"max_hp_loss":0,"event_name":"Mysterious Sphere","floor":38,"gold_loss":0},{"damage_healed":0,"gold_gain":0,"player_choice":"Fight","damage_taken":0,"max_hp_gain":0,"max_hp_loss":0,"event_name":"MindBloom","floor":41,"gold_loss":0},{"damage_healed":0,"gold_gain":0,"player_choice":"Ignored","damage_taken":0,"max_hp_gain":0,"max_hp_loss":0,"event_name":"Tomb of Lord Red Mask","floor":47,"gold_loss":0}],"is_beta":false,"boss_relics":[{"not_picked":["Runic Pyramid","Ectoplasm"],"picked":"Astrolabe"},{"not_picked":["SlaversCollar","Sozu"],"picked":"Cursed Key"}],"items_purged_floors":[4,21,45],"is_endless":false,"potions_floor_spawned":[2,5,8,10,23,25,27,30,31,38,39,41,48],"killed_by":"Time Eater","ascension_level":20}}