{"host":"aqym1xxr3lb31d9m","time":1611322404,"event":{"mods":["BaseMod","Block Reminder","Colored Map","Colored Powertips","DeckTracker","Highlight Path","Minty Spire (QoL Compilation)","Quick Restart","Random Character Button","StSLib","SuperFastMode","UnlockEverythingMod"],"gold_per_floor":[17,17,17,17,36,36,72,87,113,128,15,28,69,87,87,87,87],"floor_reached":16,"language":"JPN","playtime":404,"items_purged":[],"score":224,"play_id":"73330c3b-504c-48e3-9474-e4cdd2f030fa","local_time":"20210122223324","is_ascension_mode":true,"campfire_choices":[{"data":"Bash","floor":6.0,"key":"SMITH"},{"data":"Uppercut","floor":15,"key":"SMITH"}],"circlet_count":0,"master_deck":["AscendersBane","Strike_R","Strike_R","Strike_R","Strike_R","Defend_R","Defend_R","Defend_R","Defend_R","Bash+1","Reckless Charge","Battle Trance","Uppercut","Dual Wield","Shrug It Off","Uppercut+1","Feed","Combust"],"relics":["Burning Blood","Golden Idol","Omamori","Art of War","Meat on the Bone"],"acts_visited":["Exordium"],"potions_floor_usage":[13,16],"damage_taken":[{"damage":8.0,"enemies":"2 Louse","floor":1.0,"turns":4.0},{"damage":2.0,"enemies":"Jaw Worm","floor":5.0,"turns":4.0},{"damage":39.0,"enemies":"Gremlin Nob","floor":7.0,"turns":4.0},{"damage":0.0,"enemies":"Cultist","floor":8.0,"turns":3.0},{"damage":22.0,"enemies":"Exordium Thugs","floor":10.0,"turns":5.0},{"damage":18.0,"enemies":"Large Slime","floor":12.0,"turns":4.0},{"damage":12,"enemies":"Lagavulin","floor":13,"turns":6},{"damage":5,"enemies":"Gremlin Gang","floor":14,"turns":6},{"damage":49,"enemies":"Slime Boss","floor":16,"turns":6}],"seed_played":"-4827030556243995515","potions_obtained":[{"floor":10.0,"key":"PowerPotion"},{"floor":12.0,"key":"PowerPotion"},{"floor":14,"key":"Fire Potion"}],"is_trial":false,"path_per_floor":["M","$","?","?","M","R","E","M","T","M","$","M","E","M","R","B"],"character_chosen":"IRONCLAD","items_purchased":["FairyPotion"],"campfire_rested":0,"item_purchase_floors":[11],"current_hp_per_floor":[80,80,49,49,53,53,20,26,26,10,10,32,26,42,42,0,0],"gold":87,"neow_bonus":"TWENTY_PERCENT_HP_BONUS","is_daily":false,"chose_seed":false,"campfire_upgraded":2,"win_rate":0.0,"timestamp":1611322404,"path_taken":["M","$","?","?","?","R","E","M","T","M","$","M","E","M","R","BOSS"],"items_purchased_type":["Potion"],"build_version":"2020-12-22","purchased_purges":0,"victory":false,"max_hp_per_floor":[89,89,89,89,89,89,89,89,89,89,89,89,89,92,92,92,92],"card_choices":[{"not_picked":["Clash","Heavy Blade","Seeing Red"],"picked":"SKIP","floor":1.0},{"not_picked":["Twin Strike","True Grit"],"picked":"Battle Trance","floor":5.0},{"not_picked":["Flex","Seeing Red"],"picked":"Uppercut","floor":7.0},{"not_picked":["Heavy Blade","Body Slam"],"picked":"Dual Wield","floor":8.0},{"not_picked":["Warcry","Perfected Strike"],"picked":"Shrug It Off","floor":10.0},{"not_picked":["Battle Trance","Flame Barrier"],"picked":"Uppercut","floor":12.0},{"not_picked":["Clash","Twin Strike"],"picked":"Feed","floor":13},{"not_picked":["Perfected Strike","Pummel"],"picked":"Combust","floor":14}],"player_experience":3966854,"relics_obtained":[{"floor":7.0,"key":"Omamori"},{"floor":9.0,"key":"Art of War"},{"floor":13,"key":"Meat on the Bone"}],"event_choices":[{"damage_healed":0.0,"max_hp_gain":0.0,"max_hp_loss":0.0,"gold_gain":0.0,"event_name":"Golden Idol","player_choice":"Take Damage","floor":3.0,"gold_loss":0.0,"damage_taken":31.0,"relics_obtained":["Golden Idol"]},{"damage_healed":0.0,"max_hp_gain":0.0,"max_hp_loss":0.0,"gold_gain":0.0,"cards_transformed":["Strike_R"],"event_name":"Transmorgrifier","player_choice":"Transformed","floor":4.0,"gold_loss":0.0,"damage_taken":0.0,"cards_obtained":["Reckless Charge"]}],"is_beta":false,"boss_relics":[],"items_purged_floors":[],"is_endless":false,"potions_floor_spawned":[10,12,14],"killed_by":"Slime Boss","ascension_level":20}}