{"host":"5ezk7t18wcb10u1o","time":1611324208,"event":{"mods":["BaseMod","Bestiary","Colored Powertips","Minty Spire (QoL Compilation)","Relic Sorter"],"gold_per_floor":[112,123,136,155,168,198,198,198,270,308,308,67,86,99,99,189,189,209,209,209,52,52,52],"floor_reached":22,"language":"ENG","playtime":950,"items_purged":["Injury"],"score":396,"play_id":"c0f1fea2-ee8f-4949-a651-319110aaa732","local_time":"20210122140328","is_ascension_mode":true,"campfire_choices":[{"data":"Loop","floor":7.0,"key":"SMITH"},{"floor":11.0,"key":"REST"},{"data":"Auto Shields","floor":15.0,"key":"SMITH"}],"circlet_count":0,"master_deck":["AscendersBane","Strike_B","Strike_B","Strike_B","Strike_B","Defend_B","Defend_B","Defend_B+1","Defend_B+1","Zap","Dualcast","Auto Shields+1","Consume","Gash","Gash","Loop+1","Multi-Cast+1","Sweeping Beam","Electrodynamics","Gash","Echo Form","CurseOfTheBell","Fusion+1","Pain"],"relics":["Cracked Core","Toxic Egg 2","Golden Idol","StrikeDummy","Torii","Happy Flower","Calling Bell","War Paint","Singing Bowl","WingedGreaves","WarpedTongs","ClockworkSouvenir"],"acts_visited":["Exordium","TheCity"],"potions_floor_usage":[18,20],"damage_taken":[{"damage":2.0,"enemies":"Jaw Worm","floor":1.0,"turns":4.0},{"damage":1.0,"enemies":"2 Louse","floor":2.0,"turns":3.0},{"damage":2.0,"enemies":"Cultist","floor":3.0,"turns":4.0},{"damage":8.0,"enemies":"Blue Slaver","floor":4.0,"turns":3.0},{"damage":0.0,"enemies":"Exordium Wildlife","floor":5.0,"turns":3.0},{"damage":5.0,"enemies":"3 Sentries","floor":6.0,"turns":2.0},{"damage":30.0,"enemies":"Lagavulin","floor":10.0,"turns":5.0},{"damage":0.0,"enemies":"3 Louse","floor":13.0,"turns":2.0},{"damage":0.0,"enemies":"Large Slime","floor":14.0,"turns":2.0},{"damage":45.0,"enemies":"The Guardian","floor":16.0,"turns":12.0},{"damage":42,"enemies":"2 Thieves","floor":18,"turns":4},{"damage":0,"enemies":"Shell Parasite","floor":20,"turns":1},{"damage":21,"enemies":"Snake Plant","floor":22,"turns":2}],"seed_played":"4762033256712463012","potions_obtained":[{"floor":3.0,"key":"PowerPotion"},{"floor":6.0,"key":"Energy Potion"},{"floor":10.0,"key":"Explosive Potion"},{"floor":14.0,"key":"SmokeBomb"}],"is_trial":false,"path_per_floor":["M","M","M","M","M","E","R","?","T","E","R","$","M","M","R","B",null,"M","?","M","$","M"],"character_chosen":"DEFECT","items_purchased":["Happy Flower","ClockworkSouvenir"],"campfire_rested":1,"item_purchase_floors":[12,21],"current_hp_per_floor":[69,68,66,58,58,53,53,53,53,23,46,46,46,46,46,1,59,17,17,17,17,0,0],"gold":52,"neow_bonus":"TEN_PERCENT_HP_BONUS","is_daily":false,"chose_seed":false,"campfire_upgraded":2,"win_rate":0.0,"timestamp":1611324208,"path_taken":["M","M","M","M","M","E","R","?","T","E","R","$","M","M","R","BOSS","M","?","M","$","?"],"items_purchased_type":["Relic","Relic"],"build_version":"2020-12-22","purchased_purges":1,"victory":false,"max_hp_per_floor":[78,78,78,78,78,78,78,78,78,78,78,78,78,78,78,78,78,78,78,78,78,78,78],"card_choices":[{"not_picked":["Leap","Streamline"],"picked":"Auto Shields","floor":1.0},{"not_picked":["Beam Cell","Capacitor"],"picked":"Consume","floor":2.0},{"not_picked":["Skim","Turbo"],"picked":"Gash","floor":3.0},{"not_picked":["Coolheaded","Beam Cell"],"picked":"Gash","floor":4.0},{"not_picked":["Gash","Fusion"],"picked":"Loop","floor":5.0},{"not_picked":["Coolheaded+1","FTL"],"picked":"Multi-Cast+1","floor":6.0},{"not_picked":["Streamline","Turbo+1"],"picked":"Sweeping Beam","floor":10.0},{"not_picked":["Consume+1","White Noise+1"],"picked":"Electrodynamics","floor":13.0},{"not_picked":["Rebound","Hello World"],"picked":"Gash","floor":14.0},{"not_picked":["Thunder Strike","Electrodynamics"],"picked":"Echo Form","floor":16.0},{"not_picked":["Reprogram+1","Aggregate+1"],"picked":"Fusion+1","floor":18}],"player_experience":1158332,"relics_obtained":[{"floor":6.0,"key":"Toxic Egg 2"},{"floor":9.0,"key":"StrikeDummy"},{"floor":10.0,"key":"Torii"},{"floor":17.0,"key":"War Paint"},{"floor":17.0,"key":"Singing Bowl"},{"floor":17.0,"key":"WingedGreaves"}],"event_choices":[{"damage_healed":0.0,"max_hp_gain":0.0,"max_hp_loss":0.0,"gold_gain":0.0,"event_name":"Golden Idol","player_choice":"Take Wound","floor":8.0,"gold_loss":0.0,"damage_taken":0.0,"relics_obtained":["Golden Idol"],"cards_obtained":["Injury"]},{"damage_healed":0,"gold_gain":0,"player_choice":"Rummage","damage_taken":0,"relics_obtained":["WarpedTongs"],"max_hp_gain":0,"max_hp_loss":0,"event_name":"Accursed Blacksmith","floor":19,"gold_loss":0,"cards_obtained":["Pain"]}],"is_beta":false,"boss_relics":[{"not_picked":["Coffee Dripper","SacredBark"],"picked":"Calling Bell"}],"items_purged_floors":[12],"is_endless":false,"potions_floor_spawned":[3,6,10,14],"killed_by":"Snake Plant","ascension_level":20}}