{"host":"tmzq6unyecs2p367","time":1611302314,"event":{"mods":["BaseMod","Koishi","Minty Spire (QoL Compilation)","StSLib","The Bug Knight","The Dragon Tamer","The Juggle","The Senshi"],"gold_per_floor":[115,115,127,147,147,147,174,174,220,220,232,232,232,93,93,198,198,217,230,35,46,57,57,86,86,133,160,176,176,202,217,217,321,321,336,246,246,246,246,273,285,315,354,210,210,23,36,50,50,50,50,50],"floor_reached":50,"language":"ENG","playtime":5169,"items_purged":[],"score":823,"play_id":"0371b5c3-6e8f-4189-b059-fbb1a703a31b","local_time":"20210122085834","is_ascension_mode":true,"metric_token":531,"campfire_choices":[{"data":"DTMod:DoubleHit","floor":6.0,"key":"SMITH"},{"data":"DTMod:SealedStrike+1","floor":10.0,"key":"SMITH"},{"data":"DTMod:SealedStrike+2","floor":12.0,"key":"SMITH"},{"data":"DTMod:SealedStrike+3","floor":15.0,"key":"SMITH"},{"data":"DTMod:SealedStrike+4","floor":23.0,"key":"SMITH"},{"data":"DTMod:ExcessFootwork","floor":25.0,"key":"SMITH"},{"data":"1","floor":32.0,"key":"LIFT"},{"data":"2","floor":45.0,"key":"LIFT"},{"data":"3","floor":49.0,"key":"LIFT"}],"dtmod_dragon_data":[17,50,1,3,8,2],"circlet_count":0,"master_deck":["DTMod:Strike+1","DTMod:Strike+1","DTMod:DoubleHit+1","DTMod:TargetDefense+1","DTMod:TargetDefense+1","DTMod:TargetDefense+1","DTMod:SwitchingTactic+1","DTMod:DarkBreath+1","DTMod:LastStand+1","DTMod:SealedStrike+5","DTMod:Dissolve+1","DTMod:BalancedStrike+1","DTMod:WarmUp+1","DTMod:ForkedFire+1","DTMod:ResonanceForm+1","DTMod:Astonish+1","DTMod:ExcessFootwork+1","DTMod:DeepFocus+1","DTMod:EchoTactic+1","DTMod:ComboAttack+1","Master of Strategy","Flash of Steel","DTMod:GearUp","DTMod:Dissolve","DTMod:RunningTactic"],"relics":["SacredBark","Akabeko","Omamori","Calling Bell","Tiny Chest","Ornamental Fan","Bird Faced Urn","Anchor","Dead Branch","Nunchaku","Meat on the Bone","Girya","DTMod:BasicTextbook","Sozu","theSenshi:SailorFukuRelic","Art of War","MawBank","HollowMod:PaleOreRelic","ClockworkSouvenir","DTMod:SwitchButton"],"acts_visited":["Exordium","TheCity","TheBeyond"],"potions_floor_usage":[],"damage_taken":[{"damage":4.0,"enemies":"Jaw Worm","floor":1.0,"turns":4.0},{"damage":0.0,"enemies":"Cultist","floor":3.0,"turns":3.0},{"damage":0.0,"enemies":"Small Slimes","floor":4.0,"turns":2.0},{"damage":0.0,"enemies":"Gremlin Nob","floor":7.0,"turns":2.0},{"damage":0.0,"enemies":"Looter","floor":11.0,"turns":1.0},{"damage":30.0,"enemies":"The Guardian","floor":16.0,"turns":8.0},{"damage":0.0,"enemies":"2 Thieves","floor":18.0,"turns":2.0},{"damage":0.0,"enemies":"Chosen","floor":19.0,"turns":3.0},{"damage":0.0,"enemies":"Snecko","floor":21.0,"turns":4.0},{"damage":2.0,"enemies":"3 Cultists","floor":22.0,"turns":4.0},{"damage":7.0,"enemies":"Gremlin Leader","floor":24.0,"turns":6.0},{"damage":0.0,"enemies":"Slavers","floor":27.0,"turns":1.0},{"damage":7.0,"enemies":"Centurion and Healer","floor":28.0,"turns":3.0},{"damage":0.0,"enemies":"Gremlin Leader","floor":30.0,"turns":5.0},{"damage":4.0,"enemies":"Sentry and Sphere","floor":31.0,"turns":5.0},{"damage":39.0,"enemies":"Automaton","floor":33.0,"turns":7.0},{"damage":0.0,"enemies":"3 Shapes","floor":35.0,"turns":1.0},{"damage":4.0,"enemies":"Nemesis","floor":40.0,"turns":9.0},{"damage":0.0,"enemies":"Orb Walker","floor":41.0,"turns":3.0},{"damage":0.0,"enemies":"Giant Head","floor":42.0,"turns":6.0},{"damage":7.0,"enemies":"Writhing Mass","floor":47.0,"turns":5.0},{"damage":0.0,"enemies":"Jaw Worm Horde","floor":48.0,"turns":5.0},{"damage":55,"enemies":"Awakened One","floor":50,"turns":10}],"seed_played":"-4554071529510371111","potions_obtained":[{"floor":3.0,"key":"Energy Potion"},{"floor":4.0,"key":"DuplicationPotion"},{"floor":11.0,"key":"Dexterity Potion"},{"floor":16.0,"key":"FearPotion"},{"floor":18.0,"key":"Swift Potion"},{"floor":21.0,"key":"GamblersBrew"},{"floor":24.0,"key":"DistilledChaos"},{"floor":28.0,"key":"GamblersBrew"},{"floor":31.0,"key":"ColorlessPotion"}],"is_trial":false,"path_per_floor":["M","?","M","M","?","R","E","?","T","R","M","R","?","$","R","B",null,"M","M","$","M","M","R","E","R","T","E","M","?","E","M","R","B",null,"M","?","T","?","?","E","M","E","T","$","R","$","M","M","R","B"],"character_chosen":"THE_DT","items_purchased":["DTMod:WarmUp","DTMod:ForkedFire","Anchor","Fire Potion","ClockworkSouvenir","DTMod:SwitchButton","DTMod:Dissolve"],"campfire_rested":0,"item_purchase_floors":[14,14,20,20,44,46,46],"current_hp_per_floor":[41,41,41,41,32,32,32,32,32,32,32,32,32,32,32,2,34,36,40,40,44,43,43,38,38,38,40,35,35,39,39,39,18,38,38,38,38,33,33,39,45,45,45,45,45,45,42,45,45,0,0,0],"gold":50,"neow_bonus":"BOSS_RELIC","is_daily":false,"chose_seed":false,"campfire_upgraded":6,"win_rate":0.0,"timestamp":1611302314,"path_taken":["M","?","M","?","?","R","E","?","T","R","?","R","?","$","R","BOSS","M","?","$","M","M","R","E","R","T","E","M","?","E","M","R","BOSS","M","?","?","?","?","E","M","E","T","$","R","$","?","M","R","BOSS"],"items_purchased_type":["Card","Card","Relic","Potion","Relic","Relic","Card"],"build_version":"2020-12-22","purchased_purges":0,"victory":false,"max_hp_per_floor":[45,45,45,45,45,45,45,45,45,45,45,45,45,45,45,45,45,45,45,45,45,45,45,45,45,45,45,45,45,45,45,45,45,45,45,45,45,45,45,45,45,45,45,45,45,45,45,45,45,45,45,45],"card_choices":[{"not_picked":["DTMod:MagicField","DTMod:BuildUp"],"picked":"DTMod:DarkBreath","floor":1.0},{"not_picked":["DTMod:Adaptation","DTMod:MagicField","DTMod:MasterPlan"],"picked":"SKIP","floor":3.0},{"not_picked":["DTMod:BuildUp","DTMod:Weaken"],"picked":"DTMod:LastStand","floor":4.0},{"not_picked":["DTMod:Cover","DTMod:RunningTactic"],"picked":"DTMod:SealedStrike","floor":7.0},{"not_picked":["DTMod:BurningForce","DTMod:Conduct"],"picked":"DTMod:Dissolve","floor":11.0},{"not_picked":["DTMod:Inferno","DTMod:Harmonize"],"picked":"DTMod:ResonanceForm","floor":16.0},{"not_picked":["DTMod:FlameSlash","DTMod:MasterPlan"],"picked":"DTMod:Astonish","floor":18.0},{"not_picked":["DTMod:Feint","DTMod:HeatWave","DTMod:CrossStep"],"picked":"SKIP","floor":19.0},{"not_picked":["DTMod:Multitask","DTMod:RunningTactic","DTMod:StarRain"],"picked":"SKIP","floor":21.0},{"not_picked":["DTMod:Punisher","DTMod:Cover","DTMod:WarmUp+1"],"picked":"SKIP","floor":22.0},{"not_picked":["DTMod:MagicField+1","DTMod:CleansingStrike+1"],"picked":"DTMod:ExcessFootwork","floor":24.0},{"not_picked":["DTMod:CrossStep","DTMod:BurningEnergy","DTMod:MagicField"],"picked":"SKIP","floor":27.0},{"not_picked":["DTMod:BuildUp","DTMod:Punisher","DTMod:HeatWave"],"picked":"SKIP","floor":28.0},{"not_picked":["DTMod:GhostSkin","DTMod:Astonish"],"picked":"DTMod:DeepFocus+1","floor":30.0},{"not_picked":["DTMod:MagicField","DTMod:FlameSlash+1","DTMod:Threaten"],"picked":"SKIP","floor":31.0},{"not_picked":["DTMod:SealedStrike","DTMod:Safeguard"],"picked":"DTMod:EchoTactic","floor":33.0},{"not_picked":["DTMod:Training","DTMod:CleansingStrike+1"],"picked":"DTMod:ComboAttack+1","floor":35.0},{"not_picked":["Madness","Thinking Ahead"],"picked":"Master of Strategy","floor":38.0},{"not_picked":["Swift Strike","Deep Breath"],"picked":"Flash of Steel","floor":38.0},{"not_picked":["DTMod:Cover","DTMod:Punisher"],"picked":"DTMod:GearUp","floor":40.0},{"not_picked":["DTMod:LastStand","DTMod:MagicField+1","DTMod:HeatWave+1"],"picked":"SKIP","floor":41.0},{"not_picked":["DTMod:Feint","DTMod:MasterPlan+1","DTMod:CalculatedDefense"],"picked":"SKIP","floor":42.0},{"not_picked":["DTMod:BurningEnergy","DTMod:BlazingStrike","DTMod:BreakAttack+1"],"picked":"SKIP","floor":47.0},{"not_picked":["DTMod:QuickFly","DTMod:BizarreTactic+1"],"picked":"DTMod:RunningTactic","floor":48.0}],"player_experience":1850733,"relics_obtained":[{"floor":7.0,"key":"Akabeko"},{"floor":9.0,"key":"Omamori"},{"floor":17.0,"key":"Tiny Chest"},{"floor":17.0,"key":"Ornamental Fan"},{"floor":17.0,"key":"Bird Faced Urn"},{"floor":24.0,"key":"Dead Branch"},{"floor":26.0,"key":"Nunchaku"},{"floor":27.0,"key":"Meat on the Bone"},{"floor":30.0,"key":"DTMod:BasicTextbook"},{"floor":37.0,"key":"theSenshi:SailorFukuRelic"},{"floor":40.0,"key":"Art of War"},{"floor":42.0,"key":"MawBank"},{"floor":43.0,"key":"HollowMod:PaleOreRelic"}],"event_choices":[{"cards_removed":["DTMod:Strike"],"damage_healed":0.0,"max_hp_gain":0.0,"max_hp_loss":0.0,"gold_gain":0.0,"event_name":"Bonfire Elementals","player_choice":"Offered Basic","floor":2.0,"gold_loss":0.0,"damage_taken":0.0},{"damage_healed":0.0,"max_hp_gain":0.0,"max_hp_loss":0.0,"gold_gain":0.0,"event_name":"Shining Light","player_choice":"Entered Light","floor":5.0,"gold_loss":0.0,"damage_taken":9.0,"cards_upgraded":["DTMod:TargetDefense","DTMod:DarkBreath"]},{"damage_healed":0.0,"max_hp_gain":0.0,"max_hp_loss":0.0,"gold_gain":0.0,"event_name":"Living Wall","player_choice":"Grow","floor":8.0,"gold_loss":0.0,"damage_taken":0.0,"cards_upgraded":["DTMod:SealedStrike"]},{"damage_healed":0.0,"max_hp_gain":0.0,"max_hp_loss":0.0,"gold_gain":0.0,"cards_transformed":["DTMod:TargetDefense"],"event_name":"Transmorgrifier","player_choice":"Transformed","floor":13.0,"gold_loss":0.0,"damage_taken":0.0,"cards_obtained":["DTMod:BalancedStrike"]},{"damage_healed":0.0,"max_hp_gain":0.0,"max_hp_loss":0.0,"gold_gain":0.0,"event_name":"Addict","player_choice":"Stole Relic","floor":29.0,"gold_loss":0.0,"damage_taken":0.0,"relics_obtained":["Girya"],"cards_obtained":["Shame"]},{"cards_removed":["DTMod:Strike"],"damage_healed":0.0,"max_hp_gain":0.0,"max_hp_loss":0.0,"gold_gain":0.0,"event_name":"Designer","player_choice":"Upgrade and Remove","floor":36.0,"gold_loss":90.0,"damage_taken":0.0,"cards_upgraded":["DTMod:EchoTactic"]},{"damage_healed":0.0,"max_hp_gain":0.0,"max_hp_loss":0.0,"gold_gain":0.0,"event_name":"SensoryStone","player_choice":"Memory 2","floor":38.0,"gold_loss":0.0,"damage_taken":5.0},{"damage_healed":0.0,"max_hp_gain":0.0,"max_hp_loss":0.0,"gold_gain":0.0,"event_name":"Match and Keep!","player_choice":"0 cards matched","floor":39.0,"gold_loss":0.0,"damage_taken":0.0,"cards_obtained":[]}],"is_beta":false,"boss_relics":[{"not_picked":["Snecko Eye","Astrolabe"],"picked":"Calling Bell"},{"not_picked":["Black Star","Tiny House"],"picked":"Sozu"}],"items_purged_floors":[],"is_endless":false,"potions_floor_spawned":[3,4,11,16,18,21,24,28,31,35,47,48],"killed_by":"Awakened One","ascension_level":5}}