{"host":"mi0eibewekhugwl1","time":1611316981,"event":{"mods":["AchievementEnabler","BaseMod","Colored Map","Colored Powertips","DeckTracker","Keyboard Shortcuts","Minty Spire (QoL Compilation)","Quick Restart","Rare Cards Sparkle","Relic Stats","StSLib","SuperFastMode","everything is the same but u backflip on backflip"],"gold_per_floor":[112,127,142,23,23,23,34,34,83,83,103,117,17,29,29,29,29],"floor_reached":16,"language":"KOR","playtime":262,"items_purged":["Strike_B","Defend_B"],"score":188,"play_id":"353d600e-b7df-4453-be50-c9fe8b5cca59","local_time":"20210122210301","is_ascension_mode":true,"campfire_choices":[{"floor":6,"key":"REST"},{"data":"Zap","floor":8,"key":"SMITH"},{"data":"Chaos","floor":15,"key":"SMITH"}],"circlet_count":0,"master_deck":["AscendersBane","Strike_B","Strike_B","Strike_B","Defend_B","Defend_B","Defend_B","Zap+1","Dualcast","Seek","Lockon","White Noise","Rip and Tear","Beam Cell","White Noise","Chaos+1"],"relics":["Cracked Core","MealTicket","Bag of Preparation"],"acts_visited":["Exordium"],"potions_floor_usage":[16,16],"damage_taken":[{"damage":5,"enemies":"Small Slimes","floor":1,"turns":3},{"damage":2,"enemies":"Jaw Worm","floor":2,"turns":2},{"damage":10,"enemies":"2 Louse","floor":3,"turns":2},{"damage":7,"enemies":"Looter","floor":7,"turns":3},{"damage":6,"enemies":"Exordium Wildlife","floor":11,"turns":2},{"damage":0,"enemies":"Large Slime","floor":12,"turns":3},{"damage":28,"enemies":"Exordium Thugs","floor":14,"turns":4},{"damage":29,"enemies":"Slime Boss","floor":16,"turns":5}],"seed_played":"-416335395930895625","potions_obtained":[{"floor":1,"key":"Energy Potion"},{"floor":2,"key":"Explosive Potion"},{"floor":11,"key":"DistilledChaos"}],"is_trial":false,"path_per_floor":["M","M","M","$","?","R","M","R","T","T","M","M","$","M","R","B"],"character_chosen":"DEFECT","items_purchased":["Rip and Tear"],"campfire_rested":1,"item_purchase_floors":[4],"current_hp_per_floor":[41,39,29,29,29,50,43,43,43,43,37,37,52,24,24,0,0],"gold":29,"neow_bonus":"THREE_RARE_CARDS","is_daily":false,"chose_seed":false,"campfire_upgraded":2,"win_rate":0.0,"timestamp":1611316981,"path_taken":["M","M","M","$","?","R","M","R","T","?","M","M","$","M","R","BOSS"],"items_purchased_type":["Card"],"build_version":"2020-12-22","purchased_purges":2,"victory":false,"max_hp_per_floor":[71,71,71,71,71,71,71,71,71,71,71,71,71,71,71,71,71],"relic_stats":{"counters":[8,24],"MealTicket":15,"Bag of Preparation":[8],"obtain_stats":[{"MealTicket":9,"Bag of Preparation":10,"Cracked Core":0},{"MealTicket":4,"Bag of Preparation":4,"Cracked Core":0},{"MealTicket":10,"Bag of Preparation":10,"Cracked Core":0}]},"card_choices":[{"not_picked":["Thunder Strike","Rainbow"],"picked":"Seek","floor":0},{"not_picked":["Go for the Eyes","Sweeping Beam"],"picked":"Lockon","floor":1},{"not_picked":["Reprogram","Gash"],"picked":"White Noise","floor":2},{"not_picked":["Compile Driver","Rebound","Hologram"],"picked":"SKIP","floor":3},{"not_picked":["Compile Driver","Gash"],"picked":"Beam Cell","floor":7},{"not_picked":["Stack","Meteor Strike","Doom and Gloom"],"picked":"SKIP","floor":11},{"not_picked":["Cold Snap","Go for the Eyes"],"picked":"White Noise","floor":12},{"not_picked":["Stack","Lockon"],"picked":"Chaos","floor":14}],"player_experience":1753105,"relics_obtained":[{"floor":9,"key":"MealTicket"},{"floor":10,"key":"Bag of Preparation"}],"event_choices":[{"damage_healed":0,"gold_gain":0,"player_choice":"Ignored","damage_taken":0,"max_hp_gain":0,"max_hp_loss":0,"event_name":"Shining Light","floor":5,"gold_loss":0}],"is_beta":false,"boss_relics":[],"items_purged_floors":[4,13],"is_endless":false,"potions_floor_spawned":[1,2,11,14],"killed_by":"Slime Boss","ascension_level":20}}