{"host":"rolltorest","time":1611282753,"event":{"mods":["BaseMod","Minty Spire (QoL Compilation)","Relic Stats","Slay the Relics Exporter","StSLib"],"gold_per_floor":[112,132,207,226,240,267,12,47,125,125,156,168,181,193,193,267,267,281,36,86,99,24,53,53,79,79,93,175,38,56,70,70,146,146,185,235,301,364,364,395,395,461,485,528,585,651,677,99,99,99,99],"floor_reached":50,"language":"ENG","playtime":2354,"items_purged":["Pain"],"score":1517,"play_id":"f8f961f4-852d-4f73-b8c2-cc8a41a81443","local_time":"20210121183233","is_ascension_mode":true,"campfire_choices":[{"data":"TalkToTheHand","floor":10,"key":"SMITH"},{"data":"TalkToTheHand","floor":15,"key":"SMITH"},{"data":"SpiritShield","floor":24,"key":"SMITH"},{"floor":32,"key":"REST"},{"data":"Blasphemy","floor":41,"key":"SMITH"},{"floor":49,"key":"RECALL"}],"circlet_count":0,"master_deck":["AscendersBane","Eruption","Vigilance","CarveReality","DeusExMachina","DevaForm","Collect","Scrawl","Blasphemy+1","CutThroughFate","Evaluate","CarveReality","EmptyFist","SpiritShield+1","TalkToTheHand+1","Protect","CutThroughFate","Wallop","TalkToTheHand+1","Consecrate","Omniscience","BowlingBash","Conclude","Weave","CrushJoints+1","EmptyMind","Wish","Adaptation","Fasting2","Wireheading+1","ThirdEye"],"relics":["Pandora\u0027s Box","HornCleat","PreservedInsect","Turnip","Bottled Tornado","Tiny Chest","Cursed Key","Pen Nib","The Courier","Omamori","Singing Bowl","Bottled Lightning","Ancient Tea Set","Snecko Eye","Oddly Smooth Stone","Bronze Scales","Happy Flower","Meat on the Bone","TheAbacus","Damaru"],"acts_visited":["Exordium","TheCity","TheBeyond"],"potions_floor_usage":[14,25,25,46,47],"damage_taken":[{"damage":2,"enemies":"2 Louse","floor":1,"turns":2},{"damage":0,"enemies":"Cultist","floor":2,"turns":3},{"damage":10,"enemies":"Small Slimes","floor":4,"turns":2},{"damage":0,"enemies":"Red Slaver","floor":5,"turns":4},{"damage":6,"enemies":"3 Sentries","floor":6,"turns":4},{"damage":0,"enemies":"Lagavulin","floor":8,"turns":4},{"damage":2,"enemies":"Gremlin Nob","floor":11,"turns":3},{"damage":0,"enemies":"Looter","floor":12,"turns":3},{"damage":0,"enemies":"Large Slime","floor":13,"turns":4},{"damage":0,"enemies":"Gremlin Gang","floor":14,"turns":2},{"damage":0,"enemies":"The Guardian","floor":16,"turns":9},{"damage":0,"enemies":"Spheric Guardian","floor":18,"turns":3},{"damage":6,"enemies":"3 Byrds","floor":21,"turns":5},{"damage":15,"enemies":"Book of Stabbing","floor":23,"turns":5},{"damage":0,"enemies":"Gremlin Leader","floor":25,"turns":4},{"damage":0,"enemies":"Snecko","floor":27,"turns":5},{"damage":27,"enemies":"Snake Plant","floor":30,"turns":4},{"damage":0,"enemies":"Centurion and Healer","floor":31,"turns":3},{"damage":0,"enemies":"Collector","floor":33,"turns":7},{"damage":0,"enemies":"3 Shapes","floor":35,"turns":3},{"damage":8,"enemies":"Orb Walker","floor":37,"turns":3},{"damage":13,"enemies":"3 Darklings","floor":38,"turns":4},{"damage":6,"enemies":"Reptomancer","floor":40,"turns":5},{"damage":4,"enemies":"Sphere and 2 Shapes","floor":42,"turns":4},{"damage":0,"enemies":"Maw","floor":44,"turns":9},{"damage":15,"enemies":"Giant Head","floor":45,"turns":7},{"damage":3,"enemies":"Jaw Worm Horde","floor":46,"turns":3},{"damage":17,"enemies":"Reptomancer","floor":47,"turns":3},{"damage":0,"enemies":"Awakened One","floor":50,"turns":2}],"seed_played":"2649406974432536640","potions_obtained":[{"floor":2,"key":"Dexterity Potion"},{"floor":11,"key":"Ambrosia"},{"floor":12,"key":"Fire Potion"},{"floor":16,"key":"Fire Potion"},{"floor":31,"key":"Strength Potion"},{"floor":33,"key":"EssenceOfSteel"},{"floor":37,"key":"LiquidMemories"},{"floor":46,"key":"ColorlessPotion"},{"floor":47,"key":"DuplicationPotion"}],"is_trial":false,"path_per_floor":["M","M","?","M","M","E","$","E","T","R","E","M","M","M","R","B",null,"M","$","?","M","?","E","R","E","T","M","T","$","M","M","R","B",null,"M","?","M","M","?","E","R","M","T","M","E","M","E","$","R","B"],"character_chosen":"WATCHER","items_purchased":["TalkToTheHand","PreservedInsect","Conclude","Pen Nib","Ancient Tea Set","Meat on the Bone","TheAbacus","ThirdEye","Damaru"],"campfire_rested":1,"item_purchase_floors":[7,7,19,19,29,48,48,48,48],"current_hp_per_floor":[59,59,48,38,38,32,32,32,32,32,30,30,30,30,30,30,59,59,59,59,53,53,38,38,38,38,40,40,40,15,15,36,36,63,63,63,57,46,46,42,42,38,38,40,25,24,9,9,9,9,9],"gold":99,"neow_bonus":"BOSS_RELIC","is_daily":false,"chose_seed":false,"campfire_upgraded":4,"win_rate":0.0,"timestamp":1611282753,"path_taken":["M","M","?","M","M","E","$","E","T","R","E","M","M","M","R","BOSS","M","$","?","?","?","E","R","E","T","M","?","$","M","M","R","BOSS","M","?","M","?","?","E","R","M","T","M","E","M","E","$","R","BOSS"],"items_purchased_type":["Card","Relic","Card","Relic","Relic","Relic","Relic","Card","Relic"],"build_version":"2020-12-18","purchased_purges":1,"victory":false,"max_hp_per_floor":[68,68,68,68,68,68,68,68,68,68,68,68,68,68,68,68,68,68,68,68,68,68,68,68,68,68,70,70,70,72,72,72,72,72,72,72,74,76,72,74,74,74,74,76,76,78,80,80,80,80,80],"relic_stats":{"Singing Bowl":16,"Happy Flower":[0],"counters":[29,119],"PreservedInsect":392,"Pen Nib":[24],"Cursed Key":3,"TheAbacus":[0],"Bronze Scales":[24],"Snecko Eye":[81,73,87,83],"Pandora\u0027s Box":["CarveReality","DeusExMachina","DevaForm","Collect","Scrawl","Blasphemy","CutThroughFate","Perseverance"],"Tiny Chest":1,"Turnip":[25],"obtain_stats":[{"Singing Bowl":26,"Happy Flower":47,"Oddly Smooth Stone":40,"Damaru":48,"PreservedInsect":7,"Pen Nib":19,"The Courier":23,"Omamori":25,"Bottled Tornado":9,"Cursed Key":17,"Ancient Tea Set":29,"HornCleat":6,"TheAbacus":48,"Bronze Scales":45,"Snecko Eye":34,"Pandora\u0027s Box":0,"Tiny Chest":11,"Turnip":8,"Bottled Lightning":28,"PureWater":0,"Meat on the Bone":48},{"Singing Bowl":15,"Happy Flower":28,"Oddly Smooth Stone":23,"Damaru":28,"PreservedInsect":5,"Pen Nib":12,"The Courier":14,"Omamori":15,"Bottled Tornado":6,"Cursed Key":11,"Ancient Tea Set":16,"HornCleat":5,"TheAbacus":28,"Bronze Scales":26,"Snecko Eye":19,"Pandora\u0027s Box":0,"Tiny Chest":7,"Turnip":6,"Bottled Lightning":16,"PureWater":0,"Meat on the Bone":28},{"Singing Bowl":57,"Happy Flower":117,"Oddly Smooth Stone":91,"Damaru":117,"PreservedInsect":15,"Pen Nib":43,"The Courier":53,"Omamori":57,"Bottled Tornado":19,"Cursed Key":40,"Ancient Tea Set":62,"HornCleat":15,"TheAbacus":117,"Bronze Scales":111,"Snecko Eye":76,"Pandora\u0027s Box":0,"Tiny Chest":22,"Turnip":19,"Bottled Lightning":62,"PureWater":0,"Meat on the Bone":117}],"Meat on the Bone":0},"card_choices":[{"not_picked":["Wireheading","CutThroughFate"],"picked":"Evaluate","floor":1},{"not_picked":["ForeignInfluence","SashWhip"],"picked":"CarveReality","floor":2},{"not_picked":["FlyingSleeves","CutThroughFate","ClearTheMind"],"picked":"SKIP","floor":4},{"not_picked":["ReachHeaven","Worship"],"picked":"EmptyFist","floor":5},{"not_picked":["EmptyFist","BattleHymn"],"picked":"SpiritShield","floor":6},{"not_picked":["EmptyFist","Evaluate"],"picked":"Protect","floor":8},{"not_picked":["MentalFortress","Devotion"],"picked":"CutThroughFate","floor":11},{"not_picked":["Perseverance","ClearTheMind"],"picked":"Wallop","floor":12},{"not_picked":["EmptyMind","Prostrate"],"picked":"TalkToTheHand","floor":13},{"not_picked":["Wallop","CrushJoints"],"picked":"Consecrate","floor":14},{"not_picked":["Establishment","Alpha"],"picked":"Omniscience","floor":16},{"not_picked":["EmptyBody+1","MentalFortress"],"picked":"BowlingBash","floor":18},{"not_picked":["Prostrate+1","PathToVictory","CrushJoints"],"picked":"SKIP","floor":21},{"not_picked":["Prostrate","Study"],"picked":"Weave","floor":23},{"not_picked":["WindmillStrike+1","Collect"],"picked":"CrushJoints+1","floor":25},{"not_picked":["Crescendo","BattleHymn+1","Evaluate"],"picked":"Singing Bowl","floor":27},{"not_picked":["ClearTheMind","ReachHeaven","JustLucky"],"picked":"Singing Bowl","floor":30},{"not_picked":["Sanctity","CarveReality"],"picked":"EmptyMind","floor":31},{"not_picked":["Brilliance","Establishment"],"picked":"Wish","floor":33},{"not_picked":["TalkToTheHand","Consecrate+1"],"picked":"Adaptation","floor":35},{"not_picked":["EmptyBody","CrushJoints","BowlingBash"],"picked":"Singing Bowl","floor":37},{"not_picked":["CarveReality","Perseverance+1","Crescendo"],"picked":"Singing Bowl","floor":38},{"not_picked":["ThirdEye","ClearTheMind","Vengeance"],"picked":"Singing Bowl","floor":40},{"not_picked":["LessonLearned","FlyingSleeves"],"picked":"Fasting2","floor":42},{"not_picked":["Crescendo","Study","ClearTheMind"],"picked":"Singing Bowl","floor":44},{"not_picked":["EmptyBody+1","MasterReality"],"picked":"Wireheading+1","floor":45},{"not_picked":["ClearTheMind+1","EmptyBody","WindmillStrike"],"picked":"Singing Bowl","floor":46},{"not_picked":["CrushJoints","JustLucky","SashWhip"],"picked":"Singing Bowl","floor":47}],"player_experience":1762874,"relics_obtained":[{"floor":6,"key":"HornCleat"},{"floor":8,"key":"Turnip"},{"floor":9,"key":"Bottled Tornado"},{"floor":11,"key":"Tiny Chest"},{"floor":23,"key":"The Courier"},{"floor":25,"key":"Omamori"},{"floor":26,"key":"Singing Bowl"},{"floor":28,"key":"Bottled Lightning"},{"floor":40,"key":"Oddly Smooth Stone"},{"floor":45,"key":"Bronze Scales"},{"floor":47,"key":"Happy Flower"}],"event_choices":[{"damage_healed":0,"gold_gain":75,"player_choice":"Gather Gold","damage_taken":11,"max_hp_gain":0,"max_hp_loss":0,"event_name":"World of Goop","floor":3,"gold_loss":0},{"damage_healed":0,"gold_gain":50,"player_choice":"Pray","damage_taken":0,"max_hp_gain":0,"max_hp_loss":0,"event_name":"Golden Shrine","floor":20,"gold_loss":0},{"cards_removed":["Perseverance"],"damage_healed":0,"gold_gain":0,"player_choice":"Gave Gold","damage_taken":0,"max_hp_gain":0,"max_hp_loss":0,"event_name":"Beggar","floor":22,"gold_loss":75},{"damage_healed":0,"gold_gain":50,"player_choice":"Pray","damage_taken":0,"max_hp_gain":0,"max_hp_loss":0,"event_name":"Golden Shrine","floor":36,"gold_loss":0},{"damage_healed":0,"gold_gain":0,"player_choice":"Max HP","damage_taken":0,"max_hp_gain":0,"max_hp_loss":4,"event_name":"Winding Halls","floor":39,"gold_loss":0}],"is_beta":true,"boss_relics":[{"not_picked":["Ectoplasm","VioletLotus"],"picked":"Cursed Key"},{"not_picked":["Calling Bell","Philosopher\u0027s Stone"],"picked":"Snecko Eye"}],"items_purged_floors":[48],"is_endless":false,"potions_floor_spawned":[2,11,12,13,16,23,31,33,37,46,47],"killed_by":"Awakened One","ascension_level":20}}