{"host":"njruw0b0uprlitpx","time":1611291617,"event":{"mods":["2.2 Compatiblity","Bartender","BaseMod","Better Altar","Better Match","Better Note","Better Sensory Stone","Better Skull","Better Third Choice","BetterRewards","Block Reminder","Colored Map","Colored Powertips","Energized Spire","Hermit","Jedi Mod","Keyboard Shortcuts","Minty Spire (QoL Compilation)","Quick Restart","Rare Cards Sparkle","Relic Stats","Replay The Spire","SacredBarkPlus","Spicy Shops","StSLib","SuperFastMode","The Blackbeard","The Bug Knight","The Construct","The Dragon Tamer","The Forsaken","The Mystic"],"gold_per_floor":[109,109,129,61,61,61,91,91,144,144,175,104,104,104,104,104,104,74,74,74,74,74,74,74,74,74,74,74,74,37,37,37,37,37,37,37,37,37,37,37,77,77,9,35,35,55,74,102,102,133,133,133],"floor_reached":53,"language":"ENG","playtime":1658,"items_purged":["HollowMod:NailStrikeStart","HollowMod:NailStrikeStart"],"score":1441,"play_id":"f5a38407-63d5-4634-8cf4-5c44436a31a2","local_time":"20210121230017","is_ascension_mode":true,"campfire_choices":[{"data":"1","floor":6.0,"key":"LIFT"},{"floor":8.0,"key":"REST"},{"data":"2","floor":10.0,"key":"LIFT"},{"data":"3","floor":15.0,"key":"LIFT"},{"floor":24.0,"key":"REST"},{"floor":31.0,"key":"REST"},{"data":"HollowMod:VoidDash","floor":34.0,"key":"SMITH"},{"floor":42.0,"key":"REST"},{"data":"HollowMod:VoidDash","floor":49,"key":"SMITH"},{"data":"HollowMod:NailStrikeStart","floor":51,"key":"PURGE"}],"circlet_count":0,"master_deck":["HollowMod:NailStrikeStart","HollowMod:QuickDashStart","HollowMod:QuickDashStart","HollowMod:QuickDashStart","HollowMod:QuickDashStart","HollowMod:FocusHealStart","HollowMod:PogoStrike","HollowMod:MantisMark","HollowMod:VengefulVoid","HollowMod:DoubleDash","HollowMod:WraithStrike","HollowMod:LifebloodCocoon+1","HollowMod:GreatSlash","HollowMod:BlackTendrils","HollowMod:BlackTendrils","HollowMod:VengefulVoid","HollowMod:NewJinnsSoul","HollowMod:VoidDash+1","HollowMod:AbyssShriek","HollowMod:SharpenedShadows","HollowMod:VoidDash+1","HollowMod:QuirrelsAssistance","HollowMod:Weaversong+1","HollowMod:FallenFury+1","HollowMod:ShadowDash","HollowMod:Weaversong","HollowMod:SiblingsShadow","HollowMod:WhiteLadysBlessing","HollowMod:PerfectDash+1","HollowMod:SiblingsSouls"],"relics":["HollowMod:VesselMask","Mummified Hand","Orrery","Girya","Torii","jedi:crownofsimplicity","Tiny Chest","Boot","jedi:ominousloannote","DollysMirror","Ornamental Fan","CaptainsWheel","Oddly Smooth Stone","Busted Crown","Happy Flower","Thread and Needle","Molten Egg 2","Sozu","Pear","jedi:HeartOfTheCards","jedi:bottledfury","Bag of Marbles","Replay:Ringing Soul"],"acts_visited":["Exordium","TheCity","TheBeyond"],"potions_floor_usage":[],"damage_taken":[{"damage":7.0,"enemies":"Jaw Worm","floor":1.0,"turns":2.0},{"damage":0.0,"enemies":"Small Slimes","floor":3.0,"turns":1.0},{"damage":26.0,"enemies":"Lagavulin","floor":7.0,"turns":6.0},{"damage":9.0,"enemies":"3 Sentries","floor":11.0,"turns":4.0},{"damage":0.0,"enemies":"Lagavulin","floor":13.0,"turns":4.0},{"damage":0.0,"enemies":"Cultist","floor":14.0,"turns":2.0},{"damage":1.0,"enemies":"The Guardian","floor":16.0,"turns":6.0},{"damage":10.0,"enemies":"2 Thieves","floor":18.0,"turns":2.0},{"damage":21.0,"enemies":"3 Byrds","floor":20.0,"turns":3.0},{"damage":12.0,"enemies":"Centurion and Healer","floor":22.0,"turns":3.0},{"damage":19.0,"enemies":"Gremlin Leader","floor":23.0,"turns":4.0},{"damage":27.0,"enemies":"Slavers","floor":25.0,"turns":3.0},{"damage":0.0,"enemies":"Snecko","floor":29.0,"turns":3.0},{"damage":0.0,"enemies":"Snake Plant","floor":32.0,"turns":2.0},{"damage":20.0,"enemies":"Collector","floor":35.0,"turns":6.0},{"damage":23.0,"enemies":"3 Darklings","floor":37.0,"turns":3.0},{"damage":0.0,"enemies":"3 Shapes","floor":38.0,"turns":3.0},{"damage":7.0,"enemies":"Sphere and 2 Shapes","floor":40.0,"turns":3.0},{"damage":0.0,"enemies":"Reptomancer","floor":44.0,"turns":4.0},{"damage":25.0,"enemies":"Jaw Worm Horde","floor":46.0,"turns":4.0},{"damage":0,"enemies":"Maw","floor":47,"turns":4},{"damage":0,"enemies":"Giant Head","floor":48,"turns":6},{"damage":0,"enemies":"Nemesis","floor":50,"turns":3},{"damage":40,"enemies":"Donu and Deca","floor":52,"turns":7}],"seed_played":"7797993731002135001","potions_obtained":[{"floor":7.0,"key":"FearPotion"},{"floor":25.0,"key":"Adrenaline Potion"}],"is_trial":false,"path_per_floor":["M","?","M","$","?","R","E","R","T","R","E","$","E","M","R","B",null,"M","?","M","?","M","E","R","E","PTL","PTL","T","M","$","R","M","?","R","B",null,"M","M","T","M","?","R","$","E","T","M","M","E","R","E","R_BF","B",null],"character_chosen":"THE_BUGKNIGHT","items_purchased":["Mummified Hand","Orrery","HollowMod:GreatSlash","HollowMod:BlackTendrils","Girya","Torii","jedi:ominousloannote","HollowMod:SharpenedShadows","DollysMirror","Ornamental Fan","CaptainsWheel","HollowMod:FallenFury+1","HollowMod:SiblingsShadow"],"campfire_rested":4,"item_purchase_floors":[0,0,0,0,0,4,12,12,12,12,12,30,43],"current_hp_per_floor":[66,66,66,66,66,66,47,69,69,69,69,69,71,74,74,74,75,65,69,50,50,44,33,55,33,33,33,33,37,37,59,63,63,63,50,69,49,49,59,58,24,49,49,85,85,64,67,85,85,88,88,66],"gold":133,"neow_bonus":"","is_daily":false,"chose_seed":false,"campfire_upgraded":2,"win_rate":0.0,"timestamp":1611291617,"path_taken":["M","?","M","?","?","R","E","R","T","R","E","$","E","M","R","BOSS","M","?","M","?","M","E","R","E","PTL","PTL","T","M","$","R","M","?","R","BOSS","M","M","?","?","?","R","$","E","T","M","?","E","R","E","R_BF","BOSS"],"items_purchased_type":["Relic","Relic","Card","Card","Relic","Relic","Relic","Card","Relic","Relic","Relic","Card","Card"],"build_version":"2020-12-22","purchased_purges":2,"victory":true,"max_hp_per_floor":[75,75,75,75,75,75,75,75,75,75,75,75,75,75,75,75,75,75,75,75,75,75,75,75,75,75,75,75,75,75,75,75,75,75,75,75,75,75,85,85,85,85,85,85,85,85,85,85,85,88,88,88],"relic_stats":{"Sozu":5,"Busted Crown":44,"Torii":10,"Happy Flower":[17],"counters":[115,454],"Mummified Hand":[55],"Ornamental Fan":[120],"Tiny Chest":2,"Boot":[37],"obtain_stats":[{"Golden Egg":9,"Vajra":43,"HollowMod:VesselMask":0,"jedi:bottledfury":45,"Bottled Tornado":40,"HollowMod:VoidIdolRelic":34,"Boot":11,"Sozu":36,"Replay:Ringing Soul":50,"Lizard Tail":49,"jedi:firstaidkit":0,"DollysMirror":37,"Replay:Wax Seal":0,"HollowMod:QueensCombRelic":0,"Girya":0,"Pear":39,"Happy Flower":23,"ReplayTheSpireMod:CursedCoin":20,"Dead Branch":6,"Astrolabe":17,"HollowMod:JonisBlessing":0,"Oddly Smooth Stone":3,"Pen Nib":24,"HollowMod:IsmasTear":29,"Replay:Kaleidoscope":0,"jedi:HeartOfTheCards":44,"Runic Dome":17,"SlaversCollar":17,"Replay:Baseball":23,"Brimstone":28,"Bird Faced Urn":11,"Tintinnabulum":7,"Onion Ring":9,"Molten Egg 2":28,"StrikeDummy":0,"Abe\u0027s Treasure":34,"Unceasing Top":0,"ReplayFunnel":9,"Regal Pillow":12,"Lantern":13,"Snecko Heart":17,"Torii":4,"Angel_Ring":12,"Enchiridion":30,"Mango":20,"Bag of Preparation":0,"jedi:Pinwheel":8,"Ancient Tea Set":10,"Cursed Key":34,"Replay:Rubber Ducky":9,"SsserpentHead":19,"Nunchaku":47,"Replay:Bandana":0,"Mummified Hand":0,"jedi:matchstick":43,"Genji_Glove":8,"Tiny Chest":30,"Red Mask":22,"Chemical X":28,"BargainBundle":0,"Replay:Towering Pillar of Hats":0,"Guide Book":0,"Thread and Needle":9,"HollowMod:GreatKnightMask":31,"jedi:crownofsimplicity":7,"Odd Mushroom":10,"Replay:Arrowhead":0,"Mercury Hourglass":20,"CaptainsWheel":24,"Anchor":24,"Busted Crown":17,"jedi:ominousloannote":12,"Ornamental Fan":12,"Orrery":36,"Snack Pack":25,"Coffee Dripper":0,"Bag of Marbles":48,"Membership Card":12,"jedi:command_shop":28,"theForsaken:JudgementScales":0,"Toy Ornithopter":26,"TungstenRod":26,"ReplayTheSpireMod:ShopPack":0},{"Golden Egg":5,"Vajra":43,"HollowMod:VesselMask":0,"jedi:bottledfury":110,"Bottled Tornado":19,"HollowMod:VoidIdolRelic":88,"Boot":95,"Sozu":106,"Replay:Ringing Soul":114,"Lizard Tail":22,"jedi:firstaidkit":0,"DollysMirror":17,"Replay:Wax Seal":0,"HollowMod:QueensCombRelic":0,"Girya":91,"Pear":108,"Happy Flower":102,"ReplayTheSpireMod:CursedCoin":10,"Dead Branch":4,"Astrolabe":31,"HollowMod:JonisBlessing":24,"Oddly Smooth Stone":49,"Pen Nib":36,"HollowMod:IsmasTear":39,"Replay:Kaleidoscope":24,"jedi:HeartOfTheCards":110,"Runic Dome":9,"SlaversCollar":54,"Replay:Baseball":12,"Brimstone":14,"Bird Faced Urn":7,"Tintinnabulum":61,"Onion Ring":28,"Molten Egg 2":103,"StrikeDummy":24,"Abe\u0027s Treasure":16,"Unceasing Top":47,"ReplayFunnel":52,"Regal Pillow":29,"Lantern":81,"Snecko Heart":82,"Torii":93,"Angel_Ring":64,"Enchiridion":14,"Mango":10,"Bag of Preparation":24,"jedi:Pinwheel":5,"Ancient Tea Set":28,"Cursed Key":40,"Replay:Rubber Ducky":61,"SsserpentHead":10,"Nunchaku":21,"Replay:Bandana":47,"Mummified Hand":91,"jedi:matchstick":20,"Genji_Glove":61,"Tiny Chest":72,"Red Mask":35,"Chemical X":71,"BargainBundle":24,"Replay:Towering Pillar of Hats":58,"Guide Book":0,"Thread and Needle":79,"HollowMod:GreatKnightMask":87,"jedi:crownofsimplicity":94,"Odd Mushroom":53,"Replay:Arrowhead":24,"Mercury Hourglass":67,"CaptainsWheel":70,"Anchor":85,"Busted Crown":98,"jedi:ominousloannote":95,"Ornamental Fan":95,"Orrery":41,"Snack Pack":13,"Coffee Dripper":74,"Bag of Marbles":113,"Membership Card":7,"jedi:command_shop":14,"theForsaken:JudgementScales":0,"Toy Ornithopter":13,"TungstenRod":37,"ReplayTheSpireMod:ShopPack":0},{"Golden Egg":12,"Vajra":129,"HollowMod:VesselMask":0,"jedi:bottledfury":430,"Bottled Tornado":54,"HollowMod:VoidIdolRelic":349,"Boot":379,"Sozu":417,"Replay:Ringing Soul":447,"Lizard Tail":65,"jedi:firstaidkit":0,"DollysMirror":49,"Replay:Wax Seal":0,"HollowMod:QueensCombRelic":0,"Girya":366,"Pear":423,"Happy Flower":403,"ReplayTheSpireMod:CursedCoin":26,"Dead Branch":9,"Astrolabe":91,"HollowMod:JonisBlessing":73,"Oddly Smooth Stone":153,"Pen Nib":107,"HollowMod:IsmasTear":116,"Replay:Kaleidoscope":73,"jedi:HeartOfTheCards":430,"Runic Dome":23,"SlaversCollar":177,"Replay:Baseball":33,"Brimstone":39,"Bird Faced Urn":16,"Tintinnabulum":219,"Onion Ring":81,"Molten Egg 2":406,"StrikeDummy":73,"Abe\u0027s Treasure":47,"Unceasing Top":144,"ReplayFunnel":164,"Regal Pillow":84,"Lantern":309,"Snecko Heart":320,"Torii":369,"Angel_Ring":233,"Enchiridion":39,"Mango":26,"Bag of Preparation":73,"jedi:Pinwheel":12,"Ancient Tea Set":81,"Cursed Key":122,"Replay:Rubber Ducky":219,"SsserpentHead":26,"Nunchaku":63,"Replay:Bandana":144,"Mummified Hand":366,"jedi:matchstick":59,"Genji_Glove":219,"Tiny Chest":273,"Red Mask":104,"Chemical X":270,"BargainBundle":73,"Replay:Towering Pillar of Hats":203,"Guide Book":0,"Thread and Needle":304,"HollowMod:GreatKnightMask":340,"jedi:crownofsimplicity":375,"Odd Mushroom":168,"Replay:Arrowhead":73,"Mercury Hourglass":252,"CaptainsWheel":264,"Anchor":333,"Busted Crown":391,"jedi:ominousloannote":379,"Ornamental Fan":379,"Orrery":124,"Snack Pack":36,"Coffee Dripper":283,"Bag of Marbles":444,"Membership Card":16,"jedi:command_shop":39,"theForsaken:JudgementScales":0,"Toy Ornithopter":36,"TungstenRod":110,"ReplayTheSpireMod:ShopPack":0}]},"card_choices":[{"not_picked":["HollowMod:HowlingWraiths","HollowMod:InfectedCysts"],"picked":"HollowMod:MantisMark","floor":0.0},{"not_picked":["HollowMod:DesolateDive","HollowMod:WraithStrike"],"picked":"HollowMod:VengefulVoid","floor":0.0},{"not_picked":["HollowMod:NewLittleFool","HollowMod:MawleksShell"],"picked":"HollowMod:DoubleDash","floor":0.0},{"not_picked":["HollowMod:GoodIntentions","HollowMod:GreatSlash"],"picked":"HollowMod:WraithStrike","floor":0.0},{"not_picked":["HollowMod:Hiveblood","HollowMod:SoulVessel"],"picked":"HollowMod:LifebloodCocoon","floor":0.0},{"not_picked":["HollowMod:CycloneSlash","HollowMod:SoulStrike"],"picked":"HollowMod:VengefulVoid","floor":1.0},{"not_picked":["HollowMod:DashSlash","HollowMod:CycloneSlash"],"picked":"HollowMod:NewJinnsSoul","floor":3.0},{"not_picked":["HollowMod:WraithStrike","HollowMod:MonarchWings"],"picked":"HollowMod:VoidDash","floor":7.0},{"not_picked":["HollowMod:SharpenedNail","HollowMod:DescendingDark"],"picked":"HollowMod:AbyssShriek","floor":11.0},{"not_picked":["HollowMod:DoubleDash","HollowMod:InfectedCysts","HollowMod:DesolateDive"],"picked":"SKIP","floor":13.0},{"not_picked":["HollowMod:MawleksShell","HollowMod:NewJinnsSoul"],"picked":"HollowMod:QuirrelsAssistance","floor":14.0},{"not_picked":["HollowMod:VoidDash","HollowMod:RadiancesLament"],"picked":"HollowMod:Weaversong","floor":16.0},{"not_picked":["HollowMod:SharpenedNail"],"picked":"SKIP","floor":18.0},{"not_picked":["HollowMod:InfectedCysts+1"],"picked":"SKIP","floor":20.0},{"not_picked":["HollowMod:InfectedAttack"],"picked":"SKIP","floor":22.0},{"not_picked":["HollowMod:CycloneSlash"],"picked":"SKIP","floor":23.0},{"not_picked":["HollowMod:SharpenedShadows"],"picked":"SKIP","floor":25.0},{"not_picked":["HollowMod:InfectedAttack+1"],"picked":"SKIP","floor":29.0},{"not_picked":[],"picked":"HollowMod:ShadowDash","floor":32.0},{"not_picked":[],"picked":"HollowMod:Weaversong","floor":35.0},{"not_picked":["HollowMod:BaldurShell"],"picked":"SKIP","floor":37.0},{"not_picked":["HollowMod:SiblingsSouls+1"],"picked":"SKIP","floor":38.0},{"not_picked":["HollowMod:NewGlowingWomb"],"picked":"SKIP","floor":40.0},{"not_picked":["HollowMod:NewLittleFool+1"],"picked":"SKIP","floor":44.0},{"not_picked":["HollowMod:SharpenedNail+1"],"picked":"SKIP","floor":46.0},{"not_picked":[],"picked":"HollowMod:WhiteLadysBlessing","floor":47},{"not_picked":[],"picked":"HollowMod:PerfectDash+1","floor":48},{"not_picked":[],"picked":"HollowMod:SiblingsSouls","floor":50}],"player_experience":1767180,"relics_obtained":[{"floor":7.0,"key":"jedi:crownofsimplicity"},{"floor":9.0,"key":"Tiny Chest"},{"floor":11.0,"key":"Boot"},{"floor":13.0,"key":"Oddly Smooth Stone"},{"floor":23.0,"key":"Happy Flower"},{"floor":25.0,"key":"Thread and Needle"},{"floor":28.0,"key":"Molten Egg 2"},{"floor":39.0,"key":"Pear"},{"floor":44.0,"key":"jedi:HeartOfTheCards"},{"floor":45.0,"key":"jedi:bottledfury"},{"floor":48,"key":"Bag of Marbles"},{"floor":50,"key":"Replay:Ringing Soul"}],"event_choices":[{"damage_healed":0.0,"max_hp_gain":0.0,"max_hp_loss":0.0,"gold_gain":0.0,"event_name":"Living Wall","player_choice":"Grow","floor":5.0,"gold_loss":0.0,"damage_taken":0.0,"cards_upgraded":["HollowMod:LifebloodCocoon"]},{"damage_healed":4.0,"max_hp_gain":0.0,"max_hp_loss":0.0,"gold_gain":0.0,"event_name":"betterSkull:BetterSkull","player_choice":"LEAVE ","floor":19.0,"gold_loss":0.0,"damage_taken":0.0,"cards_upgraded":[],"relics_obtained":[]},{"cards_removed":["Decay"],"damage_healed":0.0,"max_hp_gain":0.0,"max_hp_loss":0.0,"gold_gain":0.0,"event_name":"Fountain of Cleansing","player_choice":"Removed Curses","floor":21.0,"gold_loss":0.0,"damage_taken":0.0},{"damage_healed":0.0,"max_hp_gain":0.0,"max_hp_loss":0.0,"gold_gain":0.0,"event_name":"Upgrade Shrine","player_choice":"Upgraded","floor":33.0,"gold_loss":0.0,"damage_taken":0.0,"cards_upgraded":["HollowMod:Weaversong"]}],"is_beta":false,"boss_relics":[{"not_picked":["Empty Cage","Ring of Chaos"],"picked":"Busted Crown"},{"not_picked":["energizedSpire:EnergizedDie","energizedSpire:HugeHouse"],"picked":"Sozu"}],"items_purged_floors":[0,12],"is_endless":false,"potions_floor_spawned":[7,13,25,29,35,40,46,47,50],"ascension_level":6}}