{"host":"ogu62mnru5djd3ck","time":1611345799,"event":{"mods":["AchievementEnabler","Act Like it!","BaseMod","Better Skull","Colored Map","Colored Powertips","Custom Start","Downfall","GifTheSpireLib","Gold Saver","Highlight Path","Minty Spire (QoL Compilation)","Rare Cards Sparkle","SOS???????","StSLib","Steal the Spire","The Wild Card"],"gold_per_floor":[789,808,77,95,95,114,137,137,156,170,182,182,193,241,261,359,359,359,376,391,391,331,331,331,344,344,359,634,646,646,673,693,788,788,788,806,806,340,352,372,372,39,39,54,73,73,83,83,94,94,94,94],"floor_reached":50,"language":"ENG","playtime":4040,"items_purged":[],"score":487,"play_id":"35e76cbc-7014-44d1-b383-b414ef1290a2","local_time":"20210122210319","is_ascension_mode":false,"campfire_choices":[{"data":"hexamod:ParanormalForm","floor":1,"key":"SMITH"},{"floor":8,"key":"REST"},{"data":"hexamod:FastForward","floor":12,"key":"SMITH"},{"data":"hexamod:HexaLevel","floor":18,"key":"SMITH"},{"floor":23,"key":"REST"},{"floor":26,"key":"REST"},{"floor":30,"key":"REST"},{"data":"hexamod:VolcanoVisage","floor":35,"key":"SMITH"},{"floor":46,"key":"REST"}],"circlet_count":0,"master_deck":["hexamod:Strike","hexamod:Strike","hexamod:Strike","hexamod:Strike","hexamod:Defend","hexamod:Defend","hexamod:Defend","hexamod:Defend","hexamod:Sear","hexamod:Float","hexamod:ParanormalForm+1","hexamod:FastForward+1","hexamod:RainOfEmbers","hexamod:PowerFromBeyond+1","hexamod:InspiringFlames+1","hexamod:BacktrackSmack+1","hexamod:NightmareStrike+1","hexamod:FlamesFromBeyond+1","hexamod:BurningTouch+1","hexamod:NecessarySacrifice+1","hexamod:EmpoweredFlame","hexamod:GhostflameInferno+1","hexamod:NightmareGuise+1","hexamod:HexaLevel+1","CurseOfTheBell","hexamod:Incineration+1","hexamod:RadiantFlame","hexamod:HeatMetal+1","hexamod:ThermalTransfer+1","hexamod:SoulSteal+1","hexamod:FastForward+1","Regret","hexamod:SoulSteal+1","hexamod:PowerFromBeyond+1","hexamod:HeatCrush+1","hexamod:VolcanoVisage+1","hexamod:GhostShield+1","hexamod:NightmareGuise+1","hexamod:SpectersWail+1","hexamod:ChargedBarrage+1","hexamod:RetreatToShadows+1","Bandage Up+1","expansioncontent:DashGenerateEvil+1","hexamod:InspiringFlames+1","hexamod:HeatShield+1","hexamod:Hexaguard+1","hexamod:InspiringFlames+1","hexamod:NightmareGuise+1"],"relics":["hexamod:SpiritBrand","Molten Egg 2","Toxic Egg 2","Pen Nib","hexamod:MatchstickCase","Calling Bell","Orichalcum","Shuriken","TungstenRod","MutagenicStrength","White Beast Statue","Nunchaku","bronze:MakeshiftBattery","Frozen Egg 2"],"acts_visited":["Exordium","TheCity","TheBeyond"],"potions_floor_usage":[9,16,16,31,33,33,40,40,40,49,50,50,50],"damage_taken":[{"damage":5,"enemies":"2 Louse","floor":2,"turns":4},{"damage":0,"enemies":"downfall:FleeingMerchant","floor":3,"turns":4},{"damage":0,"enemies":"Cultist","floor":4,"turns":3},{"damage":11,"enemies":"Jaw Worm","floor":6,"turns":3},{"damage":0,"enemies":"Lots of Slimes","floor":9,"turns":3},{"damage":0,"enemies":"Blue Slaver","floor":10,"turns":3},{"damage":0,"enemies":"3 Louse","floor":11,"turns":3},{"damage":1,"enemies":"2 Fungi Beasts","floor":13,"turns":3},{"damage":0,"enemies":"Exordium Wildlife","floor":15,"turns":2},{"damage":13,"enemies":"SI_SHIV_ARCHETYPE","floor":16,"turns":6},{"damage":2,"enemies":"Spheric Guardian","floor":19,"turns":5},{"damage":10,"enemies":"Centurion and Healer","floor":20,"turns":6},{"damage":0,"enemies":"downfall:FleeingMerchant","floor":22,"turns":4},{"damage":24,"enemies":"Snake Plant","floor":25,"turns":3},{"damage":0,"enemies":"Snecko","floor":27,"turns":3},{"damage":12,"enemies":"Cultist and Chosen","floor":29,"turns":5},{"damage":12,"enemies":"Slavers","floor":31,"turns":3},{"damage":11,"enemies":"Snake Plant","floor":32,"turns":3},{"damage":55,"enemies":"WA_ARCHETYPE_CALM","floor":33,"turns":9},{"damage":12,"enemies":"Orb Walker","floor":36,"turns":3},{"damage":7,"enemies":"downfall:FleeingMerchant","floor":38,"turns":4},{"damage":1,"enemies":"3 Darklings","floor":39,"turns":3},{"damage":0,"enemies":"Jaw Worm Horde","floor":40,"turns":3},{"damage":28,"enemies":"Transient","floor":44,"turns":5},{"damage":16,"enemies":"Spire Growth","floor":45,"turns":6},{"damage":18,"enemies":"Maw","floor":47,"turns":6},{"damage":20,"enemies":"3 Darklings","floor":49,"turns":7},{"damage":87,"enemies":"DF_ARCHETYPE_ORBS","floor":50,"turns":9}],"seed_played":"-9063280198988483027","potions_obtained":[{"floor":4,"key":"Block Potion"},{"floor":9,"key":"EssenceOfSteel"},{"floor":11,"key":"FairyPotion"},{"floor":15,"key":"SkillPotion"},{"floor":19,"key":"Guardian:BlockOnCardUsePotion"},{"floor":25,"key":"BlessingOfTheForge"},{"floor":27,"key":"SkillPotion"},{"floor":31,"key":"SteroidPotion"},{"floor":33,"key":"Explosive Potion"},{"floor":36,"key":"Energy Potion"},{"floor":38,"key":"SteroidPotion"},{"floor":39,"key":"GamblersBrew"},{"floor":40,"key":"BlessingOfTheForge"},{"floor":44,"key":"Energy Potion"},{"floor":45,"key":"Strength Potion"},{"floor":49,"key":"LiquidBronze"}],"is_trial":false,"path_per_floor":["R","M","$","M","?","M","T","R","M","M","M","R","M","T","M","B",null,"R","M","M","?","$","R","T","M","R","M","?","M","R","E","M","B",null,"R","M","?","$","M","M","T","?","?","M","M","R","M","?","M","B"],"character_chosen":"THE_SPIRIT","items_purchased":["Molten Egg 2","Toxic Egg 2","hexamod:PowerFromBeyond+1","hexamod:InspiringFlames+1","hexamod:BacktrackSmack+1","hexamod:NightmareStrike+1","hexamod:ThermalTransfer+1","hexamod:SpectersWail+1","hexamod:ChargedBarrage+1","hexamod:RetreatToShadows+1","Bandage Up+1","expansioncontent:DashGenerateEvil"],"campfire_rested":5,"item_purchase_floors":[3,3,3,3,3,3,22,38,38,38,38,38],"current_hp_per_floor":[70,65,65,65,65,54,54,70,70,70,70,70,69,69,69,56,70,70,68,58,58,58,70,70,46,67,67,67,55,70,58,47,13,70,70,58,58,51,50,50,50,79,79,53,43,66,48,48,44,0,0,0],"gold":94,"neow_bonus":"ONE_RANDOM_RARE_CARD","is_daily":false,"chose_seed":false,"campfire_upgraded":4,"win_rate":0.0,"timestamp":1611345799,"path_taken":["R","M","$","M","?","M","T","R","M","?","M","R","M","?","M","BOSS","R","M","M","?","$","R","T","M","R","M","?","?","R","E","M","BOSS","R","M","?","$","M","M","T","?","?","M","M","R","M","?","M","BOSS"],"items_purchased_type":["Relic","Relic","Card","Card","Card","Card","Card","Card","Card","Card","Card","Card"],"build_version":"2020-12-22","purchased_purges":0,"victory":false,"max_hp_per_floor":[70,70,70,70,70,70,70,70,70,70,70,70,70,70,70,70,70,70,70,70,70,70,70,70,70,70,70,70,70,70,70,70,70,70,70,70,70,70,70,70,70,79,79,79,79,79,79,79,79,79,79,79],"card_choices":[{"not_picked":["hexamod:DynamicBlow","hexamod:NightmareGuise"],"picked":"hexamod:FastForward","floor":2},{"not_picked":["hexamod:NightmareGuise","hexamod:FourthSeal"],"picked":"hexamod:RainOfEmbers","floor":3},{"not_picked":["hexamod:AdvancingGuard+1","hexamod:Firestarter+1"],"picked":"hexamod:FlamesFromBeyond+1","floor":4},{"not_picked":["hexamod:AdvancingGuard+1","hexamod:InspiringFlames+1"],"picked":"hexamod:BurningTouch+1","floor":6},{"not_picked":["hexamod:PhantomCloak","hexamod:PowerFromBeyond+1"],"picked":"hexamod:NecessarySacrifice+1","floor":9},{"not_picked":["hexamod:AdvancingGuard+1","hexamod:BacktrackSmack+1"],"picked":"hexamod:EmpoweredFlame","floor":10},{"not_picked":["hexamod:NightmareStrike+1","hexamod:DynamicBlow+1"],"picked":"hexamod:GhostflameInferno+1","floor":11},{"not_picked":["hexamod:SwordOfDarkness+1","hexamod:HeatShield+1","hexamod:RetreatToShadows+1"],"picked":"SKIP","floor":13},{"not_picked":["hexamod:GhostOfSpirePast","hexamod:RainOfEmbers+1"],"picked":"hexamod:NightmareGuise+1","floor":15},{"not_picked":["hexamod:GhostflameInferno+1","hexamod:VolcanoVisage"],"picked":"hexamod:HexaLevel","floor":16},{"not_picked":["hexamod:FlamesFromBeyond+1","hexamod:GhostShield+1"],"picked":"hexamod:Incineration+1","floor":19},{"not_picked":["hexamod:AdvancingGuard+1","hexamod:BurningTouch+1"],"picked":"hexamod:RadiantFlame","floor":20},{"not_picked":["hexamod:FourthSeal","hexamod:ChargedBarrage+1"],"picked":"hexamod:HeatMetal+1","floor":22},{"not_picked":["hexamod:CatchUp+1","hexamod:PowerFromBeyond+1"],"picked":"hexamod:SoulSteal+1","floor":25},{"not_picked":["hexamod:BacktrackSmack+1","hexamod:HauntingEcho+1"],"picked":"hexamod:FastForward+1","floor":27},{"not_picked":["hexamod:ThermalTransfer+1","hexamod:GhostOfSpirePresent"],"picked":"hexamod:SoulSteal+1","floor":29},{"not_picked":["hexamod:InspiringFlames+1","hexamod:NightmareGuise+1"],"picked":"hexamod:PowerFromBeyond+1","floor":31},{"not_picked":["hexamod:ThermalTransfer+1","hexamod:Rewind+1"],"picked":"hexamod:HeatCrush+1","floor":32},{"not_picked":["hexamod:UnleashSpirits+1","hexamod:GhostOfSpirePresent"],"picked":"hexamod:VolcanoVisage","floor":33},{"not_picked":["hexamod:AdvancingGuard+1","hexamod:EtherealExpedition+1"],"picked":"hexamod:GhostShield+1","floor":36},{"not_picked":["hexamod:NecessarySacrifice+1","hexamod:Firestarter+1"],"picked":"hexamod:NightmareGuise+1","floor":38},{"not_picked":["hexamod:CatchUp+1","hexamod:BurningTouch+1"],"picked":"hexamod:InspiringFlames+1","floor":39},{"not_picked":["hexamod:RecurringNightmare+1","hexamod:RainOfEmbers+1"],"picked":"hexamod:HeatShield+1","floor":40},{"not_picked":["hexamod:InspiringFlames+1","hexamod:GhostShield+1"],"picked":"hexamod:Hexaguard+1","floor":44},{"not_picked":["hexamod:GhostflameInferno+1","hexamod:Firestarter+1"],"picked":"hexamod:InspiringFlames+1","floor":45},{"not_picked":["hexamod:Firestarter+1","hexamod:SwordOfDarkness+1","hexamod:GhostOfSpirePast+1"],"picked":"SKIP","floor":47},{"not_picked":["hexamod:BacktrackSmack+1","hexamod:SwordOfDarkness+1"],"picked":"hexamod:NightmareGuise+1","floor":49}],"player_experience":140922,"relics_obtained":[{"floor":7,"key":"Pen Nib"},{"floor":14,"key":"hexamod:MatchstickCase"},{"floor":17,"key":"Orichalcum"},{"floor":17,"key":"Shuriken"},{"floor":17,"key":"TungstenRod"},{"floor":24,"key":"White Beast Statue"},{"floor":31,"key":"Nunchaku"},{"floor":41,"key":"Frozen Egg 2"}],"event_choices":[{"damage_healed":0,"gold_gain":0,"player_choice":"Ignored","damage_taken":0,"max_hp_gain":0,"max_hp_loss":0,"event_name":"NoteForYourself","floor":5,"gold_loss":0},{"damage_healed":0,"gold_gain":0,"player_choice":"Inject Mutagens","damage_taken":0,"relics_obtained":["MutagenicStrength"],"max_hp_gain":0,"max_hp_loss":0,"event_name":"Drug Dealer","floor":21,"gold_loss":0},{"damage_healed":0,"gold_gain":0,"player_choice":"Ignored","damage_taken":0,"max_hp_gain":0,"max_hp_loss":0,"event_name":"Mysterious Sphere","floor":37,"gold_loss":0}],"is_beta":false,"boss_relics":[{"not_picked":["Pandora\u0027s Box","Sozu"],"picked":"Calling Bell"},{"not_picked":["Empty Cage","Snecko Eye"],"picked":"bronze:MakeshiftBattery"}],"items_purged_floors":[],"is_endless":false,"potions_floor_spawned":[4,9,11,15,19,25,27,29,31,32,33,36,38,39,40,44,45,47,49],"killed_by":"DF_ARCHETYPE_ORBS","ascension_level":0}}