{"host":"qmnyg5dk1o6rw6mz","time":1611338270,"event":{"mods":["100% Spire Juice","2.2 Compatiblity","AchievementEnabler","Act Like it!","Arknights The Spire","Aspiration","Astrologer","BaseMod","Better Third Choice","CapriCore","Challenge The Spire","Colored Map","Colored Powertips","Conjunction","Conspire","DeckTracker","Defuse TimeMaze Blight","Disable Question Mark Monsters","Energized Spire","Friendly Minions","Gensokyo","GifTheSpireLib","Hermit","Highlight Path","HololiveMod","HornydragonMod","Hubris","Infinite Spire","Jedi Mod","KinomotoSakuraMod(木之本?)","Koishi","KomeijiMod","Lobotomy","LobotomyExtend","Marisa（霧雨　魔理沙）","Minty Spire (QoL Compilation)","Pale of the Ancients","Permanent Neow","Prisma Mod","Quick Restart","Reimu（博???）","SIMod","StSLib","Stuff the Spire","The Alterego","The Cursed","The Gatherer","The Immortal","The Marked","The Mystic","The Runesmith","The Senshi","The Showman","Unceasing Turn Reminder","WarShipGirlsR/??少女R mod","Yuri Mod","Yuyuko","vexMod"],"gold_per_floor":[118,118,137,151,2,2,27,40,40,57,57,74,99,114,114,213,213,226,268,279,279,279],"floor_reached":21,"language":"ZHS","playtime":908,"items_purged":[],"score":193,"play_id":"d0b9a4fc-5bc7-498d-a1fd-762a0b1568fa","local_time":"20210123015750","is_ascension_mode":false,"campfire_choices":[{"data":"ats:Blood Oath","floor":6,"key":"SMITH"},{"data":"ats:Ambush","floor":15,"key":"SMITH"}],"circlet_count":0,"master_deck":["ats:Strike C","ats:Strike G","ats:Strike S","ats:Strike V","ats:Armor Crushing Shot","ats:Defend","ats:Defend","ats:Defend","ats:Emotion Absorption","ats:Counter Healing Mode","ats:Blood Oath+1","ats:Ambush+1","ats:Demon Strength","ats:Composite Medical Shells","ats:Flexible Camouflage","ats:Nebulous Foxfire","ats:Consecutive Shot Auto","ats:Flexible Camouflage+1"],"relics":["ats:Sanity","jedi:firstaidkit","aspiration:TomeofQuesting","ats:Originium","Juzu Bracelet","Gremlin Horn","HoshigumaDish","hubris:ScarierMask","hubris:TenFootPole"],"acts_visited":["Exordium","Gensokyo:Gensokyoer"],"potions_floor_usage":[10],"damage_taken":[{"damage":1,"enemies":"Jaw Worm","floor":1,"turns":3},{"damage":6,"enemies":"Cultist","floor":3,"turns":4},{"damage":0,"enemies":"2 Louse","floor":4,"turns":3},{"damage":63,"enemies":"Lagavulin","floor":7,"turns":8},{"damage":3,"enemies":"Exordium Wildlife","floor":8,"turns":4},{"damage":14,"enemies":"Blue Slaver","floor":10,"turns":4},{"damage":5,"enemies":"Lots of Slimes","floor":12,"turns":3},{"damage":6,"enemies":"Gremlin Nob","floor":13,"turns":5},{"damage":21,"enemies":"2 Fungi Beasts","floor":14,"turns":4},{"damage":59,"enemies":"Slime Boss","floor":16,"turns":12},{"damage":38,"enemies":"Gensokyo:AngelMirror","floor":18,"turns":5},{"damage":49,"enemies":"conspire:MimicChest","floor":19,"turns":9},{"damage":20,"enemies":"Gensokyo:3_Dogs","floor":20,"turns":5}],"seed_played":"3602871678651896029","potions_obtained":[{"floor":3,"key":"PowerPotion"},{"floor":4,"key":"EssenceOfSteel"},{"floor":7,"key":"PowerPotion"},{"floor":14,"key":"Swift Potion"}],"is_trial":false,"path_per_floor":["M","?","M","M","$","R","E","M","T","M","$","M","E","M","R","B",null,"M","?","M","?"],"character_chosen":"DOCTOR_CLASS","items_purchased":["aspiration:TomeofQuesting"],"campfire_rested":0,"item_purchase_floors":[5],"current_hp_per_floor":[71,71,67,67,67,67,38,48,48,50,50,57,64,57,57,23,72,56,64,58,0,0],"gold":279,"neow_bonus":"REMOVE_CARD","is_daily":false,"chose_seed":false,"campfire_upgraded":2,"win_rate":0.0,"timestamp":1611338270,"path_taken":["M","?","?","M","$","R","E","M","T","M","?","M","E","M","R","BOSS","M","?","M","?"],"items_purchased_type":["Relic"],"build_version":"2020-12-22","purchased_purges":0,"victory":false,"max_hp_per_floor":[72,72,72,72,72,72,72,72,72,72,72,72,72,72,72,72,72,72,72,72,72,72],"card_choices":[{"not_picked":["ats:Mental Burst","ats:Closed Bolt Burst Fire"],"picked":"ats:Very Hot Blade","floor":1},{"not_picked":["ats:Shadow Raid","ats:Shell Defense"],"picked":"ats:Counter Healing Mode","floor":3},{"not_picked":["ats:Curse Doll","ats:Charging Defense"],"picked":"ats:Blood Oath","floor":4},{"not_picked":["ats:Flexible Camouflage","ats:Consecutive Shot Auto"],"picked":"ats:Ambush","floor":7},{"not_picked":["ats:Cat Scratch","ats:Shell Defense"],"picked":"ats:Demon Strength","floor":8},{"not_picked":["ats:Guardian Obelisk","ats:Cat Scratch","ats:Counter Healing Mode"],"picked":"SKIP","floor":10},{"not_picked":["ats:Ignite","ats:Shadow Raid"],"picked":"ats:Composite Medical Shells","floor":12},{"not_picked":["ats:Curse Doll","ats:Roar Of Ursus","ats:Beaten Up"],"picked":"SKIP","floor":13},{"not_picked":["ats:Healing Drone","ats:Serious Mode"],"picked":"ats:Flexible Camouflage","floor":14},{"not_picked":["ats:Volcano","ats:Fractured Body"],"picked":"ats:Nebulous Foxfire","floor":16},{"not_picked":["ats:Guardian Obelisk","ats:Leaping Hammer","ats:Hammer On"],"picked":"SKIP","floor":18},{"not_picked":["ats:Part Time Job+1","ats:Shell Defense"],"picked":"ats:Consecutive Shot Auto","floor":19},{"not_picked":["ats:Magnetic Hammer","ats:Sword Rain"],"picked":"ats:Flexible Camouflage+1","floor":20}],"player_experience":209785,"relics_obtained":[{"floor":7,"key":"ats:Originium"},{"floor":7,"key":"Juzu Bracelet"},{"floor":9,"key":"Gremlin Horn"},{"floor":13,"key":"ats:Originium"},{"floor":13,"key":"HoshigumaDish"},{"floor":19,"key":"hubris:TenFootPole"}],"event_choices":[{"cards_removed":["ats:Very Hot Blade"],"damage_healed":0,"gold_gain":0,"player_choice":"Gave Card","damage_taken":0,"relics_obtained":["jedi:firstaidkit"],"max_hp_gain":0,"max_hp_loss":0,"event_name":"WeMeetAgain","floor":2,"gold_loss":0}],"is_beta":false,"boss_relics":[{"not_picked":["StuffTheSpire:ModemDavis","aspiration:RunicSpoon"],"picked":"hubris:ScarierMask"}],"items_purged_floors":[],"is_endless":false,"potions_floor_spawned":[3,4,7,14,19],"ascension_level":0}}