{"host":"mp58o87p0odjvmog","time":1611339555,"event":{"mods":["BaseMod","BetterRewards","Colored Map","Hubris","Infinite Spire","Marisa????????","Minty Spire (QoL Compilation)","Replay The Spire","StSLib","The Servant 0.9.4"],"gold_per_floor":[114,63,63,76,91,91,126,126,126,126,142,161,179,193,193,296,296,309,326,326,345,365,391,405,49,49,49,49,64,64,79,79,79,79],"floor_reached":33,"language":"ENG","playtime":1350,"items_purged":["ReplayTheSpireMod:Limb From Limb+1"],"score":448,"play_id":"73cc9d9d-563b-4371-9f41-52d5dac6ec43","local_time":"20210122121915","is_ascension_mode":true,"campfire_choices":[{"floor":6,"key":"DIG"},{"floor":8,"key":"DIG"},{"floor":15,"key":"DIG"},{"floor":28,"key":"DIG"}],"circlet_count":0,"master_deck":["Strike_R","Strike_R","Strike_R","Strike_R","Defend_R","Defend_R","Defend_R","Bash","Cleave","Shrug It Off","Rampage","Shockwave","Cleave","Rage+1","Carnage+1","Headbutt+1","Uppercut+1","Immolate","True Grit+1","Uppercut","Seeing Red","Perfected Strike+1"],"relics":["Burning Blood","Shovel","ReplayFunnel","Regal Pillow","Onion Ring","infinitespire:ShieldingShard","Replay:Mystery Machine","Astrolabe","infinitespire:CursedDice","Matryoshka","Membership Card","Replay:PocketPolymizer","Anchor","Frozen Egg 2","Strange Spoon","hubris:ChampionShield","Replay:Blank Codex"],"acts_visited":["Exordium","TheCity"],"potions_floor_usage":[7,11,13,16,22,23,24,33,33],"damage_taken":[{"damage":11,"enemies":"Cultist","floor":1,"turns":4},{"damage":7,"enemies":"Small Slimes","floor":4,"turns":3},{"damage":2,"enemies":"2 Louse","floor":5,"turns":3},{"damage":51,"enemies":"Lagavulin","floor":7,"turns":8},{"damage":1,"enemies":"Exordium Thugs","floor":11,"turns":4},{"damage":0,"enemies":"Looter","floor":12,"turns":3},{"damage":10,"enemies":"Gremlin Gang","floor":13,"turns":4},{"damage":2,"enemies":"Blue Slaver","floor":14,"turns":4},{"damage":27,"enemies":"Fading Forest","floor":16,"turns":11},{"damage":0,"enemies":"Chosen","floor":18,"turns":4},{"damage":19,"enemies":"2 Thieves","floor":19,"turns":3},{"damage":19,"enemies":"Cultist and Chosen","floor":21,"turns":6},{"damage":14,"enemies":"Snake Plant","floor":22,"turns":3},{"damage":61,"enemies":"Book of Stabbing","floor":23,"turns":6},{"damage":9,"enemies":"Snecko","floor":24,"turns":4},{"damage":20,"enemies":"Sentry and Sphere","floor":29,"turns":7},{"damage":14,"enemies":"Shelled Parasite and Fungi","floor":31,"turns":6},{"damage":63,"enemies":"hubris:MusketHawk","floor":33,"turns":7}],"seed_played":"-6200409701243546267","potions_obtained":[{"floor":1,"key":"Venom Potion"},{"floor":4,"key":"Languid Potion"},{"floor":7,"key":"Block Potion"},{"floor":11,"key":"LiquidMemories"},{"floor":14,"key":"FearPotion"},{"floor":18,"key":"GamblersBrew"},{"floor":22,"key":"BloodPotion"},{"floor":29,"key":"Fire Potion"},{"floor":31,"key":"ColorlessPotion"}],"is_trial":false,"path_per_floor":["M","$","?","M","M","R","E","R","T","?","M","M","M","M","R","B",null,"M","M","?","M","M","E","M","$","T","AVR","R","M","?","M","R_BF","B"],"character_chosen":"IRONCLAD","items_purchased":["Cleave","Shrug It Off","SkillPotion","Membership Card","Replay:PocketPolymizer","True Grit+1"],"campfire_rested":0,"item_purchase_floors":[0,0,2,25,25,25],"current_hp_per_floor":[75,75,75,74,78,78,33,33,33,33,38,44,40,44,44,39,80,80,67,67,54,46,7,55,55,55,55,55,41,25,17,56,0,0],"gold":79,"neow_bonus":"","is_daily":false,"chose_seed":false,"campfire_upgraded":0,"win_rate":0.0,"timestamp":1611339555,"path_taken":["M","?","?","M","?","R","E","R","T","?","M","?","M","M","R","BOSS","M","M","?","M","?","E","M","$","T","AVR","R","M","?","M","R_BF","BOSS"],"items_purchased_type":["Card","Card","Potion","Relic","Relic","Card"],"build_version":"2020-12-22","purchased_purges":1,"victory":false,"max_hp_per_floor":[80,80,80,80,80,80,80,80,80,80,80,80,80,80,80,80,80,80,80,80,80,80,80,80,80,80,80,80,80,80,80,80,80,80],"card_choices":[{"not_picked":["Dark Embrace","Iron Wave","Wild Strike"],"picked":"SKIP","floor":1},{"not_picked":["Warcry","Havoc"],"picked":"Shockwave","floor":4},{"not_picked":["Armaments","Battle Trance","Iron Wave"],"picked":"SKIP","floor":5},{"not_picked":["Whirlwind","Heavy Blade","ReplayReversal"],"picked":"SKIP","floor":7},{"not_picked":["Body Slam","Clothesline"],"picked":"Fire Breathing","floor":11},{"not_picked":["Sever Soul","Dark Embrace","Intimidate"],"picked":"SKIP","floor":12},{"not_picked":["True Grit","Replay:Undeath\u0027s Touch"],"picked":"Cleave","floor":13},{"not_picked":["True Grit","Replay:Undeath\u0027s Touch"],"picked":"infinitespire:OneForAll","floor":14},{"not_picked":["Pommel Strike","Carnage"],"picked":"Headbutt+1","floor":18},{"not_picked":["Intimidate","Thunderclap+1"],"picked":"Uppercut+1","floor":19},{"not_picked":["Twin Strike","Clothesline","Cleave+1"],"picked":"SKIP","floor":21},{"not_picked":["hubris:ReadiedAction","Rupture","Double Tap"],"picked":"SKIP","floor":22},{"not_picked":["Entrench","Dropkick"],"picked":"Immolate","floor":23},{"not_picked":["Carnage+1","Replay:Undeath\u0027s Touch","Anger"],"picked":"SKIP","floor":24},{"not_picked":["ReplayTheSpireMod:Strike From Hell+1","Searing Blow"],"picked":"Seeing Red","floor":29},{"not_picked":["Sword Boomerang","Cleave"],"picked":"Perfected Strike","floor":31}],"player_experience":94773,"relics_obtained":[{"floor":6,"key":"ReplayFunnel"},{"floor":7,"key":"Regal Pillow"},{"floor":8,"key":"Onion Ring"},{"floor":9,"key":"infinitespire:ShieldingShard"},{"floor":15,"key":"Replay:Mystery Machine"},{"floor":20,"key":"infinitespire:CursedDice"},{"floor":23,"key":"Matryoshka"},{"floor":26,"key":"Anchor"},{"floor":26,"key":"Frozen Egg 2"},{"floor":28,"key":"hubris:ChampionShield"},{"floor":30,"key":"Replay:Blank Codex"}],"event_choices":[{"damage_healed":0,"gold_gain":0,"player_choice":"Ignored","damage_taken":0,"max_hp_gain":0,"max_hp_loss":0,"event_name":"WeMeetAgain","floor":10,"gold_loss":0},{"damage_healed":0,"gold_gain":0,"player_choice":"Relic","damage_taken":0,"max_hp_gain":0,"max_hp_loss":0,"event_name":"Wheel of Change","floor":20,"gold_loss":0},{"damage_healed":0,"gold_gain":0,"player_choice":"Obtained Book","damage_taken":16,"max_hp_gain":0,"max_hp_loss":0,"event_name":"Cursed Tome","floor":30,"gold_loss":0}],"is_beta":false,"boss_relics":[{"not_picked":["Kintsugi","Runic Cube"],"picked":"Astrolabe"}],"items_purged_floors":[25],"is_endless":false,"potions_floor_spawned":[1,4,7,11,14,18,21,22,29,31],"killed_by":"hubris:MusketHawk","ascension_level":4}}