{"host":"41y51qpuw3tri6uv","time":1611307704,"event":{"mods":["AchievementEnabler","BaseMod","Bestiary","Better Altar","Better Match","Better Note","Better Sensory Stone","Better Skull","Better Third Choice","Better Vampires","Colored Map","Colored Powertips","DeckTracker","Minty Spire (QoL Compilation)","Permanent Neow","Quick Restart","Random Character Button","StSLib","SuperFastMode","Synergy Search","Thieving Mod"],"gold_per_floor":[109,34,44,44,64,64,97,97,97,97,126,145,95,95,95,200,200,216,231,141,154,167,167,197,197,197,232,232,232,232,132,132,230,230,248,268,41,41,41,41,52,66,91,103,123,123,157,177,177,177],"floor_reached":51,"language":"ENG","playtime":2844,"items_purged":["Strike_R","Strike_R"],"score":925,"play_id":"f1572c2d-bcf0-4467-8bfe-577602f1bc32","local_time":"20210122042824","is_ascension_mode":true,"campfire_choices":[{"data":"Whirlwind","floor":6.0,"key":"SMITH"},{"data":"Double Tap","floor":8.0,"key":"SMITH"},{"data":"Evolve","floor":10.0,"key":"SMITH"},{"floor":15.0,"key":"REST"},{"data":"Offering","floor":23.0,"key":"SMITH"},{"data":"Battle Trance","floor":25.0,"key":"SMITH"},{"data":"Shrug It Off","floor":29.0,"key":"SMITH"},{"floor":32,"key":"REST"},{"floor":40,"key":"REST"},{"floor":46,"key":"REST"},{"floor":49,"key":"REST"}],"circlet_count":0,"master_deck":["Defend_R+1","Defend_R+1","Defend_R","Defend_R+1","Bash","Sword Boomerang+1","Evolve+1","Whirlwind+1","Double Tap+1","Pummel+1","Wild Strike+1","Offering+1","Iron Wave+1","Fiend Fire+1","Battle Trance+1","Shrug It Off+1","Impervious+1","Armaments+1","Barricade","Wild Strike+1","Headbutt+1","Inflame+1","Pommel Strike+1","Metallicize","Heavy Blade+1","Body Slam+1"],"relics":["Burning Blood","Sling","Molten Egg 2","Question Card","Gambling Chip","Art of War","Mark of Pain","Tiny Chest","MealTicket","Incense Burner","Mummified Hand","Busted Crown","Vajra","Paper Frog","Pen Nib","Kunai"],"acts_visited":["Exordium","TheCity","TheBeyond"],"potions_floor_usage":[33,41,42,42,50,50],"damage_taken":[{"damage":12.0,"enemies":"Small Slimes","floor":1.0,"turns":4.0},{"damage":15.0,"enemies":"2 Louse","floor":3.0,"turns":3.0},{"damage":12.0,"enemies":"Jaw Worm","floor":5.0,"turns":3.0},{"damage":0.0,"enemies":"3 Sentries","floor":7.0,"turns":2.0},{"damage":40.0,"enemies":"Lagavulin","floor":11.0,"turns":4.0},{"damage":8.0,"enemies":"Blue Slaver","floor":12.0,"turns":2.0},{"damage":31.0,"enemies":"The Guardian","floor":16.0,"turns":12.0},{"damage":6.0,"enemies":"Spheric Guardian","floor":18.0,"turns":2.0},{"damage":17.0,"enemies":"2 Thieves","floor":19.0,"turns":2.0},{"damage":6.0,"enemies":"Shelled Parasite and Fungi","floor":21.0,"turns":1.0},{"damage":19.0,"enemies":"Snecko","floor":22.0,"turns":3.0},{"damage":0.0,"enemies":"Slavers","floor":24.0,"turns":1.0},{"damage":33.0,"enemies":"Book of Stabbing","floor":27.0,"turns":2.0},{"damage":57,"enemies":"Champ","floor":33,"turns":15},{"damage":0,"enemies":"Orb Walker","floor":35,"turns":2},{"damage":30,"enemies":"3 Shapes","floor":36,"turns":2},{"damage":18,"enemies":"Writhing Mass","floor":41,"turns":4},{"damage":1,"enemies":"Transient","floor":42,"turns":5},{"damage":7,"enemies":"Maw","floor":44,"turns":5},{"damage":9,"enemies":"4 Shapes","floor":45,"turns":3},{"damage":11,"enemies":"Nemesis","floor":47,"turns":3},{"damage":0,"enemies":"Jaw Worm Horde","floor":48,"turns":2},{"damage":47,"enemies":"Awakened One","floor":50,"turns":7}],"seed_played":"-5527997606019286818","potions_obtained":[{"floor":1.0,"key":"Energy Potion"},{"floor":5.0,"key":"DistilledChaos"},{"floor":7.0,"key":"Block Potion"},{"floor":16.0,"key":"DistilledChaos"},{"floor":18.0,"key":"BlessingOfTheForge"},{"floor":22.0,"key":"GamblersBrew"},{"floor":24.0,"key":"ElixirPotion"},{"floor":27.0,"key":"Swift Potion"},{"floor":30.0,"key":"Fire Potion"},{"floor":30.0,"key":"Fire Potion"},{"floor":41,"key":"LiquidMemories"},{"floor":44,"key":"Explosive Potion"},{"floor":45,"key":"ThievingMod:ThievingPotion"},{"floor":47,"key":"Regen Potion"}],"is_trial":false,"path_per_floor":["M","$","M","$","M","R","E","R","T","R","E","M","?","?","R","B",null,"M","M","?","M","M","R","E","R","T","E","?","R","?","$","R","B",null,"M","M","$","T","?","R","M","M","T","M","M","R","E","M","R","B",null],"character_chosen":"IRONCLAD","items_purchased":["Vajra","Inflame"],"campfire_rested":5,"item_purchase_floors":[37,37],"current_hp_per_floor":[74,74,65,65,59,59,65,65,65,65,31,29,29,11,35,10,80,80,69,69,69,56,56,62,62,62,35,35,35,35,50,74,23,80,80,56,71,71,6,30,18,23,23,22,19,43,38,44,68,42],"gold":177,"neow_bonus":"REMOVE_CARD","is_daily":false,"chose_seed":false,"campfire_upgraded":6,"win_rate":0.0,"timestamp":1611307704,"path_taken":["M","$","M","$","M","R","E","R","T","R","E","M","?","?","R","BOSS","M","M","?","M","M","R","E","R","T","E","?","R","?","?","R","BOSS","M","M","$","?","?","R","?","M","T","M","M","R","E","M","R","BOSS"],"items_purchased_type":["Relic","Card"],"build_version":"2020-12-22","purchased_purges":2,"victory":true,"max_hp_per_floor":[80,80,80,80,80,80,80,80,80,80,80,80,80,80,80,80,80,80,80,80,80,80,80,80,80,80,80,80,80,80,80,80,80,80,80,80,80,80,80,80,80,80,80,80,80,80,80,80,80,80],"card_choices":[{"not_picked":["Second Wind","Perfected Strike"],"picked":"Sword Boomerang","floor":1.0},{"not_picked":["Shockwave","Fire Breathing"],"picked":"Whirlwind","floor":3.0},{"not_picked":["Blood for Blood","Dropkick","Anger"],"picked":"SKIP","floor":5.0},{"not_picked":["Rupture","Clothesline+1","Intimidate"],"picked":"SKIP","floor":7.0},{"not_picked":["Pummel+1","Double Tap","Second Wind","Sentinel"],"picked":"SKIP","floor":11.0},{"not_picked":["Double Tap","Second Wind","Sentinel"],"picked":"Pummel+1","floor":11.0},{"not_picked":["Clothesline+1","Pommel Strike+1","Rampage+1"],"picked":"Wild Strike+1","floor":12.0},{"not_picked":["Brutality","Limit Break","Barricade"],"picked":"Offering","floor":16.0},{"not_picked":["Armaments","Wild Strike+1","Headbutt+1"],"picked":"Iron Wave+1","floor":18.0},{"not_picked":["Wild Strike+1","Iron Wave+1","Havoc+1"],"picked":"Fiend Fire+1","floor":19.0},{"not_picked":["Hemokinesis+1","Pommel Strike+1","Bloodletting"],"picked":"Battle Trance","floor":21.0},{"not_picked":["Headbutt+1","Warcry","Sever Soul+1"],"picked":"Shrug It Off","floor":22.0},{"not_picked":["Shrug It Off","Reckless Charge+1","Thunderclap+1"],"picked":"Impervious","floor":24.0},{"not_picked":["Blood for Blood+1","Ghostly Armor","Dual Wield"],"picked":"Armaments+1","floor":27.0},{"not_picked":["Brutality","Reaper+1","Double Tap"],"picked":"Barricade","floor":33},{"not_picked":["Pommel Strike+1"],"picked":"Wild Strike+1","floor":35},{"not_picked":["Rampage+1"],"picked":"Headbutt+1","floor":36},{"not_picked":["Clothesline+1"],"picked":"Pommel Strike+1","floor":41},{"not_picked":["Shrug It Off+1"],"picked":"Metallicize","floor":42},{"not_picked":["Dropkick+1","Twin Strike+1"],"picked":"SKIP","floor":44},{"not_picked":["Inflame"],"picked":"Heavy Blade+1","floor":45},{"not_picked":["Dark Embrace+1","Rupture"],"picked":"SKIP","floor":47},{"not_picked":["True Grit+1"],"picked":"Body Slam+1","floor":48}],"player_experience":130677,"relics_obtained":[{"floor":7.0,"key":"Molten Egg 2"},{"floor":9.0,"key":"Question Card"},{"floor":11.0,"key":"Gambling Chip"},{"floor":24.0,"key":"Tiny Chest"},{"floor":26.0,"key":"MealTicket"},{"floor":27.0,"key":"Incense Burner"},{"floor":38,"key":"Paper Frog"},{"floor":43,"key":"Pen Nib"},{"floor":47,"key":"Kunai"}],"event_choices":[{"cards_removed":["Strike_R"],"damage_healed":0.0,"max_hp_gain":0.0,"max_hp_loss":0.0,"gold_gain":0.0,"event_name":"The Cleric","player_choice":"Card Removal","floor":13.0,"gold_loss":50.0,"damage_taken":0.0},{"damage_healed":0.0,"max_hp_gain":0.0,"max_hp_loss":0.0,"gold_gain":0.0,"event_name":"betterThird:BetterScrap","player_choice":"Relic ","floor":14.0,"gold_loss":0.0,"damage_taken":18.0,"cards_obtained":["Venomology"]},{"cards_removed":["Strike_R"],"damage_healed":0.0,"max_hp_gain":0.0,"max_hp_loss":0.0,"gold_gain":0.0,"event_name":"Designer","player_choice":"Upgrade and Remove","floor":20.0,"gold_loss":90.0,"damage_taken":0.0,"cards_upgraded":["Sword Boomerang"]},{"damage_healed":0.0,"max_hp_gain":0.0,"max_hp_loss":0.0,"gold_gain":0.0,"event_name":"Accursed Blacksmith","player_choice":"Forge","floor":28.0,"gold_loss":0.0,"damage_taken":0.0,"cards_upgraded":["Impervious"]},{"damage_healed":0.0,"max_hp_gain":0.0,"max_hp_loss":0.0,"gold_gain":0.0,"event_name":"Lab","player_choice":"Got Potions","floor":30.0,"gold_loss":0.0,"damage_taken":0.0},{"damage_healed":0,"gold_gain":0,"player_choice":"UP UP UP UP ","damage_taken":73,"relics_obtained":[],"max_hp_gain":0,"max_hp_loss":0,"event_name":"betterSkull:BetterSkull","floor":39,"gold_loss":0,"cards_upgraded":["Defend_R","Defend_R","Defend_R","Inflame"]}],"is_beta":false,"boss_relics":[{"not_picked":["Calling Bell","Runic Cube"],"picked":"Mark of Pain"},{"not_picked":["Philosopher\u0027s Stone","Astrolabe"],"picked":"Busted Crown"}],"items_purged_floors":[2,31],"is_endless":false,"potions_floor_spawned":[1,5,7,16,18,22,24,27,41,44,45,47],"ascension_level":4}}