{"host":"jmumkimrafwvkspb","time":1611347020,"event":{"mods":["AchievementEnabler","BaseMod","Colored Map","Minty Spire (QoL Compilation)","Replay The Spire","StSLib"],"gold_per_floor":[118,133,133,153,192,222,222,249,249,249,41,41,55,86,86,160,160,179,29,45,45,64,94,94,127,154,54,88,88,88,122,122,198,198,218,232,251,269,111,111,145,145,145,179,179,179],"floor_reached":45,"language":"ENG","playtime":2239,"items_purged":["Strike_R","Wild Strike"],"score":1509,"play_id":"4c45e7c5-e4d3-4aec-a5c4-93fcfaf232a3","local_time":"20210122212340","is_ascension_mode":true,"campfire_choices":[{"data":"Fiend Fire","floor":7.0,"key":"SMITH"},{"data":"ReplayTheSpireMod:Limb From Limb","floor":10.0,"key":"SMITH"},{"data":"Uppercut","floor":12.0,"key":"SMITH"},{"floor":15.0,"key":"REST"},{"data":"Corruption","floor":24.0,"key":"SMITH"},{"floor":29.0,"key":"REST"},{"floor":32.0,"key":"DIG"},{"data":"Demon Form","floor":40.0,"key":"SMITH"}],"circlet_count":0,"master_deck":["AscendersBane","Bash","ReplayTheSpireMod:Strike From Hell","Uppercut+1","Replay:Undeath\u0027s Touch","Sword Boomerang","Fiend Fire+1","ReplayTheSpireMod:Limb From Limb+1","Dropkick","ReplayTheSpireMod:LeadingStrike","Flex","Limit Break","Immolate","Fiend Fire","Corruption+1","Exhume","Battle Trance","ReplayTheSpireMod:Muscle Training","ReplayTheSpireMod:Limb From Limb+1","Feel No Pain","Inflame","Shrug It Off","Demon Form+1","Sentinel","Feel No Pain","Armaments+1","Offering","ReplayTheSpireMod:Limb From Limb+1","Whirlwind+1","Bloodletting+1","Body Slam+1","Shrug It Off+1","Replay:Undeath\u0027s Touch","Limit Break","Body Slam+1","Eclipse"],"relics":["Burning Blood","NeowsBlessing","Akabeko","ReplayTheSpireMod:Shallot","Question Card","Chameleon Ring","Lantern","ReplayTheSpireMod:Spearhead","Replay:Grab Bag","Painkiller Herb","Ooze Armor","Pandora\u0027s Box","ReplayTheSpireMod:Ninjato","Shovel","Potion Belt","Red Skull","Anchor","Toy Ornithopter","Astrolabe","DollysMirror","Replay:Baseball","Self Forming Clay","Replay:Rubber Ducky"],"acts_visited":["Exordium","TheCity","TheBeyond"],"potions_floor_usage":[],"damage_taken":[{"damage":0.0,"enemies":"Jaw Worm","floor":1.0,"turns":1.0},{"damage":0.0,"enemies":"Cultist","floor":2.0,"turns":1.0},{"damage":0.0,"enemies":"Small Slimes","floor":4.0,"turns":1.0},{"damage":36.0,"enemies":"3 Sentries","floor":6.0,"turns":12.0},{"damage":29.0,"enemies":"Gremlin Nob","floor":8.0,"turns":4.0},{"damage":0.0,"enemies":"Exordium Wildlife","floor":13.0,"turns":3.0},{"damage":6.0,"enemies":"Lagavulin","floor":14.0,"turns":5.0},{"damage":64.0,"enemies":"Fading Forest","floor":16.0,"turns":13.0},{"damage":6.0,"enemies":"2 Thieves","floor":18.0,"turns":2.0},{"damage":0.0,"enemies":"Shell Parasite","floor":20.0,"turns":1.0},{"damage":14.0,"enemies":"Cultist and Chosen","floor":22.0,"turns":5.0},{"damage":17.0,"enemies":"Replay:Snechameleon","floor":23.0,"turns":3.0},{"damage":20.0,"enemies":"Gremlin Leader","floor":25.0,"turns":4.0},{"damage":26.0,"enemies":"Slavers","floor":28.0,"turns":4.0},{"damage":8.0,"enemies":"Gremlin Leader","floor":31.0,"turns":3.0},{"damage":18.0,"enemies":"Pondfish","floor":33.0,"turns":7.0},{"damage":4.0,"enemies":"3 Shapes","floor":35.0,"turns":3.0},{"damage":16.0,"enemies":"3 Darklings","floor":36.0,"turns":5.0},{"damage":0.0,"enemies":"Jaw Worm Horde","floor":37.0,"turns":1.0},{"damage":32.0,"enemies":"Spire Growth","floor":38.0,"turns":4.0},{"damage":43.0,"enemies":"Nemesis","floor":41.0,"turns":5.0},{"damage":6,"enemies":"Reptomancer","floor":44,"turns":2},{"damage":20,"enemies":"Maw","floor":45,"turns":2}],"seed_played":"-5971313806833339608","potions_obtained":[{"floor":8.0,"key":"Explosive Potion"},{"floor":18.0,"key":"Explosive Potion"},{"floor":22.0,"key":"FearPotion"},{"floor":31.0,"key":"Elixir"},{"floor":33.0,"key":"Explosive Potion"},{"floor":35.0,"key":"FearPotion"},{"floor":36.0,"key":"ColorlessPotion"},{"floor":42.0,"key":"PowerPotion"},{"floor":42.0,"key":"BlessingOfTheForge"}],"is_trial":false,"path_per_floor":["M","M","?","M","?","E","R","E","T","R","$","R","M","E","R","B",null,"?","T","?","T","?","E","T","E","T","T","E","T","?","E","T","B",null,"?","?","?","?","T","T","E","?","T","E","?"],"character_chosen":"IRONCLAD","items_purchased":["Dropkick","PowerPotion","ReplayTheSpireMod:Limb From Limb+1","Feel No Pain","DollysMirror"],"campfire_rested":2,"item_purchase_floors":[11,11,19,19,39],"current_hp_per_floor":[74,75,75,75,75,45,45,22,22,22,22,22,28,28,50,14,60,60,60,66,66,58,47,47,33,33,33,13,35,35,33,33,21,62,64,59,65,44,44,44,7,7,7,7,0,0],"gold":179,"neow_bonus":"THREE_ENEMY_KILL","is_daily":false,"chose_seed":false,"campfire_upgraded":5,"win_rate":0.0,"timestamp":1611347020,"path_taken":["M","M","?","?","?","E","R","E","T","R","?","R","M","E","R","BOSS","?","T","?","T","?","E","T","E","T","?","E","T","?","E","T","BOSS","?","?","?","?","?","T","E","?","T","E","?"],"items_purchased_type":["Card","Potion","Card","Card","Relic"],"build_version":"2020-12-22","purchased_purges":2,"victory":false,"max_hp_per_floor":[75,75,75,75,75,75,75,75,75,75,75,75,75,75,75,75,75,75,75,75,75,75,75,75,75,75,75,75,75,75,75,75,75,75,75,75,75,75,75,75,75,75,75,75,75,75],"card_choices":[{"not_picked":["Heavy Blade","Iron Wave"],"picked":"Armaments","floor":1.0},{"not_picked":["Wild Strike","Heavy Blade"],"picked":"ReplayTheSpireMod:Strike From Hell","floor":2.0},{"not_picked":["Run Through","Rampage"],"picked":"Uppercut","floor":4.0},{"not_picked":["Dual Wield","Body Slam"],"picked":"Replay:Undeath\u0027s Touch","floor":5.0},{"not_picked":["Clash","Power Through"],"picked":"Sword Boomerang","floor":5.0},{"not_picked":["Wild Strike","Clothesline"],"picked":"Fiend Fire","floor":6.0},{"not_picked":["Rampage","Cleave","Burning Pact"],"picked":"ReplayTheSpireMod:Limb From Limb","floor":8.0},{"not_picked":["Bloodletting","Twin Strike","Thunderclap"],"picked":"ReplayTheSpireMod:LeadingStrike","floor":13.0},{"not_picked":["Hemokinesis","Uppercut","Clothesline"],"picked":"Flex","floor":14.0},{"not_picked":["Feed","Exhume","Corruption"],"picked":"Limit Break","floor":16.0},{"not_picked":["Abandon","Rage","Replay:Undeath\u0027s Touch"],"picked":"ReplayTheSpireMod:Muscle Training","floor":18.0},{"not_picked":["Clothesline","Metallicize","Headbutt"],"picked":"Inflame","floor":20.0},{"not_picked":["Iron Wave","Rage","Blood for Blood","Clash"],"picked":"SKIP","floor":22.0},{"not_picked":["Battle Trance","Uppercut","Body Slam"],"picked":"Shrug It Off","floor":23.0},{"not_picked":["Reckless Charge","Headbutt","Perfected Strike"],"picked":"Demon Form","floor":25.0},{"not_picked":["Pommel Strike","Run Through","Warcry"],"picked":"Sentinel","floor":28.0},{"not_picked":["Replay:Many Hands","ReplayTheSpireMod:Strike From Hell+1","Clash"],"picked":"Armaments+1","floor":31.0},{"not_picked":["Hemogenesis","Fiend Fire","Brutality"],"picked":"Offering","floor":33.0},{"not_picked":["Clash+1","ReplayTheSpireMod:Strike From Hell","True Grit"],"picked":"Body Slam+1","floor":35.0},{"not_picked":["Abandon","Havoc","Headbutt"],"picked":"Shrug It Off+1","floor":36.0},{"not_picked":["Wild Strike","Perfected Strike","ReplayTheSpireMod:Strike From Hell"],"picked":"Replay:Undeath\u0027s Touch","floor":37.0},{"not_picked":["Heavy Blade+1","Run Through","Body Slam"],"picked":"Limit Break","floor":38.0},{"not_picked":["Entrench","Bloodletting","Sever Soul"],"picked":"Eclipse","floor":41.0},{"not_picked":["Whirlwind+1","Bloodletting","Perfected Strike+1","Uppercut"],"picked":"SKIP","floor":44}],"player_experience":1583425,"relics_obtained":[{"floor":3.0,"key":"Akabeko"},{"floor":5.0,"key":"ReplayTheSpireMod:Shallot"},{"floor":6.0,"key":"Question Card"},{"floor":8.0,"key":"Chameleon Ring"},{"floor":9.0,"key":"Lantern"},{"floor":14.0,"key":"ReplayTheSpireMod:Spearhead"},{"floor":23.0,"key":"ReplayTheSpireMod:Ninjato"},{"floor":25.0,"key":"Shovel"},{"floor":26.0,"key":"Potion Belt"},{"floor":28.0,"key":"Red Skull"},{"floor":31.0,"key":"Anchor"},{"floor":32.0,"key":"Toy Ornithopter"},{"floor":41.0,"key":"Replay:Baseball"},{"floor":43.0,"key":"Self Forming Clay"},{"floor":44,"key":"Replay:Rubber Ducky"}],"event_choices":[{"damage_healed":0.0,"max_hp_gain":0.0,"max_hp_loss":0.0,"gold_gain":0.0,"event_name":"Wheel of Change","player_choice":"Relic","floor":3.0,"gold_loss":0.0,"damage_taken":0.0},{"damage_healed":0.0,"max_hp_gain":0.0,"max_hp_loss":0.0,"gold_gain":0.0,"event_name":"Duplicator","player_choice":"Copied","floor":30.0,"gold_loss":0.0,"damage_taken":0.0,"cards_obtained":["Feel No Pain"]},{"damage_healed":0.0,"max_hp_gain":0.0,"max_hp_loss":0.0,"gold_gain":0.0,"event_name":"Lab","player_choice":"Got Potions","floor":42.0,"gold_loss":0.0,"damage_taken":0.0}],"is_beta":false,"boss_relics":[{"not_picked":["Honey Jar","Calling Bell"],"picked":"Replay:Grab Bag"},{"not_picked":["Runic Dome","Velvet Choker"],"picked":"Painkiller Herb"},{"not_picked":["Cursed Key","Ectoplasm"],"picked":"Ooze Armor"},{"not_picked":["Empty Cage","SacredBark"],"picked":"Pandora\u0027s Box"},{"not_picked":["Kintsugi","Coffee Dripper"],"picked":"Astrolabe"}],"items_purged_floors":[11,27],"is_endless":false,"potions_floor_spawned":[8,13,14,18,22,31,33,35,36],"killed_by":"Maw","ascension_level":20}}