{"host":"4axoa1rfjgnprp9l","time":1611315279,"event":{"mods":["2.2 Compatiblity","AchievementEnabler","BaseMod","Colored Map","DeckTracker","Highlight Path","Minty Spire (QoL Compilation)","Permanent Neow","StSLib","SuperFastMode"],"gold_per_floor":[212,228,248,206,206,206,234,234,234,305,305,323,342,40,40,133,133,154,154,35,35,50,50,69,110,110,153,166,166,166,166],"floor_reached":30,"language":"KOR","playtime":995,"items_purged":[],"score":586,"play_id":"61b353a1-efc1-4df2-93ef-12d8ccbbb84f","local_time":"20210122203439","is_ascension_mode":true,"campfire_choices":[{"data":"Dualcast","floor":6.0,"key":"SMITH"},{"data":"Zap","floor":11.0,"key":"SMITH"},{"data":"Defragment","floor":15.0,"key":"SMITH"},{"data":"Defragment","floor":23.0,"key":"SMITH"},{"data":"Amplify","floor":29.0,"key":"SMITH"}],"circlet_count":0,"master_deck":["AscendersBane","Strike_B","Strike_B","Strike_B","Defend_B","Defend_B","Defend_B","Defend_B","Zap+1","Dualcast+1","Auto Shields","Streamline+1","FTL","BootSequence","Biased Cognition","Conserve Battery","Defragment+1","Coolheaded","Amplify+1","Defragment+1","Genetic Algorithm","Ghostly","Ghostly","Ghostly","Skim","Chill"],"relics":["Cracked Core","Pocketwatch","Golden Idol","Cables","Blood Vial","Bag of Preparation","Philosopher\u0027s Stone","Art of War","Frozen Egg 2","Molten Egg 2"],"acts_visited":["TheCity"],"potions_floor_usage":[],"damage_taken":[{"damage":1.0,"enemies":"2 Louse","floor":1.0,"turns":3.0},{"damage":7.0,"enemies":"Small Slimes","floor":2.0,"turns":4.0},{"damage":0.0,"enemies":"Cultist","floor":3.0,"turns":3.0},{"damage":4.0,"enemies":"3 Sentries","floor":7.0,"turns":5.0},{"damage":10.0,"enemies":"3 Sentries","floor":10.0,"turns":6.0},{"damage":0.0,"enemies":"Blue Slaver","floor":12.0,"turns":2.0},{"damage":18.0,"enemies":"Exordium Wildlife","floor":13.0,"turns":3.0},{"damage":8.0,"enemies":"Hexaghost","floor":16.0,"turns":9.0},{"damage":16.0,"enemies":"2 Thieves","floor":18.0,"turns":3.0},{"damage":0.0,"enemies":"Shell Parasite","floor":22.0,"turns":3.0},{"damage":9.0,"enemies":"Chosen and Byrds","floor":24.0,"turns":5.0},{"damage":18.0,"enemies":"Book of Stabbing","floor":25.0,"turns":6.0},{"damage":0.0,"enemies":"Slavers","floor":27.0,"turns":6.0},{"damage":0.0,"enemies":"Centurion and Healer","floor":28.0,"turns":10.0},{"damage":15,"enemies":"Cultist and Chosen","floor":30,"turns":4}],"seed_played":"8952041088568508948","potions_obtained":[{"floor":3.0,"key":"FearPotion"},{"floor":7.0,"key":"Swift Potion"},{"floor":12.0,"key":"DuplicationPotion"},{"floor":22.0,"key":"FearPotion"},{"floor":24.0,"key":"EssenceOfDarkness"},{"floor":27.0,"key":"Weak Potion"}],"is_trial":false,"path_per_floor":["M","M","M","$","?","R","E","?","T","?","R","M","M","$","R","B",null,"M","?","$","?","M","R","M","E","T","E","M","R","M"],"character_chosen":"DEFECT","items_purchased":["FTL","Defragment","Bag of Preparation","Coolheaded","Defragment","Genetic Algorithm"],"campfire_rested":0,"item_purchase_floors":[4,14,14,14,20,20],"current_hp_per_floor":[63,56,56,56,56,56,52,52,52,42,42,44,28,28,28,22,54,40,40,40,32,32,32,23,7,7,9,11,11,0,0],"gold":166,"neow_bonus":"HUNDRED_GOLD","is_daily":false,"chose_seed":false,"campfire_upgraded":5,"win_rate":0.0,"timestamp":1611315279,"path_taken":["M","M","M","$","?","R","E","?","T","?","R","M","M","$","R","BOSS","M","?","?","?","M","R","M","E","T","E","M","R","M"],"items_purchased_type":["Card","Card","Relic","Card","Card","Card"],"build_version":"2020-12-22","purchased_purges":0,"victory":false,"max_hp_per_floor":[71,71,71,71,71,71,71,64,64,64,64,64,64,64,64,64,64,64,64,64,32,32,32,32,32,32,32,32,32,32,32],"card_choices":[{"not_picked":["Compile Driver","Barrage"],"picked":"Auto Shields","floor":1.0},{"not_picked":["Redo","Blizzard"],"picked":"Streamline","floor":2.0},{"not_picked":["Stack","Streamline","Beam Cell"],"picked":"SKIP","floor":3.0},{"not_picked":["Storm","Barrage"],"picked":"BootSequence","floor":7.0},{"not_picked":["Steam","Go for the Eyes"],"picked":"Biased Cognition","floor":10.0},{"not_picked":["BootSequence","Steam Power"],"picked":"Conserve Battery","floor":12.0},{"not_picked":["Beam Cell","Gash","Fusion"],"picked":"SKIP","floor":13.0},{"not_picked":["Seek","Buffer"],"picked":"Amplify","floor":16.0},{"not_picked":["Compile Driver","Auto Shields","Streamline"],"picked":"SKIP","floor":18.0},{"not_picked":["Turbo","Cold Snap+1"],"picked":"Skim","floor":22.0},{"not_picked":["Consume","Steam","Recycle"],"picked":"SKIP","floor":24.0},{"not_picked":["Consume","Steam","Recycle"],"picked":"SKIP","floor":24.0},{"not_picked":["Conserve Battery+1","Turbo"],"picked":"Chill","floor":25.0},{"not_picked":["Lockon+1","Melter+1","Barrage+1"],"picked":"SKIP","floor":27.0},{"not_picked":["Steam","Lockon+1","Darkness"],"picked":"SKIP","floor":28.0}],"player_experience":895627,"relics_obtained":[{"floor":7.0,"key":"Pocketwatch"},{"floor":9.0,"key":"Cables"},{"floor":10.0,"key":"Blood Vial"},{"floor":25.0,"key":"Art of War"},{"floor":26.0,"key":"Frozen Egg 2"},{"floor":27.0,"key":"Molten Egg 2"}],"event_choices":[{"damage_healed":0.0,"max_hp_gain":0.0,"max_hp_loss":0.0,"gold_gain":0.0,"event_name":"Living Wall","player_choice":"Grow","floor":5.0,"gold_loss":0.0,"damage_taken":0.0,"cards_upgraded":["Streamline"]},{"damage_healed":0.0,"max_hp_gain":0.0,"max_hp_loss":7.0,"gold_gain":0.0,"event_name":"Golden Idol","player_choice":"Lose Max HP","floor":8.0,"gold_loss":0.0,"damage_taken":0.0,"relics_obtained":["Golden Idol"]},{"damage_healed":0.0,"max_hp_gain":0.0,"max_hp_loss":0.0,"gold_gain":0.0,"event_name":"Dead Adventurer","player_choice":"Searched \u00271\u0027 times","floor":10.0,"gold_loss":0.0,"damage_taken":0.0},{"cards_removed":["Strike_B"],"damage_healed":0.0,"max_hp_gain":0.0,"max_hp_loss":0.0,"gold_gain":0.0,"event_name":"Bonfire Elementals","player_choice":"Offered Basic","floor":19.0,"gold_loss":0.0,"damage_taken":0.0},{"damage_healed":0.0,"max_hp_gain":0.0,"max_hp_loss":32.0,"gold_gain":0.0,"event_name":"Ghosts","player_choice":"Became a Ghost","floor":21.0,"gold_loss":0.0,"damage_taken":0.0,"cards_obtained":["Ghostly","Ghostly","Ghostly"]}],"is_beta":false,"boss_relics":[{"not_picked":["Coffee Dripper","Astrolabe"],"picked":"Philosopher\u0027s Stone"}],"items_purged_floors":[],"is_endless":false,"potions_floor_spawned":[3,7,12,16,22,24,27],"killed_by":"Cultist and Chosen","ascension_level":20}}