{"host":"xi8yg1ddhptuxb9d","time":1611281754,"event":{"mods":["AchievementEnabler","AlwaysNeverKeys","BaseMod","Block Reminder","Minty Spire (QoL Compilation)","Relic Sorter","StSLib"],"gold_per_floor":[116,116,266,276,288,288,322,322,322,353,353,368,378,396,396,472,472,486,486,506,516,97,97,97],"floor_reached":23,"language":"ENG","playtime":899,"items_purged":[],"score":431,"play_id":"ccb53403-c729-430f-b062-ee481f8aacfd","local_time":"20210121211554","is_ascension_mode":true,"campfire_choices":[{"data":"Eruption","floor":6.0,"key":"SMITH"},{"floor":8.0,"key":"REST"},{"floor":11.0,"key":"REST"},{"floor":15.0,"key":"REST"}],"circlet_count":0,"master_deck":["AscendersBane","Strike_P","Strike_P+1","Strike_P","Strike_P","Defend_P","Defend_P","Defend_P","Defend_P","Eruption+1","Vigilance","Evaluate","ClearTheMind","FlyingSleeves","EmptyBody+1","BowlingBash","SandsOfTime","FearNoEvil","LessonLearned+1","Consecrate+1","EmptyFist","DeceiveReality","EmptyMind","Metamorphosis"],"relics":["PureWater","Mango","StoneCalendar","GoldenEye","Cursed Key"],"acts_visited":["Exordium","TheCity"],"potions_floor_usage":[20,21,23],"damage_taken":[{"damage":0.0,"enemies":"Small Slimes","floor":1.0,"turns":6.0},{"damage":1.0,"enemies":"Jaw Worm","floor":4.0,"turns":5.0},{"damage":6.0,"enemies":"Cultist","floor":5.0,"turns":3.0},{"damage":69.0,"enemies":"Gremlin Nob","floor":7.0,"turns":6.0},{"damage":9.0,"enemies":"3 Sentries","floor":10.0,"turns":7.0},{"damage":17.0,"enemies":"3 Louse","floor":12.0,"turns":4.0},{"damage":25.0,"enemies":"Exordium Thugs","floor":13.0,"turns":5.0},{"damage":1.0,"enemies":"Looter","floor":14.0,"turns":3.0},{"damage":33.0,"enemies":"The Guardian","floor":16.0,"turns":9.0},{"damage":31.0,"enemies":"Spheric Guardian","floor":18.0,"turns":5.0},{"damage":13,"enemies":"3 Byrds","floor":20,"turns":5},{"damage":33,"enemies":"Snake Plant","floor":21,"turns":3},{"damage":5,"enemies":"Slavers","floor":23,"turns":1}],"seed_played":"-230662658173250612","potions_obtained":[{"floor":5.0,"key":"Regen Potion"},{"floor":13.0,"key":"Dexterity Potion"},{"floor":14.0,"key":"Swift Potion"},{"floor":16.0,"key":"SpeedPotion"},{"floor":18.0,"key":"Regen Potion"}],"is_trial":false,"path_per_floor":["M","?","?","M","M","R","E","R","T","E","R","M","M","M","R","B",null,"M","?","M","M","$","E"],"character_chosen":"WATCHER","items_purchased":["EmptyMind","Metamorphosis","LiquidMemories","Fire Potion"],"campfire_rested":3,"item_purchase_floors":[22,22,22,22],"current_hp_per_floor":[67,72,72,71,65,65,19,46,46,37,64,47,22,21,48,15,74,43,43,30,2,2,0,0],"gold":97,"neow_bonus":"TEN_PERCENT_HP_BONUS","is_daily":false,"chose_seed":false,"campfire_upgraded":1,"win_rate":0.0,"timestamp":1611281754,"path_taken":["M","?","?","M","M","R","E","R","T","E","R","M","M","M","R","BOSS","M","?","?","M","$","E"],"items_purchased_type":["Card","Card","Potion","Potion"],"build_version":"2020-12-22","purchased_purges":0,"victory":false,"max_hp_per_floor":[74,79,79,79,79,79,93,93,93,93,93,93,93,93,93,93,93,93,93,93,93,93,93,93],"card_choices":[{"not_picked":["ForeignInfluence","FollowUp"],"picked":"Evaluate","floor":1.0},{"not_picked":["Weave","FlyingSleeves"],"picked":"ClearTheMind","floor":4.0},{"not_picked":["ClearTheMind","FollowUp"],"picked":"FlyingSleeves","floor":5.0},{"not_picked":["Vengeance","Worship"],"picked":"EmptyBody","floor":7.0},{"not_picked":["PathToVictory","Ragnarok"],"picked":"BowlingBash","floor":10.0},{"not_picked":["Prostrate","CrushJoints"],"picked":"SandsOfTime","floor":12.0},{"not_picked":["JustLucky","Crescendo","BattleHymn"],"picked":"SKIP","floor":13.0},{"not_picked":["JustLucky","Halt"],"picked":"FearNoEvil","floor":14.0},{"not_picked":["Scrawl","Establishment"],"picked":"LessonLearned","floor":16.0},{"not_picked":["MentalFortress","BattleHymn"],"picked":"Consecrate+1","floor":18.0},{"not_picked":["Evaluate","Consecrate"],"picked":"EmptyFist","floor":20},{"not_picked":["WindmillStrike","InnerPeace"],"picked":"DeceiveReality","floor":21}],"player_experience":662541,"relics_obtained":[{"floor":7.0,"key":"Mango"},{"floor":9.0,"key":"StoneCalendar"},{"floor":10.0,"key":"GoldenEye"}],"event_choices":[{"damage_healed":0.0,"max_hp_gain":5.0,"max_hp_loss":0.0,"gold_gain":0.0,"event_name":"Big Fish","player_choice":"Donut","floor":2.0,"gold_loss":0.0,"damage_taken":0.0},{"damage_healed":0.0,"max_hp_gain":0.0,"max_hp_loss":0.0,"gold_gain":150.0,"event_name":"Liars Game","player_choice":"AGREE","floor":3.0,"gold_loss":0.0,"damage_taken":0.0,"cards_obtained":["Doubt"]},{"cards_removed":["Doubt"],"damage_healed":0.0,"max_hp_gain":0.0,"max_hp_loss":0.0,"gold_gain":0.0,"event_name":"Wheel of Change","player_choice":"Card Removal","floor":19.0,"gold_loss":0.0,"damage_taken":0.0}],"is_beta":false,"boss_relics":[{"not_picked":["Black Star","SlaversCollar"],"picked":"Cursed Key"}],"items_purged_floors":[],"is_endless":false,"potions_floor_spawned":[5,13,14,16,18],"killed_by":"Slavers","ascension_level":20}}