{"host":"8dhn6p16jorj0i1s","time":1611350507,"event":{"mods":["BaseMod","Colored Map","DeckTracker","Highlight Path","Minty Spire (QoL Compilation)","Permanent Neow","Quick Restart"],"gold_per_floor":[110,123,123,73,73,73,86,120,120,153,153,228,241,259,259,360,360,374,386,401,9,9,9,9],"floor_reached":23,"language":"ENG","playtime":1556,"items_purged":[],"score":251,"play_id":"8460389b-0e7f-45b3-b981-791b8ffc153e","local_time":"20210122222147","is_ascension_mode":true,"campfire_choices":[{"data":"Darkness","floor":6.0,"key":"SMITH"},{"floor":11,"key":"DIG"},{"floor":15,"key":"DIG"}],"circlet_count":0,"master_deck":["Defend_B","Defend_B","Zap","Dualcast","Hello World+1","Darkness+1","Gash","Storm","Chaos","Loop","Darkness","Fission","Beam Cell+1","Double Energy+1","Loop+1","Fusion+1","Loop"],"relics":["Cracked Core","Meat on the Bone","Pear","Shovel","Question Card","Matryoshka","Astrolabe","Cables","Runic Capacitor"],"acts_visited":["Exordium","TheCity"],"potions_floor_usage":[13,20],"damage_taken":[{"damage":2.0,"enemies":"Jaw Worm","floor":1.0,"turns":3.0},{"damage":7.0,"enemies":"2 Louse","floor":2.0,"turns":3.0},{"damage":0.0,"enemies":"Cultist","floor":7.0,"turns":2.0},{"damage":4.0,"enemies":"Lagavulin","floor":8.0,"turns":5.0},{"damage":10,"enemies":"Gremlin Nob","floor":10,"turns":3},{"damage":16,"enemies":"2 Fungi Beasts","floor":13,"turns":3},{"damage":16,"enemies":"3 Louse","floor":14,"turns":5},{"damage":26,"enemies":"Hexaghost","floor":16,"turns":8},{"damage":31,"enemies":"Chosen","floor":18,"turns":5},{"damage":30,"enemies":"Spheric Guardian","floor":19,"turns":4},{"damage":20,"enemies":"Snake Plant","floor":20,"turns":4},{"damage":34,"enemies":"Slavers","floor":23,"turns":2}],"seed_played":"7421962448808017202","potions_obtained":[{"floor":1.0,"key":"Block Potion"},{"floor":7.0,"key":"SteroidPotion"},{"floor":10,"key":"Energy Potion"},{"floor":19,"key":"AttackPotion"}],"is_trial":false,"path_per_floor":["M","M","?","$","?","R","M","E","T","E","R","?","M","M","R","B",null,"M","M","M","$","?","E"],"character_chosen":"DEFECT","items_purchased":["Gash","Cables","Runic Capacitor"],"campfire_rested":0,"item_purchase_floors":[4,21,21],"current_hp_per_floor":[66,59,59,59,59,59,59,55,65,55,55,44,40,36,36,22,64,45,27,19,19,45,11,11],"gold":9,"neow_bonus":"REMOVE_TWO","is_daily":false,"chose_seed":false,"campfire_upgraded":1,"win_rate":0.0,"timestamp":1611350507,"path_taken":["M","M","?","$","?","R","?","E","T","E","R","?","M","M","R","BOSS","M","M","M","$","?","E"],"items_purchased_type":["Card","Relic","Relic"],"build_version":"2020-12-22","purchased_purges":0,"victory":false,"max_hp_per_floor":[68,68,68,68,68,68,68,68,78,78,78,78,78,78,78,78,78,78,78,78,78,78,78,78],"card_choices":[{"not_picked":["White Noise","Hologram"],"picked":"Hello World","floor":1.0},{"not_picked":["Beam Cell","Genetic Algorithm"],"picked":"Darkness","floor":2.0},{"not_picked":["Genetic Algorithm","Tempest"],"picked":"Storm","floor":7.0},{"not_picked":["Turbo","Cold Snap"],"picked":"Chaos","floor":8.0},{"not_picked":["Rip and Tear","Force Field"],"picked":"Loop","floor":10},{"not_picked":["Steam","Go for the Eyes","Rebound"],"picked":"Darkness","floor":13},{"not_picked":["Redo","Compile Driver","Turbo","Rebound"],"picked":"SKIP","floor":14},{"not_picked":["Buffer","All For One","Core Surge"],"picked":"Fission","floor":16},{"not_picked":["Hologram","Cold Snap+1","Sweeping Beam+1"],"picked":"Fusion+1","floor":18},{"not_picked":["Double Energy","Beam Cell","Redo"],"picked":"Loop","floor":19},{"not_picked":["Ball Lightning","Conserve Battery","Sweeping Beam","Blizzard"],"picked":"SKIP","floor":20}],"player_experience":437110,"relics_obtained":[{"floor":8.0,"key":"Meat on the Bone"},{"floor":9.0,"key":"Pear"},{"floor":10,"key":"Shovel"},{"floor":11,"key":"Question Card"},{"floor":15,"key":"Matryoshka"}],"event_choices":[{"damage_healed":0.0,"max_hp_gain":0.0,"max_hp_loss":0.0,"gold_gain":0.0,"event_name":"Living Wall","player_choice":"Grow","floor":3.0,"gold_loss":0.0,"damage_taken":0.0,"cards_upgraded":["Hello World"]},{"cards_removed":["Strike_B"],"damage_healed":0.0,"max_hp_gain":0.0,"max_hp_loss":0.0,"gold_gain":0.0,"event_name":"Bonfire Elementals","player_choice":"Offered Basic","floor":5.0,"gold_loss":0.0,"damage_taken":0.0},{"damage_healed":0,"gold_gain":75,"player_choice":"Gather Gold","damage_taken":11,"max_hp_gain":0,"max_hp_loss":0,"event_name":"World of Goop","floor":12,"gold_loss":0},{"damage_healed":26,"gold_gain":0,"player_choice":"Heal","damage_taken":0,"max_hp_gain":0,"max_hp_loss":0,"event_name":"The Library","floor":22,"gold_loss":0}],"is_beta":false,"boss_relics":[{"not_picked":["Inserter","Empty Cage"],"picked":"Astrolabe"}],"items_purged_floors":[],"is_endless":false,"potions_floor_spawned":[1,7,10,19],"killed_by":"Slavers","ascension_level":5}}