{"host":"mg3e76uznu9x14du","time":1611358851,"event":{"mods":["BaseMod","Colored Map","Downfall","Minty Spire (QoL Compilation)","Permanent Neow","Relic Stats","StSLib","Waifu the Spire","everything is the same but u backflip on backflip"],"gold_per_floor":[99,111,126,226,36,51,51,84,84,42,42,75,88,88,107,107,107,107],"floor_reached":16,"language":"ENG","playtime":1086,"items_purged":[],"score":149,"play_id":"49ec79d1-841a-43aa-95fd-9f4425e19ed4","local_time":"20210122184051","is_ascension_mode":true,"campfire_choices":[{"data":"Guardian:CurlUp","floor":1,"key":"SMITH"},{"data":"Guardian:SentryBeam","floor":9,"key":"SMITH"}],"circlet_count":0,"master_deck":["Guardian:Strike_Guardian","Guardian:Strike_Guardian","Guardian:Strike_Guardian","Guardian:Defend_Guardian","Guardian:Defend_Guardian","Guardian:Defend_Guardian","Guardian:Defend_Guardian","Guardian:CurlUp+1","Guardian:TwinSlam","Guardian:SphericShield","Guardian:SentryBeam+1","Guardian:GuardianWhirl","Guardian:Recover","Guardian:WalkerClaw","champ:FlashCut","PathToVictory+1","sneckomod:UnknownDraw+1","Guardian:Gem_Lightblue","Streamline","Slimebound:Equalize","Guardian:Gem_Green","Guardian:Gem_Orange","Guardian:Gem_Yellow","Coolheaded+1"],"relics":["Guardian:ModeShifter","PrismaticShard","Toxic Egg 2","Guardian:PocketSentry"],"acts_visited":["Exordium"],"potions_floor_usage":[12,13,16,16],"damage_taken":[{"damage":0,"enemies":"Cultist","floor":2,"turns":7},{"damage":0,"enemies":"Small Slimes","floor":3,"turns":4},{"damage":0,"enemies":"downfall:FleeingMerchant","floor":5,"turns":4},{"damage":2,"enemies":"Jaw Worm","floor":6,"turns":5},{"damage":0,"enemies":"Lagavulin","floor":8,"turns":8},{"damage":0,"enemies":"downfall:FleeingMerchant","floor":10,"turns":4},{"damage":31,"enemies":"Gremlin Nob","floor":12,"turns":4},{"damage":0,"enemies":"Large Slime","floor":13,"turns":4},{"damage":5,"enemies":"3 Louse","floor":15,"turns":3},{"damage":42,"enemies":"WA_ARCHETYPE_RETAIN","floor":16,"turns":9}],"seed_played":"-8230587977387245302","potions_obtained":[{"floor":3,"key":"Energy Potion"},{"floor":6,"key":"sneckomod:MuddlingPotion"},{"floor":12,"key":"SkillPotion"},{"floor":13,"key":"SpeedPotion"}],"is_trial":false,"path_per_floor":["R","M","M","?","$","M","T","E","R","$","?","E","M","?","M","B"],"character_chosen":"GUARDIAN","items_purchased":["PrismaticShard","Guardian:WalkerClaw","Guardian:Gem_Lightblue"],"campfire_rested":0,"item_purchase_floors":[5,5,10],"current_hp_per_floor":[80,80,80,80,80,78,78,78,78,78,78,47,47,29,28,0,0,0],"gold":107,"neow_bonus":"ONE_RANDOM_RARE_CARD","is_daily":false,"chose_seed":false,"campfire_upgraded":2,"win_rate":0.0,"timestamp":1611358851,"path_taken":["R","M","M","?","$","M","T","E","R","$","?","E","M","?","M","BOSS"],"items_purchased_type":["Relic","Card","Card"],"build_version":"2020-12-22","purchased_purges":0,"victory":false,"max_hp_per_floor":[80,80,80,80,80,80,80,80,80,80,80,80,80,80,80,80,80,80],"relic_stats":{"counters":[10,52],"obtain_stats":[{"Guardian:ModeShifter":0,"Guardian:PocketSentry":12,"Toxic Egg 2":8,"PrismaticShard":5},{"Guardian:ModeShifter":0,"Guardian:PocketSentry":7,"Toxic Egg 2":5,"PrismaticShard":3},{"Guardian:ModeShifter":0,"Guardian:PocketSentry":36,"Toxic Egg 2":28,"PrismaticShard":15}]},"card_choices":[{"not_picked":["Guardian:WalkerClaw","Guardian:Gem_Green"],"picked":"Guardian:SentryBeam","floor":2},{"not_picked":["Guardian:ChargeCore","Guardian:CrystalBeam"],"picked":"Guardian:GuardianWhirl","floor":3},{"not_picked":["Guardian:Reroute","Guardian:VentSteam"],"picked":"Guardian:Recover","floor":5},{"not_picked":["sneckomod:DiceCrush","JustLucky"],"picked":"champ:FlashCut","floor":6},{"not_picked":["Slimebound:Repurpose+1","hexamod:FlamesFromBeyond+1"],"picked":"PathToVictory+1","floor":8},{"not_picked":["bronze:MaxOutput","Masterful Stab"],"picked":"sneckomod:UnknownDraw+1","floor":10},{"not_picked":["champ:RecklessLeap","Brilliance"],"picked":"Streamline","floor":12},{"not_picked":["Slimebound:SlimeTap+1","bronze:Shield+1"],"picked":"Slimebound:Equalize","floor":13},{"not_picked":["hexamod:Hexaguard+1","sneckomod:UnknownUncommonAttack"],"picked":"Coolheaded+1","floor":15}],"player_experience":478812,"relics_obtained":[{"floor":8,"key":"Toxic Egg 2"},{"floor":12,"key":"Guardian:PocketSentry"}],"event_choices":[],"is_beta":false,"boss_relics":[],"items_purged_floors":[],"is_endless":false,"potions_floor_spawned":[3,6,12,13],"killed_by":"WA_ARCHETYPE_RETAIN","ascension_level":2}}