{"host":"rwzz6mk6bpmb57ql","time":1611283691,"event":{"mods":["AchievementEnabler","BaseMod","Better Third Choice","BetterRewards","Colored Map","Highlight Path","Hubris","Infinite Spire","Minty Spire (QoL Compilation)","Replay The Spire","StSLib","Wandering Minibosses"],"gold_per_floor":[5616,5616,5634,4890,4901,4901,4926,4926,4973,4998,5018,5045,5045,5056,5056,5135,5135,5150,5175,5175,5195,5195,5230,5246,5246,5246,5257,5283,5302,4523,4082,4082,4160,4160,4443,4752,3770,3770,4035,4035,4329,3872,3872,3872,4150,4433,4433,3956,3956,4289,4642,4642,4642],"floor_reached":52,"language":"ENG","playtime":2537,"items_purged":["Strike_G","Strike_G","Strike_G","Strike_G","Defend_G"],"score":2161,"play_id":"0771c832-d582-4a93-9837-657443837013","local_time":"20210121204811","is_ascension_mode":true,"campfire_choices":[{"floor":6,"key":"RECALL"},{"data":"hubris:EnhanceAbility","floor":8,"key":"SMITH"},{"data":"Backstab","floor":15,"key":"SMITH"},{"data":"infinitespire:DeathsTouch","floor":25,"key":"SMITH"},{"data":"Footwork","floor":32,"key":"SMITH"},{"data":"Fluid Movement","floor":40,"key":"SMITH"},{"data":"Adrenaline","floor":44,"key":"SMITH"},{"data":"Footwork","floor":47,"key":"SMITH"},{"data":"infinitespire:FutureSight","floor":49,"key":"SMITH"}],"circlet_count":0,"master_deck":["AscendersBane","Strike_G+1","Defend_G","Defend_G","Defend_G+1","Survivor","Neutralize","Riddle With Holes","Backflip","Slice","hubris:EnhanceAbility+1","Flash of Steel","Crippling Poison","Crippling Poison","Flying Knee","After Image+1","Adrenaline+1","hubris:DuctTapeCard","infinitespire:DeathsTouch+1","Footwork+1","Terror","Footwork+1","Slice","Blur","Caltrops+1","Backstab+1","Dodge and Roll","Blur+1","Fluid Movement+1","Well Laid Plans","infinitespire:FutureSight+1","After Image"],"relics":["Ring of the Snake","Simple Rune","Frozen Eye","infinitespire:PuzzleCube","Strawberry","wanderingMiniBosses:ThiefScarf","infinitespire:FocusingShard","Replay:Bronze Core","Red Mask","hubris:Towel","hubris:DuctTape","Prayer Wheel","Bottled Flame","Replay:Baseball","hubris:64BitClover","OrangePellets","Potion Belt","SacredBark","infinitespire:EvilPickle","DollysMirror","hubris:CrystalStatue","Eternal Feather","Happy Flower","Membership Card","TungstenRod","Orichalcum","Replay:Wax Seal","hubris:SlimyHat","SlaversCollar"],"acts_visited":["Exordium","TheCity","TheBeyond","Exordium"],"potions_floor_usage":[7,7,12,16,24,33,33,41,45,50,50,50],"damage_taken":[{"damage":0,"enemies":"Small Slimes","floor":1,"turns":4},{"damage":4,"enemies":"Jaw Worm","floor":3,"turns":3},{"damage":7,"enemies":"2 Louse","floor":5,"turns":2},{"damage":16,"enemies":"3 Sentries","floor":7,"turns":5},{"damage":14,"enemies":"Lagavulin","floor":10,"turns":5},{"damage":0,"enemies":"Blue Slaver","floor":11,"turns":2},{"damage":8,"enemies":"Gremlin Nob","floor":12,"turns":3},{"damage":14,"enemies":"Exordium Thugs","floor":14,"turns":3},{"damage":43,"enemies":"The Guardian","floor":16,"turns":10},{"damage":8,"enemies":"Shell Parasite","floor":18,"turns":3},{"damage":2,"enemies":"Masked Bandits","floor":19,"turns":3},{"damage":8,"enemies":"Chosen","floor":21,"turns":4},{"damage":0,"enemies":"Nightmare","floor":23,"turns":2},{"damage":2,"enemies":"Centurion and Healer","floor":24,"turns":4},{"damage":0,"enemies":"3 Cultists","floor":27,"turns":3},{"damage":9,"enemies":"Book of Stabbing","floor":28,"turns":4},{"damage":5,"enemies":"Sentry and Sphere","floor":29,"turns":4},{"damage":24,"enemies":"Pondfish","floor":33,"turns":6},{"damage":0,"enemies":"3 Darklings","floor":35,"turns":1},{"damage":6,"enemies":"Orb Walker","floor":36,"turns":2},{"damage":0,"enemies":"Spire Growth","floor":39,"turns":4},{"damage":31,"enemies":"R_Hoarder","floor":41,"turns":7},{"damage":0,"enemies":"Giant Head","floor":45,"turns":7},{"damage":0,"enemies":"3 Darklings","floor":46,"turns":1},{"damage":4,"enemies":"infinitespire:MassOfShapes","floor":50,"turns":12},{"damage":64,"enemies":"Time Eater","floor":51,"turns":13}],"seed_played":"2513277051560018156","potions_obtained":[{"floor":1,"key":"GhostInAJar"},{"floor":5,"key":"Toxic Potion"},{"floor":10,"key":"Energy Potion"},{"floor":11,"key":"Dexterity Potion"},{"floor":23,"key":"Explosive Potion"},{"floor":28,"key":"Fire Potion"},{"floor":33,"key":"LifebloodPotion"},{"floor":36,"key":"Death Potion"},{"floor":41,"key":"Strength Potion"},{"floor":45,"key":"PowerPotion"}],"is_trial":false,"path_per_floor":["M","?","M","$","M","R","E","R","T","E","M","E","?","M","R","B",null,"M","?","?","M","T","NM","M","R","T","M","E","M","$","$","R","B",null,"M","M","$","?","M","R","E","$","T","R","E","M","R","?","R","B","B",null],"character_chosen":"THE_SILENT","items_purchased":["Simple Rune","Frozen Eye","hubris:EnhanceAbility","Flash of Steel","Crippling Poison","Footwork","Slice","hubris:64BitClover","OrangePellets","PowerPotion","Potion Belt","Blur","Caltrops+1","Dodge and Roll","DollysMirror","hubris:CrystalStatue","Eternal Feather","Energy Potion","Membership Card","TungstenRod","Well Laid Plans"],"campfire_rested":0,"item_purchase_floors":[4,4,4,4,4,30,30,30,30,30,31,31,31,37,37,37,37,37,42,42,42],"current_hp_per_floor":[129,129,125,125,118,118,102,102,102,95,95,87,87,73,73,30,115,107,105,105,97,97,97,95,95,95,95,86,81,81,81,81,57,122,122,116,116,116,116,134,103,103,103,121,121,121,139,139,143,139,75,126,126],"gold":4642,"neow_bonus":"THREE_CARDS","is_daily":false,"chose_seed":false,"campfire_upgraded":8,"win_rate":0.0,"timestamp":1611283691,"path_taken":["M","?","M","$","M","R","E","R","T","E","M","E","?","M","R","BOSS","M","?","?","M","?","NM","M","R","T","M","E","?","?","$","R","BOSS","M","M","$","?","M","R","E","$","T","R","E","M","R","?","R","BOSS","BOSS"],"items_purchased_type":["Relic","Relic","Card","Card","Card","Card","Card","Relic","Relic","Potion","Relic","Card","Card","Card","Relic","Relic","Relic","Potion","Relic","Relic","Card"],"build_version":"2020-12-22","purchased_purges":5,"victory":false,"max_hp_per_floor":[136,136,136,136,136,136,136,136,136,143,143,143,143,143,143,143,143,143,143,143,143,143,143,143,143,143,143,143,143,143,143,143,143,143,143,143,143,143,143,143,143,143,143,143,143,143,143,143,143,143,143,143,143],"card_choices":[{"not_picked":["Replay:Poison Smokescreen","Dagger Spray"],"picked":"Riddle With Holes","floor":0},{"not_picked":["ReplayTheSpireMod:The Works","Draining Mist"],"picked":"Backflip","floor":1},{"not_picked":["Cloak And Dagger","Blade Dance"],"picked":"Slice","floor":3},{"not_picked":["Quick Slash","Envenom"],"picked":"Backstab","floor":5},{"not_picked":["Doppelganger","Dagger Spray"],"picked":"Slice","floor":7},{"not_picked":["Acrobatics","Bullet Time","Corpse Explosion"],"picked":"SKIP","floor":10},{"not_picked":["hubris:SlightOfHand","Deadly Poison","Hidden Blade"],"picked":"SKIP","floor":11},{"not_picked":["ReplayTheSpireMod:The Works","Draining Mist"],"picked":"Flying Knee","floor":12},{"not_picked":["Blur","Cloak And Dagger","Crippling Poison"],"picked":"SKIP","floor":14},{"not_picked":["Bullet Time","Tools of the Trade"],"picked":"Adrenaline","floor":16},{"not_picked":["Prepared","Eviscerate","Infinite Blades"],"picked":"SKIP","floor":18},{"not_picked":["Deadly Poison+1","Poisoned Stab"],"picked":"Backstab","floor":21},{"not_picked":["infinitespire:Starlight","ReplayTheSpireMod:Black Plague"],"picked":"infinitespire:DeathsTouch","floor":23},{"not_picked":["hubris:TrickCloak","Deadly Poison","Fluid Movement"],"picked":"SKIP","floor":23},{"not_picked":["hubris:TrickCloak","Deadly Poison","Fluid Movement"],"picked":"SKIP","floor":23},{"not_picked":["Dagger Throw+1","Quick Slash","Calculated Gamble"],"picked":"SKIP","floor":24},{"not_picked":["Underhanded Strike","ReplayTheSpireMod:From All Sides","Choke"],"picked":"SKIP","floor":24},{"not_picked":["Backflip","Sucker Punch","Hidden Blade"],"picked":"SKIP","floor":27},{"not_picked":["Quick Slash","ReplayTheSpireMod:Shiv Toss+1","hubris:SlightOfHand"],"picked":"SKIP","floor":27},{"not_picked":["Underhanded Strike","Choke+1","Setup"],"picked":"SKIP","floor":28},{"not_picked":["Flying Knee","Acrobatics+1"],"picked":"Footwork","floor":29},{"not_picked":["Hidden Blade","Flying Knee"],"picked":"Terror","floor":29},{"not_picked":["Poisoned Stab","Dagger Spray+1","Sucker Punch"],"picked":"SKIP","floor":35},{"not_picked":["Bane","Acrobatics+1","Tactician"],"picked":"SKIP","floor":35},{"not_picked":["Crippling Poison","Choke"],"picked":"Backstab+1","floor":36},{"not_picked":["PiercingWail","Hidden Blade","Slice+1"],"picked":"SKIP","floor":36},{"not_picked":["Backstab","PiercingWail"],"picked":"Fluid Movement","floor":39},{"not_picked":["Slice","Deadly Poison","Leg Sweep"],"picked":"SKIP","floor":39},{"not_picked":["ReplayTheSpireMod:Exploit Weakness","ReplayTheSpireMod:Scrap Shanks","Phantasmal Killer"],"picked":"SKIP","floor":41},{"not_picked":["Quick Slash","Poisoned Stab","hubris:TrickCloak"],"picked":"SKIP","floor":45},{"not_picked":["Dagger Spray","Underhanded Strike","Corpse Explosion"],"picked":"SKIP","floor":46},{"not_picked":["hubris:Counter","hubris:SlightOfHand","Dash+1"],"picked":"SKIP","floor":46},{"not_picked":["ReplayTheSpireMod:Black Plague","infinitespire:Gouge"],"picked":"infinitespire:FutureSight","floor":48},{"not_picked":["Tools of the Trade","Glass Knife"],"picked":"After Image","floor":50}],"player_experience":199700,"relics_obtained":[{"floor":7,"key":"infinitespire:PuzzleCube"},{"floor":10,"key":"Strawberry"},{"floor":11,"key":"wanderingMiniBosses:ThiefScarf"},{"floor":12,"key":"infinitespire:FocusingShard"},{"floor":19,"key":"Red Mask"},{"floor":22,"key":"hubris:DuctTape"},{"floor":23,"key":"Prayer Wheel"},{"floor":26,"key":"Bottled Flame"},{"floor":28,"key":"Replay:Baseball"},{"floor":41,"key":"Happy Flower"},{"floor":43,"key":"Orichalcum"},{"floor":45,"key":"Replay:Wax Seal"},{"floor":51,"key":"hubris:SlimyHat"}],"event_choices":[{"damage_healed":0,"gold_gain":0,"player_choice":"Fought Bandits","damage_taken":0,"max_hp_gain":0,"max_hp_loss":0,"event_name":"Masked Bandits","floor":19,"gold_loss":0}],"is_beta":false,"boss_relics":[{"not_picked":["Abe\u0027s Treasure","Snecko Heart"],"picked":"Replay:Bronze Core"},{"not_picked":["hubris:HollowSoul","hubris:GrandSneckoEye"],"picked":"SacredBark"},{"not_picked":["WristBlade","Calling Bell"],"picked":"SlaversCollar"}],"items_purged_floors":[4,30,31,37,42],"is_endless":true,"potions_floor_spawned":[1,5,10,11,23,28,33,36,41,45],"ascension_level":20}}