{"host":"ilhhjx796p2x2wmd","time":1611305314,"event":{"mods":["AchievementEnabler","BaseMod","BetterRewards","Colored Map","Colored Powertips","DeckTracker","Highlight Path","Minty Spire (QoL Compilation)","Permanent Neow","Rare Cards Sparkle","Shop Mod"],"gold_per_floor":[366,366,380,162,177,205,205,219,290,290,324,324,77,77,77],"floor_reached":14,"language":"KOR","playtime":551,"items_purged":["Strike_R","Strike_R"],"score":118,"play_id":"5d2fc822-475b-4aae-8af3-0b10d56ae077","local_time":"20210122174834","is_ascension_mode":true,"campfire_choices":[{"data":"Perfected Strike","floor":7,"key":"SMITH"},{"floor":12,"key":"REST"}],"circlet_count":0,"master_deck":["Strike_R","Strike_R","Strike_R","Defend_R","Defend_R","Defend_R","Defend_R","Bash","Pommel Strike","Twin Strike","Perfected Strike+1","Armaments","True Grit","Body Slam","Flash of Steel"],"relics":["Burning Blood","Calipers","Omamori","Akabeko","InkBottle","Centennial Puzzle","Du-Vu Doll"],"acts_visited":["Exordium"],"potions_floor_usage":[6,6],"damage_taken":[{"damage":12,"enemies":"Small Slimes","floor":1,"turns":3},{"damage":7,"enemies":"Jaw Worm","floor":3,"turns":3},{"damage":16,"enemies":"2 Louse","floor":5,"turns":3},{"damage":16,"enemies":"Gremlin Nob","floor":6,"turns":3},{"damage":9,"enemies":"2 Fungi Beasts","floor":8,"turns":2},{"damage":27,"enemies":"Lagavulin","floor":11,"turns":5},{"damage":25,"enemies":"3 Sentries","floor":14,"turns":6}],"seed_played":"3703422439635634720","potions_obtained":[{"floor":1,"key":"CultistPotion"},{"floor":3,"key":"Swift Potion"},{"floor":6,"key":"SpeedPotion"},{"floor":11,"key":"Weak Potion"}],"is_trial":false,"path_per_floor":["M","?","M","$","M","E","R","M","T","?","E","R","$","E"],"character_chosen":"IRONCLAD","items_purchased":["Omamori","Body Slam","Flash of Steel"],"campfire_rested":1,"item_purchase_floors":[4,13,13],"current_hp_per_floor":[66,54,53,53,43,33,33,30,30,30,9,30,30,5,5],"gold":77,"neow_bonus":"TWO_FIFTY_GOLD","is_daily":false,"chose_seed":false,"campfire_upgraded":1,"win_rate":0.0,"timestamp":1611305314,"path_taken":["M","?","M","$","M","E","R","M","T","?","E","R","?","E"],"items_purchased_type":["Relic","Card","Card"],"build_version":"2020-12-22","purchased_purges":2,"victory":false,"max_hp_per_floor":[72,72,72,72,72,72,72,72,72,72,72,72,72,72,72],"card_choices":[{"not_picked":["Dark Embrace","Anger","Hemokinesis"],"picked":"SKIP","floor":1},{"not_picked":["Disarm","Thunderclap"],"picked":"Pommel Strike","floor":3},{"not_picked":["Sword Boomerang","Dropkick"],"picked":"Twin Strike","floor":5},{"not_picked":["Dark Embrace","Bloodletting"],"picked":"Perfected Strike","floor":6},{"not_picked":["Anger","Pummel"],"picked":"Armaments","floor":8},{"not_picked":["Burning Pact","Juggernaut"],"picked":"True Grit","floor":11}],"player_experience":303922,"relics_obtained":[{"floor":6,"key":"Akabeko"},{"floor":9,"key":"InkBottle"},{"floor":11,"key":"Du-Vu Doll"}],"event_choices":[{"damage_healed":0,"gold_gain":0,"player_choice":"Success","damage_taken":12,"relics_obtained":["Calipers"],"max_hp_gain":0,"max_hp_loss":0,"event_name":"Scrap Ooze","floor":2,"gold_loss":0},{"damage_healed":0,"gold_gain":0,"player_choice":"Box","damage_taken":0,"relics_obtained":["Centennial Puzzle"],"max_hp_gain":0,"max_hp_loss":0,"event_name":"Big Fish","floor":10,"gold_loss":0,"cards_obtained":["Regret"]}],"is_beta":false,"boss_relics":[],"items_purged_floors":[4,13],"is_endless":false,"potions_floor_spawned":[1,3,6,11],"killed_by":"3 Sentries","ascension_level":4}}