{"host":"x21cvmfdo17nyhii","time":1611289735,"event":{"mods":["AchievementEnabler","BaseMod","Block Reminder","Colored Map","Colored Powertips","DeckTracker","Highlight Path","Keyboard Shortcuts","Minty Spire (QoL Compilation)","Quick Restart","Rare Cards Sparkle","SuperFastMode"],"gold_per_floor":[114,127,127,139,150,150,150],"floor_reached":6,"language":"ENG","playtime":315,"items_purged":[],"score":49,"play_id":"37ea0e47-a24b-4b74-9e9b-0025deeb96eb","local_time":"20210121202855","is_ascension_mode":true,"campfire_choices":[],"circlet_count":0,"master_deck":["Strike_G","Strike_G","Strike_G","Strike_G","Strike_G","Defend_G","Defend_G","Defend_G","Defend_G","Defend_G","Survivor","Neutralize","Cloak And Dagger","Leg Sweep","Escape Plan","Adrenaline"],"relics":["Ring of the Snake"],"acts_visited":["Exordium"],"potions_floor_usage":[6,6,6],"damage_taken":[{"damage":1.0,"enemies":"Jaw Worm","floor":1.0,"turns":4.0},{"damage":6,"enemies":"Cultist","floor":2,"turns":6},{"damage":0,"enemies":"2 Louse","floor":4,"turns":4},{"damage":0,"enemies":"Exordium Wildlife","floor":5,"turns":4},{"damage":60,"enemies":"Lagavulin","floor":6,"turns":16}],"seed_played":"6966663988868349055","potions_obtained":[{"floor":0.0,"key":"SteroidPotion"},{"floor":0.0,"key":"DistilledChaos"},{"floor":0.0,"key":"DuplicationPotion"},{"floor":3,"key":"DistilledChaos"}],"is_trial":false,"path_per_floor":["M","M","?","M","M","E"],"character_chosen":"THE_SILENT","items_purchased":[],"campfire_rested":0,"item_purchase_floors":[],"current_hp_per_floor":[62,56,56,56,56,0,0],"gold":150,"neow_bonus":"THREE_SMALL_POTIONS","is_daily":false,"chose_seed":false,"campfire_upgraded":0,"win_rate":0.0,"timestamp":1611289735,"path_taken":["M","M","?","?","M","E"],"items_purchased_type":[],"build_version":"2020-12-22","purchased_purges":0,"victory":false,"max_hp_per_floor":[70,70,70,70,70,70,70],"card_choices":[{"not_picked":["Terror","Masterful Stab"],"picked":"Cloak And Dagger","floor":1},{"not_picked":["Sucker Punch","Escape Plan"],"picked":"Leg Sweep","floor":2},{"not_picked":["Dodge and Roll","Escape Plan","Catalyst"],"picked":"SKIP","floor":4},{"not_picked":["Dodge and Roll","Catalyst"],"picked":"Escape Plan","floor":4},{"not_picked":["Blur","Outmaneuver"],"picked":"Adrenaline","floor":5}],"player_experience":456397,"relics_obtained":[],"event_choices":[{"damage_healed":0,"gold_gain":0,"player_choice":"Got Potions","damage_taken":0,"max_hp_gain":0,"max_hp_loss":0,"event_name":"Lab","floor":3,"gold_loss":0}],"is_beta":false,"boss_relics":[],"items_purged_floors":[],"is_endless":false,"potions_floor_spawned":[],"killed_by":"Lagavulin","ascension_level":6}}