{"host":"zxd7sxkt31l2m2hb","time":1611328589,"event":{"mods":["AchievementEnabler","BaseMod","BetterRewards","Colored Map","Colored Powertips","Highlight Path","Minty Spire (QoL Compilation)","StSLib","SuperFastMode","The Jungle","slay the spire mod where everything is the same but ironclad has a cowboy hat"],"gold_per_floor":[114,129,144,97,112,112,142,142,142,157,172,187,187,202,202,302,302,287,212,227,77,176,206,206,221,221,221,236,251,251,251],"floor_reached":30,"language":"DEU","playtime":5433,"items_purged":[],"score":256,"play_id":"d1197ad0-be3f-4ad4-86ae-c65265a67ec6","local_time":"20210122161629","daily_mods":["Heirloom","Uncertain Future","Night Terrors"],"is_ascension_mode":false,"campfire_choices":[{"data":"Noxious Fumes","floor":6,"key":"SMITH"},{"floor":8,"key":"REST"},{"floor":15,"key":"REST"},{"floor":24,"key":"REST"}],"circlet_count":0,"master_deck":["Strike_G","Strike_G","Strike_G","Strike_G","Defend_G","Defend_G","Defend_G","Defend_G","Defend_G","Survivor","Neutralize","Deadly Poison","Noxious Fumes+1","Catalyst","Deadly Poison","Poisoned Stab","Flying Knee","Flying Knee","Bane","Acrobatics","Parasite","Dodge and Roll","Adrenaline","Deflect","Acrobatics+1","Dodge and Roll+1","Deadly Poison+1","Cloak And Dagger"],"relics":["Ring of the Snake","Pocketwatch","StrikeDummy","Frozen Egg 2","SlaversCollar","MealTicket","The Courier","Meat on the Bone","Ornamental Fan"],"acts_visited":["Exordium","TheCity"],"potions_floor_usage":[23,23,23,28],"damage_taken":[{"damage":2,"enemies":"Cultist","floor":1,"turns":4},{"damage":2,"enemies":"Small Slimes","floor":2,"turns":5},{"damage":1,"enemies":"Jaw Worm","floor":3,"turns":4},{"damage":13,"enemies":"3 Louse","floor":5,"turns":4},{"damage":33,"enemies":"3 Sentries","floor":7,"turns":9},{"damage":7,"enemies":"Blue Slaver","floor":10,"turns":3},{"damage":30,"enemies":"Exordium Thugs","floor":11,"turns":6},{"damage":10,"enemies":"3 Louse","floor":12,"turns":5},{"damage":18,"enemies":"Exordium Wildlife","floor":14,"turns":4},{"damage":31,"enemies":"The Guardian","floor":16,"turns":8},{"damage":22,"enemies":"2 Thieves","floor":18,"turns":5},{"damage":0,"enemies":"Chosen","floor":20,"turns":4},{"damage":34,"enemies":"Slavers","floor":23,"turns":7},{"damage":11,"enemies":"Snecko","floor":25,"turns":6},{"damage":31,"enemies":"Shelled Parasite and Fungi","floor":28,"turns":8},{"damage":18,"enemies":"Centurion and Healer","floor":29,"turns":8},{"damage":23,"enemies":"3 Cultists","floor":30,"turns":3}],"seed_played":"8945501730091475425","potions_obtained":[{"floor":1,"key":"EssenceOfSteel"},{"floor":12,"key":"Strength Potion"},{"floor":14,"key":"Swift Potion"},{"floor":25,"key":"Strength Potion"},{"floor":28,"key":"Fire Potion"},{"floor":29,"key":"LiquidMemories"}],"is_trial":false,"path_per_floor":["M","M","M","$","M","R","E","R","T","M","M","M","?","M","R","B",null,"M","?","M","$","?","E","R","M","T","T","M","M","M"],"character_chosen":"THE_SILENT","items_purchased":["Deadly Poison","MealTicket"],"campfire_rested":3,"item_purchase_floors":[4,21],"current_hp_per_floor":[68,66,65,65,52,52,19,65,65,58,28,18,34,16,60,29,60,38,38,38,38,38,4,55,44,44,44,25,19,0,0],"gold":251,"neow_bonus":"","is_daily":true,"chose_seed":false,"campfire_upgraded":1,"win_rate":0.0,"timestamp":1611328589,"path_taken":["M","M","M","$","M","R","E","R","T","?","?","M","?","M","R","BOSS","M","?","M","$","?","E","R","M","T","?","M","M","M"],"items_purchased_type":["Card","Relic"],"build_version":"2020-12-22","purchased_purges":0,"victory":false,"max_hp_per_floor":[70,70,70,70,70,70,70,65,65,65,65,65,65,65,60,60,60,60,60,60,60,60,60,55,55,55,55,55,55,55,55],"card_choices":[{"not_picked":["Terror","Quick Slash"],"picked":"Deadly Poison","floor":1},{"not_picked":["Expertise","Deflect"],"picked":"Noxious Fumes","floor":2},{"not_picked":["Expertise","Predator"],"picked":"Catalyst","floor":3},{"not_picked":["Predator","Calculated Gamble"],"picked":"Poisoned Stab","floor":5},{"not_picked":["Backstab","Flechettes"],"picked":"Flying Knee","floor":7},{"not_picked":["Outmaneuver","Quick Slash"],"picked":"Flying Knee","floor":10},{"not_picked":["PiercingWail","Cloak And Dagger"],"picked":"Bane","floor":11},{"not_picked":["Storm of Steel","Dagger Spray"],"picked":"Acrobatics","floor":12},{"not_picked":["Blur","Dagger Throw"],"picked":"Dodge and Roll","floor":14},{"not_picked":["Burst","Malaise"],"picked":"Adrenaline","floor":16},{"not_picked":["Well Laid Plans+1","Bane"],"picked":"Deflect","floor":18},{"not_picked":["PiercingWail","Dagger Throw"],"picked":"Acrobatics+1","floor":20},{"not_picked":["Well Laid Plans+1","Flying Knee+1"],"picked":"Dodge and Roll+1","floor":23},{"not_picked":["After Image+1","Outmaneuver"],"picked":"Deadly Poison+1","floor":25},{"not_picked":["Reflex","All Out Attack+1"],"picked":"Cloak And Dagger","floor":28},{"not_picked":["Underhanded Strike","Dagger Throw","Bane"],"picked":"SKIP","floor":29}],"player_experience":55739,"relics_obtained":[{"floor":7,"key":"StrikeDummy"},{"floor":9,"key":"Frozen Egg 2"},{"floor":23,"key":"The Courier"},{"floor":26,"key":"Meat on the Bone"},{"floor":27,"key":"Ornamental Fan"}],"event_choices":[{"damage_healed":16,"gold_gain":0,"player_choice":"Healed and dodged fight","damage_taken":0,"max_hp_gain":0,"max_hp_loss":0,"event_name":"Mushrooms","floor":13,"gold_loss":0,"cards_obtained":["Parasite"]},{"cards_removed":["Strike_G"],"damage_healed":0,"gold_gain":0,"player_choice":"Gave Gold","damage_taken":0,"max_hp_gain":0,"max_hp_loss":0,"event_name":"Beggar","floor":19,"gold_loss":75},{"damage_healed":0,"gold_gain":99,"player_choice":"Stole From Cult","damage_taken":0,"max_hp_gain":0,"max_hp_loss":0,"event_name":"Nest","floor":22,"gold_loss":0}],"is_beta":false,"boss_relics":[{"not_picked":["Empty Cage","Astrolabe"],"picked":"SlaversCollar"}],"items_purged_floors":[],"is_endless":false,"potions_floor_spawned":[1,12,14,16,20,25,28,29],"killed_by":"3 Cultists","ascension_level":0}}