{"host":"c3lc60y5x60jlt1y","time":1611299129,"event":{"mods":["AchievementEnabler","BaseMod","Bestiary","Colored Map","Minty Spire (QoL Compilation)","Quick Restart","StSLib","ojb\u0027s Info Mod"],"gold_per_floor":[111,71,82,99,110,142,155,155,155],"floor_reached":8,"language":"ENG","playtime":3454,"items_purged":[],"score":105,"play_id":"fb07f4eb-a412-44b0-af60-faff78408bab","local_time":"20210122090529","is_ascension_mode":true,"campfire_choices":[],"circlet_count":0,"master_deck":["AscendersBane","Strike_B","Strike_B","Strike_B","Strike_B","Defend_B","Defend_B","Defend_B","Defend_B","Zap","Dualcast","Biased Cognition","Turbo","White Noise","Coolheaded","Barrage","Skim","Undo"],"relics":["Cracked Core","Bag of Preparation"],"acts_visited":["Exordium"],"potions_floor_usage":[5,8],"damage_taken":[{"damage":4,"enemies":"2 Louse","floor":1,"turns":3},{"damage":0,"enemies":"Cultist","floor":3,"turns":4},{"damage":0,"enemies":"Jaw Worm","floor":4,"turns":3},{"damage":1,"enemies":"3 Louse","floor":5,"turns":3},{"damage":17,"enemies":"Lagavulin","floor":6,"turns":7},{"damage":0,"enemies":"Looter","floor":7,"turns":4},{"damage":26,"enemies":"Gremlin Nob","floor":8,"turns":3}],"seed_played":"4052519159844338722","potions_obtained":[{"floor":2,"key":"PotionOfCapacity"},{"floor":2,"key":"AttackPotion"},{"floor":5,"key":"LiquidMemories"}],"is_trial":false,"path_per_floor":["M","?","M","M","M","E","M","E"],"character_chosen":"DEFECT","items_purchased":[],"campfire_rested":0,"item_purchase_floors":[],"current_hp_per_floor":[42,42,42,42,41,24,24,0,0],"gold":155,"neow_bonus":"THREE_RARE_CARDS","is_daily":false,"chose_seed":false,"campfire_upgraded":0,"win_rate":0.0,"timestamp":1611299129,"path_taken":["M","?","M","?","?","E","M","E"],"items_purchased_type":[],"build_version":"2020-12-22","purchased_purges":0,"victory":false,"max_hp_per_floor":[71,71,71,71,71,71,71,71,71],"card_choices":[{"not_picked":["Multi-Cast","Core Surge"],"picked":"Biased Cognition","floor":0},{"not_picked":["Consume","Chaos"],"picked":"Turbo","floor":1},{"not_picked":["Rebound","Steam"],"picked":"White Noise","floor":3},{"not_picked":["Beam Cell","Rebound"],"picked":"Coolheaded","floor":4},{"not_picked":["Heatsinks","Darkness"],"picked":"Barrage","floor":5},{"not_picked":["Turbo","Gash"],"picked":"Skim","floor":6},{"not_picked":["Gash","Fission"],"picked":"Undo","floor":7}],"player_experience":8294700,"relics_obtained":[{"floor":6,"key":"Bag of Preparation"}],"event_choices":[{"damage_healed":0,"gold_gain":0,"player_choice":"Bought 3 Potions","damage_taken":0,"max_hp_gain":0,"max_hp_loss":0,"event_name":"The Woman in Blue","floor":2,"gold_loss":0}],"is_beta":false,"boss_relics":[],"items_purged_floors":[],"is_endless":false,"potions_floor_spawned":[3,5],"killed_by":"Gremlin Nob","ascension_level":15}}