{"host":"k2qahyfnbpqixgl3","time":1611320305,"event":{"mods":["Act Like it!","Ascension Reborn","BaseMod","Card Forge","Colored Powertips","Highlight Path","HololiveMod","KinomotoSakuraMod(木之本?)","Minty Spire (QoL Compilation)","Pale of the Ancients","Remilia（蕾米莉?）","Replay The Spire","StSLib","The Animator","The Jungle","Unceasing Turn Reminder","Youmu（魂魄妖?）","【角色mod】十八桐人"],"gold_per_floor":[107,165,213,274,328,413,513,621,621,621,720,754,391,485,485,821,821,859,894,924,980,980,1103,1155,1322,1322,1427,964,1054,1054,740,740,1152,1152,1257,1408,1477,1139,1139,1267,1267,1320,1320,1439,1504,1178,1297,1430,1430,1800,1800,1966,2071,2071,1655,1655,1852,2017,1607,1607,2054,2054,2054],"floor_reached":62,"language":"ZHS","playtime":10116,"items_purged":["Wraith Form v2+1","Madness","ReplayTheSpireMod:Splinters"],"score":2436,"play_id":"fe745f3b-854b-447f-b9ad-e401e95cac83","local_time":"20210122205825","daily_mods":["Draft","Heirloom","Elite Swarm","Midas"],"is_ascension_mode":false,"campfire_choices":[{"floor":10,"key":"REST"},{"floor":15,"key":"REST"},{"floor":30,"key":"REST"},{"floor":32,"key":"REST"},{"floor":41,"key":"REST"},{"data":"Hololive_CallShiroganeNoel","floor":56,"key":"SMITH"},{"data":"Hololive_DiamondStrike","floor":56,"key":"SMITH"}],"circlet_count":5,"master_deck":["Demon Form+1","Echo Form+1","DevaForm+1","BatForm+1","Hololive_DevilCharm+1","Hololive_Rebound+1","Hololive_CallSakuraMiko+1","Hololive_CallUsadaPekora+1","Hololive_LuckPotion","Hololive_StrengthChampion","Hololive_CocoNews","Hololive_Drill","Hololive_LuckPotion","Hololive_DevilCharm","Hololive_LuckPotion","Hololive_CallSpadeEcho+1","Hololive_CallShirakamiFubuki","Hololive_CallShiroganeNoel+1","Hololive_RevenueBasedLive","Hololive_DiamondStrike+1","Hololive_WolfAndLamb","VoidnessSword+1","Hololive_DDD","Hololive_DDD","Hololive_ILoveYou","Hololive_CallUruhaRushia","Hololive_CallSakuraMiko+1","Hololive_CallHoushouMarine","Hololive_CallAmaneKanata","Hololive_CallShiranuiFlare","Hololive_CocoNews","Hololive_MaximGun","Hololive_StrengthChampion","Hololive_IdolExercise+1","Hololive_CocoNews","Hololive_CallYuzukiChoco","Hololive_CallMurasakiShion","Hololive_CallNakiriAyame","Hololive_CallMinatoAqua","Hololive_CallOzoraSubaru","Hololive_Thief","Hololive_CallTsunomakiWatame","Hololive_Spy","Hololive_Yoholoon","Hololive_Thief","Hololive_Yoholoon","Hololive_RevenueBasedLive","Hololive_CallYozoraMel+1","Hololive_CocoNews","Hololive_RevenueBasedLive","Hololive_DDD","ReplayTheSpireMod:Private Reserves","Hololive_CallOkamiMio+1","Hololive_IdolExercise","Hololive_Teleport+1","Hololive_CallHoshimachiSuisei","Hololive_Spy","Hololive_BringToTrial","Hololive_Rebirth","Hololive_BeCareful","Hololive_Recruit","Hololive_SummonFox","Hololive_CallNekomataOkayu","Hololive_Nanodesu","Hololive_StrengthChampion+1","Hololive_SoulCatcher+1","Hololive_BringToTrial+1","Hololive_Yoholoon+1","Hololive_Yoholoon+1","ReplayUltimateDefense","Hololive_BeCareful"],"relics":["Hololive_TheStar","Hammer of Thor","Seething Fire","Anvil of the Gods","Ice Cream","Pear","Divine Protection","StrikeDummy","Circlet","Turnip","Bottled Flame","Black Star","Blood Vial","Strawberry","Unceasing Top","Meat on the Bone","Question Card","Red Mask","Membership Card","Replay:Arrowhead","Ancient Tea Set","ReplayFunnel","Bottled Tornado","PreservedInsect","Replay:Ringing Soul","Frozen Eye","Sozu","Replay:PocketPolymizer","Juzu Bracelet","White Beast Statue","Strange Spoon","FossilizedHelix","Pocketwatch","Blue Doll","BargainBundle","WingedGreaves","Replay:Multitool","Singing Bowl","Replay:WaspNest","Replay:Bottled Snecko","Ring of Fangs","Fusion Hammer","paleoftheancients:Timepiece","Gremlin Horn","CultistMask","paleoftheancients:SoulOfTheShowman","Ring of Peace","Snack Pack","Pen Nib","Chemical X","Molten Egg 2","Matryoshka","ReplayTheSpireMod:ShopPack","Hololive_TopUpMoneyS"],"acts_visited":["Exordium","TheCity","TheBeyond","TheBeyond","Exordium"],"potions_floor_usage":[4,18,18,57],"damage_taken":[{"damage":0,"enemies":"Small Slimes","floor":1,"turns":3},{"damage":0,"enemies":"Cultist","floor":2,"turns":3},{"damage":0,"enemies":"Jaw Worm","floor":3,"turns":2},{"damage":0,"enemies":"Large Slime","floor":4,"turns":4},{"damage":0,"enemies":"Exordium Wildlife","floor":5,"turns":2},{"damage":0,"enemies":"Gremlin Nob","floor":6,"turns":5},{"damage":0,"enemies":"Replay:BlueRogue","floor":8,"turns":4},{"damage":0,"enemies":"Lagavulin","floor":11,"turns":3},{"damage":0,"enemies":"Looter","floor":12,"turns":2},{"damage":0,"enemies":"Gremlin Nob","floor":14,"turns":3},{"damage":0,"enemies":"The Guardian","floor":16,"turns":5},{"damage":0,"enemies":"2 Thieves","floor":18,"turns":3},{"damage":0,"enemies":"Spheric Guardian","floor":19,"turns":1},{"damage":0,"enemies":"Centurion and Healer","floor":20,"turns":3},{"damage":0,"enemies":"Shelled Parasite and Fungi","floor":21,"turns":2},{"damage":0,"enemies":"Book of Stabbing","floor":23,"turns":2},{"damage":0,"enemies":"Snecko","floor":24,"turns":2},{"damage":0,"enemies":"Gremlin Leader","floor":25,"turns":4},{"damage":0,"enemies":"Masked Bandits","floor":27,"turns":2},{"damage":0,"enemies":"Book of Stabbing","floor":29,"turns":3},{"damage":0,"enemies":"Pondfish","floor":33,"turns":4},{"damage":0,"enemies":"3 Darklings","floor":35,"turns":2},{"damage":0,"enemies":"2 Orb Walkers","floor":36,"turns":2},{"damage":0,"enemies":"3 Shapes","floor":37,"turns":2},{"damage":0,"enemies":"Giant Head","floor":40,"turns":3},{"damage":0,"enemies":"Spire Growth","floor":42,"turns":3},{"damage":0,"enemies":"R_Hoarder","floor":44,"turns":3},{"damage":0,"enemies":"Writhing Mass","floor":45,"turns":2},{"damage":0,"enemies":"Nemesis","floor":47,"turns":2},{"damage":0,"enemies":"Reptomancer","floor":48,"turns":3},{"damage":0,"enemies":"Donu and Deca","floor":50,"turns":4},{"damage":0,"enemies":"Donu and Deca","floor":52,"turns":5},{"damage":0,"enemies":"Donu and Deca","floor":53,"turns":5},{"damage":0,"enemies":"Donu and Deca","floor":57,"turns":5},{"damage":0,"enemies":"paleoftheancients:N","floor":61,"turns":7}],"seed_played":"-510466079651740490","potions_obtained":[{"floor":2,"key":"SteroidPotion"},{"floor":4,"key":"SteroidPotion"},{"floor":6,"key":"Fire Potion"},{"floor":11,"key":"SkillPotion"},{"floor":18,"key":"Dexterity Potion"},{"floor":20,"key":"Explosive Potion"}],"is_trial":true,"path_per_floor":["M","M","M","M","M","E","?","E","T","R","E","M","$","E","R","B",null,"M","M","M","M","?","E","M","E","T","?","$","E","R","$","R","B",null,"M","?","M","$","?","E","R","M","T","E","M","$","E","E","R","B",null,"M","M","?","$","R","M","R","$","?","B",null],"character_chosen":"Hololive_HololiveCharacter","items_purchased":["Turnip","Hololive_FlyingPonyTail","Membership Card","Replay:Arrowhead","Ancient Tea Set","Hololive_CallTsunomakiWatame","Hololive_Spy","Hololive_Yoholoon","PreservedInsect","Replay:Ringing Soul","Frozen Eye","Hololive_Yoholoon","Juzu Bracelet","White Beast Statue","Strange Spoon","Hololive_RevenueBasedLive","Blue Doll","BargainBundle","WingedGreaves","Hololive_CallHoshimachiSuisei","Hololive_Spy","Hololive_BringToTrial","Snack Pack","Pen Nib","Chemical X","Hololive_CallNekomataOkayu","Hololive_Nanodesu","Molten Egg 2","Matryoshka","ReplayTheSpireMod:ShopPack","Hololive_BringToTrial+1","Hololive_Yoholoon+1"],"campfire_rested":5,"item_purchase_floors":[13,13,28,28,28,28,28,28,31,31,31,31,38,38,38,38,46,46,46,46,46,46,55,55,55,55,55,59,59,59,59,59],"current_hp_per_floor":[35,35,35,35,35,45,45,45,45,45,45,45,45,45,45,45,45,45,48,48,48,48,55,55,55,55,55,55,55,55,58,58,58,58,61,64,67,70,64,69,79,82,82,85,88,91,94,97,100,103,103,106,108,108,111,111,114,119,126,126,129,129,129],"gold":2054,"neow_bonus":"","is_daily":false,"chose_seed":false,"campfire_upgraded":2,"win_rate":0.0,"timestamp":1611320305,"path_taken":["M","M","M","M","M","E","?","E","T","R","E","?","$","E","R","BOSS","M","M","M","?","?","E","M","E","T","?","$","E","R","?","R","BOSS","M","?","M","$","?","E","R","M","T","E","M","$","E","E","R","BOSS","M","M","?","$","R","M","R","$","?","BOSS"],"items_purchased_type":["Relic","Card","Relic","Relic","Relic","Card","Card","Card","Relic","Relic","Relic","Card","Relic","Relic","Relic","Card","Relic","Relic","Relic","Card","Card","Card","Relic","Relic","Relic","Card","Card","Relic","Relic","Relic","Card","Card"],"build_version":"2020-12-22","purchased_purges":3,"victory":false,"max_hp_per_floor":[35,35,35,35,35,45,45,45,45,45,45,45,45,45,45,45,45,45,48,48,48,48,55,55,55,55,55,55,55,55,58,58,58,58,61,64,67,70,73,76,79,82,82,85,88,91,94,97,100,103,103,106,108,108,111,111,114,119,126,126,129,129,129],"card_choices":[{"not_picked":["Hololive_CocoNews","Hololive_SoulCatcher"],"picked":"Hololive_DevilCharm","floor":0.0},{"not_picked":["Hololive_RevenueBasedLive","Hololive_OvertimeWork"],"picked":"Hololive_Rebound","floor":0.0},{"not_picked":["Hololive_FlyingPonyTail","Hololive_StrengthChampion"],"picked":"Hololive_CallSakuraMiko","floor":0.0},{"not_picked":["Hololive_LuckPotion","Hololive_Rebound"],"picked":"Hololive_CallOzoraSubaru","floor":0.0},{"not_picked":["Hololive_CallAiraniIofifteen","Hololive_Drill"],"picked":"Hololive_CallUsadaPekora","floor":0.0},{"not_picked":["Hololive_OvertimeWork","Hololive_Breathe"],"picked":"Hololive_LuckPotion","floor":0.0},{"not_picked":["Hololive_Sequa","Hololive_FlyingPonyTail"],"picked":"Hololive_StrengthChampion","floor":0.0},{"not_picked":["Hololive_Rebound","Hololive_CallYukihanaLamy"],"picked":"Hololive_CocoNews","floor":0.0},{"not_picked":["Hololive_Trident","Hololive_OvertimeWork"],"picked":"Hololive_Drill","floor":0.0},{"not_picked":["Hololive_CallFriendA","Hololive_Trident"],"picked":"Hololive_LuckPotion","floor":0.0},{"not_picked":["Hololive_Trident","Hololive_HuntDinosaur"],"picked":"Hololive_LuckPotion","floor":0.0},{"not_picked":["Hololive_Drill","Hololive_Psychosis"],"picked":"Hololive_DevilCharm","floor":0.0},{"not_picked":["Hololive_HuntDinosaur","Hololive_RevenueBasedLive"],"picked":"Hololive_LuckPotion","floor":0.0},{"not_picked":["Hololive_CallAmaneKanata","Hololive_CallYuzukiChoco"],"picked":"Hololive_CallMoonaHoshinova","floor":0.0},{"not_picked":["Hololive_Drill","Hololive_Psychosis"],"picked":"Hololive_CallInugamiKorone","floor":0.0},{"not_picked":["Hololive_StrengthChampion","Hololive_FlyingPonyTail","Hololive_Breathe"],"picked":"Hololive_CallSpadeEcho","floor":1},{"not_picked":["Hololive_CocoNews","Hololive_HuntDinosaur","Hololive_CallNekomataOkayu"],"picked":"Hololive_CallShirakamiFubuki","floor":2},{"not_picked":["Hololive_Sequa","Hololive_StrengthChampion","Hololive_CallMoonaHoshinova"],"picked":"Hololive_CallShiroganeNoel","floor":3},{"not_picked":["Hololive_LuckPotion","Hololive_Breathe","Hololive_Psychosis"],"picked":"Hololive_CallShishiroBotan","floor":4},{"not_picked":["Hololive_Rebound","Hololive_BeCareful","Hololive_Drill"],"picked":"Hololive_RevenueBasedLive","floor":5},{"not_picked":["Hololive_Recruit","Hololive_Thief","Hololive_AWSL"],"picked":"Hololive_DiamondStrike","floor":6},{"not_picked":["Hololive_FlareMind","Hololive_ScarfAndHalo","Hololive_HighAtkLowDef"],"picked":"Hololive_WolfAndLamb","floor":8},{"not_picked":["Hololive_Nanodesu","Hololive_DurableLive","Hololive_MaximGun"],"picked":"Hololive_DDD","floor":11},{"not_picked":["Hololive_CallYogiri","Hololive_StrengthChampion","Hololive_Breathe"],"picked":"Hololive_CallOmaruPolka","floor":12},{"not_picked":["Hololive_ASMR","Hololive_Rebirth","Hololive_Recruit","Hololive_DDD"],"picked":"SKIP","floor":14},{"not_picked":["Hololive_WolfAndLamb","Hololive_HighAtkLowDef","Hololive_ScarfAndHalo"],"picked":"Hololive_DDD","floor":16},{"not_picked":["Hololive_Trident+1","Hololive_HuntDinosaur","Hololive_Drill+1"],"picked":"Hololive_ILoveYou","floor":18},{"not_picked":["Hololive_OvertimeWork","Hololive_Watashimo","Hololive_Trident","Hololive_Psychosis"],"picked":"Hololive_CocoNews","floor":19},{"not_picked":["Hololive_OvertimeWork","Hololive_CallMurasakiShion","Hololive_CallHoushouMarine","Hololive_Watashimo","Hololive_Drill"],"picked":"SKIP","floor":19},{"not_picked":["Hololive_Drill+1","Hololive_Breathe","Hololive_Sequa","Hololive_CocoNews"],"picked":"Hololive_MaximGun","floor":20},{"not_picked":["Hololive_OpenUp","Hololive_Watashimo+1","Hololive_CallAyundaRisu","Hololive_CallShishiroBotan","Hololive_Drill"],"picked":"SKIP","floor":20},{"not_picked":["Hololive_Drill","Hololive_HuntDinosaur","Hololive_RevenueBasedLive"],"picked":"Hololive_StrengthChampion","floor":21},{"not_picked":["Hololive_ScarfAndHalo","Hololive_OpenUp","Hololive_DurableLive"],"picked":"Hololive_IdolExercise","floor":23},{"not_picked":["Hololive_FlyingPonyTail","Hololive_Psychosis+1","Hololive_Breathe+1"],"picked":"Hololive_CocoNews","floor":24},{"not_picked":["Hololive_ASMR","Hololive_Nanodesu","Hololive_WolfAndLamb"],"picked":"Hololive_Thief","floor":25},{"not_picked":["Hololive_Nanodesu","Hololive_IdolExercise","Hololive_DurableLive","Hololive_StarCraft"],"picked":"Hololive_Thief","floor":29},{"not_picked":["Hololive_CallShishiroBotan+1","Hololive_CallNakiriAyame+1","Hololive_HuntDinosaur","Hololive_CallSpadeEcho+1"],"picked":"Hololive_RevenueBasedLive","floor":35},{"not_picked":["Hololive_CallUruhaRushia","Hololive_CallAiraniIofifteen","Hololive_Drill","Hololive_HuntDinosaur"],"picked":"Hololive_CallYozoraMel+1","floor":36},{"not_picked":["Hololive_CallHoushouMarine","Hololive_CallSpadeEcho+1","Hololive_OvertimeWork+1","Hololive_StrengthChampion+1"],"picked":"Hololive_CocoNews","floor":37},{"not_picked":["Hololive_IdolExercise","Hololive_StarCraft","Hololive_BeCareful","Hololive_ScarfAndHalo"],"picked":"Hololive_DDD","floor":40},{"not_picked":["Hololive_LuckPotion","Hololive_Breathe+1","Hololive_CallHoushouMarine+1","Hololive_Rebound+1"],"picked":"Hololive_CallOkamiMio+1","floor":42},{"not_picked":["Hololive_WolfAndLamb","Hololive_FlareMind","Hololive_ASMR","Hololive_MaximGun"],"picked":"Hololive_IdolExercise","floor":44},{"not_picked":["Hololive_Breathe+1","Hololive_HuntDinosaur+1","Hololive_CallSakuraMiko","Hololive_CocoNews+1"],"picked":"Hololive_Teleport+1","floor":45},{"not_picked":["Hololive_MaximGun","Hololive_ASMR","Hololive_DDD","Hololive_StarCraft"],"picked":"Hololive_Rebirth","floor":47},{"not_picked":["Hololive_ASMR","Hololive_WolfAndLamb","Hololive_ScarfAndHalo","Hololive_DDD"],"picked":"Hololive_BeCareful","floor":48},{"not_picked":["Hololive_BeCareful","Hololive_Thief","Hololive_Rebirth","Hololive_DurableLive"],"picked":"Hololive_Recruit","floor":50},{"not_picked":["Hololive_CocoNews+1","Hololive_RevenueBasedLive","Hololive_CallManoAloe","Hololive_FlyingPonyTail"],"picked":"Hololive_SummonFox","floor":52},{"not_picked":["Hololive_CallShishiroBotan+1","Hololive_CocoNews+1","Hololive_Trident+1","Hololive_Sequa+1","Hololive_Rebound"],"picked":"Singing Bowl","floor":53},{"not_picked":["Hololive_Rebound","Hololive_CallShirakamiFubuki","Hololive_IdolExercise","Hololive_Sequa+1"],"picked":"Hololive_StrengthChampion+1","floor":57},{"not_picked":["Hololive_HuntDinosaur+1","Hololive_Drill+1","Hololive_OvertimeWork+1","Hololive_Trident+1"],"picked":"Hololive_SoulCatcher+1","floor":58},{"not_picked":["Hololive_FlyingPonyTail","Hololive_CallOzoraSubaru+1","Hololive_CallAkiRosenthal","Hololive_DevilCharm","Hololive_Breathe"],"picked":"Singing Bowl","floor":58},{"not_picked":["Metamorphosis","Sadistic Nature","Violence","Secret Weapon"],"picked":"ReplayUltimateDefense","floor":59},{"not_picked":["Bandage Up","PanicButton","SpeedBlade2_Colorless","Swift Strike","Madness"],"picked":"Singing Bowl","floor":59},{"not_picked":["Replay:Bootleg Shield Generator","Thinking Ahead","Impatience","Bandage Up","ReplayTheSpireMod:Uncanny Aura"],"picked":"Singing Bowl","floor":59},{"not_picked":["Hololive_FlareMind","Hololive_ScarfAndHalo+1","Hololive_Nanodesu+1","Hololive_HighAtkLowDef"],"picked":"Hololive_BeCareful","floor":61}],"player_experience":606120,"relics_obtained":[{"floor":6,"key":"Pear"},{"floor":8,"key":"Divine Protection"},{"floor":9,"key":"StrikeDummy"},{"floor":11,"key":"Circlet"},{"floor":14,"key":"Bottled Flame"},{"floor":23,"key":"Blood Vial"},{"floor":23,"key":"Strawberry"},{"floor":25,"key":"Unceasing Top"},{"floor":25,"key":"Meat on the Bone"},{"floor":26,"key":"Question Card"},{"floor":27,"key":"Red Mask"},{"floor":29,"key":"ReplayFunnel"},{"floor":29,"key":"Bottled Tornado"},{"floor":36,"key":"Replay:PocketPolymizer"},{"floor":40,"key":"Circlet"},{"floor":40,"key":"Circlet"},{"floor":43,"key":"Circlet"},{"floor":44,"key":"FossilizedHelix"},{"floor":44,"key":"Pocketwatch"},{"floor":47,"key":"Replay:Multitool"},{"floor":47,"key":"Singing Bowl"},{"floor":48,"key":"Replay:WaspNest"},{"floor":48,"key":"Replay:Bottled Snecko"},{"floor":49,"key":"Ring of Fangs"},{"floor":53,"key":"paleoftheancients:SoulOfTheShowman"},{"floor":54,"key":"Ring of Peace"},{"floor":58,"key":"Circlet"}],"event_choices":[{"damage_healed":0,"gold_gain":100,"player_choice":"Pray","damage_taken":0,"max_hp_gain":0,"max_hp_loss":0,"event_name":"Golden Shrine","floor":7,"gold_loss":0},{"damage_healed":16,"gold_gain":0,"player_choice":"Heal","damage_taken":0,"max_hp_gain":0,"max_hp_loss":0,"event_name":"The Library","floor":22,"gold_loss":0},{"damage_healed":0,"gold_gain":0,"player_choice":"Fought Bandits","damage_taken":0,"max_hp_gain":0,"max_hp_loss":0,"event_name":"Masked Bandits","floor":27,"gold_loss":0},{"damage_healed":0,"gold_gain":0,"player_choice":"Fight","damage_taken":0,"max_hp_gain":0,"max_hp_loss":0,"event_name":"Mysterious Sphere","floor":36,"gold_loss":0},{"damage_healed":0,"gold_gain":0,"player_choice":"Embrace Madness","damage_taken":9,"max_hp_gain":0,"max_hp_loss":0,"event_name":"Winding Halls","floor":39,"gold_loss":0,"cards_obtained":["Madness","Madness"]}],"is_beta":false,"boss_relics":[{"not_picked":["Hololive_ChaosS","Replay:Fungal Core"],"picked":"Black Star"},{"not_picked":["Snecko Heart","Hololive_Finger"],"picked":"Sozu"},{"not_picked":["Replay:Bronze Core","Ring of Chaos"],"picked":"Fusion Hammer"},{"not_picked":["Painkiller Herb","Snecko Eye"],"picked":"Hololive_TopUpMoneyS"}],"items_purged_floors":[38,55,59],"is_endless":true,"potions_floor_spawned":[2,4,6,11,18,20,25,33,35,37,40,42,44,45,47,48,50,52,53,57,61],"ascension_level":0}}