{"host":"2lo6hma6kymb0g9i","time":1611340621,"event":{"mods":["BaseMod","Colored Map","DeckTracker","Minty Spire (QoL Compilation)"],"gold_per_floor":[119,119,44,44,44,76,93,93,393,407,421,441,252,270,270,346,346,358,328,203,203,203,203],"floor_reached":22,"language":"JPN","playtime":961,"items_purged":["Strike_R","Strike_R","Strike_R"],"score":422,"play_id":"1a6a56fd-5d7d-4bb2-ae56-24697eb0f2be","local_time":"20210123033701","is_ascension_mode":true,"campfire_choices":[{"data":"Inflame","floor":8,"key":"SMITH"},{"data":"Fire Breathing","floor":15,"key":"SMITH"}],"circlet_count":0,"master_deck":["AscendersBane","Strike_R","Defend_R+1","Defend_R","Defend_R","Defend_R+1","Bash","Inflame+1","Shrug It Off","Anger","Heavy Blade","Feel No Pain","Fire Breathing+1","Corruption","True Grit"],"relics":["Burning Blood","NeowsBlessing","GremlinMask","Charon\u0027s Ashes","Old Coin","Runic Pyramid"],"acts_visited":["Exordium","TheCity"],"potions_floor_usage":[16,22],"damage_taken":[{"damage":0,"enemies":"Jaw Worm","floor":1,"turns":1},{"damage":0,"enemies":"Lagavulin","floor":6,"turns":1},{"damage":0,"enemies":"Cultist","floor":7,"turns":1},{"damage":1,"enemies":"Small Slimes","floor":10,"turns":3},{"damage":9,"enemies":"Looter","floor":11,"turns":4},{"damage":1,"enemies":"Red Slaver","floor":12,"turns":3},{"damage":23,"enemies":"Exordium Thugs","floor":14,"turns":5},{"damage":46,"enemies":"Hexaghost","floor":16,"turns":8},{"damage":17,"enemies":"Shell Parasite","floor":18,"turns":6},{"damage":26,"enemies":"2 Thieves","floor":19,"turns":4},{"damage":14,"enemies":"Snake Plant","floor":22,"turns":2}],"seed_played":"-4919153179109058829","potions_obtained":[{"floor":1,"key":"ColorlessPotion"},{"floor":7,"key":"BlessingOfTheForge"},{"floor":10,"key":"DuplicationPotion"},{"floor":18,"key":"CultistPotion"}],"is_trial":false,"path_per_floor":["M","?","$","?","?","E","M","R","T","M","M","M","$","M","R","B",null,"M","M","$","?","M"],"character_chosen":"IRONCLAD","items_purchased":["Fire Breathing"],"campfire_rested":0,"item_purchase_floors":[13],"current_hp_per_floor":[74,74,74,51,51,57,63,63,63,68,65,70,70,53,53,13,60,49,29,29,8,0,0],"gold":203,"neow_bonus":"THREE_ENEMY_KILL","is_daily":false,"chose_seed":false,"campfire_upgraded":2,"win_rate":0.0,"timestamp":1611340621,"path_taken":["M","?","?","?","?","E","M","R","T","M","M","M","$","M","R","BOSS","M","M","$","?","M"],"items_purchased_type":["Card"],"build_version":"2020-12-22","purchased_purges":3,"victory":false,"max_hp_per_floor":[75,75,75,75,75,75,75,75,75,75,75,75,75,75,75,75,75,75,75,75,80,80,80],"card_choices":[{"not_picked":["Flame Barrier","Heavy Blade"],"picked":"Inflame","floor":1},{"not_picked":["Rage","Offering"],"picked":"Shrug It Off","floor":6},{"not_picked":["Sword Boomerang","Body Slam"],"picked":"Anger","floor":7},{"not_picked":["Warcry","Thunderclap","Iron Wave"],"picked":"SKIP","floor":10},{"not_picked":["Clothesline","Seeing Red"],"picked":"Heavy Blade","floor":11},{"not_picked":["Havoc","Pummel"],"picked":"Feel No Pain","floor":12},{"not_picked":["Clash","Rupture","Armaments"],"picked":"SKIP","floor":14},{"not_picked":["Fiend Fire","Barricade"],"picked":"Corruption","floor":16},{"not_picked":["Ghostly Armor+1","Warcry"],"picked":"True Grit","floor":18},{"not_picked":["Metallicize","Flame Barrier","Blood for Blood"],"picked":"SKIP","floor":19}],"player_experience":1115258,"relics_obtained":[{"floor":6,"key":"Charon\u0027s Ashes"},{"floor":9,"key":"Old Coin"}],"event_choices":[{"damage_healed":0,"gold_gain":0,"player_choice":"Trade","damage_taken":0,"relics_obtained":["GremlinMask"],"max_hp_gain":0,"max_hp_loss":0,"event_name":"FaceTrader","floor":2,"gold_loss":0},{"damage_healed":0,"gold_gain":0,"player_choice":"Entered Light","damage_taken":23,"max_hp_gain":0,"max_hp_loss":0,"event_name":"Shining Light","floor":4,"gold_loss":0,"cards_upgraded":["Defend_R","Defend_R"]},{"cards_removed":["Strike_R"],"damage_healed":0,"gold_gain":0,"player_choice":"Offered Basic","damage_taken":0,"max_hp_gain":0,"max_hp_loss":0,"event_name":"Bonfire Elementals","floor":5,"gold_loss":0},{"damage_healed":0,"gold_gain":0,"player_choice":"Shed Blood","damage_taken":26,"max_hp_gain":5,"max_hp_loss":0,"event_name":"Forgotten Altar","floor":21,"gold_loss":0}],"is_beta":false,"boss_relics":[{"not_picked":["Busted Crown","Coffee Dripper"],"picked":"Runic Pyramid"}],"items_purged_floors":[3,13,20],"is_endless":false,"potions_floor_spawned":[1,7,10,18],"killed_by":"Snake Plant","ascension_level":20}}