{"host":"opyh6vr790e42ffe","time":1611342813,"event":{"mods":["BaseMod","Bestiary","Colored Map","Highlight Path","Minty Spire (QoL Compilation)","Relic Stats","StSLib"],"gold_per_floor":[109,125,125,125,135,168,168,193,193,20,20,45,45,64,64,135,135,147,197,112,128,138,166,183,209,209,309,33,33,59,59,59,131,131,150,166,9,9,28,60,60,71,96,127,127,137,137,173,173,173,173,173,173,5,37,37],"floor_reached":57,"language":"ENG","playtime":3991,"items_purged":["Strike_P","Defend_P"],"score":2876,"play_id":"0cb2d432-40f1-4966-8937-e2e6e4158664","local_time":"20210122111333","is_ascension_mode":true,"campfire_choices":[{"data":"Conclude","floor":7.0,"key":"SMITH"},{"data":"WaveOfTheHand","floor":11.0,"key":"SMITH"},{"data":"FollowUp","floor":13.0,"key":"SMITH"},{"data":"Purity","floor":15.0,"key":"SMITH"},{"floor":29.0,"key":"REST"},{"data":"DevaForm","floor":32.0,"key":"SMITH"},{"data":"TalkToTheHand","floor":41.0,"key":"SMITH"},{"floor":47,"key":"RECALL"},{"data":"Wish","floor":49,"key":"SMITH"},{"data":"SpiritShield","floor":53,"key":"SMITH"}],"circlet_count":0,"master_deck":["AscendersBane","Strike_P+1","Strike_P+1","Defend_P+1","Eruption+1","Vigilance+1","Conclude+1","EmptyFist+1","FollowUp+1","Worship+1","WaveOfTheHand+1","Purity+1","EmptyMind+1","Consecrate+1","LessonLearned+1","JustLucky+1","SashWhip+1","Prostrate+1","FlurryOfBlows+1","Halt+1","Devotion+1","Pray+1","DevaForm+1","MasterReality+1","SpiritShield+1","Halt+1","Fasting2+1","Madness+1","Madness+1","TalkToTheHand+1","Nirvana+1","Wish+1","Indignation+1","TalkToTheHand+1"],"relics":["Runic Pyramid","Blue Candle","Centennial Puzzle","Lizard Tail","Dead Branch","Shuriken","Empty Cage","Thread and Needle","Bag of Marbles","Mercury Hourglass","Yang","CloakClasp","Meat on the Bone","Bottled Flame","Coffee Dripper","Medical Kit","Blood Vial","Bag of Preparation","Bronze Scales","Oddly Smooth Stone"],"acts_visited":["Exordium","TheCity","TheBeyond","TheEnding"],"potions_floor_usage":[51],"damage_taken":[{"damage":0.0,"enemies":"Small Slimes","floor":1.0,"turns":3.0},{"damage":2.0,"enemies":"Jaw Worm","floor":2.0,"turns":3.0},{"damage":0.0,"enemies":"Cultist","floor":5.0,"turns":2.0},{"damage":3.0,"enemies":"Gremlin Nob","floor":6.0,"turns":3.0},{"damage":0.0,"enemies":"Lagavulin","floor":8.0,"turns":4.0},{"damage":0.0,"enemies":"Gremlin Nob","floor":12.0,"turns":2.0},{"damage":7.0,"enemies":"Large Slime","floor":14.0,"turns":4.0},{"damage":13.0,"enemies":"Hexaghost","floor":16.0,"turns":9.0},{"damage":21.0,"enemies":"Shell Parasite","floor":18.0,"turns":4.0},{"damage":0.0,"enemies":"Spheric Guardian","floor":21.0,"turns":3.0},{"damage":1.0,"enemies":"Chosen and Byrds","floor":22.0,"turns":5.0},{"damage":4.0,"enemies":"Gremlin Leader","floor":23.0,"turns":3.0},{"damage":10.0,"enemies":"Snake Plant","floor":24.0,"turns":4.0},{"damage":12.0,"enemies":"Book of Stabbing","floor":25.0,"turns":4.0},{"damage":0.0,"enemies":"Colosseum Slavers","floor":27.0,"turns":4.0},{"damage":0.0,"enemies":"Colosseum Nobs","floor":27.0,"turns":4.0},{"damage":0.0,"enemies":"Gremlin Leader","floor":30.0,"turns":4.0},{"damage":25.0,"enemies":"Automaton","floor":33.0,"turns":7.0},{"damage":14.0,"enemies":"3 Darklings","floor":35.0,"turns":3.0},{"damage":0.0,"enemies":"3 Shapes","floor":36.0,"turns":6.0},{"damage":0.0,"enemies":"Writhing Mass","floor":39.0,"turns":6.0},{"damage":3.0,"enemies":"Nemesis","floor":40.0,"turns":7.0},{"damage":9.0,"enemies":"3 Darklings","floor":42.0,"turns":3.0},{"damage":31,"enemies":"Reptomancer","floor":44,"turns":7},{"damage":0,"enemies":"Sphere and 2 Shapes","floor":46,"turns":5},{"damage":0,"enemies":"Maw","floor":48,"turns":4},{"damage":34,"enemies":"Time Eater","floor":50,"turns":6},{"damage":38,"enemies":"Awakened One","floor":51,"turns":13},{"damage":42,"enemies":"Shield and Spear","floor":55,"turns":8},{"damage":28,"enemies":"The Heart","floor":56,"turns":10}],"seed_played":"4868546945147522530","potions_obtained":[{"floor":1.0,"key":"AttackPotion"},{"floor":5.0,"key":"FearPotion"},{"floor":12.0,"key":"BlessingOfTheForge"},{"floor":40.0,"key":"EssenceOfSteel"},{"floor":42.0,"key":"FearPotion"},{"floor":44,"key":"ColorlessPotion"}],"is_trial":false,"path_per_floor":["M","M","?","T","M","E","R","E","T","$","R","E","R","M","R","B",null,"M","?","?","M","M","E","M","E","T","?","$","R","E","$","R","B",null,"M","M","$","?","M","E","R","M","T","E","?","M","R","M","R","B","B",null,"R","$","E","B",null],"character_chosen":"WATCHER","items_purchased":["Purity","DevaForm","Medical Kit","Bronze Scales"],"campfire_rested":1,"item_purchase_floors":[10,28,37,54],"current_hp_per_floor":[61,59,59,59,59,56,56,56,56,56,56,56,56,49,49,36,60,39,39,39,39,38,34,24,12,12,12,12,32,44,44,44,31,59,45,45,45,33,45,42,42,35,35,18,18,32,32,46,46,26,39,61,61,61,33,19],"gold":37,"neow_bonus":"BOSS_RELIC","is_daily":false,"chose_seed":false,"campfire_upgraded":8,"win_rate":0.0,"timestamp":1611342813,"path_taken":["M","M","?","?","M","E","R","E","T","$","R","E","R","?","R","BOSS","M","?","?","M","M","E","M","E","T","?","$","R","E","?","R","BOSS","M","?","$","?","M","E","R","M","T","E","?","M","R","M","R","BOSS","BOSS","R","$","E","BOSS"],"items_purchased_type":["Card","Card","Relic","Relic"],"build_version":"2020-12-22","purchased_purges":2,"victory":true,"max_hp_per_floor":[68,68,68,68,68,68,68,68,68,68,68,68,68,68,68,68,68,68,68,68,68,68,68,68,68,68,68,68,68,68,68,68,68,68,68,68,68,68,68,68,68,68,68,68,68,68,68,68,68,68,68,68,68,68,68,68],"relic_stats":{"counters":[30,150],"Blue Candle":[0],"Dead Branch":[165],"Yang":[234],"CloakClasp":[375],"Bag of Preparation":[12],"Medical Kit":[7],"Mercury Hourglass":[386],"Blood Vial":16,"Centennial Puzzle":[48],"Lizard Tail":34,"Shuriken":[64],"Bronze Scales":[177],"obtain_stats":[{"Blue Candle":4,"Dead Branch":9,"Oddly Smooth Stone":55,"Thread and Needle":20,"Yang":26,"CloakClasp":27,"Bag of Preparation":44,"Empty Cage":17,"Medical Kit":37,"Mercury Hourglass":25,"Blood Vial":40,"Centennial Puzzle":6,"Lizard Tail":8,"Bottled Flame":30,"Shuriken":12,"Bronze Scales":54,"Bag of Marbles":23,"Coffee Dripper":34,"PureWater":0,"Runic Pyramid":0,"Meat on the Bone":27},{"Blue Candle":2,"Dead Branch":5,"Oddly Smooth Stone":29,"Thread and Needle":9,"Yang":14,"CloakClasp":16,"Bag of Preparation":24,"Empty Cage":8,"Medical Kit":20,"Mercury Hourglass":14,"Blood Vial":22,"Centennial Puzzle":4,"Lizard Tail":5,"Bottled Flame":17,"Shuriken":6,"Bronze Scales":28,"Bag of Marbles":12,"Coffee Dripper":18,"PureWater":0,"Runic Pyramid":0,"Meat on the Bone":16},{"Blue Candle":6,"Dead Branch":15,"Oddly Smooth Stone":140,"Thread and Needle":34,"Yang":53,"CloakClasp":61,"Bag of Preparation":104,"Empty Cage":30,"Medical Kit":81,"Mercury Hourglass":53,"Blood Vial":94,"Centennial Puzzle":11,"Lizard Tail":15,"Bottled Flame":65,"Shuriken":17,"Bronze Scales":132,"Bag of Marbles":45,"Coffee Dripper":72,"PureWater":0,"Runic Pyramid":0,"Meat on the Bone":61}],"Meat on the Bone":120},"card_choices":[{"not_picked":["BowlingBash","DeceiveReality"],"picked":"Conclude","floor":1.0},{"not_picked":["Prostrate","CutThroughFate"],"picked":"EmptyFist","floor":2.0},{"not_picked":["Halt","EmptyMind"],"picked":"FollowUp","floor":5.0},{"not_picked":["Alpha","SandsOfTime"],"picked":"Worship","floor":6.0},{"not_picked":["MasterReality","Evaluate"],"picked":"WaveOfTheHand","floor":8.0},{"not_picked":["Prostrate","EmptyBody"],"picked":"EmptyMind","floor":12.0},{"not_picked":["JustLucky","FlyingSleeves"],"picked":"Consecrate","floor":14.0},{"not_picked":["Brilliance","Vault"],"picked":"LessonLearned","floor":16.0},{"not_picked":["Crescendo","SashWhip"],"picked":"JustLucky","floor":18.0},{"not_picked":["Vengeance+1","CutThroughFate"],"picked":"SashWhip+1","floor":21.0},{"not_picked":["JustLucky","ThirdEye"],"picked":"Prostrate+1","floor":22.0},{"not_picked":["SashWhip","InnerPeace"],"picked":"FlurryOfBlows","floor":23.0},{"not_picked":["EmptyFist+1","Swivel"],"picked":"Halt","floor":24.0},{"not_picked":["FlurryOfBlows","PathToVictory"],"picked":"Devotion","floor":25.0},{"not_picked":["WreathOfFlame","Crescendo"],"picked":"Pray","floor":27.0},{"not_picked":["ForeignInfluence","SashWhip"],"picked":"MasterReality","floor":30.0},{"not_picked":["DeusExMachina","Brilliance"],"picked":"SpiritShield","floor":33.0},{"not_picked":["Crescendo","ClearTheMind"],"picked":"Halt","floor":35.0},{"not_picked":["EmptyFist","ReachHeaven"],"picked":"Fasting2","floor":36.0},{"not_picked":["WheelKick","SashWhip","EmptyFist"],"picked":"SKIP","floor":39.0},{"not_picked":["FlurryOfBlows","Prostrate"],"picked":"TalkToTheHand","floor":40.0},{"not_picked":["Consecrate","Crescendo+1"],"picked":"Nirvana+1","floor":42.0},{"not_picked":["CutThroughFate","FlurryOfBlows"],"picked":"Wish","floor":44},{"not_picked":["Prostrate","Halt"],"picked":"Indignation+1","floor":46},{"not_picked":["EmptyFist","ThirdEye","WaveOfTheHand+1"],"picked":"SKIP","floor":48},{"not_picked":["FollowUp+1","BowlingBash"],"picked":"TalkToTheHand+1","floor":55}],"player_experience":2422846,"relics_obtained":[{"floor":4.0,"key":"Blue Candle"},{"floor":6.0,"key":"Centennial Puzzle"},{"floor":8.0,"key":"Lizard Tail"},{"floor":9.0,"key":"Dead Branch"},{"floor":12.0,"key":"Shuriken"},{"floor":23.0,"key":"Bag of Marbles"},{"floor":25.0,"key":"Mercury Hourglass"},{"floor":26.0,"key":"Yang"},{"floor":27.0,"key":"CloakClasp"},{"floor":27.0,"key":"Meat on the Bone"},{"floor":30.0,"key":"Bottled Flame"},{"floor":40.0,"key":"Blood Vial"},{"floor":44,"key":"Bag of Preparation"},{"floor":55,"key":"Oddly Smooth Stone"}],"event_choices":[{"damage_healed":0.0,"max_hp_gain":0.0,"max_hp_loss":0.0,"gold_gain":0.0,"event_name":"Living Wall","player_choice":"Grow","floor":3.0,"gold_loss":0.0,"damage_taken":0.0,"cards_upgraded":["Eruption"]},{"damage_healed":0.0,"max_hp_gain":0.0,"max_hp_loss":0.0,"gold_gain":50.0,"event_name":"Nest","player_choice":"Stole From Cult","floor":19.0,"gold_loss":0.0,"damage_taken":0.0},{"damage_healed":0.0,"max_hp_gain":0.0,"max_hp_loss":0.0,"gold_gain":0.0,"event_name":"Addict","player_choice":"Obtained Relic","floor":20.0,"gold_loss":85.0,"damage_taken":0.0,"relics_obtained":["Thread and Needle"]},{"damage_healed":0.0,"max_hp_gain":0.0,"max_hp_loss":0.0,"gold_gain":0.0,"event_name":"Colosseum","player_choice":"Fight","floor":27.0,"gold_loss":0.0,"damage_taken":0.0},{"damage_healed":0.0,"max_hp_gain":0.0,"max_hp_loss":0.0,"gold_gain":0.0,"event_name":"Colosseum","player_choice":"Fought Nobs","floor":27.0,"gold_loss":0.0,"damage_taken":0.0},{"damage_healed":0.0,"max_hp_gain":0.0,"max_hp_loss":0.0,"gold_gain":0.0,"event_name":"Winding Halls","player_choice":"Embrace Madness","floor":38.0,"gold_loss":0.0,"damage_taken":12.0,"cards_obtained":["Madness","Madness"]},{"cards_removed":["Defend_P"],"damage_healed":0,"gold_gain":0,"player_choice":"Purged","damage_taken":0,"max_hp_gain":0,"max_hp_loss":0,"event_name":"Purifier","floor":45,"gold_loss":0}],"is_beta":false,"boss_relics":[{"not_picked":["SacredBark","Snecko Eye"],"picked":"Empty Cage"},{"not_picked":["Sozu","Velvet Choker"],"picked":"Coffee Dripper"}],"items_purged_floors":[10,28],"is_endless":false,"potions_floor_spawned":[1,5,12,16,18,23,27,40,42,44],"ascension_level":20}}