{"host":"0mk07bycsqo1qk03","time":1611313684,"event":{"mods":["BaseMod","Downfall","Hermit","Hubris","Minty Spire (QoL Compilation)","StSLib","The Cursed"],"gold_per_floor":[116,41,60,60,60,60,335,366,392,405,405,417,64,79,79,153,153,171,185,17,17,17,17,17,17],"floor_reached":24,"language":"ENG","playtime":479,"items_purged":["Regret"],"score":438,"play_id":"5a75e98c-9e9e-44c3-badf-361be2b62cb3","local_time":"20210122120804","is_ascension_mode":true,"campfire_choices":[{"data":"Carnage","floor":6,"key":"SMITH"},{"data":"Bash","floor":11,"key":"SMITH"},{"data":"Spot Weakness","floor":15,"key":"SMITH"},{"data":"Limit Break","floor":23,"key":"SMITH"}],"circlet_count":0,"master_deck":["AscendersBane","Strike_R","Strike_R","Strike_R","Strike_R","Defend_R","Defend_R+1","Defend_R+1","Defend_R","Bash+1","Carnage+1","Intimidate","Headbutt","hubris:ReadiedAction","hubris:ReadiedAction","Spot Weakness+1","Limit Break+1","Whirlwind","Armaments+1","Ghostly","Ghostly","Ghostly","Heavy Blade"],"relics":["Burning Blood","NeowsBlessing","Akabeko","Toy Ornithopter","Nunchaku","hubris:Backtick","Brimstone","HandDrill"],"acts_visited":["Exordium","TheCity"],"potions_floor_usage":[12,16,18,19],"damage_taken":[{"damage":0,"enemies":"2 Louse","floor":1,"turns":1},{"damage":0,"enemies":"Small Slimes","floor":3,"turns":1},{"damage":0,"enemies":"Gremlin Nob","floor":8,"turns":1},{"damage":1,"enemies":"Cultist","floor":10,"turns":3},{"damage":2,"enemies":"Looter","floor":12,"turns":2},{"damage":9,"enemies":"Blue Slaver","floor":14,"turns":3},{"damage":74,"enemies":"Hexaghost","floor":16,"turns":10},{"damage":12,"enemies":"2 Thieves","floor":18,"turns":2},{"damage":40,"enemies":"Shell Parasite","floor":19,"turns":5},{"damage":39,"enemies":"Book of Stabbing","floor":24,"turns":5}],"seed_played":"-7769844323496068508","potions_obtained":[{"floor":1,"key":"PowerPotion"},{"floor":8,"key":"Energy Potion"},{"floor":18,"key":"Guardian:BlockOnCardUsePotion"}],"is_trial":false,"path_per_floor":["M","?","M","?","?","R","?","E","T","M","R","M","$","M","R","B",null,"M","M","$","?","?","R","E"],"character_chosen":"IRONCLAD","items_purchased":["Nunchaku","hubris:ReadiedAction","BloodPotion","HandDrill"],"campfire_rested":0,"item_purchase_floors":[13,13,13,20],"current_hp_per_floor":[74,74,75,52,52,52,52,58,58,63,63,72,72,69,69,21,62,61,32,32,32,32,32,0,0],"gold":17,"neow_bonus":"THREE_ENEMY_KILL","is_daily":false,"chose_seed":false,"campfire_upgraded":4,"win_rate":0.0,"timestamp":1611313684,"path_taken":["M","?","M","?","?","R","?","E","T","M","R","?","$","M","R","BOSS","M","M","$","?","?","R","E"],"items_purchased_type":["Relic","Card","Potion","Relic"],"build_version":"2020-12-22","purchased_purges":1,"victory":false,"max_hp_per_floor":[75,75,75,75,75,75,75,75,75,75,75,75,75,75,75,75,75,75,75,75,37,37,37,37,37],"card_choices":[{"not_picked":["Intimidate","Disarm"],"picked":"Carnage","floor":1},{"not_picked":["Pommel Strike","Infernal Blade"],"picked":"Intimidate","floor":3},{"not_picked":["Rage","Anger","Combust"],"picked":"SKIP","floor":8},{"not_picked":["Perfected Strike","Twin Strike"],"picked":"Headbutt","floor":10},{"not_picked":["Havoc","Flex"],"picked":"hubris:ReadiedAction","floor":12},{"not_picked":["Reckless Charge","Whirlwind"],"picked":"Spot Weakness","floor":14},{"not_picked":["Immolate","Double Tap"],"picked":"Limit Break","floor":16},{"not_picked":["Rage","Burning Pact"],"picked":"Whirlwind","floor":18},{"not_picked":["Sever Soul","Intimidate"],"picked":"Armaments+1","floor":19}],"player_experience":949157,"relics_obtained":[{"floor":8,"key":"Akabeko"},{"floor":9,"key":"Toy Ornithopter"}],"event_choices":[{"cards_removed":["Strike_R"],"damage_healed":0,"gold_gain":0,"player_choice":"Card Removal","damage_taken":0,"max_hp_gain":0,"max_hp_loss":0,"event_name":"The Cleric","floor":2,"gold_loss":75},{"damage_healed":0,"gold_gain":0,"player_choice":"Entered Light","damage_taken":23,"max_hp_gain":0,"max_hp_loss":0,"event_name":"Shining Light","floor":4,"gold_loss":0,"cards_upgraded":["Defend_R","Defend_R"]},{"damage_healed":0,"gold_gain":0,"player_choice":"Ignored","damage_taken":0,"max_hp_gain":0,"max_hp_loss":0,"event_name":"Liars Game","floor":5,"gold_loss":0},{"damage_healed":0,"gold_gain":275,"player_choice":"Desecrate","damage_taken":0,"max_hp_gain":0,"max_hp_loss":0,"event_name":"Golden Shrine","floor":7,"gold_loss":0,"cards_obtained":["Regret"]},{"damage_healed":0,"gold_gain":0,"player_choice":"Became a Ghost","damage_taken":0,"max_hp_gain":0,"max_hp_loss":38,"event_name":"Ghosts","floor":21,"gold_loss":0,"cards_obtained":["Ghostly","Ghostly","Ghostly"]}],"is_beta":false,"boss_relics":[{"not_picked":["Runic Pyramid","hubris:CrackedHourglass"],"picked":"hubris:Backtick"}],"items_purged_floors":[13],"is_endless":false,"potions_floor_spawned":[1,8,10,14,18],"killed_by":"Book of Stabbing","ascension_level":20}}