{"host":"gfmw02tnhhvp9jba","time":1611343867,"event":{"mods":["AchievementEnabler","BaseMod","Colored Map","Downfall","Highlight Path","Minty Spire (QoL Compilation)","StSLib"],"gold_per_floor":[99,116,131,131,143,43,43,43,58,68,82,114,125,140,155,252,252,252,265,365,385,401,401,401,401,351,361,392,410,310,335,353,448,448,448,465,479,499,512,512,512,525,425,458,474,484,134,153,169,169,169,204,8,8,8,8,8,8],"floor_reached":56,"language":"ENG","playtime":3619,"items_purged":["Pain"],"score":758,"play_id":"881629b2-572a-4982-8ee9-2469356767a2","local_time":"20210122203107","is_ascension_mode":false,"campfire_choices":[{"floor":1.0,"key":"RECALL"},{"data":"Slimebound:Split","floor":6.0,"key":"SMITH"},{"data":"Slimebound:Split","floor":8.0,"key":"SMITH"},{"data":"Slimebound:OneTwoCombo","floor":18.0,"key":"SMITH"},{"floor":30.0,"key":"REST"},{"floor":35.0,"key":"REST"},{"floor":43.0,"key":"REST"},{"floor":54.0,"key":"REST"}],"circlet_count":0,"master_deck":["Slimebound:Strike_Slimebound","Slimebound:Defend_Slimebound","Slimebound:Split+1","Slimebound:CorrosiveSpit","Panacea","Slimebound:SplitBruiser","Slimebound:LevelUp","Slimebound:Split+1","Slimebound:MassFeed","Slimebound:SplitMire","Slimebound:Teamwork","Slimebound:SplitLeeching","Slimebound:LeadByExample","Slimebound:LeadByExample","Slimebound:Repurpose","Slimebound:OneTwoCombo+1","Slimebound:SplitMire+1","Slimebound:Equalize+1","Slimebound:FormOfPuddle+1","Slimebound:PressTheAttack","Slimebound:HauntingLick","Slimebound:FinishingTackle","J.A.X.","Slimebound:LeechEnergy","Slimebound:Equalize","Slimebound:SplitAcid","Slimebound:SplitAcid+1","Slimebound:MassRepurpose","Slimebound:SlimeTap","Slimebound:SplitMire+1","Slimebound:SelfFormingGoo","Slimebound:Gluttony","Slimebound:LevelUp+1","expansioncontent:DashGenerateEvil"],"relics":["Slimebound:AbsorbEndCombat","downfall:HeartBlessingRed","Slimebound:MaxSlimesRelic","Gremlin Horn","Astrolabe","MutagenicStrength","Darkstone Periapt","Thread and Needle","downfall:HeartBlessingGreen","MealTicket","Fusion Hammer","WarpedTongs","downfall:HeartBlessingBlue","Calipers","Mummified Hand","InkBottle"],"acts_visited":["Exordium","TheCity","TheBeyond","TheEnding"],"potions_floor_usage":[],"damage_taken":[{"damage":4.0,"enemies":"Jaw Worm","floor":2.0,"turns":3.0},{"damage":1.0,"enemies":"Cultist","floor":3.0,"turns":3.0},{"damage":5.0,"enemies":"2 Louse","floor":5.0,"turns":2.0},{"damage":2.0,"enemies":"2 Fungi Beasts","floor":9.0,"turns":3.0},{"damage":11.0,"enemies":"Blue Slaver","floor":10.0,"turns":4.0},{"damage":13.0,"enemies":"Red Slaver","floor":11.0,"turns":3.0},{"damage":26.0,"enemies":"Lagavulin","floor":12.0,"turns":5.0},{"damage":10.0,"enemies":"2 Fungi Beasts","floor":13.0,"turns":3.0},{"damage":15.0,"enemies":"Exordium Thugs","floor":14.0,"turns":3.0},{"damage":7.0,"enemies":"Blue Slaver","floor":15.0,"turns":4.0},{"damage":22.0,"enemies":"WA_ARCHETYPE_RETAIN","floor":16.0,"turns":9.0},{"damage":10.0,"enemies":"Chosen","floor":19.0,"turns":3.0},{"damage":33.0,"enemies":"downfall:Augmenter","floor":20.0,"turns":5.0},{"damage":15.0,"enemies":"Shell Parasite","floor":21.0,"turns":3.0},{"damage":21.0,"enemies":"Snake Plant","floor":22.0,"turns":3.0},{"damage":48.0,"enemies":"3 Cultists","floor":27.0,"turns":5.0},{"damage":41.0,"enemies":"Book of Stabbing","floor":28.0,"turns":5.0},{"damage":10.0,"enemies":"Centurion and Healer","floor":29.0,"turns":4.0},{"damage":11.0,"enemies":"Gremlin Leader","floor":31.0,"turns":5.0},{"damage":11.0,"enemies":"Snake Plant","floor":32.0,"turns":4.0},{"damage":72.0,"enemies":"IC_MUSHROOM_ARCHETYPE","floor":33.0,"turns":6.0},{"damage":11.0,"enemies":"3 Shapes","floor":36.0,"turns":3.0},{"damage":13.0,"enemies":"3 Darklings","floor":37.0,"turns":4.0},{"damage":13.0,"enemies":"4 Shapes","floor":38.0,"turns":4.0},{"damage":0.0,"enemies":"Sphere and 2 Shapes","floor":39.0,"turns":1.0},{"damage":13.0,"enemies":"Spire Growth","floor":42.0,"turns":3.0},{"damage":74.0,"enemies":"Reptomancer","floor":44.0,"turns":4.0},{"damage":4.0,"enemies":"Transient","floor":45.0,"turns":5.0},{"damage":27.0,"enemies":"3 Darklings","floor":46.0,"turns":4.0},{"damage":0.0,"enemies":"downfall:FleeingMerchant","floor":47.0,"turns":4.0},{"damage":7.0,"enemies":"Writhing Mass","floor":48.0,"turns":4.0},{"damage":25.0,"enemies":"Jaw Worm Horde","floor":49.0,"turns":3.0},{"damage":10.0,"enemies":"SI_POISON_ARCHETYPE","floor":50.0,"turns":5.0},{"damage":78.0,"enemies":"downfall:CharBossMerchant","floor":52.0,"turns":7.0},{"damage":45,"enemies":"downfall:NeowBoss","floor":55,"turns":13},{"damage":80,"enemies":"downfall:NeowBossFinal","floor":56,"turns":8}],"seed_played":"4818326073744772534","potions_obtained":[{"floor":2.0,"key":"Swift Potion"},{"floor":11.0,"key":"Slimebound:SpawnSlimePotion"},{"floor":12.0,"key":"ColorlessPotion"},{"floor":14.0,"key":"Fruit Juice"},{"floor":15.0,"key":"EssenceOfSteel"},{"floor":20.0,"key":"Slimebound:SlimyTonguePotion"},{"floor":28.0,"key":"LiquidBronze"},{"floor":33.0,"key":"PowerPotion"},{"floor":42.0,"key":"DuplicationPotion"},{"floor":44.0,"key":"Block Potion"},{"floor":45.0,"key":"Energy Potion"},{"floor":48.0,"key":"CultistPotion"},{"floor":49.0,"key":"Strength Potion"}],"is_trial":false,"path_per_floor":["R","M","M","?","M","R","T","R","M","M","M","E","M","M","M","B",null,"R","M","?","M","M","?","T","?","?","M","E","M","R","E","M","B",null,"R","M","M","M","M","?","T","M","R","E","M","M","$","M","M","B",null,"E","$","R","B","B"],"character_chosen":"SLIMEBOUND","items_purchased":["Mummified Hand","expansioncontent:DashGenerateEvil"],"campfire_rested":4,"item_purchase_floors":[47,53],"current_hp_per_floor":[65,64,64,64,61,61,61,61,66,60,51,31,27,23,16,5,79,79,79,60,51,34,34,34,34,64,32,11,23,46,63,56,15,82,82,78,82,80,82,88,88,87,104,36,60,43,76,79,62,80,104,30,45,76,53,0,0,0],"gold":8,"neow_bonus":"RANDOM_COLORLESS","is_daily":false,"chose_seed":false,"campfire_upgraded":3,"win_rate":0.0,"timestamp":1611343867,"path_taken":["R","M","M","?","M","R","T","R","M","M","M","E","?","M","M","BOSS","R","M","?","M","M","?","T","?","?","M","E","M","R","E","M","BOSS","R","M","M","M","M","?","T","M","R","E","?","M","$","M","M","BOSS","E","$","R","BOSS","BOSS"],"items_purchased_type":["Relic","Card"],"build_version":"2020-12-22","purchased_purges":1,"victory":false,"max_hp_per_floor":[65,65,65,65,65,65,65,65,68,71,71,71,71,76,76,79,79,79,79,79,79,79,79,79,79,79,79,79,79,79,79,79,82,82,82,85,85,88,88,94,94,94,104,104,104,104,104,104,104,104,104,104,104,104,104,104,104,104],"card_choices":[{"not_picked":["Deep Breath","Madness"],"picked":"Panacea","floor":0.0},{"not_picked":["Slimebound:SplitLeeching","Slimebound:FlameTackle"],"picked":"Slimebound:SplitBruiser","floor":2.0},{"not_picked":["Slimebound:TongueLash","Slimebound:LeechingTouch"],"picked":"Slimebound:LevelUp","floor":3.0},{"not_picked":["Slimebound:LivingWall","Slimebound:FlameTackle"],"picked":"Slimebound:MassFeed","floor":5.0},{"not_picked":["Slimebound:SplitBruiser","Slimebound:LeechingTouch"],"picked":"Slimebound:SplitMire","floor":9.0},{"not_picked":["Slimebound:SplitBruiser","Slimebound:Prepare"],"picked":"Slimebound:Teamwork","floor":10.0},{"not_picked":["Slimebound:DivideAndConquer","Slimebound:GoopTackle"],"picked":"Slimebound:SplitLeeching","floor":11.0},{"not_picked":["Slimebound:SlimeBrawl","Slimebound:RejuvenatingLick"],"picked":"Slimebound:LeadByExample","floor":12.0},{"not_picked":["Slimebound:LeechEnergy","Slimebound:DisruptingSlam"],"picked":"Slimebound:LeadByExample","floor":13.0},{"not_picked":["Slimebound:Schlurp","Slimebound:SamplingLick"],"picked":"Slimebound:Repurpose","floor":14.0},{"not_picked":["Slimebound:RollThrough","Slimebound:HauntingLick","Slimebound:LeechingTouch"],"picked":"SKIP","floor":15.0},{"not_picked":["Slimebound:CheckThePlaybook","Slimebound:Teamwork"],"picked":"Slimebound:OneTwoCombo","floor":16.0},{"not_picked":["Slimebound:ServeAndProtect","Slimebound:SplitBruiser"],"picked":"Slimebound:PressTheAttack","floor":19.0},{"not_picked":[],"picked":"J.A.X.","floor":20.0},{"not_picked":["Slimebound:Grow","Slimebound:FinishingTackle"],"picked":"Slimebound:LeechEnergy","floor":21.0},{"not_picked":["Slimebound:LeadByExample","Slimebound:GoopSpray"],"picked":"Slimebound:Equalize","floor":22.0},{"not_picked":["Slimebound:RollThrough","Slimebound:SlimeSpikes","Slimebound:OozeBath"],"picked":"SKIP","floor":27.0},{"not_picked":["Slimebound:GoopTackle+1","Slimebound:LeadByExample","Slimebound:ComboTackle"],"picked":"SKIP","floor":28.0},{"not_picked":["Slimebound:Grow","Slimebound:Replication"],"picked":"Slimebound:SplitAcid","floor":29.0},{"not_picked":["Slimebound:BestDefense","Slimebound:OozeBath","Slimebound:MegaLick"],"picked":"SKIP","floor":31.0},{"not_picked":["Slimebound:FlameTackle","Slimebound:LivingWall"],"picked":"Slimebound:SplitAcid+1","floor":32.0},{"not_picked":["Slimebound:PrepareCrush","Slimebound:WasteNot"],"picked":"Slimebound:MassRepurpose","floor":33.0},{"not_picked":["Slimebound:MegaLick","Slimebound:LivingWall"],"picked":"Slimebound:SlimeTap","floor":36.0},{"not_picked":["Slimebound:RollThrough+1","Slimebound:ItLooksTasty","Slimebound:ForwardTackle+1"],"picked":"SKIP","floor":37.0},{"not_picked":["Slimebound:SlimeSpikes","Slimebound:HauntingLick","Slimebound:FinishingTackle+1"],"picked":"SKIP","floor":38.0},{"not_picked":["Slimebound:LeechingTouch+1","Slimebound:MegaLick"],"picked":"Slimebound:SplitMire+1","floor":39.0},{"not_picked":["Slimebound:LeechingTouch+1","Slimebound:LeechEnergy","Slimebound:GoopTackle+1"],"picked":"SKIP","floor":42.0},{"not_picked":["Slimebound:Prepare","Slimebound:SlimeTap+1","Slimebound:GoopTackle+1"],"picked":"SKIP","floor":44.0},{"not_picked":["Slimebound:FlameTackle+1","Slimebound:Equalize+1","Slimebound:SplitMire"],"picked":"SKIP","floor":45.0},{"not_picked":["Slimebound:SplitBruiser","Slimebound:Prepare","Slimebound:LivingWall"],"picked":"SKIP","floor":46.0},{"not_picked":["Slimebound:SlimeBrawl","Slimebound:LeadByExample+1"],"picked":"Slimebound:SelfFormingGoo","floor":47.0},{"not_picked":["Slimebound:LeechEnergy","Slimebound:Replication"],"picked":"Slimebound:Gluttony","floor":48.0},{"not_picked":["Slimebound:LivingWall","Slimebound:SplitMire","Slimebound:SamplingLick"],"picked":"SKIP","floor":49.0},{"not_picked":["Slimebound:MegaLick","Slimebound:Replication"],"picked":"Slimebound:LevelUp+1","floor":52.0}],"player_experience":49185,"relics_obtained":[{"floor":7.0,"key":"Slimebound:MaxSlimesRelic"},{"floor":12.0,"key":"Gremlin Horn"},{"floor":20.0,"key":"MutagenicStrength"},{"floor":24.0,"key":"Darkstone Periapt"},{"floor":28.0,"key":"Thread and Needle"},{"floor":31.0,"key":"MealTicket"},{"floor":44.0,"key":"Calipers"},{"floor":52.0,"key":"InkBottle"}],"event_choices":[{"damage_healed":0.0,"max_hp_gain":0.0,"max_hp_loss":0.0,"gold_gain":0.0,"event_name":"Ghosts","player_choice":"Ignored","floor":23.0,"gold_loss":0.0,"damage_taken":0.0},{"damage_healed":0.0,"max_hp_gain":0.0,"max_hp_loss":0.0,"gold_gain":0.0,"event_name":"Accursed Blacksmith","player_choice":"Rummage","floor":40.0,"gold_loss":0.0,"damage_taken":0.0,"relics_obtained":["WarpedTongs"],"cards_obtained":["Pain"]}],"is_beta":false,"boss_relics":[{"not_picked":["Slimebound:TarBlob","Snecko Eye"],"picked":"Astrolabe"},{"not_picked":["Black Star","SlaversCollar"],"picked":"Fusion Hammer"}],"items_purged_floors":[47],"is_endless":false,"potions_floor_spawned":[2,11,12,14,15,20,22,27,28,33,42,44,45,48,49],"killed_by":"downfall:NeowBossFinal","ascension_level":0}}