{"host":"wogey4gsknv4ot2d","time":1611297269,"event":{"mods":["2.2 Compatiblity","AchievementEnabler","Act Like it!","Alarm Clock","BaseMod","Bestiary","Better Match","Better Third Choice","Colored Map","Colored Powertips","Googly Eyes","Key Reminder","Minty Spire (QoL Compilation)","Permanent Neow","Rare Cards Sparkle","Relic Stats","Spicy Shops","StSLib"],"gold_per_floor":[217,232,307,8,20,50,50,50,76,94,137,137,161,201,201,201,201],"floor_reached":16,"language":"ENG","playtime":470,"items_purged":[],"score":124,"play_id":"25c2d597-55fb-4805-abd4-792d41a57956","local_time":"20210122003429","is_ascension_mode":true,"campfire_choices":[{"floor":8,"key":"REST"},{"floor":12,"key":"REST"},{"floor":15,"key":"REST"}],"circlet_count":0,"master_deck":["Strike_G","Strike_G","Strike_G","Strike_G","Strike_G","Defend_G","Defend_G","Defend_G","Defend_G","Defend_G","Survivor","Neutralize","Deadly Poison","Heel Hook","Slice","Dagger Spray","Injury","Bane","Catalyst"],"relics":["Ring of the Snake","Mercury Hourglass","Vajra","Tiny Chest","keyreminder:keyreminder","Golden Idol","Blood Vial","Toy Ornithopter","Blue Candle"],"acts_visited":["Exordium"],"potions_floor_usage":[16],"damage_taken":[{"damage":1,"enemies":"Cultist","floor":1,"turns":4},{"damage":11,"enemies":"Jaw Worm","floor":2,"turns":4},{"damage":0,"enemies":"Small Slimes","floor":5,"turns":2},{"damage":28,"enemies":"Gremlin Nob","floor":6,"turns":5},{"damage":10,"enemies":"Looter","floor":10,"turns":2},{"damage":9,"enemies":"3 Sentries","floor":11,"turns":5},{"damage":26,"enemies":"Lagavulin","floor":14,"turns":4},{"damage":50,"enemies":"Slime Boss","floor":16,"turns":9}],"seed_played":"6423913423813695374","potions_obtained":[{"floor":6,"key":"Poison Potion"}],"is_trial":false,"path_per_floor":["M","M","?","$","M","E","?","R","T","M","E","R","T","E","R","B"],"character_chosen":"THE_SILENT","items_purchased":["Mercury Hourglass","Vajra","Slice"],"campfire_rested":3,"item_purchase_floors":[4,4,4],"current_hp_per_floor":[69,58,47,47,47,19,19,40,40,30,21,42,42,18,39,0,0],"gold":201,"neow_bonus":"HUNDRED_GOLD","is_daily":false,"chose_seed":false,"campfire_upgraded":0,"win_rate":0.0,"timestamp":1611297269,"path_taken":["M","M","?","$","M","E","?","R","T","M","E","R","?","E","R","BOSS"],"items_purchased_type":["Relic","Relic","Card"],"build_version":"2020-12-22","purchased_purges":0,"victory":false,"max_hp_per_floor":[70,70,70,70,70,70,70,70,70,70,70,70,70,70,70,70,70],"relic_stats":{"Blood Vial":4,"counters":[8,35],"Golden Idol":21,"Blue Candle":[1],"Tiny Chest":0,"obtain_stats":[{"keyreminder:keyreminder":6,"Blood Vial":11,"Golden Idol":7,"Blue Candle":14,"Vajra":4,"Tiny Chest":6,"Toy Ornithopter":13,"Ring of the Snake":0,"Mercury Hourglass":4},{"keyreminder:keyreminder":4,"Blood Vial":6,"Golden Idol":4,"Blue Candle":7,"Vajra":2,"Tiny Chest":4,"Toy Ornithopter":6,"Ring of the Snake":0,"Mercury Hourglass":2},{"keyreminder:keyreminder":15,"Blood Vial":22,"Golden Idol":15,"Blue Candle":26,"Vajra":8,"Tiny Chest":15,"Toy Ornithopter":22,"Ring of the Snake":0,"Mercury Hourglass":8}],"Toy Ornithopter":5,"Ring of the Snake":[16],"Mercury Hourglass":[108]},"card_choices":[{"not_picked":["Prepared","Leg Sweep"],"picked":"Deadly Poison","floor":1},{"not_picked":["Acrobatics","Dagger Throw"],"picked":"Heel Hook","floor":2},{"not_picked":["Choke","Dagger Throw","Underhanded Strike"],"picked":"SKIP","floor":5},{"not_picked":["Outmaneuver","Well Laid Plans"],"picked":"Dagger Spray","floor":6},{"not_picked":["Underhanded Strike","Backflip"],"picked":"Bane","floor":10},{"not_picked":["Endless Agony","Well Laid Plans","Flechettes"],"picked":"SKIP","floor":11},{"not_picked":["Underhanded Strike","Prepared"],"picked":"Catalyst","floor":14}],"player_experience":67405,"relics_obtained":[{"floor":6,"key":"Tiny Chest"},{"floor":11,"key":"Blood Vial"},{"floor":13,"key":"Toy Ornithopter"},{"floor":14,"key":"Blue Candle"}],"event_choices":[{"damage_healed":0,"gold_gain":75,"player_choice":"Gold","damage_taken":11,"max_hp_gain":0,"max_hp_loss":0,"event_name":"betterThird:BetterGoop","floor":3,"gold_loss":0},{"damage_healed":0,"gold_gain":0,"player_choice":"Take Wound","damage_taken":0,"relics_obtained":["Golden Idol"],"max_hp_gain":0,"max_hp_loss":0,"event_name":"Golden Idol","floor":7,"gold_loss":0,"cards_obtained":["Injury"]}],"is_beta":false,"boss_relics":[],"items_purged_floors":[],"is_endless":false,"potions_floor_spawned":[2,5,6,10],"killed_by":"Slime Boss","ascension_level":1}}