{"host":"2q4w55ev63ot6isg","time":1611352715,"event":{"mods":["Aspiration","BaseMod","Downfall","Hubris","Marisa????????","Minty Spire (QoL Compilation)","Replay The Spire","StSLib","The Cursed","The Jungle","The Servant 0.9.4"],"gold_per_floor":[109,109,384,400,418,418,438,538,562,572,572,582,582,598,598,703,703,721,238,238,238,45,45,58,58,58,58,58,84,84,115,115,212,212,224,269,26,39,59,59,91,91,91,91,103,138,138,171,171,171],"floor_reached":51,"language":"ENG","playtime":1924,"items_purged":["Regret","ReplayTheSpireMod:Splinters"],"score":829,"play_id":"e192e864-87f0-46bc-9c2a-534613966986","local_time":"20210122135835","is_ascension_mode":true,"campfire_choices":[{"data":"Calculated Gamble","floor":6,"key":"SMITH"},{"data":"Calculated Gamble","floor":11,"key":"SMITH"},{"floor":13,"key":"REST"},{"data":"Dodge and Roll","floor":15,"key":"SMITH"},{"data":"After Image","floor":23,"key":"SMITH"},{"data":"Metamorphosis","floor":25,"key":"SMITH"},{"data":"Jack Of All Trades","floor":27,"key":"SMITH"},{"floor":32,"key":"REST"},{"data":"1","floor":40,"key":"LIFT"},{"data":"2","floor":42,"key":"LIFT"},{"data":"3","floor":44,"key":"LIFT"},{"floor":49,"key":"DIG"}],"circlet_count":0,"master_deck":["Strike_G","Strike_G","Strike_G","Strike_G","Defend_G","Defend_G","Defend_G","Defend_G","Defend_G","Survivor","Neutralize","aspiration:Lunge","Calculated Gamble+1","Hidden Blade","Backflip+1","Calculated Gamble+1","Dodge and Roll+1","Bouncing Flask+1","Flying Knee","After Image+1","Rage+1","Panache","Jack Of All Trades+1","Metamorphosis+1","Backflip","Reaper","Flame Barrier","Juggernaut","Footwork+1","PiercingWail+1","Predator+1"],"relics":["Ring of the Snake","Vajra","aspiration:IroncladSkillbook","Chemical X","Eternal Feather","Lantern","Girya","bronze:MakeshiftBattery","War Paint","OrangePellets","Regal Pillow","White Beast Statue","hubris:TinFlute","Bronze Scales","ReplayTheSpireMod:Shallot"],"acts_visited":["Exordium","TheCity","TheBeyond"],"potions_floor_usage":[12,16,16,29,33,45,46,46,50,50],"damage_taken":[{"damage":0,"enemies":"Jaw Worm","floor":1,"turns":4},{"damage":3,"enemies":"Small Slimes","floor":4,"turns":2},{"damage":14,"enemies":"Cultist","floor":5,"turns":5},{"damage":14,"enemies":"2 Fungi Beasts","floor":7,"turns":2},{"damage":0,"enemies":"Lots of Slimes","floor":10,"turns":1},{"damage":8,"enemies":"Exordium Thugs","floor":12,"turns":4},{"damage":18,"enemies":"Exordium Wildlife","floor":14,"turns":6},{"damage":14,"enemies":"Fading Forest","floor":16,"turns":11},{"damage":26,"enemies":"Shell Parasite","floor":18,"turns":12},{"damage":12,"enemies":"Spheric Guardian","floor":24,"turns":8},{"damage":20,"enemies":"Gremlin Leader","floor":29,"turns":6},{"damage":30,"enemies":"Book of Stabbing","floor":31,"turns":6},{"damage":71,"enemies":"Collector","floor":33,"turns":11},{"damage":42,"enemies":"3 Darklings","floor":35,"turns":3},{"damage":0,"enemies":"Orb Walker","floor":38,"turns":3},{"damage":9,"enemies":"4 Shapes","floor":39,"turns":4},{"damage":0,"enemies":"Reptomancer","floor":41,"turns":5},{"damage":0,"enemies":"3 Darklings","floor":45,"turns":5},{"damage":0,"enemies":"Jaw Worm Horde","floor":46,"turns":4},{"damage":10,"enemies":"Giant Head","floor":48,"turns":8},{"damage":62,"enemies":"Donu and Deca","floor":50,"turns":7}],"seed_played":"7476307694344459294","potions_obtained":[{"floor":7,"key":"FearPotion"},{"floor":10,"key":"Toxic Potion"},{"floor":14,"key":"ColorlessPotion"},{"floor":18,"key":"Fire Potion"},{"floor":31,"key":"Energy Potion"},{"floor":36,"key":"Slimebound:ThreeZeroPotion"},{"floor":39,"key":"ColorlessPotion"},{"floor":45,"key":"SkillPotion"},{"floor":46,"key":"Explosive Potion"},{"floor":48,"key":"Swift Potion"}],"is_trial":false,"path_per_floor":["M","?","?","M","M","R","M","?","T","M","R","M","R","M","R","B",null,"M","$","?","?","$","R","M","R","T","R","?","E","$","E","R","B",null,"M","?","$","M","M","R","E","R","T","R","M","M","T","E","R","B",null],"character_chosen":"THE_SILENT","items_purchased":["Panache","Jack Of All Trades","Chemical X","Metamorphosis","OrangePellets"],"campfire_rested":2,"item_purchase_floors":[19,19,19,22,37],"current_hp_per_floor":[70,70,70,67,53,53,39,39,39,39,39,31,52,34,34,30,70,48,48,48,48,48,48,40,40,40,55,55,39,39,18,54,5,70,32,32,32,43,38,56,70,70,70,70,70,70,70,70,70,30],"gold":171,"neow_bonus":"ONE_RANDOM_RARE_CARD","is_daily":false,"chose_seed":false,"campfire_upgraded":6,"win_rate":0.0,"timestamp":1611352715,"path_taken":["M","?","?","?","M","R","M","?","T","M","R","M","R","?","R","BOSS","M","$","?","?","$","R","M","R","T","R","?","E","$","E","R","BOSS","M","?","$","?","M","R","E","R","T","R","?","M","?","E","R","BOSS"],"items_purchased_type":["Card","Card","Relic","Card","Relic"],"build_version":"2020-12-22","purchased_purges":2,"victory":true,"max_hp_per_floor":[70,70,70,70,70,70,70,70,70,70,70,70,70,70,70,70,70,70,70,70,70,70,70,70,70,70,70,70,70,70,70,70,70,70,70,70,70,70,70,70,70,70,70,70,70,70,70,70,70,70],"card_choices":[{"not_picked":["Bane","Prepared"],"picked":"Calculated Gamble","floor":1},{"not_picked":["Quick Slash","Backstab"],"picked":"Backflip","floor":4},{"not_picked":["Masterful Stab","Underhanded Strike"],"picked":"Calculated Gamble","floor":5},{"not_picked":["All Out Attack","Concentrate"],"picked":"Dodge and Roll","floor":7},{"not_picked":["Toxin Wave","Choke","Endless Agony"],"picked":"SKIP","floor":10},{"not_picked":["Accuracy","Blade Dance"],"picked":"Bouncing Flask","floor":12},{"not_picked":["Blade Dance","Dagger Spray"],"picked":"Flying Knee","floor":14},{"not_picked":["Storm of Steel","Doppelganger"],"picked":"After Image","floor":16},{"not_picked":["Thunderclap","Outmaneuver","Pommel Strike+1"],"picked":"Rage","floor":18},{"not_picked":["Life Link","Clash+1","Poisoned Stab"],"picked":"Backflip","floor":24},{"not_picked":["Sucker Punch","Blur+1","Impervious"],"picked":"Reaper","floor":29},{"not_picked":["Berserk","Well Laid Plans","Warcry+1"],"picked":"Flame Barrier","floor":31},{"not_picked":["A Thousand Cuts","Die Die Die","Grand Finale"],"picked":"Juggernaut","floor":33},{"not_picked":["Blade Dance","Well Laid Plans+1","Searing Blow+1","Life Link+1"],"picked":"SKIP","floor":35},{"not_picked":["PiercingWail","Poisoned Stab+1","Accuracy"],"picked":"Footwork+1","floor":36},{"not_picked":["Body Slam","Wild Strike+1","Finisher"],"picked":"PiercingWail+1","floor":36},{"not_picked":["Clothesline+1","Disarm","Cleave+1"],"picked":"Predator+1","floor":38},{"not_picked":["Caltrops","Eviscerate","Wild Strike","Phantasmal Killer"],"picked":"SKIP","floor":39},{"not_picked":["Flying Knee","Wraith Form v2","Blade Dance","Slice"],"picked":"SKIP","floor":41},{"not_picked":["Outmaneuver","Hidden Blade","Poisoned Stab+1","hubris:SlightOfHand+1"],"picked":"SKIP","floor":45},{"not_picked":["hubris:ReadiedAction","Wild Strike","True Grit","Life Link"],"picked":"SKIP","floor":46},{"not_picked":["ReplayTheSpireMod:Exploit Weakness","Cloak And Dagger","Immolate","hubris:TrickCloak+1"],"picked":"SKIP","floor":48}],"player_experience":150067,"relics_obtained":[{"floor":9,"key":"Vajra"},{"floor":26,"key":"Eternal Feather"},{"floor":29,"key":"Lantern"},{"floor":31,"key":"Girya"},{"floor":36,"key":"War Paint"},{"floor":41,"key":"Regal Pillow"},{"floor":43,"key":"White Beast Statue"},{"floor":47,"key":"hubris:TinFlute"},{"floor":48,"key":"Bronze Scales"},{"floor":49,"key":"ReplayTheSpireMod:Shallot"}],"event_choices":[{"damage_healed":0,"gold_gain":0,"cards_transformed":["Strike_G"],"player_choice":"Change","damage_taken":0,"max_hp_gain":0,"max_hp_loss":0,"event_name":"Living Wall","floor":2,"gold_loss":0,"cards_obtained":["Hidden Blade"]},{"damage_healed":0,"gold_gain":275,"player_choice":"Desecrate","damage_taken":0,"max_hp_gain":0,"max_hp_loss":0,"event_name":"Golden Shrine","floor":3,"gold_loss":0,"cards_obtained":["Regret"]},{"damage_healed":0,"gold_gain":100,"player_choice":"Gold","damage_taken":0,"max_hp_gain":0,"max_hp_loss":0,"event_name":"Wheel of Change","floor":8,"gold_loss":0},{"damage_healed":0,"gold_gain":0,"player_choice":"Ignored","damage_taken":0,"max_hp_gain":0,"max_hp_loss":0,"event_name":"Vampires","floor":21,"gold_loss":0}],"is_beta":false,"boss_relics":[{"not_picked":["Busted Crown","ChewingGum"],"picked":"aspiration:IroncladSkillbook"},{"not_picked":["WristBlade","Calling Bell"],"picked":"bronze:MakeshiftBattery"}],"items_purged_floors":[19,37],"is_endless":false,"potions_floor_spawned":[7,10,14,18,31,39,45,46,48],"ascension_level":2}}