{"host":"3p4eynvdmgjf7qvn","time":1611347911,"event":{"mods":["Aspiration","BaseMod","Better Note","Better Skull","Colored Map","Colored Powertips","Downfall","Hermit","Hubris","Minty Spire (QoL Compilation)","Relic Stats","Robot Space Explorer","StSLib","The Bug Knight","The Disciple","The Forsaken","The Hierophant","The Jungle","The Marked","The Necromancer","TheBandit"],"gold_per_floor":[117,117,132,132,143,143,153,187,187,187,204,235,245,258,258,356,356,371,371,385,395,412,440,440,440,440,452,477,477,509,526,526,526,526],"floor_reached":33,"language":"ENG","playtime":2893,"items_purged":[],"score":373,"play_id":"f8cce0cb-ee94-447e-a7e5-cae84e578a64","local_time":"20210122213831","is_ascension_mode":false,"campfire_choices":[{"data":"RobotSpaceExplorer:MiniLasers","floor":10.0,"key":"SMITH"},{"data":"RobotSpaceExplorer:Comet","floor":15.0,"key":"SMITH"},{"floor":32,"key":"RECALL"}],"circlet_count":0,"master_deck":["RobotSpaceExplorer:Strike","RobotSpaceExplorer:Strike","RobotSpaceExplorer:Strike","RobotSpaceExplorer:Strike","RobotSpaceExplorer:Defend","RobotSpaceExplorer:Defend","RobotSpaceExplorer:Defend","RobotSpaceExplorer:Defend","RobotSpaceExplorer:Scan","RobotSpaceExplorer:MiniLasers+1","RobotSpaceExplorer:SurgingShield","RobotSpaceExplorer:FranticSearch","RobotSpaceExplorer:PlasmaMissile","RobotSpaceExplorer:Pulsar+1","RobotSpaceExplorer:SurgingStrike","RobotSpaceExplorer:Probe","RobotSpaceExplorer:Comet+1","RobotSpaceExplorer:MiniDrones","RobotSpaceExplorer:Comet+1","Guardian:TwinSlam+1","RobotSpaceExplorer:ScrapMissile","RobotSpaceExplorer:MiniBoosters+1","RobotSpaceExplorer:PowerGlove","RobotSpaceExplorer:Multitool"],"relics":["RobotSpaceExplorer:RoboCore","White Beast Statue","HollowMod:PaleOreRelic","aspiration:FutureDiary","Art of War","Mercury Hourglass","Orichalcum","hubris:TenFootPole","hubris:ToyBattleship"],"acts_visited":["Exordium","TheCity"],"potions_floor_usage":[22,23,23,25,28,30,33,33],"damage_taken":[{"damage":0.0,"enemies":"2 Louse","floor":1.0,"turns":3.0},{"damage":0.0,"enemies":"Jaw Worm","floor":3.0,"turns":5.0},{"damage":0.0,"enemies":"Cultist","floor":5.0,"turns":4.0},{"damage":0.0,"enemies":"Blue Slaver","floor":7.0,"turns":5.0},{"damage":1.0,"enemies":"Lagavulin","floor":8.0,"turns":8.0},{"damage":8.0,"enemies":"3 Louse","floor":11.0,"turns":4.0},{"damage":0.0,"enemies":"Gremlin Nob","floor":12.0,"turns":2.0},{"damage":0.0,"enemies":"Red Slaver","floor":13.0,"turns":3.0},{"damage":0.0,"enemies":"Looter","floor":14.0,"turns":2.0},{"damage":32.0,"enemies":"Hexaghost","floor":16.0,"turns":5.0},{"damage":0.0,"enemies":"3 Byrds","floor":18.0,"turns":3.0},{"damage":0,"enemies":"Shell Parasite","floor":20,"turns":4},{"damage":0,"enemies":"Snecko","floor":21,"turns":3},{"damage":5,"enemies":"Snake Plant","floor":22,"turns":4},{"damage":32,"enemies":"Slavers","floor":23,"turns":4},{"damage":0,"enemies":"Shelled Parasite and Fungi","floor":25,"turns":1},{"damage":7,"enemies":"Sentry and Sphere","floor":27,"turns":4},{"damage":4,"enemies":"HollowMod:Nosk","floor":28,"turns":7},{"damage":0,"enemies":"Gremlin Leader","floor":30,"turns":4},{"damage":0,"enemies":"3 Cultists","floor":31,"turns":3},{"damage":53,"enemies":"hubris:MusketHawk","floor":33,"turns":6}],"seed_played":"5142741704949453211","potions_obtained":[{"floor":1.0,"key":"RobotSpaceExplorer:RecyclePotion"},{"floor":5.0,"key":"Energy Potion"},{"floor":7.0,"key":"SteroidPotion"},{"floor":8.0,"key":"sneckomod:MuddlingPotion"},{"floor":11.0,"key":"RobotSpaceExplorer:PlasmaFlask"},{"floor":12.0,"key":"EntropicBrew"},{"floor":13.0,"key":"AttackPotion"},{"floor":14.0,"key":"Swift Potion"},{"floor":16.0,"key":"SkillPotion"},{"floor":18,"key":"SmokeBomb"},{"floor":20,"key":"Swift Potion"},{"floor":21,"key":"RobotSpaceExplorer:RecyclePotion"},{"floor":22,"key":"Strength Potion"},{"floor":23,"key":"Ancient Potion"},{"floor":27,"key":"SkillPotion"},{"floor":28,"key":"RobotSpaceExplorer:LiquidFusion"},{"floor":30,"key":"hexamod:SoulburnPotion"},{"floor":31,"key":"BlessingOfTheForge"}],"is_trial":false,"path_per_floor":["M","?","M","?","M","?","M","E","T","R","M","E","M","M","R","B",null,"M","?","M","M","M","E","?","M","T","M","E","$","E","M","R","B"],"character_chosen":"RobotSpaceExplorer","items_purchased":["hubris:TenFootPole"],"campfire_rested":0,"item_purchase_floors":[29],"current_hp_per_floor":[82,87,87,87,87,87,87,86,86,86,78,78,78,78,78,46,87,87,87,87,87,82,50,50,50,50,43,39,29,29,29,29,0,0],"gold":526,"neow_bonus":"TEN_PERCENT_HP_BONUS","is_daily":false,"chose_seed":false,"campfire_upgraded":2,"win_rate":0.0,"timestamp":1611347911,"path_taken":["M","?","M","?","?","?","M","E","T","R","M","E","M","M","R","BOSS","M","?","?","M","M","E","?","M","T","?","E","?","E","M","R","BOSS"],"items_purchased_type":["Relic"],"build_version":"2020-12-22","purchased_purges":0,"victory":false,"max_hp_per_floor":[82,87,87,87,87,87,87,87,87,87,87,87,87,87,87,87,87,87,87,87,87,87,87,87,87,87,87,87,87,87,87,87,87,87],"relic_stats":{"counters":[21,83],"Art of War":[2],"Orichalcum":[18],"obtain_stats":[{"RobotSpaceExplorer:RoboCore":0,"Art of War":23,"hubris:TenFootPole":29,"hubris:ToyBattleship":30,"HollowMod:PaleOreRelic":12,"aspiration:FutureDiary":17,"Orichalcum":28,"White Beast Statue":8,"Mercury Hourglass":26},{"RobotSpaceExplorer:RoboCore":0,"Art of War":15,"hubris:TenFootPole":18,"hubris:ToyBattleship":19,"HollowMod:PaleOreRelic":7,"aspiration:FutureDiary":10,"Orichalcum":18,"White Beast Statue":5,"Mercury Hourglass":16},{"RobotSpaceExplorer:RoboCore":0,"Art of War":59,"hubris:TenFootPole":70,"hubris:ToyBattleship":74,"HollowMod:PaleOreRelic":31,"aspiration:FutureDiary":41,"Orichalcum":70,"White Beast Statue":25,"Mercury Hourglass":60}],"Mercury Hourglass":[93]},"card_choices":[{"not_picked":["RobotSpaceExplorer:ImprovisedAttack","RobotSpaceExplorer:FrostMissile"],"picked":"RobotSpaceExplorer:SurgingShield","floor":1.0},{"not_picked":["RobotSpaceExplorer:Ammunition","RobotSpaceExplorer:Smokescreen"],"picked":"RobotSpaceExplorer:FranticSearch","floor":3.0},{"not_picked":["RobotSpaceExplorer:ShovelStrike","RobotSpaceExplorer:Blitz"],"picked":"RobotSpaceExplorer:Pulsar","floor":5.0},{"not_picked":["RobotSpaceExplorer:Fix","RobotSpaceExplorer:ScrapMissile"],"picked":"RobotSpaceExplorer:SurgingStrike","floor":7.0},{"not_picked":["RobotSpaceExplorer:ScrapMissile","RobotSpaceExplorer:FranticSearch","RobotSpaceExplorer:DoubleBlock"],"picked":"SKIP","floor":8.0},{"not_picked":["RobotSpaceExplorer:ShockKick","RobotSpaceExplorer:ImprovisedAttack"],"picked":"RobotSpaceExplorer:Probe","floor":11.0},{"not_picked":["RobotSpaceExplorer:DualCore","RobotSpaceExplorer:ShockKick"],"picked":"RobotSpaceExplorer:Comet","floor":12.0},{"not_picked":["RobotSpaceExplorer:SurgingStrike","RobotSpaceExplorer:Blitz"],"picked":"RobotSpaceExplorer:MiniDrones","floor":13.0},{"not_picked":["RobotSpaceExplorer:Counterblock","RobotSpaceExplorer:SwiftStep","RobotSpaceExplorer:MetalStrike"],"picked":"SKIP","floor":14.0},{"not_picked":["RobotSpaceExplorer:DroneSwarm","RobotSpaceExplorer:BlastShield"],"picked":"RobotSpaceExplorer:Comet","floor":16.0},{"not_picked":["RobotSpaceExplorer:ShockKick","RobotSpaceExplorer:MiniDrones","RobotSpaceExplorer:MakeshiftVolley"],"picked":"SKIP","floor":18},{"not_picked":["RobotSpaceExplorer:Probe","RobotSpaceExplorer:SwiftStep","RobotSpaceExplorer:ExhaustFan"],"picked":"SKIP","floor":20},{"not_picked":["RobotSpaceExplorer:SwiftStep+1","RobotSpaceExplorer:Counterblock"],"picked":"RobotSpaceExplorer:ScrapMissile","floor":21},{"not_picked":["RobotSpaceExplorer:SurgingStrike","RobotSpaceExplorer:Discharger","RobotSpaceExplorer:SurgingShield"],"picked":"SKIP","floor":22},{"not_picked":["RobotSpaceExplorer:ScrapMissile","RobotSpaceExplorer:FranticSearch"],"picked":"RobotSpaceExplorer:MiniBoosters+1","floor":23},{"not_picked":["RobotSpaceExplorer:ShockKick","RobotSpaceExplorer:FreezeRay","RobotSpaceExplorer:Reload+1"],"picked":"SKIP","floor":27},{"not_picked":["RobotSpaceExplorer:GlueShot+1","RobotSpaceExplorer:Reload","RobotSpaceExplorer:Fix"],"picked":"SKIP","floor":28},{"not_picked":["RobotSpaceExplorer:Probe","RobotSpaceExplorer:ShockKick"],"picked":"RobotSpaceExplorer:PowerGlove","floor":30},{"not_picked":["RobotSpaceExplorer:Pulsar","RobotSpaceExplorer:DoubleFind"],"picked":"RobotSpaceExplorer:Multitool","floor":31}],"player_experience":279876,"relics_obtained":[{"floor":8.0,"key":"White Beast Statue"},{"floor":12.0,"key":"HollowMod:PaleOreRelic"},{"floor":23,"key":"Art of War"},{"floor":26,"key":"Mercury Hourglass"},{"floor":28,"key":"Orichalcum"},{"floor":30,"key":"hubris:ToyBattleship"}],"event_choices":[{"damage_healed":0.0,"max_hp_gain":5.0,"max_hp_loss":0.0,"gold_gain":0.0,"event_name":"Big Fish","player_choice":"Donut","floor":2.0,"gold_loss":0.0,"damage_taken":0.0},{"damage_healed":0.0,"max_hp_gain":0.0,"max_hp_loss":0.0,"gold_gain":0.0,"event_name":"Match and Keep!","player_choice":"1 cards matched","floor":4.0,"gold_loss":0.0,"damage_taken":0.0,"cards_obtained":["RobotSpaceExplorer:PlasmaMissile"]},{"damage_healed":0,"gold_gain":0,"player_choice":"Take","damage_taken":0,"max_hp_gain":0,"max_hp_loss":0,"event_name":"betterNote:BetterNote","floor":19,"gold_loss":0,"cards_obtained":["Guardian:TwinSlam"]},{"damage_healed":0,"gold_gain":0,"player_choice":"Upgraded","damage_taken":0,"max_hp_gain":0,"max_hp_loss":0,"event_name":"Upgrade Shrine","floor":24,"gold_loss":0,"cards_upgraded":["RobotSpaceExplorer:Comet"]}],"is_beta":false,"boss_relics":[{"not_picked":["Astrolabe","aspiration:RunicSpoon"],"picked":"aspiration:FutureDiary"}],"items_purged_floors":[],"is_endless":false,"potions_floor_spawned":[1,5,7,8,11,12,13,14,16,18,20,21,22,23,25,27,28,30,31],"killed_by":"hubris:MusketHawk","ascension_level":0}}