{"host":"6drv1qzpbnls60z2","time":1611317570,"event":{"mods":["ATMod(°¢èªMod)","Act Like it!","Arknights The Spire","BaseMod","Hallownest","Minty Spire (QoL Compilation)","Reimu£¨²©ÀöÁéÃÎ£©","Replay The Spire","Shop Mod","Spicy Shops","StSLib","The Dragon Tamer","Uncapped","¡¾ÒÅÎï¿¨ÅÆ¡¿REMEMod","óô»ðÖ¸ÄÏ"],"gold_per_floor":[117,20,38,50,50,50,78,78,78,104,120,134,146,159,159,238,238,256,273,284,300,310,310,330,18,18,18,18,18,44,64,64,153,153,176,209,209,50,73,73,108,132,184,201,201,203,203,203],"floor_reached":46,"language":"ZHS","playtime":3909,"items_purged":[],"score":1843,"play_id":"c24d4fef-04ba-48ca-b3af-ede6e5461da2","local_time":"20210122201250","daily_mods":["Uncertain Future"],"is_ascension_mode":true,"metric_token":983,"campfire_choices":[{"data":"AT_FamilyPortrait","floor":6.0,"key":"SMITH"},{"data":"DTMod:SwitchingTactic","floor":8.0,"key":"SMITH"},{"floor":15.0,"key":"REST"},{"floor":23.0,"key":"REST"},{"floor":32.0,"key":"REST"},{"data":"InherentArray:ReiMu","floor":40,"key":"SMITH"},{"data":"DTMod:RepeatStrike","floor":45,"key":"SMITH"},{"data":"DTMod:QuickFly","floor":45,"key":"SMITH"}],"dtmod_dragon_data":[29,46,1,3,14,7],"circlet_count":0,"master_deck":["AscendersBane","DTMod:Strike+1","DTMod:Strike+1","DTMod:Strike+1","DTMod:Strike+1","DTMod:DoubleHit","DTMod:TargetDefense+1","DTMod:TargetDefense+1","DTMod:TargetDefense+1","DTMod:TargetDefense+1","DTMod:SwitchingTactic+1","AT_FamilyPortrait+1","DTMod:LightShield","DTMod:CleansingStrike","DTMod:ComboAttack","DTMod:ComboAttack","DTMod:MasterPlan","DTMod:QuickFly+1","DTMod:Hide","DTMod:SealedStrike","DTMod:Feint","DTMod:MagicField","DTMod:ComboAttack","DTMod:Cover","DTMod:CleansingStrike+1","RainPray2:ReiMu","Meditation:ReiMu","DTMod:BlazingStrike","InherentArray:ReiMu+1","DTMod:RecklessFlurry","DTMod:InvisibleFlame","SubAcupoint:ReiMu+1","RitualDagger","OctopathBindingBorder2:ReiMu","DTMod:RepeatStrike+1","DTMod:Multitask","AT_EmpoweredMortalDraw","LovePray:ReiMu","DTMod:DarkBreath","SafetyPray:ReiMu","DTMod:InvisibleFlame","Intuition:ReiMu","DTMod:HeatWave+1","CareerPray:ReiMu+1","DTMod:Hide"],"relics":["DTMod:PactStone","AT_ATBox","REME_ComplimentaryCards","Pocketwatch","Replay:Ringing Soul","StrikeDummy","AT_BellowingDragoncrestRing","REME_ChargedStone","DTMod:DragonFood","Replay:Bandana","AT_MortalBlade","CaptainsWheel","Replay:Arrowhead","Replay:Rubber Ducky"],"acts_visited":["Exordium","TheCity","TheBeyond"],"potions_floor_usage":[39,41,46],"damage_taken":[{"damage":0.0,"enemies":"Cultist","floor":1.0,"turns":2.0},{"damage":0.0,"enemies":"Jaw Worm","floor":4.0,"turns":2.0},{"damage":0.0,"enemies":"Lagavulin","floor":7.0,"turns":10.0},{"damage":18.0,"enemies":"3 Sentries","floor":10.0,"turns":9.0},{"damage":0.0,"enemies":"2 Louse","floor":11.0,"turns":2.0},{"damage":0.0,"enemies":"Gremlin Gang","floor":12.0,"turns":3.0},{"damage":0.0,"enemies":"Lots of Slimes","floor":13.0,"turns":4.0},{"damage":0.0,"enemies":"Blue Slaver","floor":14.0,"turns":2.0},{"damage":13.0,"enemies":"Slime Boss","floor":16.0,"turns":4.0},{"damage":1.0,"enemies":"3 Byrds","floor":18.0,"turns":4.0},{"damage":0.0,"enemies":"Chosen","floor":19.0,"turns":3.0},{"damage":0.0,"enemies":"Sentry and Sphere","floor":20.0,"turns":3.0},{"damage":0.0,"enemies":"Snake Plant","floor":21.0,"turns":5.0},{"damage":43.0,"enemies":"Chosen and Byrds","floor":22.0,"turns":9.0},{"damage":25.0,"enemies":"Cultist and Chosen","floor":24.0,"turns":5.0},{"damage":0.0,"enemies":"Book of Stabbing","floor":30.0,"turns":4.0},{"damage":0.0,"enemies":"Shelled Parasite and Fungi","floor":31.0,"turns":4.0},{"damage":17.0,"enemies":"Pondfish","floor":33.0,"turns":8.0},{"damage":7.0,"enemies":"3 Shapes","floor":35.0,"turns":4.0},{"damage":0.0,"enemies":"Mind Bloom Boss Battle","floor":36.0,"turns":5.0},{"damage":0,"enemies":"3 Darklings","floor":39,"turns":3},{"damage":45,"enemies":"Giant Head","floor":41,"turns":7},{"damage":0,"enemies":"4 Shapes","floor":42,"turns":4},{"damage":0,"enemies":"Spire Growth","floor":44,"turns":4},{"damage":39,"enemies":"Reptomancer","floor":46,"turns":2}],"seed_played":"5132841650394778383","potions_obtained":[{"floor":7.0,"key":"Regen Potion"},{"floor":12.0,"key":"FearPotion"},{"floor":14.0,"key":"Reflective Coating"},{"floor":16.0,"key":"DuplicationPotion"},{"floor":19.0,"key":"BlessingOfTheForge"},{"floor":20.0,"key":"Milkshake"},{"floor":21.0,"key":"Dexterity Potion"},{"floor":33.0,"key":"Energy Potion"},{"floor":35.0,"key":"ColorlessPotion"},{"floor":42,"key":"Venom Potion"}],"is_trial":true,"path_per_floor":["M","$","?","M","?","R","E","R","T","E","M","M","M","M","R","B",null,"M","M","M","M","M","R","M","R","T","?","$","?","E","M","R","B",null,"M","?","?","$","M","R","E","M","T","M","R","E"],"character_chosen":"THE_DT","items_purchased":["DTMod:ComboAttack","SpreadBorder2:ReiMu","DTMod:InvisibleFlame","SubAcupoint:ReiMu+1","SafetyPray:ReiMu","DTMod:InvisibleFlame"],"campfire_rested":3,"item_purchase_floors":[2,2,25,25,38,38],"current_hp_per_floor":[37,37,21,21,26,26,29,29,29,14,17,20,23,26,43,30,52,54,57,60,63,23,45,31,34,34,34,34,31,34,37,63,49,84,80,83,68,71,74,74,32,35,35,38,38,0,0,0],"gold":203,"neow_bonus":"","is_daily":false,"chose_seed":false,"campfire_upgraded":5,"win_rate":0.0,"timestamp":1611317570,"path_taken":["M","$","?","M","?","R","E","R","T","E","M","?","M","M","R","BOSS","M","M","M","M","M","R","?","R","T","?","$","?","E","M","R","BOSS","M","?","?","$","?","R","E","M","T","M","R","E"],"items_purchased_type":["Card","Card","Card","Card","Card","Card"],"build_version":"2020-12-22","purchased_purges":0,"victory":false,"max_hp_per_floor":[41,41,41,41,41,41,44,44,44,47,50,53,56,59,59,59,59,62,65,68,71,74,74,77,80,80,80,80,83,86,89,89,92,95,98,101,101,104,107,107,110,113,113,116,116,116,116,116],"card_choices":[{"not_picked":["OctopathBindingBorder2:ReiMu","ForcedLanding:ReiMu"],"picked":"DTMod:CleansingStrike","floor":1.0},{"not_picked":["RainPray2:ReiMu","SubcavityInstant:ReiMu"],"picked":"DTMod:MasterPlan","floor":3.0},{"not_picked":["Meditation:ReiMu","CareerPray:ReiMu"],"picked":"DTMod:QuickFly","floor":4.0},{"not_picked":["ForcedLanding:ReiMu","DTMod:QuickFly"],"picked":"DTMod:Hide","floor":7.0},{"not_picked":["Conquer:ReiMu","MikOfLucky:ReiMu"],"picked":"DTMod:SealedStrike","floor":10.0},{"not_picked":["PrepareRite:ReiMu","DTMod:Dissolve"],"picked":"DTMod:Feint","floor":11.0},{"not_picked":["SubAcupoint:ReiMu","DTMod:Threaten"],"picked":"DTMod:MagicField","floor":12.0},{"not_picked":["KamiSacrifice:ReiMu","DTMod:Cover"],"picked":"DTMod:ComboAttack","floor":13.0},{"not_picked":["Enchanting:ReiMu","UniversalSpiritual:ReiMu"],"picked":"DTMod:Cover","floor":14.0},{"not_picked":["DTMod:LowKick","DTMod:BurningEnergy"],"picked":"DTMod:CleansingStrike+1","floor":18.0},{"not_picked":["DTMod:MagicField","AlertArray:ReiMu"],"picked":"RainPray2:ReiMu","floor":19.0},{"not_picked":["SpreadBorder2:ReiMu+1","RainPray2:ReiMu"],"picked":"Meditation:ReiMu","floor":20.0},{"not_picked":["DTMod:HeatWave","YinYang:ReiMu"],"picked":"DTMod:BlazingStrike","floor":21.0},{"not_picked":["Conquer:ReiMu","DTMod:Hide"],"picked":"InherentArray:ReiMu","floor":22.0},{"not_picked":["AirStrike:ReiMu","DTMod:Punisher+1"],"picked":"DTMod:RecklessFlurry","floor":24.0},{"not_picked":["Amulet:ReiMu","FantasyBorder:ReiMu"],"picked":"OctopathBindingBorder2:ReiMu","floor":30.0},{"not_picked":["DTMod:TauntingStrike","Enchanting:ReiMu"],"picked":"DTMod:RepeatStrike","floor":31.0},{"not_picked":["DTMod:StunTrap","DTMod:LightShield"],"picked":"DTMod:Multitask","floor":33.0},{"not_picked":["DTMod:GhostSkin","CollectionFlower2:ReiMu"],"picked":"LovePray:ReiMu","floor":35.0},{"not_picked":["LovePray:ReiMu","AirManeuver:ReiMu"],"picked":"DTMod:DarkBreath","floor":36},{"not_picked":["SpiritualOutbreak2:ReiMu+1","TakeOff:ReiMu"],"picked":"Intuition:ReiMu","floor":39},{"not_picked":["Conquer:ReiMu","Revelation:ReiMu+1"],"picked":"DTMod:HeatWave+1","floor":41},{"not_picked":["DTMod:Punisher","DTMod:MasterPlan"],"picked":"CareerPray:ReiMu+1","floor":42},{"not_picked":["DTMod:Outburst","FantasyBorder:ReiMu"],"picked":"DTMod:Hide","floor":44}],"player_experience":100569,"relics_obtained":[{"floor":3.0,"key":"Pocketwatch"},{"floor":7.0,"key":"Replay:Ringing Soul"},{"floor":9.0,"key":"StrikeDummy"},{"floor":10.0,"key":"AT_BellowingDragoncrestRing"},{"floor":26.0,"key":"DTMod:DragonFood"},{"floor":30.0,"key":"Replay:Bandana"},{"floor":36,"key":"CaptainsWheel"},{"floor":41,"key":"Replay:Arrowhead"},{"floor":43,"key":"Replay:Rubber Ducky"}],"event_choices":[{"cards_removed":["SpreadBorder2:ReiMu"],"damage_healed":5.0,"max_hp_gain":0.0,"max_hp_loss":0.0,"gold_gain":0.0,"event_name":"Bonfire Elementals","player_choice":"Offered Common","floor":5.0,"gold_loss":0.0,"damage_taken":0.0},{"cards_removed":["SpreadBorder2:ReiMu"],"damage_healed":5.0,"max_hp_gain":0.0,"max_hp_loss":0.0,"gold_gain":0.0,"event_name":"Bonfire Elementals","player_choice":"Offered Special","floor":5.0,"gold_loss":0.0,"damage_taken":0.0},{"damage_healed":0.0,"max_hp_gain":0.0,"max_hp_loss":0.0,"gold_gain":0.0,"event_name":"Back to Basics","player_choice":"Simplicity","floor":27.0,"gold_loss":0.0,"damage_taken":0.0,"cards_upgraded":["DTMod:Strike","DTMod:Strike","DTMod:Strike","DTMod:Strike","DTMod:TargetDefense","DTMod:TargetDefense","DTMod:TargetDefense","DTMod:TargetDefense"]},{"damage_healed":0.0,"max_hp_gain":0.0,"max_hp_loss":0.0,"gold_gain":0.0,"event_name":"Nest","player_choice":"Joined the Cult","floor":29.0,"gold_loss":0.0,"damage_taken":6.0,"cards_obtained":["RitualDagger"]},{"damage_healed":0.0,"max_hp_gain":0.0,"max_hp_loss":0.0,"gold_gain":0.0,"event_name":"MindBloom","player_choice":"Fight","floor":36.0,"gold_loss":0.0,"damage_taken":0.0},{"damage_healed":0,"gold_gain":0,"player_choice":"Damaged","damage_taken":15,"max_hp_gain":0,"max_hp_loss":0,"event_name":"Wheel of Change","floor":37,"gold_loss":0}],"is_beta":false,"boss_relics":[{"not_picked":["Velvet Choker","SlaversCollar"],"picked":"REME_ChargedStone"},{"not_picked":["Astrolabe","Kintsugi"],"picked":"AT_MortalBlade"}],"items_purged_floors":[],"is_endless":true,"potions_floor_spawned":[7,12,14,16,19,20,21,33,35,42],"killed_by":"Reptomancer","ascension_level":20}}