{"host":"hfcva6mq15ctj0gu","time":1611348842,"event":{"mods":["Abigail Mod","AchievementEnabler","Act Like it!","Alarm Clock","BaseMod","Better Altar","Better Match","Better Skull","Better Third Choice","BetterRewards","Booster Modes","CapriCore","Card Forge","Colored Map","Curses Come First","Disable Question Mark Monsters","Displayed Cursed Tome","Emptier Cage","FoggyMod","Friendly Minions","Gold Saver","Good Game Mod","Grow up Mod","Highlight Path","Kratos Character Expansion","Minty Spire (QoL Compilation)","Permanent Neow","Poem Panic","Remilia??????","Shade Mod","Shop Mod","StSLib","The Immortal","The Servant 0.9.4","The Vixen","Transform Curses","Virulent Crown","????"],"gold_per_floor":[2066,2141,2141,2091,1708,1739,1752,1783,1783,855,1030,36,36,73,73,175,175,215,215,10,26,26,67,67,67,117,126,180,50,50,67,67,173,191,202,486,50,65,75,112,112,191,214,258,13,0,18,18,18,18],"floor_reached":51,"language":"ENG","playtime":1878,"items_purged":[],"score":1093,"play_id":"9535f3af-cff4-486f-a27e-0765477fc4bb","local_time":"20210122215402","daily_mods":["Vintage","Heirloom"],"is_ascension_mode":false,"campfire_choices":[{"floor":15,"key":"REST"},{"floor":32,"key":"REST"},{"data":"1","floor":49,"key":"LIFT"}],"circlet_count":0,"master_deck":["RedMoon+1","ScarletShoot+1","CurseOfTheBell","CurseOfVladTepes+1","EndlessAdversity+1","RedRainbow+1","LeisurelyOfLord+1","TwelveNightmare+1","ChainGang+1","FavorOfDestiny+1","BloodHunter+1","StarOfDavid+1","Dark Shackles+1","Doubt","KillingBlow+1","BlasphemousPunishment+1","VampireFantasy+1","RitualDagger+1","ScarletImprint+1","CeilingFear+1","RedMagic+1","GlobalNightmare+1","Regret","EquivalentExchange+1","BloodySeventeenLaser+1","CharismaGuard+1","MastersStateliness+1","CharismaGuard+1","TwelveNightmare+1","EternalNight+1","FavorOfDestiny+1","BlasphemousPunishment+1","NightDance+1","Madness+1","Madness+1"],"relics":["ScarletHat","Hammer of Thor","Seething Fire","Anvil of the Gods","REME:ComplimentaryCards","Gungnir","Ancient Tea Set","KratosMod:chalice","InkBottle","Du-Vu Doll","MerchantsRug","Meat on the Bone","Darkstone Periapt","Mummified Hand","TheAbacus","Mercury Hourglass","Toxic Egg 2","The Courier","HandDrill","PreservedInsect","KratosMod:amulet","Sundial","Molten Egg 2","SlaversCollar","TypeBBloodRedTea","Sling","Bronze Scales","Letter Opener","CeramicFish","FossilizedHelix","Toy Ornithopter","Akabeko","Thread and Needle","Tiny Chest","PoemPanic:PoemPanicRelic","Gremlin Horn","Bottled Tornado","Whetstone","White Beast Statue","Bag of Marbles","Centennial Puzzle","Unceasing Top","Bag of Preparation","Girya","Ornamental Fan","ClockworkSouvenir","Red Mask","RedBat"],"acts_visited":["Exordium","TheCity","TheBeyond"],"potions_floor_usage":[],"damage_taken":[{"damage":0,"enemies":"Jaw Worm","floor":1,"turns":3},{"damage":20,"enemies":"Lagavulin","floor":6,"turns":4},{"damage":3,"enemies":"Small Slimes","floor":7,"turns":3},{"damage":9,"enemies":"3 Sentries","floor":8,"turns":4},{"damage":1,"enemies":"2 Louse","floor":14,"turns":1},{"damage":128,"enemies":"Hexaghost","floor":16,"turns":7},{"damage":3,"enemies":"Shell Parasite","floor":18,"turns":3},{"damage":2,"enemies":"Chosen","floor":21,"turns":2},{"damage":11,"enemies":"Book of Stabbing","floor":23,"turns":1},{"damage":31,"enemies":"Slavers","floor":28,"turns":3},{"damage":2,"enemies":"Centurion and Healer","floor":31,"turns":3},{"damage":19,"enemies":"Collector","floor":33,"turns":5},{"damage":11,"enemies":"3 Darklings","floor":35,"turns":2},{"damage":11,"enemies":"Orb Walker","floor":38,"turns":2},{"damage":0,"enemies":"Sphere and 2 Shapes","floor":39,"turns":1},{"damage":2,"enemies":"Reptomancer","floor":40,"turns":2},{"damage":12,"enemies":"Mind Bloom Boss Battle","floor":42,"turns":3},{"damage":0,"enemies":"Nemesis","floor":44,"turns":1},{"damage":12,"enemies":"Donu and Deca","floor":50,"turns":3}],"seed_played":"9106018644777299153","potions_obtained":[{"floor":7,"key":"Block Potion"},{"floor":16,"key":"SmokeBomb"},{"floor":21,"key":"DistilledChaos"},{"floor":28,"key":"Fruit Juice"},{"floor":33,"key":"Strength Potion"},{"floor":35,"key":"SpeedPotion"},{"floor":40,"key":"DestinyDice"},{"floor":42,"key":"SneckoOil"},{"floor":44,"key":"Regen Potion"}],"is_trial":true,"path_per_floor":["M","?","?","?","$","E","M","E","T","$","?","R","?","M","R","B",null,"M","?","$","M","?","E","?","T","T","?","E","R","$","M","R","B",null,"M","?","$","M","M","E","T","?","T","E","R","?","?","T","R","B",null],"character_chosen":"REMILIA","items_purchased":["MerchantsRug","CurseOfVladTepes","EndlessAdversity","RedRainbow","TheAbacus","Mercury Hourglass","Toxic Egg 2","ChainGang","FavorOfDestiny+1","BloodHunter+1","StarOfDavid","Dark Shackles+1","The Courier","HandDrill","Potion Belt","PreservedInsect","KratosMod:amulet","Sundial","Sling","Bronze Scales","Thread and Needle","EquivalentExchange","BloodySeventeenLaser+1","CharismaGuard","MastersStateliness","CharismaGuard","TwelveNightmare","Bottled Tornado","Ornamental Fan","NightDance+1","ClockworkSouvenir"],"campfire_rested":2,"item_purchase_floors":[5,5,5,5,10,10,10,10,10,10,10,10,12,12,12,12,12,12,20,20,29,37,37,37,37,37,37,37,45,45,45],"current_hp_per_floor":[95,94,104,114,124,114,121,125,135,145,161,171,181,190,241,143,261,270,280,290,301,311,310,320,330,340,344,332,342,352,368,411,410,431,430,447,457,460,480,492,502,504,514,528,538,548,488,498,508,515],"gold":18,"neow_bonus":"","is_daily":false,"chose_seed":false,"campfire_upgraded":0,"win_rate":0.0,"timestamp":1611348842,"path_taken":["M","?","?","?","$","E","?","E","T","$","?","R","?","?","R","BOSS","M","?","$","?","?","E","?","?","T","?","E","R","?","?","R","BOSS","M","?","$","?","?","E","?","?","T","E","R","?","?","?","R","BOSS"],"items_purchased_type":["Relic","Card","Card","Card","Relic","Relic","Relic","Card","Card","Card","Card","Card","Relic","Relic","Relic","Relic","Relic","Relic","Relic","Relic","Relic","Card","Card","Card","Card","Card","Card","Relic","Relic","Card","Relic"],"build_version":"2020-12-22","purchased_purges":0,"victory":true,"max_hp_per_floor":[95,105,115,125,135,145,155,165,175,185,201,211,221,231,241,251,261,271,281,291,301,311,321,331,341,351,361,371,381,391,401,411,421,431,441,457,467,477,487,497,507,517,527,537,547,557,567,577,587,597],"card_choices":[{"not_picked":["VampirishNight","ScarletGensokyo"],"picked":"LeisurelyOfLord","floor":6},{"not_picked":["ScarletGensokyo","BombardNight"],"picked":"TwelveNightmare","floor":8},{"not_picked":["BloodyCatastrophe+1","ChaoticDestiny+1"],"picked":"KillingBlow+1","floor":16},{"not_picked":["ChainGang+1","NightDance+1"],"picked":"VampireFantasy+1","floor":23},{"not_picked":["BombardNight+1","DevilSight+1"],"picked":"ScarletImprint+1","floor":28},{"not_picked":["ScarletMeister","CurseOfVladTepes"],"picked":"CeilingFear+1","floor":33},{"not_picked":["UnstableMagic+1","BloodAndWine+1"],"picked":"EternalNight+1","floor":40},{"not_picked":["BombardNight+1","MastersStateliness"],"picked":"FavorOfDestiny+1","floor":42},{"not_picked":["VampirishNight+1","DevilSight+1"],"picked":"BlasphemousPunishment+1","floor":44}],"player_experience":98116,"relics_obtained":[{"floor":1,"key":"Ancient Tea Set"},{"floor":3,"key":"Smiling Mask"},{"floor":3,"key":"InkBottle"},{"floor":3,"key":"Du-Vu Doll"},{"floor":6,"key":"Meat on the Bone"},{"floor":7,"key":"Darkstone Periapt"},{"floor":8,"key":"Mummified Hand"},{"floor":9,"key":"Pantograph"},{"floor":14,"key":"Molten Egg 2"},{"floor":18,"key":"TypeBBloodRedTea"},{"floor":21,"key":"Letter Opener"},{"floor":23,"key":"CeramicFish"},{"floor":25,"key":"FossilizedHelix"},{"floor":26,"key":"Toy Ornithopter"},{"floor":28,"key":"Akabeko"},{"floor":31,"key":"Tiny Chest"},{"floor":35,"key":"Gremlin Horn"},{"floor":38,"key":"Whetstone"},{"floor":39,"key":"White Beast Statue"},{"floor":40,"key":"Bag of Marbles"},{"floor":41,"key":"Centennial Puzzle"},{"floor":42,"key":"Unceasing Top"},{"floor":43,"key":"Bag of Preparation"},{"floor":44,"key":"Girya"},{"floor":48,"key":"RedBat"}],"event_choices":[{"damage_healed":0,"gold_gain":75,"player_choice":"Gold","damage_taken":11,"max_hp_gain":0,"max_hp_loss":0,"event_name":"betterThird:BetterGoop","floor":2,"gold_loss":0},{"cards_removed":["Strike_RM"],"damage_healed":0,"gold_gain":0,"player_choice":"Card Removal","damage_taken":0,"max_hp_gain":0,"max_hp_loss":0,"event_name":"The Cleric","floor":4,"gold_loss":50},{"damage_healed":0,"gold_gain":175,"player_choice":"AGREE","damage_taken":855,"max_hp_gain":0,"max_hp_loss":0,"event_name":"betterThird:BetterSerpent","floor":11,"gold_loss":0},{"damage_healed":171,"gold_gain":0,"player_choice":"Leave","damage_taken":0,"max_hp_gain":0,"max_hp_loss":211,"event_name":"betterThird:BetterShining","floor":13,"gold_loss":0},{"damage_healed":0,"gold_gain":0,"player_choice":"Ignored","damage_taken":0,"max_hp_gain":0,"max_hp_loss":0,"event_name":"N\u0027loth","floor":19,"gold_loss":0},{"damage_healed":0,"gold_gain":0,"player_choice":"Ignored","damage_taken":0,"max_hp_gain":0,"max_hp_loss":0,"event_name":"Ghosts","floor":24,"gold_loss":0},{"damage_healed":0,"gold_gain":0,"player_choice":"Dagger","damage_taken":6,"max_hp_gain":0,"max_hp_loss":0,"event_name":"betterThird:BetterNest","floor":27,"gold_loss":0,"cards_obtained":["RitualDagger"]},{"damage_healed":0,"gold_gain":275,"player_choice":"Desecrate","damage_taken":0,"max_hp_gain":0,"max_hp_loss":0,"event_name":"Golden Shrine","floor":36,"gold_loss":0,"cards_obtained":["Regret"]},{"damage_healed":0,"gold_gain":0,"player_choice":"Fight","damage_taken":0,"max_hp_gain":0,"max_hp_loss":0,"event_name":"MindBloom","floor":42,"gold_loss":0},{"damage_healed":0,"gold_gain":0,"player_choice":"Paid","damage_taken":0,"relics_obtained":["Red Mask"],"max_hp_gain":0,"max_hp_loss":0,"event_name":"Tomb of Lord Red Mask","floor":46,"gold_loss":13},{"damage_healed":0,"gold_gain":0,"player_choice":"Embrace Madness","damage_taken":70,"max_hp_gain":0,"max_hp_loss":0,"event_name":"Winding Halls","floor":47,"gold_loss":0,"cards_obtained":["Madness","Madness"]}],"is_beta":false,"boss_relics":[{"not_picked":["Empty Cage","SacredBark"],"picked":"SlaversCollar"},{"not_picked":["Snecko Eye","Busted Crown"],"picked":"PoemPanic:PoemPanicRelic"}],"items_purged_floors":[],"is_endless":false,"potions_floor_spawned":[7,16,21,28,33,35,40,42,44],"ascension_level":0}}