{"host":"c1oza4x7xlyuasvd","time":1611318487,"event":{"mods":["ATMod(°¢èªMod)","BaseMod","Better Vampires","Colored Powertips","Downfall","Marisa£¨ìFÓê¡¡Ä§ÀíÉ³£©","Minty Spire (QoL Compilation)","MostiFishMod","StSLib","TestMod","Waifu the Spire","¡¾ÒÅÎï¿¨ÅÆ¡¿REMEMod"],"gold_per_floor":[99,99,99,91,91,120,120,163,182,202,236,285,285,285,316,432,432,432,454,480,480,480,528,553,588,444,484,500,500,173,204,228,341,341,241,261,297,32,32,32,32,75,111,146,203,229,266,66,102,102,102,151,1,1,1,1],"floor_reached":57,"language":"ZHS","playtime":6218,"items_purged":["hexamod:Strike","hexamod:Strike","Writhe","hexamod:Strike+1"],"score":1911,"play_id":"2d4ba4a6-dcf1-4fbc-8307-017442b66850","local_time":"20210122202807","is_ascension_mode":true,"campfire_choices":[{"data":"AT_Dispersion","floor":1.0,"key":"SMITH"},{"data":"hexamod:PowerFromBeyond","floor":13.0,"key":"SMITH"},{"data":"hexamod:UnlimitedPower","floor":18,"key":"SMITH"},{"floor":35,"key":"RECALL"},{"data":"Slimebound:CheckThePlaybook","floor":48,"key":"SMITH"},{"data":"hexamod:SkipABeat","floor":54,"key":"SMITH"}],"circlet_count":0,"master_deck":["hexamod:Strike+1","hexamod:Defend+1","hexamod:Defend+1","hexamod:Defend","hexamod:Defend+1","hexamod:Sear+1","hexamod:Float","AT_Dispersion+1","All For One+1","hexamod:DynamicBlow","hexamod:TimeWarp+1","hexamod:WildfireWeapon+1","hexamod:PowerFromBeyond+1","hexamod:GhostOfSpirePast+1","hexamod:SecondSeal","hexamod:GhostflameInferno+1","hexamod:SpectralSpark","MostiFishMod:FrostNova+1","MostiFishMod:WinterMarkForm+1","hexamod:SecondSeal","hexamod:SecondSeal","Slimebound:CheckThePlaybook+1","hexamod:PhantomFireball+1","hexamod:SixthSeal","hexamod:GhostOfSpirePast+1","hexamod:SoulSteal","hexamod:FourthSeal","hexamod:SkipABeat+1","hexamod:PowerFromBeyond+1","hexamod:GhostOfSpirePast+1","hexamod:TimeWarp+1","hexamod:SkipABeat+1","hexamod:GiftsFromTheDead+1","hexamod:GiftsFromTheDead+1"],"relics":["hexamod:SpiritBrand","testmod-TestBox","AT_ATBox","DaveBox","REME_ComplimentaryCards","testmod-BlackFramedGlasses","Lizard Tail","downfall:HeartsMalice","Singing Bowl","ImprovedEquipment","AT_TimeSand","Frozen Egg 2","White Beast Statue","FrostBlade","Shuriken","hexamod:TheBrokenSeal","Nilry\u0027s Codex","Centennial Puzzle","Lee\u0027s Waffle","REME_LimitBreaker","ChiXiaoBlade","downfall:HeartBlessingBlue","AT_ArcaneBoots","AT_GuinsooRageblade","hexamod:SoulConsumer","downfall:HeartBlessingRed","downfall:HeartBlessingGreen","AT_SilvercatRing"],"acts_visited":["Exordium","TheCity","TheBeyond","TheEnding"],"potions_floor_usage":[56],"damage_taken":[{"damage":0.0,"enemies":"Cultist","floor":2.0,"turns":1.0},{"damage":0.0,"enemies":"Small Slimes","floor":3.0,"turns":1.0},{"damage":0.0,"enemies":"Gremlin Nob","floor":6.0,"turns":1.0},{"damage":14.0,"enemies":"Lagavulin","floor":8.0,"turns":5.0},{"damage":11.0,"enemies":"Jaw Worm","floor":9.0,"turns":3.0},{"damage":0.0,"enemies":"3 Louse","floor":10.0,"turns":4.0},{"damage":0.0,"enemies":"Exordium Wildlife","floor":11.0,"turns":4.0},{"damage":3.0,"enemies":"3 Sentries","floor":12.0,"turns":5.0},{"damage":5,"enemies":"Exordium Thugs","floor":15,"turns":5},{"damage":32,"enemies":"WA_ARCHETYPE_RETAIN","floor":16,"turns":8},{"damage":21,"enemies":"Spheric Guardian","floor":19,"turns":4},{"damage":29,"enemies":"Chosen and Byrds","floor":20,"turns":8},{"damage":33,"enemies":"Shelled Parasite and Fungi","floor":23,"turns":8},{"damage":6,"enemies":"Snake Plant","floor":25,"turns":4},{"damage":0,"enemies":"downfall:FleeingMerchant","floor":26,"turns":6},{"damage":0,"enemies":"3 Cultists","floor":27,"turns":4},{"damage":8,"enemies":"Shelled Parasite and Fungi","floor":28,"turns":5},{"damage":15,"enemies":"downfall:FleeingMerchant","floor":30,"turns":4},{"damage":7,"enemies":"Snake Plant","floor":31,"turns":4},{"damage":1,"enemies":"Cultist and Chosen","floor":32,"turns":3},{"damage":0,"enemies":"IC_MUSHROOM_ARCHETYPE","floor":33,"turns":3},{"damage":0,"enemies":"Orb Walker","floor":36,"turns":2},{"damage":3,"enemies":"3 Shapes","floor":37,"turns":4},{"damage":11,"enemies":"Spire Growth","floor":42,"turns":4},{"damage":0,"enemies":"Maw","floor":43,"turns":5},{"damage":0,"enemies":"3 Darklings","floor":44,"turns":3},{"damage":4,"enemies":"Giant Head","floor":45,"turns":7},{"damage":18,"enemies":"4 Shapes","floor":46,"turns":3},{"damage":1,"enemies":"Reptomancer","floor":47,"turns":3},{"damage":9,"enemies":"Jaw Worm Horde","floor":49,"turns":3},{"damage":0,"enemies":"DF_ARCHETYPE_ORBS","floor":50,"turns":4},{"damage":0,"enemies":"downfall:CharBossMerchant","floor":52,"turns":5},{"damage":32,"enemies":"downfall:NeowBoss","floor":55,"turns":11},{"damage":0,"enemies":"downfall:NeowBossFinal","floor":56,"turns":4}],"seed_played":"-6297280092782683610","potions_obtained":[{"floor":6.0,"key":"bronze:BurnAndBuffPotion"},{"floor":9.0,"key":"FearPotion"},{"floor":10.0,"key":"Strength Potion"},{"floor":15,"key":"DuplicationPotion"},{"floor":23,"key":"Slimebound:ThreeZeroPotion"},{"floor":31,"key":"LiquidMemories"},{"floor":33,"key":"FairyPotion"}],"is_trial":false,"path_per_floor":["R","M","M","?","T","E","T","E","M","M","M","E","R","?","M","B",null,"R","M","M","?","?","M","T","M","$","M","M","?","$","M","M","B",null,"R","M","M","$","?","?","T","M","M","M","E","M","E","R","M","B",null,"E","$","R","B","B",null],"character_chosen":"THE_SPIRIT","items_purchased":["hexamod:GhostOfSpirePast+1","Centennial Puzzle","Lee\u0027s Waffle","REME_LimitBreaker","hexamod:TimeWarp"],"campfire_rested":0,"item_purchase_floors":[26,30,30,30,38],"current_hp_per_floor":[70,70,70,63,63,64,64,62,63,72,74,78,78,78,80,61,80,80,65,46,46,46,90,90,87,90,90,84,68,99,95,97,102,103,113,113,113,113,113,123,123,116,123,126,127,113,117,117,113,117,133,133,133,133,114,122],"gold":1,"neow_bonus":"THREE_ENEMY_KILL","is_daily":false,"chose_seed":false,"campfire_upgraded":5,"win_rate":0.0,"timestamp":1611318487,"path_taken":["R","M","?","?","?","E","T","E","M","M","M","E","R","?","M","BOSS","R","M","M","?","?","?","T","M","$","M","M","?","?","?","M","BOSS","R","M","M","$","?","?","T","M","?","M","E","M","E","R","M","BOSS","E","$","R","BOSS","BOSS"],"items_purchased_type":["Card","Relic","Relic","Relic","Card"],"build_version":"2020-12-22","purchased_purges":4,"victory":true,"max_hp_per_floor":[70,70,70,70,70,70,70,70,72,72,74,78,78,78,80,80,80,80,84,86,86,78,90,90,90,90,90,90,90,99,101,101,103,103,113,113,113,113,113,123,123,125,127,127,127,129,131,131,133,133,133,133,133,133,133,133],"card_choices":[{"not_picked":["hexamod:AdvancingGuard","hexamod:HauntingEcho"],"picked":"hexamod:FlamesFromBeyond","floor":2.0},{"not_picked":["hexamod:Hexaguard","hexamod:FastForward"],"picked":"hexamod:DynamicBlow","floor":3.0},{"not_picked":["hexamod:ThermalTransfer","hexamod:InspiringFlames"],"picked":"hexamod:TimeWarp","floor":6.0},{"not_picked":["hexamod:FlamesFromBeyond","hexamod:BacktrackSmack"],"picked":"hexamod:FourthSeal","floor":8.0},{"not_picked":["hexamod:NecessarySacrifice","hexamod:FastForward"],"picked":"hexamod:WildfireWeapon+1","floor":8.0},{"not_picked":["hexamod:Firestarter","hexamod:SuperheatedStrike"],"picked":"hexamod:PowerFromBeyond","floor":9.0},{"not_picked":["hexamod:Firestarter","hexamod:NecessarySacrifice","hexamod:SuperheatedStrike"],"picked":"Singing Bowl","floor":9.0},{"not_picked":["hexamod:ChargedBarrage","hexamod:NightmareGuise"],"picked":"hexamod:GhostOfSpirePast+1","floor":10.0},{"not_picked":["hexamod:NightmareGuise","hexamod:AdvancingGuard"],"picked":"hexamod:SecondSeal","floor":10.0},{"not_picked":["hexamod:CatchUp","hexamod:HeatShield"],"picked":"hexamod:GhostflameInferno","floor":11.0},{"not_picked":["hexamod:HeatMetal","hexamod:FlamesFromBeyond","hexamod:Hexaguard"],"picked":"Singing Bowl","floor":11.0},{"not_picked":["hexamod:EmpoweredFlame+1","hexamod:GhostShield","hexamod:BacktrackSmack"],"picked":"Singing Bowl","floor":12.0},{"not_picked":["hexamod:GhostflameBarrier","hexamod:NightmareGuise","hexamod:InspiringFlames"],"picked":"Singing Bowl","floor":12.0},{"not_picked":["hexamod:EtherealExpedition","hexamod:AdvancingGuard","hexamod:HeatMetal"],"picked":"Singing Bowl","floor":15},{"not_picked":["hexamod:ShieldOfDarkness","hexamod:BurningTouch"],"picked":"hexamod:SpectralSpark","floor":15},{"not_picked":["hexamod:HexaLevel+1","hexamod:GhostOfSpirePresent+1"],"picked":"hexamod:FifthSeal","floor":16},{"not_picked":["hexamod:TurnItUp","hexamod:GhostflameInferno"],"picked":"hexamod:UnlimitedPower","floor":16},{"not_picked":["hexamod:FirstSeal","hexamod:FourthSeal"],"picked":"hexamod:SixthSeal","floor":19},{"not_picked":["hexamod:GhostShield","hexamod:HeatCrush","hexamod:BurningTouch"],"picked":"Singing Bowl","floor":19},{"not_picked":["hexamod:FirstSeal","hexamod:HauntingEcho","hexamod:WildfireWeapon+1"],"picked":"Singing Bowl","floor":19},{"not_picked":["hexamod:GhostOfSpireFuture+1","hexamod:AdvancingGuard"],"picked":"hexamod:SecondSeal","floor":20},{"not_picked":["hexamod:ThirdSeal","hexamod:FirstSeal"],"picked":"hexamod:SecondSeal","floor":20},{"not_picked":["hexamod:HauntingEcho+1","hexamod:SpectralAdrenaline+1","hexamod:FlamesFromBeyond"],"picked":"Singing Bowl","floor":20},{"not_picked":["hexamod:SpectersWail","hexamod:NecessarySacrifice+1","hexamod:HeatMetal"],"picked":"Singing Bowl","floor":23},{"not_picked":["hexamod:SwordOfDarkness","hexamod:Firestarter+1"],"picked":"hexamod:PhantomFireball+1","floor":25},{"not_picked":["hexamod:Haunt","hexamod:FlamesFromBeyond"],"picked":"hexamod:SixthSeal","floor":26},{"not_picked":["hexamod:InspiringFlames+1","hexamod:Firestarter"],"picked":"hexamod:SoulSteal","floor":27},{"not_picked":["hexamod:GhostflameBarrier","hexamod:FastForward"],"picked":"hexamod:FourthSeal","floor":28},{"not_picked":["hexamod:PowerFromBeyond","hexamod:ChargedBarrage","hexamod:GhostflameBarrier+1"],"picked":"Singing Bowl","floor":30},{"not_picked":["hexamod:SuperheatedStrike","hexamod:GhostflameBarrier+1","hexamod:EmpoweredFlame+1"],"picked":"Singing Bowl","floor":31},{"not_picked":["hexamod:SwordOfDarkness+1","hexamod:NightmareStrike"],"picked":"hexamod:SkipABeat+1","floor":32},{"not_picked":["hexamod:UnleashSpirits","hexamod:UnlimitedPower","hexamod:GhostOfSpirePresent+1"],"picked":"Singing Bowl","floor":33},{"not_picked":["hexamod:BurningTouch","hexamod:RetreatToShadows"],"picked":"hexamod:PowerFromBeyond","floor":36},{"not_picked":["hexamod:HauntingEcho+1","hexamod:ExtraCrispy+1"],"picked":"hexamod:GhostOfSpirePast+1","floor":37},{"not_picked":["hexamod:FastForward+1","hexamod:CatchUp+1","hexamod:PhantomFireball+1"],"picked":"Singing Bowl","floor":42},{"not_picked":["hexamod:SuperheatedStrike","hexamod:HauntingEcho+1","hexamod:NightmareGuise"],"picked":"Singing Bowl","floor":43},{"not_picked":["hexamod:InspiringFlames","hexamod:GhostLash+1"],"picked":"hexamod:SkipABeat","floor":44},{"not_picked":["hexamod:PhantomFireball","hexamod:FastForward"],"picked":"hexamod:GiftsFromTheDead+1","floor":45},{"not_picked":["hexamod:HeatCrush+1","hexamod:NightmareGuise","hexamod:GhostLash"],"picked":"Singing Bowl","floor":46},{"not_picked":["hexamod:Firestarter","hexamod:FlamesFromBeyond","hexamod:HeatMetal"],"picked":"Singing Bowl","floor":47},{"not_picked":["hexamod:AdvancingGuard+1","hexamod:SpectralSpark","hexamod:InspiringFlames+1"],"picked":"Singing Bowl","floor":49},{"not_picked":["hexamod:Hexaguard","hexamod:CatchUp"],"picked":"hexamod:GiftsFromTheDead+1","floor":52}],"player_experience":219201,"relics_obtained":[{"floor":5.0,"key":"Singing Bowl"},{"floor":6.0,"key":"ImprovedEquipment"},{"floor":7.0,"key":"AT_TimeSand"},{"floor":8.0,"key":"Frozen Egg 2"},{"floor":12.0,"key":"White Beast Statue"},{"floor":29,"key":"Nilry\u0027s Codex"},{"floor":41,"key":"AT_SpeedBoots"},{"floor":45,"key":"AT_GuinsooRageblade"},{"floor":47,"key":"hexamod:SoulConsumer"},{"floor":52,"key":"AT_SilvercatRing"}],"event_choices":[{"cards_removed":["hexamod:UnlimitedPower"],"damage_healed":0,"gold_gain":0,"player_choice":"Offered Rare","damage_taken":0,"max_hp_gain":10,"max_hp_loss":0,"event_name":"Bonfire Elementals","floor":40,"gold_loss":0}],"is_beta":false,"boss_relics":[{"not_picked":["Black Star","Transparent"],"picked":"FrostBlade"},{"not_picked":["Coffee Dripper","testmod-EnergyCheck"],"picked":"ChiXiaoBlade"}],"items_purged_floors":[26,30,38,53],"is_endless":false,"potions_floor_spawned":[6,11,15,16,19,20,23,25,26,27,28,30,31,32,33,36,37,42,43,44,45,46,47,49,52],"ascension_level":1}}