{"host":"f0gpob8hq9vgebej","time":1611298881,"event":{"mods":["AchievementEnabler","BaseMod","Minty Spire (QoL Compilation)","Quick Restart","SuperFastMode"],"gold_per_floor":[111,128,138,158,177,177,192,192,192,192,92,105,119,19,19,19,19],"floor_reached":16,"language":"KOR","playtime":590,"items_purged":["Strike_G","Defend_G"],"score":139,"play_id":"3544715b-edba-423e-8235-fc5fcd76e93a","local_time":"20210122160121","is_ascension_mode":true,"campfire_choices":[{"data":"Tactician","floor":6,"key":"SMITH"},{"data":"Noxious Fumes","floor":10,"key":"SMITH"},{"data":"Malaise","floor":15,"key":"SMITH"}],"circlet_count":0,"master_deck":["Strike_G","Strike_G","Strike_G","Strike_G","Defend_G","Defend_G","Defend_G","Defend_G","Survivor","Neutralize","Unload","PiercingWail","Tactician+1","Blur","Tactician","Noxious Fumes+1","Backflip","Prepared","Malaise+1"],"relics":["Ring of the Snake"],"acts_visited":["Exordium"],"potions_floor_usage":[5,7,16],"damage_taken":[{"damage":0,"enemies":"Small Slimes","floor":1,"turns":3},{"damage":0,"enemies":"2 Louse","floor":2,"turns":2},{"damage":2,"enemies":"Jaw Worm","floor":3,"turns":4},{"damage":2,"enemies":"Blue Slaver","floor":4,"turns":5},{"damage":22,"enemies":"Exordium Thugs","floor":5,"turns":8},{"damage":0,"enemies":"Gremlin Gang","floor":7,"turns":5},{"damage":0,"enemies":"2 Fungi Beasts","floor":12,"turns":4},{"damage":7,"enemies":"Exordium Thugs","floor":13,"turns":6},{"damage":19,"enemies":"The Guardian","floor":16,"turns":3}],"seed_played":"-868862899131692866","potions_obtained":[{"floor":3,"key":"Ancient Potion"},{"floor":4,"key":"DistilledChaos"},{"floor":5,"key":"BlessingOfTheForge"},{"floor":13,"key":"SneckoOil"}],"is_trial":false,"path_per_floor":["M","M","M","M","M","R","M","?","T","R","$","M","M","$","R","B"],"character_chosen":"THE_SILENT","items_purchased":["Prepared"],"campfire_rested":0,"item_purchase_floors":[11],"current_hp_per_floor":[63,63,61,59,37,37,37,42,42,42,42,42,35,35,35,16,16],"gold":19,"neow_bonus":"ONE_RANDOM_RARE_CARD","is_daily":false,"chose_seed":false,"campfire_upgraded":3,"win_rate":0.0,"timestamp":1611298881,"path_taken":["M","M","M","M","M","R","M","?","T","R","$","M","M","$","R","BOSS"],"items_purchased_type":["Card"],"build_version":"2020-12-22","purchased_purges":2,"victory":false,"max_hp_per_floor":[70,70,70,70,70,70,70,75,75,75,75,75,75,75,75,75,75],"card_choices":[{"not_picked":["Predator","Masterful Stab"],"picked":"PiercingWail","floor":1},{"not_picked":["Slice","Dagger Throw"],"picked":"Tactician","floor":2},{"not_picked":["Underhanded Strike","Flying Knee"],"picked":"Blur","floor":3},{"not_picked":["Slice","Underhanded Strike"],"picked":"Tactician","floor":4},{"not_picked":["Dodge and Roll","Skewer"],"picked":"Noxious Fumes","floor":5},{"not_picked":["Bane","Dodge and Roll"],"picked":"Backflip","floor":7},{"not_picked":["Setup","Underhanded Strike","Blur"],"picked":"SKIP","floor":12},{"not_picked":["Underhanded Strike","Deflect"],"picked":"Malaise","floor":13}],"player_experience":208081,"relics_obtained":[],"event_choices":[{"damage_healed":0,"gold_gain":0,"player_choice":"Donut","damage_taken":0,"max_hp_gain":5,"max_hp_loss":0,"event_name":"Big Fish","floor":8,"gold_loss":0}],"is_beta":false,"boss_relics":[],"items_purged_floors":[11,14],"is_endless":false,"potions_floor_spawned":[3,4,5,13],"killed_by":"The Guardian","ascension_level":9}}