{"host":"3y2rtlgteqp2nuo3","time":1611314414,"event":{"mods":["2.2 Compatiblity","AchievementEnabler","BaseMod","Colored Map","DeckTracker","Highlight Path","Keyboard Shortcuts","Minty Spire (QoL Compilation)","Permanent Neow","Quick Restart","StSLib","SuperFastMode","everything is the same but u backflip on backflip"],"gold_per_floor":[113,124,124,139,150,150,170,170,170,170,222,222,241,241,241,314,314,326,345,355,118,136,136,163,213,213,213,231,241,291,316,316,395,395,406,456,466,481,481,481,166,182,209,228,228,8,8,8,8,8,8],"floor_reached":50,"language":"KOR","playtime":1518,"items_purged":["Thunder Strike","Sweeping Beam"],"score":948,"play_id":"5e1e8783-236c-4bd1-a447-6556df3fc6f1","local_time":"20210122202014","is_ascension_mode":true,"campfire_choices":[{"data":"Zap","floor":6.0,"key":"SMITH"},{"data":"Ball Lightning","floor":8.0,"key":"SMITH"},{"floor":10.0,"key":"REST"},{"data":"Beam Cell","floor":12.0,"key":"SMITH"},{"data":"Creative AI","floor":15.0,"key":"SMITH"},{"floor":23.0,"key":"REST"},{"data":"Echo Form","floor":27.0,"key":"SMITH"},{"floor":32.0,"key":"REST"},{"data":"Turbo","floor":40.0,"key":"SMITH"},{"data":"Multi-Cast","floor":47,"key":"SMITH"},{"floor":49,"key":"REST"}],"circlet_count":0,"master_deck":["AscendersBane","Zap+1","Dualcast","Thunder Strike","Meteor Strike","Barrage","Cold Snap","Ball Lightning+1","Beam Cell+1","Creative AI+1","Multi-Cast+1","Sweeping Beam","Loop","Echo Form+1","Recycle+1","Coolheaded","Chill","Defragment","Creative AI","Fusion","Turbo+1","Skim+1","Fission+1","Genetic Algorithm+1","Coolheaded+1","Hologram+1","Amplify+1","Conserve Battery+1","Defragment+1","Turbo+1","FTL+1","Turbo+1","Deep Breath+1","Turbo+1","BootSequence+1"],"relics":["Cracked Core","Pocketwatch","Orichalcum","Pandora\u0027s Box","Medical Kit","Bird Faced Urn","Meat on the Bone","Toxic Egg 2","Runic Pyramid","Orrery","Bag of Marbles"],"acts_visited":["Exordium","TheCity","TheBeyond"],"potions_floor_usage":[],"damage_taken":[{"damage":5.0,"enemies":"Small Slimes","floor":1.0,"turns":3.0},{"damage":18.0,"enemies":"Jaw Worm","floor":2.0,"turns":4.0},{"damage":0.0,"enemies":"Cultist","floor":4.0,"turns":3.0},{"damage":10.0,"enemies":"Looter","floor":5.0,"turns":3.0},{"damage":13.0,"enemies":"Red Slaver","floor":7.0,"turns":3.0},{"damage":8.0,"enemies":"Exordium Wildlife","floor":13.0,"turns":3.0},{"damage":34.0,"enemies":"Hexaghost","floor":16.0,"turns":9.0},{"damage":6.0,"enemies":"Chosen","floor":18.0,"turns":3.0},{"damage":5.0,"enemies":"Spheric Guardian","floor":19.0,"turns":3.0},{"damage":6.0,"enemies":"3 Cultists","floor":20.0,"turns":3.0},{"damage":18.0,"enemies":"Snake Plant","floor":22.0,"turns":3.0},{"damage":0.0,"enemies":"Gremlin Leader","floor":24.0,"turns":7.0},{"damage":5.0,"enemies":"Centurion and Healer","floor":28.0,"turns":6.0},{"damage":6.0,"enemies":"Snecko","floor":29.0,"turns":4.0},{"damage":49.0,"enemies":"Book of Stabbing","floor":31.0,"turns":5.0},{"damage":31.0,"enemies":"Champ","floor":33.0,"turns":7.0},{"damage":16.0,"enemies":"Orb Walker","floor":35.0,"turns":4.0},{"damage":25.0,"enemies":"3 Darklings","floor":37.0,"turns":3.0},{"damage":6.0,"enemies":"Jaw Worm Horde","floor":38.0,"turns":7.0},{"damage":13.0,"enemies":"Maw","floor":42.0,"turns":7.0},{"damage":32.0,"enemies":"Writhing Mass","floor":44.0,"turns":4.0},{"damage":95,"enemies":"Time Eater","floor":50,"turns":6}],"seed_played":"-1842210399916981049","potions_obtained":[{"floor":5.0,"key":"FairyPotion"},{"floor":7.0,"key":"ColorlessPotion"},{"floor":22.0,"key":"FocusPotion"},{"floor":29.0,"key":"CultistPotion"},{"floor":31.0,"key":"FearPotion"},{"floor":33.0,"key":"PowerPotion"},{"floor":42.0,"key":"Ancient Potion"}],"is_trial":false,"path_per_floor":["M","M","?","M","M","R","M","R","T","R","T","R","M","?","R","B",null,"M","M","M","$","M","R","E","?","T","R","M","M","?","E","R","B",null,"M","?","M","M","?","R","$","M","T","M","?","$","R","$","R","B"],"character_chosen":"DEFECT","items_purchased":["Medical Kit","Orrery","Turbo+1","Deep Breath+1","Turbo+1","BootSequence+1"],"campfire_rested":4,"item_purchase_floors":[21,41,41,46,46,46],"current_hp_per_floor":[59,41,41,41,31,31,18,18,18,37,37,37,29,29,29,17,52,46,41,35,35,17,36,36,36,36,36,43,51,51,18,37,34,57,57,57,42,48,48,48,48,61,61,44,44,44,44,44,63,0,0],"gold":8,"neow_bonus":"TRANSFORM_TWO_CARDS","is_daily":false,"chose_seed":false,"campfire_upgraded":7,"win_rate":0.0,"timestamp":1611314414,"path_taken":["M","M","?","M","M","R","M","R","T","R","?","R","M","?","R","BOSS","M","M","?","$","M","R","E","?","T","R","?","M","?","E","R","BOSS","M","?","?","M","?","R","$","?","T","M","?","$","R","?","R","BOSS"],"items_purchased_type":["Relic","Relic","Card","Card","Card","Card"],"build_version":"2020-12-22","purchased_purges":2,"victory":false,"max_hp_per_floor":[64,64,64,64,64,64,64,64,64,64,64,64,64,64,64,64,64,64,64,64,64,64,64,64,64,64,64,64,64,64,64,64,64,64,64,64,64,64,64,64,64,64,64,64,64,64,64,64,64,64,64],"card_choices":[{"not_picked":["Gash","Redo"],"picked":"Barrage","floor":1.0},{"not_picked":["Stack","Beam Cell"],"picked":"Cold Snap","floor":2.0},{"not_picked":["Beam Cell","Rebound"],"picked":"Ball Lightning","floor":4.0},{"not_picked":["Streamline","Hello World"],"picked":"Beam Cell","floor":5.0},{"not_picked":["Steam Power","Redo","Ball Lightning"],"picked":"SKIP","floor":7.0},{"not_picked":["Steam","Redo","Compile Driver"],"picked":"SKIP","floor":13.0},{"not_picked":["Thunder Strike","Buffer"],"picked":"Multi-Cast","floor":16.0},{"not_picked":["Sweeping Beam","Steam"],"picked":"Recycle+1","floor":18.0},{"not_picked":["FTL","Hologram"],"picked":"Coolheaded","floor":19.0},{"not_picked":["Coolheaded","Streamline"],"picked":"Chill","floor":20.0},{"not_picked":["Cold Snap","Sweeping Beam"],"picked":"Defragment","floor":22.0},{"not_picked":["Lockon","Sweeping Beam"],"picked":"Creative AI","floor":24.0},{"not_picked":["Beam Cell+1","Steam"],"picked":"Fusion","floor":28.0},{"not_picked":["Genetic Algorithm","Stack"],"picked":"Turbo","floor":29.0},{"not_picked":["Leap+1","Biased Cognition"],"picked":"Skim+1","floor":31.0},{"not_picked":["Multi-Cast+1","Buffer"],"picked":"Fission+1","floor":33.0},{"not_picked":["Leap+1","Rebound"],"picked":"Genetic Algorithm+1","floor":35.0},{"not_picked":["Reprogram+1","Stack+1"],"picked":"Coolheaded+1","floor":37.0},{"not_picked":["Coolheaded+1","Streamline"],"picked":"Hologram+1","floor":38.0},{"not_picked":["Reinforced Body+1","Leap+1"],"picked":"Amplify+1","floor":41.0},{"not_picked":["Ball Lightning","Skim+1"],"picked":"Conserve Battery+1","floor":41.0},{"not_picked":["Rainbow+1","Redo+1"],"picked":"Defragment+1","floor":41.0},{"not_picked":["Compile Driver+1","Go for the Eyes"],"picked":"FTL+1","floor":42.0},{"not_picked":["Barrage","Streamline"],"picked":"Turbo+1","floor":44.0}],"player_experience":711663,"relics_obtained":[{"floor":9.0,"key":"Pocketwatch"},{"floor":11.0,"key":"Orichalcum"},{"floor":24.0,"key":"Bird Faced Urn"},{"floor":26.0,"key":"Meat on the Bone"},{"floor":31.0,"key":"Toxic Egg 2"},{"floor":43.0,"key":"Bag of Marbles"}],"event_choices":[{"damage_healed":0.0,"max_hp_gain":0.0,"max_hp_loss":0.0,"gold_gain":0.0,"event_name":"Liars Game","player_choice":"Ignored","floor":3.0,"gold_loss":0.0,"damage_taken":0.0},{"damage_healed":0.0,"max_hp_gain":0.0,"max_hp_loss":0.0,"gold_gain":0.0,"event_name":"Match and Keep!","player_choice":"1 cards matched","floor":14.0,"gold_loss":0.0,"damage_taken":0.0,"cards_obtained":["Creative AI"]},{"damage_healed":0.0,"max_hp_gain":0.0,"max_hp_loss":0.0,"gold_gain":50.0,"event_name":"Golden Shrine","player_choice":"Pray","floor":25.0,"gold_loss":0.0,"damage_taken":0.0},{"damage_healed":0.0,"max_hp_gain":0.0,"max_hp_loss":0.0,"gold_gain":50.0,"event_name":"Nest","player_choice":"Stole From Cult","floor":30.0,"gold_loss":0.0,"damage_taken":0.0},{"damage_healed":0.0,"max_hp_gain":0.0,"max_hp_loss":0.0,"gold_gain":50.0,"event_name":"Golden Shrine","player_choice":"Pray","floor":36.0,"gold_loss":0.0,"damage_taken":0.0},{"cards_removed":["Thunder Strike"],"damage_healed":0.0,"max_hp_gain":0.0,"max_hp_loss":0.0,"gold_gain":0.0,"event_name":"Purifier","player_choice":"Purged","floor":39.0,"gold_loss":0.0,"damage_taken":0.0},{"damage_healed":0.0,"max_hp_gain":0.0,"max_hp_loss":0.0,"gold_gain":0.0,"event_name":"Tomb of Lord Red Mask","player_choice":"Ignored","floor":45.0,"gold_loss":0.0,"damage_taken":0.0}],"is_beta":false,"boss_relics":[{"not_picked":["Coffee Dripper","Runic Dome"],"picked":"Pandora\u0027s Box"},{"not_picked":["Nuclear Battery","Tiny House"],"picked":"Runic Pyramid"}],"items_purged_floors":[21,41],"is_endless":false,"potions_floor_spawned":[5,7,13,22,29,31,33,42],"killed_by":"Time Eater","ascension_level":16}}