{"host":"1ekl8hlbnopmdapi","time":1611337731,"event":{"mods":["AchievementEnabler","BaseMod","Colored Map","Colored Powertips","DeckTracker","Googly Eyes","Highlight Path","Minty Spire (QoL Compilation)","Relic Sorter","StSLib","Synergy Search"],"gold_per_floor":[111,129,147,100,100,125,125,153,153,153,35,49,49,60,60,160,160,175,191,116,116,116,116,116],"floor_reached":23,"language":"ENG","playtime":650,"items_purged":[],"score":249,"play_id":"6f35e21b-cd24-48db-a75d-a35b94bff8f2","local_time":"20210122124851","is_ascension_mode":true,"campfire_choices":[{"floor":7,"key":"REST"},{"floor":10,"key":"REST"},{"floor":15,"key":"RECALL"}],"circlet_count":0,"master_deck":["Strike_G","Strike_G","Strike_G","Strike_G","Defend_G","Defend_G","Defend_G","Defend_G","Defend_G","Survivor","Neutralize","Backstab","Caltrops","Distraction","Sucker Punch","Storm of Steel","Glass Knife","Skewer","Noxious Fumes","Adrenaline","Skewer","Blur+1"],"relics":["Philosopher\u0027s Stone","Lantern","Blue Candle","Ice Cream","HoveringKite"],"acts_visited":["Exordium","TheCity"],"potions_floor_usage":[6,6,6,18,23],"damage_taken":[{"damage":0,"enemies":"Cultist","floor":1,"turns":4},{"damage":0,"enemies":"2 Louse","floor":2,"turns":3},{"damage":5,"enemies":"Jaw Worm","floor":3,"turns":4},{"damage":29,"enemies":"Lagavulin","floor":6,"turns":8},{"damage":25,"enemies":"3 Sentries","floor":8,"turns":9},{"damage":2,"enemies":"2 Fungi Beasts","floor":12,"turns":2},{"damage":0,"enemies":"3 Louse","floor":14,"turns":3},{"damage":49,"enemies":"The Guardian","floor":16,"turns":12},{"damage":9,"enemies":"2 Thieves","floor":18,"turns":3},{"damage":4,"enemies":"Spheric Guardian","floor":19,"turns":3},{"damage":32,"enemies":"Slavers","floor":23,"turns":3}],"seed_played":"-3265431992770902793","potions_obtained":[{"floor":1,"key":"GamblersBrew"},{"floor":2,"key":"AttackPotion"},{"floor":3,"key":"DuplicationPotion"},{"floor":16,"key":"DuplicationPotion"},{"floor":19,"key":"Block Potion"}],"is_trial":false,"path_per_floor":["M","M","M","$","?","E","R","E","T","R","?","M","$","M","R","B",null,"M","M","?","?","?","E"],"character_chosen":"THE_SILENT","items_purchased":["Sucker Punch"],"campfire_rested":2,"item_purchase_floors":[4],"current_hp_per_floor":[70,70,65,65,70,41,63,38,38,60,60,58,58,58,58,9,59,50,46,46,32,32,0,0],"gold":116,"neow_bonus":"BOSS_RELIC","is_daily":false,"chose_seed":false,"campfire_upgraded":0,"win_rate":0.0,"timestamp":1611337731,"path_taken":["M","M","M","$","?","E","R","E","T","R","?","?","?","M","R","BOSS","M","M","?","?","?","E"],"items_purchased_type":["Card"],"build_version":"2020-12-22","purchased_purges":0,"victory":false,"max_hp_per_floor":[70,70,70,70,75,75,75,75,75,75,75,75,75,75,75,75,75,75,75,75,80,80,80,80],"card_choices":[{"not_picked":["Distraction","Dash"],"picked":"Backstab","floor":1},{"not_picked":["Escape Plan","Deadly Poison"],"picked":"Caltrops","floor":2},{"not_picked":["Deflect","Deadly Poison"],"picked":"Distraction","floor":3},{"not_picked":["Cloak And Dagger","Leg Sweep"],"picked":"Storm of Steel","floor":6},{"not_picked":["Dagger Spray","Acrobatics"],"picked":"Glass Knife","floor":8},{"not_picked":["Underhanded Strike","Heel Hook"],"picked":"Skewer","floor":12},{"not_picked":["Blade Dance","Catalyst"],"picked":"Noxious Fumes","floor":14},{"not_picked":["Grand Finale","Malaise"],"picked":"Adrenaline","floor":16},{"not_picked":["Predator","Noxious Fumes+1"],"picked":"Skewer","floor":18},{"not_picked":["Caltrops","PiercingWail"],"picked":"Blur+1","floor":19}],"player_experience":485948,"relics_obtained":[{"floor":6,"key":"Lantern"},{"floor":8,"key":"Blue Candle"}],"event_choices":[{"damage_healed":0,"gold_gain":0,"player_choice":"Donut","damage_taken":0,"max_hp_gain":5,"max_hp_loss":0,"event_name":"Big Fish","floor":5,"gold_loss":0},{"damage_healed":0,"gold_gain":0,"player_choice":"Paid Gold","damage_taken":0,"relics_obtained":["Ice Cream"],"max_hp_gain":0,"max_hp_loss":0,"event_name":"WeMeetAgain","floor":11,"gold_loss":118},{"cards_removed":["Strike_G"],"damage_healed":0,"gold_gain":0,"player_choice":"Gave Gold","damage_taken":0,"max_hp_gain":0,"max_hp_loss":0,"event_name":"Beggar","floor":20,"gold_loss":75},{"damage_healed":0,"gold_gain":0,"player_choice":"Shed Blood","damage_taken":19,"max_hp_gain":5,"max_hp_loss":0,"event_name":"Forgotten Altar","floor":21,"gold_loss":0},{"damage_healed":0,"gold_gain":0,"player_choice":"Ignored","damage_taken":0,"max_hp_gain":0,"max_hp_loss":0,"event_name":"Vampires","floor":22,"gold_loss":0}],"is_beta":false,"boss_relics":[{"not_picked":["Coffee Dripper","Fusion Hammer"],"picked":"HoveringKite"}],"items_purged_floors":[],"is_endless":false,"potions_floor_spawned":[1,2,3,16,19],"killed_by":"Slavers","ascension_level":5}}