{"host":"6h0diz2ap0m56grs","time":1611340910,"event":{"mods":["2.2 Compatiblity","BaseMod","Colored Map","Marisa????????","Minty Spire (QoL Compilation)","Quick Restart","Replay The Spire","Shop Mod","StSLib","The Servant 0.9.4"],"gold_per_floor":[111,122,122,47,47,74,106,136,136,170,170,197,227,227],"floor_reached":13,"language":"ENG","playtime":3986,"items_purged":["Pain"],"score":293,"play_id":"2e52ca6f-0d0b-4b21-bfcf-38cf65c693d3","local_time":"20210122124150","daily_mods":["SealedDeck","Heirloom","Time Dilation","Flight"],"is_ascension_mode":true,"campfire_choices":[],"circlet_count":0,"master_deck":["MilkyWay","LuminesStrike","AsteroidBelt","SporeBomb","GrandCross+1","GasGiant","WitchLeyline","MeteoricShower","OortCloud","DarkMatter","GrandCross+1","AsteroidBelt","EscapeVelocity+1","TreasureHunter"],"relics":["MiniHakkero","replay:Trail_Library","CaptainsWheel","WarpedTongs","Frozen Egg 2","Happy Flower","StoneCalendar","Whetstone","Vajra","HornCleat","Letter Opener","Girya","Ancient Tea Set"],"acts_visited":["Exordium"],"potions_floor_usage":[],"damage_taken":[{"damage":0,"enemies":"2 Louse","floor":1,"turns":1},{"damage":0,"enemies":"Cultist","floor":2,"turns":2},{"damage":0,"enemies":"3 Sentries","floor":6,"turns":6},{"damage":0,"enemies":"Lagavulin","floor":7,"turns":4},{"damage":0,"enemies":"3 Sentries","floor":8,"turns":4},{"damage":0,"enemies":"Lagavulin","floor":10,"turns":3},{"damage":0,"enemies":"Gremlin Nob","floor":12,"turns":2},{"damage":0,"enemies":"Replay:BlueRogue","floor":13,"turns":4}],"seed_played":"-3602512634342308547","potions_obtained":[{"floor":1,"key":"Weak Potion"},{"floor":7,"key":"Weak Potion"},{"floor":8,"key":"Milkshake"}],"is_trial":true,"path_per_floor":["M","M","?","$","T","E","E","E","T","E","?","E","E"],"character_chosen":"MARISA","items_purchased":[],"campfire_rested":0,"item_purchase_floors":[],"current_hp_per_floor":[75,75,75,75,75,75,75,75,75,75,68,68,68,68],"gold":227,"neow_bonus":"","is_daily":false,"chose_seed":false,"campfire_upgraded":0,"win_rate":0.0,"timestamp":1611340910,"path_taken":["M","M","?","$","?","E","E","E","T","E","?","E","E"],"items_purchased_type":[],"build_version":"2020-12-22","purchased_purges":1,"victory":false,"max_hp_per_floor":[75,75,75,75,75,75,75,75,75,75,75,75,75,75],"card_choices":[{"not_picked":["StarlightTyphoon","SporeBomb"],"picked":"GrandCross","floor":1},{"not_picked":["WitchOfGreed","NonDirectionalLaser"],"picked":"AsteroidBelt","floor":2},{"not_picked":["PowerUp","6A","DoubleSpark"],"picked":"SKIP","floor":6},{"not_picked":["PowerUp","EnergyRecoil","DC"],"picked":"SKIP","floor":7},{"not_picked":["GrandCross","NonDirectionalLaser"],"picked":"EscapeVelocity+1","floor":8},{"not_picked":["AlicesGift","UnstableBomb","LuminesStrike"],"picked":"SKIP","floor":10},{"not_picked":["DeepEcoloBomb","IllusionStar"],"picked":"TreasureHunter","floor":12}],"player_experience":229979,"relics_obtained":[{"floor":5,"key":"Frozen Egg 2"},{"floor":6,"key":"Happy Flower"},{"floor":7,"key":"StoneCalendar"},{"floor":8,"key":"Whetstone"},{"floor":9,"key":"Vajra"},{"floor":10,"key":"HornCleat"},{"floor":12,"key":"Girya"},{"floor":13,"key":"Ancient Tea Set"}],"event_choices":[{"damage_healed":0,"gold_gain":0,"player_choice":"Rummage","damage_taken":0,"relics_obtained":["WarpedTongs"],"max_hp_gain":0,"max_hp_loss":0,"event_name":"Accursed Blacksmith","floor":3,"gold_loss":0,"cards_obtained":["Pain"]},{"damage_healed":0,"gold_gain":0,"player_choice":"Success","damage_taken":7,"relics_obtained":["Letter Opener"],"max_hp_gain":0,"max_hp_loss":0,"event_name":"Scrap Ooze","floor":11,"gold_loss":0}],"is_beta":false,"boss_relics":[],"items_purged_floors":[4],"is_endless":false,"potions_floor_spawned":[1,7,8,13],"killed_by":"Replay:BlueRogue","ascension_level":1}}