{"host":"ws1rigs6jhqnf67d","time":1611340247,"event":{"mods":["BaseMod","Friendly Minions","KinomotoSakuraMod(ƒæ÷Æ±æ”£)","Kiyohime£®«Âºß£©","Lobotomy","LobotomyExtend","Marisa£®ÏF”Í°°ƒß¿Ì…≥£©","Minty Spire (QoL Compilation)","Remilia£®¿Ÿ√◊¿Ú—«£©","StSLib","The Bug Knight","Youmu£®ªÍ∆«—˝√Œ£©","[IsaacMod]“‘»ˆº‚À˛"],"gold_per_floor":[109,109,109,126,144,144,174,187,187,198,198,198,231,247,247,347,347,358,203,218,231,242,242,242,242,242,242,273,284,344,378,378,478,478,495,511,511,533,552,586,605,605,605,639,673,700,734,744,744,868,868,885,885,489,297,309,344,376,426,494,494,346,379,405,439,439,502,502],"floor_reached":52,"language":"ZHS","playtime":2701,"items_purged":[],"score":1716,"play_id":"95a44b2a-f103-46e0-b1ec-14b5e95e5368","local_time":"20210123023047","is_ascension_mode":true,"campfire_choices":[{"data":"Venomology","floor":6,"key":"SMITH"},{"data":"Neutralize","floor":11,"key":"SMITH"},{"data":"Deadly Poison","floor":15,"key":"SMITH"},{"data":"Envenom","floor":7,"key":"SMITH"},{"data":"Skewer","floor":10,"key":"SMITH"},{"data":"Burst","floor":15,"key":"SMITH"},{"data":"Glass Knife","floor":25,"key":"SMITH"},{"data":"Terror","floor":32,"key":"SMITH"},{"data":"Infinite Blades","floor":44,"key":"SMITH"},{"data":"Envenom","floor":49,"key":"SMITH"}],"circlet_count":0,"master_deck":["Strike_G","Strike_G","Strike_G","Strike_G","Strike_G+1","Defend_G","Defend_G","Defend_G","Defend_G+1","Defend_G+1","Survivor","Neutralize+1","Venomology+1","Leg Sweep+1","Deadly Poison+1","Die Die Die","Blade Dance","Dash","Envenom+1","Skewer+1","Poisoned Stab","Deadly Poison","Burst+1","Glass Knife+1","Bouncing Flask+1","Noxious Fumes+1","Malaise","Terror+1","Poisoned Stab","Outmaneuver+1","Envenom+1","Infinite Blades+1","Blade Dance","Bouncing Flask+1","Deadly Poison+1","Riddle With Holes+1"],"relics":["Ring of the Snake","HushsDoor","Oddly Smooth Stone","GuppysTail","Vajra","Kunai","Orichalcum","Coffee Dripper","LetterFromLob","SalivaCoin","InkBottle","HollowMod:LifeEnderRelic","HornCleat","TuHaoJin","Black Star","Bottled Lightning","War Paint","Calipers","Dead Branch","Art of War","Red Mask","Strawberry","SharpPlug","WristBlade","Membership Card","Pantograph","Nunchaku","TheBean","SatanicBible","Pen Nib","MealTicket","HollowMod:PaleOreRelic","Eternal Feather","HollowMod:StagPassRelic","Happy Flower","ClockworkSouvenir","Bag of Marbles","ScarletDevilRocket","PokeGo","BookOfRevelations"],"acts_visited":["Exordium","TheCity","TheCity","TheBeyond"],"potions_floor_usage":[7,13,14,16,1,13,14,14,19,21,23,23,24,27,28,28,29,30,31,33,35,39,40,41,42,50,50,50],"damage_taken":[{"damage":1,"enemies":"Jaw Worm","floor":1,"turns":5},{"damage":0,"enemies":"2 Louse","floor":4,"turns":3},{"damage":0,"enemies":"Small Slimes","floor":5,"turns":4},{"damage":4,"enemies":"Gremlin Nob","floor":7,"turns":3},{"damage":0,"enemies":"Red Slaver","floor":8,"turns":5},{"damage":1,"enemies":"Large Slime","floor":10,"turns":8},{"damage":11,"enemies":"3 Sentries","floor":13,"turns":6},{"damage":6,"enemies":"Exordium Wildlife","floor":14,"turns":3},{"damage":17,"enemies":"Slime Boss","floor":16,"turns":8},{"damage":0,"enemies":"Cultist","floor":1,"turns":2},{"damage":0,"enemies":"2 Louse","floor":3,"turns":1},{"damage":0,"enemies":"Jaw Worm","floor":4,"turns":2},{"damage":0,"enemies":"2 Fungi Beasts","floor":5,"turns":1},{"damage":0,"enemies":"Gremlin Nob","floor":11,"turns":2},{"damage":0,"enemies":"3 Louse","floor":12,"turns":2},{"damage":0,"enemies":"Lagavulin Event","floor":13,"turns":4},{"damage":0,"enemies":"3 Sentries","floor":14,"turns":1},{"damage":0,"enemies":"Slime Boss","floor":16,"turns":6},{"damage":0,"enemies":"3 Byrds","floor":18,"turns":4},{"damage":0,"enemies":"Chosen","floor":19,"turns":3},{"damage":11,"enemies":"Centurion and Healer","floor":21,"turns":4},{"damage":0,"enemies":"Snecko","floor":22,"turns":2},{"damage":4,"enemies":"Gremlin Leader","floor":23,"turns":4},{"damage":6,"enemies":"Chosen and Byrds","floor":24,"turns":3},{"damage":10,"enemies":"Snake Plant","floor":27,"turns":3},{"damage":8,"enemies":"Slavers","floor":28,"turns":4},{"damage":0,"enemies":"Masked Bandits","floor":29,"turns":4},{"damage":0,"enemies":"Gremlin Leader","floor":30,"turns":5},{"damage":0,"enemies":"3 Cultists","floor":31,"turns":2},{"damage":38,"enemies":"Collector","floor":33,"turns":9},{"damage":0,"enemies":"3 Shapes","floor":35,"turns":6},{"damage":0,"enemies":"Orb Walker","floor":39,"turns":1},{"damage":0,"enemies":"Reptomancer","floor":40,"turns":3},{"damage":0,"enemies":"3 Darklings","floor":41,"turns":2},{"damage":26,"enemies":"Nemesis","floor":42,"turns":6},{"damage":3,"enemies":"Giant Head","floor":46,"turns":3},{"damage":7,"enemies":"Spire Growth","floor":47,"turns":3},{"damage":0,"enemies":"Reptomancer","floor":48,"turns":4},{"damage":38,"enemies":"Time Eater","floor":50,"turns":7}],"seed_played":"3195051146283822490","potions_obtained":[{"floor":4,"key":"EntropicBrew"},{"floor":7,"key":"SteroidPotion"},{"floor":13,"key":"Poison Potion"},{"floor":23,"key":"Fire Potion"},{"floor":27,"key":"ColorlessPotion"},{"floor":28,"key":"Strength Potion"}],"is_trial":false,"path_per_floor":["M","?","?","M","M","R","E","M","T","M","R","?","E","M","R","B",null,"M","M","$","M","M","M","E","R","?","T","R","E","M","?","E","R","B",null,"M","M","?","M","M","E","M","R","T","M","E","?","E","M","R","B",null,"M","?","$","$","M","E","M","E","T","R","$","E","M","E","R","B",null,null],"character_chosen":"THE_SILENT","items_purchased":["SalivaCoin","Membership Card","Pantograph","Nunchaku","Infinite Blades","Blade Dance","TheBean","SatanicBible","Happy Flower","ClockworkSouvenir"],"campfire_rested":0,"item_purchase_floors":[2,37,37,37,37,37,38,38,45,45],"current_hp_per_floor":[62,48,48,48,48,48,44,44,44,43,43,47,36,30,30,13,56,70,70,70,70,70,70,70,70,70,70,70,70,70,70,70,70,70,70,70,70,59,59,55,49,49,49,48,40,40,62,62,62,39,68,68,68,68,68,68,68,68,42,42,63,77,74,67,67,77,39,39],"gold":502,"neow_bonus":"RANDOM_COMMON_RELIC","is_daily":false,"chose_seed":false,"campfire_upgraded":10,"win_rate":0.0,"timestamp":1611340247,"path_taken":["M","?","?","?","M","R","E","M","T","M","R","?","E","M","R","BOSS","M","M","$","M","M","M","E","R","?","T","R","E","M","?","E","R","BOSS","M","M","?","M","M","E","M","R","T","M","E","?","E","?","R","BOSS","M","?","?","$","M","E","M","E","T","R","$","E","M","E","R","BOSS"],"items_purchased_type":["Relic","Relic","Relic","Relic","Card","Card","Relic","Relic","Relic","Relic"],"build_version":"2020-12-22","purchased_purges":0,"victory":true,"max_hp_per_floor":[70,70,70,70,70,70,70,70,70,70,70,70,70,70,70,70,70,70,70,70,70,70,70,70,70,70,70,70,70,70,70,70,70,70,70,70,70,70,70,70,70,70,70,70,70,70,77,77,77,77,77,77,77,77,77,77,77,77,77,77,77,77,77,77,77,77,77,77],"card_choices":[{"not_picked":[],"picked":"Bomb","floor":0},{"not_picked":["Outmaneuver","Bomb"],"picked":"Venomology","floor":1},{"not_picked":["Finisher","Dagger Throw"],"picked":"Leg Sweep","floor":4},{"not_picked":["Dagger Throw","Cloak And Dagger","Concentrate"],"picked":"SKIP","floor":5},{"not_picked":["Calculated Gamble","Escape Plan","Footwork"],"picked":"SKIP","floor":7},{"not_picked":["Heel Hook","Setup"],"picked":"Deadly Poison","floor":8},{"not_picked":["Underhanded Strike","Predator"],"picked":"Die Die Die","floor":10},{"not_picked":["Leg Sweep","Heel Hook"],"picked":"Blade Dance","floor":13},{"not_picked":["Sucker Punch","Predator"],"picked":"Dash","floor":14},{"not_picked":["Tools of the Trade","Burst"],"picked":"Envenom","floor":16},{"not_picked":["Dash","Blade Dance"],"picked":"Skewer","floor":1},{"not_picked":["Predator","Well Laid Plans","Caltrops"],"picked":"SKIP","floor":3},{"not_picked":["Choke","Infinite Blades"],"picked":"Poisoned Stab","floor":4},{"not_picked":["Endless Agony","Flying Knee","Caltrops"],"picked":"SKIP","floor":5},{"not_picked":["Backflip","Quick Slash","Dagger Spray"],"picked":"SKIP","floor":11},{"not_picked":["Poisoned Stab","Dagger Throw","Prepared"],"picked":"SKIP","floor":12},{"not_picked":["Heel Hook","Bane"],"picked":"Deadly Poison","floor":13},{"not_picked":["Flying Knee","Underhanded Strike"],"picked":"Burst","floor":14},{"not_picked":["Grand Finale","Night Terror"],"picked":"Glass Knife","floor":16},{"not_picked":["Outmaneuver","Tactician","Quick Slash"],"picked":"SKIP","floor":18},{"not_picked":["Footwork","Flying Knee","Outmaneuver"],"picked":"SKIP","floor":19},{"not_picked":["Outmaneuver+1","PiercingWail"],"picked":"Bouncing Flask+1","floor":21},{"not_picked":["Heel Hook","Dagger Throw+1"],"picked":"Noxious Fumes+1","floor":22},{"not_picked":["Blade Dance","Noxious Fumes","Doppelganger"],"picked":"SKIP","floor":23},{"not_picked":["Prepared","Slice","Eviscerate"],"picked":"SKIP","floor":24},{"not_picked":["Dodge and Roll","Quick Slash","Deflect"],"picked":"SKIP","floor":27},{"not_picked":["Deflect","Dagger Throw"],"picked":"Malaise","floor":28},{"not_picked":["Escape Plan","Dagger Throw"],"picked":"Terror","floor":29},{"not_picked":["Dodge and Roll","Bouncing Flask"],"picked":"Poisoned Stab","floor":30},{"not_picked":["Underhanded Strike+1","Heel Hook+1"],"picked":"Outmaneuver+1","floor":31},{"not_picked":["Phantasmal Killer","Venomology"],"picked":"Envenom","floor":33},{"not_picked":["Bouncing Flask","Expertise+1","Quick Slash+1"],"picked":"SKIP","floor":35},{"not_picked":["Outmaneuver","Endless Agony"],"picked":"Bouncing Flask+1","floor":39},{"not_picked":["Poisoned Stab","Slice"],"picked":"Deadly Poison+1","floor":40},{"not_picked":["PiercingWail+1","Eviscerate+1","Crippling Poison"],"picked":"SKIP","floor":41},{"not_picked":["Dagger Spray","Phantasmal Killer","Setup+1"],"picked":"SKIP","floor":42},{"not_picked":["Underhanded Strike+1","Outmaneuver","Predator+1"],"picked":"SKIP","floor":46},{"not_picked":["All Out Attack","Caltrops"],"picked":"Riddle With Holes+1","floor":47},{"not_picked":["Acrobatics","Heel Hook+1","Leg Sweep+1"],"picked":"SKIP","floor":48}],"player_experience":826251,"relics_obtained":[{"floor":1,"key":"LetterFromLob"},{"floor":7,"key":"Vajra"},{"floor":9,"key":"Kunai"},{"floor":13,"key":"Orichalcum"},{"floor":1,"key":"LetterFromLob"},{"floor":9,"key":"InkBottle"},{"floor":11,"key":"HollowMod:LifeEnderRelic"},{"floor":14,"key":"TuHaoJin"},{"floor":23,"key":"Bottled Lightning"},{"floor":23,"key":"War Paint"},{"floor":26,"key":"Calipers"},{"floor":28,"key":"Dead Branch"},{"floor":28,"key":"Art of War"},{"floor":29,"key":"Red Mask"},{"floor":30,"key":"Strawberry"},{"floor":30,"key":"SharpPlug"},{"floor":40,"key":"Pen Nib"},{"floor":40,"key":"MealTicket"},{"floor":42,"key":"HollowMod:PaleOreRelic"},{"floor":42,"key":"Eternal Feather"},{"floor":43,"key":"HollowMod:StagPassRelic"},{"floor":46,"key":"Bag of Marbles"},{"floor":46,"key":"ScarletDevilRocket"},{"floor":48,"key":"PokeGo"},{"floor":48,"key":"BookOfRevelations"}],"event_choices":[{"damage_healed":0,"gold_gain":0,"player_choice":"Entered Light","damage_taken":14,"max_hp_gain":0,"max_hp_loss":0,"event_name":"Shining Light","floor":2,"gold_loss":0,"cards_upgraded":["Strike_G","Defend_G"]},{"damage_healed":0,"gold_gain":0,"player_choice":"Ignored","damage_taken":0,"max_hp_gain":0,"max_hp_loss":0,"event_name":"Golden Idol","floor":3,"gold_loss":0},{"damage_healed":0,"gold_gain":0,"player_choice":"Leave","damage_taken":0,"max_hp_gain":0,"max_hp_loss":0,"event_name":"The Cleric","floor":8,"gold_loss":0},{"damage_healed":0,"gold_gain":0,"player_choice":"Searched \u00272\u0027 times","damage_taken":0,"relics_obtained":["HornCleat"],"max_hp_gain":0,"max_hp_loss":0,"event_name":"Dead Adventurer","floor":13,"gold_loss":0},{"damage_healed":0,"gold_gain":0,"player_choice":"Ignored","damage_taken":0,"max_hp_gain":0,"max_hp_loss":0,"event_name":"Vampires","floor":20,"gold_loss":0},{"damage_healed":0,"gold_gain":0,"player_choice":"Fought Bandits","damage_taken":0,"max_hp_gain":0,"max_hp_loss":0,"event_name":"Masked Bandits","floor":29,"gold_loss":0}],"is_beta":false,"boss_relics":[{"not_picked":["Sozu","Velvet Choker"],"picked":"Coffee Dripper"},{"not_picked":[]},{"not_picked":["HoveringKite","Runic Pyramid"],"picked":"Black Star"},{"not_picked":[]},{"not_picked":["Calling Bell","Sozu"],"picked":"WristBlade"},{"not_picked":[]}],"items_purged_floors":[],"is_endless":false,"potions_floor_spawned":[4,7,8,13,14,4,11,13,16,21,22,23,27,28,30,39,42,47,48],"ascension_level":6}}