{"host":"f0gpob8hq9vgebej","time":1611304386,"event":{"mods":["AchievementEnabler","BaseMod","Minty Spire (QoL Compilation)","Quick Restart","SuperFastMode"],"gold_per_floor":[109,128,78,88,88,107,32,51,103,120,120,120,135,160,160,255,255,269,280,280,67,81,81,101,101,101],"floor_reached":25,"language":"KOR","playtime":499,"items_purged":["Strike_G","Strike_G"],"score":373,"play_id":"e68484a6-0baa-4053-b3e5-f76127268501","local_time":"20210122173306","is_ascension_mode":true,"campfire_choices":[{"data":"Prepared","floor":11,"key":"SMITH"},{"floor":15,"key":"REST"},{"data":"Burst","floor":23,"key":"SMITH"}],"circlet_count":0,"master_deck":["Strike_G","Defend_G","Defend_G","Defend_G","Defend_G+1","Survivor+1","Neutralize","Cloak And Dagger","Prepared+1","Deadly Poison","Bouncing Flask","Bouncing Flask","Acrobatics","PiercingWail","Well Laid Plans","Burst+1","CurseOfTheBell","Reflex","Noxious Fumes","Footwork","Catalyst+1"],"relics":["Ring of the Snake","Blood Vial","Mercury Hourglass","Snake Skull","Calling Bell","War Paint","Gremlin Horn","Du-Vu Doll","MealTicket"],"acts_visited":["Exordium","TheCity"],"potions_floor_usage":[14,14,22,24],"damage_taken":[{"damage":13,"enemies":"Cultist","floor":1,"turns":7},{"damage":6,"enemies":"Small Slimes","floor":2,"turns":4},{"damage":4,"enemies":"Jaw Worm","floor":4,"turns":8},{"damage":0,"enemies":"Looter","floor":6,"turns":4},{"damage":1,"enemies":"Red Slaver","floor":8,"turns":4},{"damage":1,"enemies":"2 Fungi Beasts","floor":10,"turns":4},{"damage":9,"enemies":"Large Slime","floor":13,"turns":6},{"damage":10,"enemies":"Gremlin Nob","floor":14,"turns":3},{"damage":0,"enemies":"Hexaghost","floor":16,"turns":7},{"damage":14,"enemies":"3 Byrds","floor":18,"turns":5},{"damage":0,"enemies":"Spheric Guardian","floor":19,"turns":2},{"damage":31,"enemies":"Cultist and Chosen","floor":22,"turns":5},{"damage":20,"enemies":"Chosen and Byrds","floor":24,"turns":5},{"damage":0,"enemies":"Centurion and Healer","floor":25,"turns":2}],"seed_played":"3447702857643146115","potions_obtained":[{"floor":1,"key":"SteroidPotion"},{"floor":2,"key":"Fire Potion"},{"floor":6,"key":"ColorlessPotion"},{"floor":18,"key":"SkillPotion"},{"floor":22,"key":"PowerPotion"}],"is_trial":false,"path_per_floor":["M","M","?","M","?","M","$","M","T","M","R","?","M","E","R","B",null,"M","M","?","$","M","R","M","M"],"character_chosen":"THE_SILENT","items_purchased":["Reflex","Noxious Fumes"],"campfire_rested":1,"item_purchase_floors":[21,21],"current_hp_per_floor":[50,44,44,40,33,33,33,32,32,33,33,21,14,6,27,29,60,48,50,50,65,36,36,18,20,20],"gold":101,"neow_bonus":"REMOVE_CARD","is_daily":false,"chose_seed":false,"campfire_upgraded":2,"win_rate":0.0,"timestamp":1611304386,"path_taken":["M","M","?","M","?","M","$","M","T","M","R","?","?","E","R","BOSS","M","M","?","$","M","R","M","?"],"items_purchased_type":["Card","Card"],"build_version":"2020-12-22","purchased_purges":2,"victory":false,"max_hp_per_floor":[70,70,70,70,70,70,70,70,70,70,70,70,70,70,70,70,70,70,70,70,70,70,70,70,70,70],"card_choices":[{"not_picked":["Flying Knee","All Out Attack"],"picked":"Cloak And Dagger","floor":1},{"not_picked":["Underhanded Strike","Riddle With Holes"],"picked":"Prepared","floor":2},{"not_picked":["Bane","Distraction"],"picked":"Deadly Poison","floor":4},{"not_picked":["Endless Agony","Deflect"],"picked":"Bouncing Flask","floor":6},{"not_picked":["Cloak And Dagger","Finisher"],"picked":"Bouncing Flask","floor":8},{"not_picked":["Finisher","Backflip"],"picked":"Acrobatics","floor":10},{"not_picked":["Accuracy","Predator"],"picked":"PiercingWail","floor":13},{"not_picked":["Quick Slash","Dodge and Roll"],"picked":"Well Laid Plans","floor":14},{"not_picked":["A Thousand Cuts","Grand Finale"],"picked":"Burst","floor":16},{"not_picked":["Finisher","Accuracy","All Out Attack+1"],"picked":"SKIP","floor":18},{"not_picked":["Infinite Blades","Quick Slash","Deflect"],"picked":"SKIP","floor":19},{"not_picked":["Deflect","Bouncing Flask"],"picked":"Footwork","floor":22},{"not_picked":["Noxious Fumes","Caltrops"],"picked":"Catalyst+1","floor":24}],"player_experience":208081,"relics_obtained":[{"floor":9,"key":"Blood Vial"},{"floor":14,"key":"Snake Skull"},{"floor":17,"key":"War Paint"},{"floor":17,"key":"Gremlin Horn"},{"floor":17,"key":"Du-Vu Doll"},{"floor":20,"key":"MealTicket"}],"event_choices":[{"cards_removed":["Strike_G"],"damage_healed":0,"gold_gain":0,"player_choice":"Card Removal","damage_taken":0,"max_hp_gain":0,"max_hp_loss":0,"event_name":"The Cleric","floor":3,"gold_loss":50},{"cards_removed":["Defend_G"],"damage_healed":0,"gold_gain":0,"player_choice":"Card Removal","damage_taken":7,"max_hp_gain":0,"max_hp_loss":0,"event_name":"Golden Wing","floor":5,"gold_loss":0},{"damage_healed":0,"gold_gain":0,"player_choice":"Success","damage_taken":12,"relics_obtained":["Mercury Hourglass"],"max_hp_gain":0,"max_hp_loss":0,"event_name":"Scrap Ooze","floor":12,"gold_loss":0},{"damage_healed":0,"gold_gain":0,"player_choice":"Relic","damage_taken":0,"max_hp_gain":0,"max_hp_loss":0,"event_name":"Wheel of Change","floor":20,"gold_loss":0}],"is_beta":false,"boss_relics":[{"not_picked":["Coffee Dripper","Sozu"],"picked":"Calling Bell"}],"items_purged_floors":[7,21],"is_endless":false,"potions_floor_spawned":[1,2,6,10,18,22],"killed_by":"Centurion and Healer","ascension_level":9}}