{"host":"7fyy23rucerupe6i","time":1611306188,"event":{"mods":["AchievementEnabler","Act Like it!","Aspiration","Bard","BaseMod","Better Note","Better Vampires","BetterRewards","Colored Map","Colored Powertips","Conspire","Curses Come First","Custom Start","Downfall","Googly Eyes","Hermit","Mad Scientist","Minty Spire (QoL Compilation)","Quick Restart","Relic Stats","Shop Mod","ShortenTheSpire","Spicy Shops","StSLib","SuperFastMode","The Gatherer"],"gold_per_floor":[109,129,147,147,168,168,199,199,199,232,250,283,349,24,24,123,123,142,142,173,188,22,53,53,53],"floor_reached":24,"language":"ZHS","playtime":1036,"items_purged":["Defend_P","Writhe"],"score":668,"play_id":"a14c84c4-2051-48be-b372-7a1d48e8aba1","local_time":"20210122170308","is_ascension_mode":true,"campfire_choices":[{"data":"Ragnarok","floor":6.0,"key":"SMITH"},{"data":"Wireheading","floor":8.0,"key":"SMITH"},{"data":"Nirvana","floor":15,"key":"SMITH"}],"circlet_count":0,"master_deck":["AscendersBane","Strike_P","Strike_P","Strike_P","Strike_P","Defend_P","Defend_P","Defend_P","Eruption","Vigilance","Ragnarok+1","WreathOfFlame+1","ThirdEye+1","Nirvana+1","Evaluate+1","Wireheading+1","Protect+1","Crescendo+1","Prostrate+1","DeusExMachina+1","JustLucky"],"relics":["PureWater","Toxic Egg 2","Incense Burner","Golden Idol","The Courier","Ancient Tea Set","Juzu Bracelet","hexamod:Sixitude","Potion Belt","MerchantsRug","Guardian:BottledAnomaly","sneckomod:SneckoTalon","bronze:DecasWashers","PreservedInsect","InkBottle","conspire:DeflatedDodgeball"],"acts_visited":["Exordium","TheCity"],"potions_floor_usage":[],"damage_taken":[{"damage":2.0,"enemies":"Jaw Worm","floor":1.0,"turns":3.0},{"damage":0.0,"enemies":"Small Slimes","floor":2.0,"turns":2.0},{"damage":0.0,"enemies":"2 Louse","floor":3.0,"turns":1.0},{"damage":1.0,"enemies":"Looter","floor":5.0,"turns":5.0},{"damage":0.0,"enemies":"Gremlin Nob","floor":7.0,"turns":2.0},{"damage":5.0,"enemies":"3 Sentries","floor":10.0,"turns":2.0},{"damage":0.0,"enemies":"Large Slime","floor":11.0,"turns":2.0},{"damage":0.0,"enemies":"Gremlin Nob","floor":12.0,"turns":2.0},{"damage":6,"enemies":"3 Sentries","floor":13,"turns":3},{"damage":0,"enemies":"Slime Boss","floor":16,"turns":1},{"damage":0,"enemies":"Chosen","floor":18,"turns":2},{"damage":24,"enemies":"conspire:MimicChest","floor":20,"turns":3},{"damage":13,"enemies":"3 Byrds","floor":21,"turns":6},{"damage":8,"enemies":"Slavers","floor":23,"turns":2},{"damage":15,"enemies":"Shelled Parasite and Fungi","floor":24,"turns":2}],"seed_played":"6127539659702858782","potions_obtained":[{"floor":2.0,"key":"bronze:BurnAndBuffPotion"},{"floor":5.0,"key":"DuplicationPotion"},{"floor":10.0,"key":"Fire Potion"},{"floor":12.0,"key":"PowerPotion"},{"floor":16,"key":"DuplicationPotion"}],"is_trial":false,"path_per_floor":["M","M","M","?","M","R","E","R","T","E","M","E","?","$","R","B",null,"M","?","?","M","$","E","M"],"character_chosen":"WATCHER","items_purchased":["Toxic Egg 2","Ragnarok","WreathOfFlame+1","Potion Belt","MerchantsRug","Guardian:BottledAnomaly","InkBottle"],"campfire_rested":0,"item_purchase_floors":[0,0,0,14,14,14,22],"current_hp_per_floor":[28,28,28,28,27,27,34,34,34,29,29,29,23,23,23,23,58,58,58,34,21,21,13,0,0],"gold":53,"neow_bonus":"","is_daily":false,"chose_seed":false,"campfire_upgraded":3,"win_rate":0.0,"timestamp":1611306188,"path_taken":["M","M","M","?","M","R","E","R","T","E","M","E","?","$","R","BOSS","M","?","?","M","?","E","M"],"items_purchased_type":["Relic","Card","Card","Relic","Relic","Relic","Relic"],"build_version":"2020-12-22","purchased_purges":2,"victory":false,"max_hp_per_floor":[68,68,68,62,62,62,69,69,69,69,69,69,69,69,69,69,69,69,69,69,69,69,69,69,69],"relic_stats":{"counters":[52,156],"Golden Idol":74,"PreservedInsect":41,"Juzu Bracelet":0,"obtain_stats":[{"Vajra":0,"Blood Vial":0,"DollysMirror":0,"conspire:DecoderRing":13,"Strawberry":7,"MealTicket":9,"Kunai":0,"Toxic Egg 2":0,"conspire:Dentures":10,"MerchantsRug":0,"Girya":0,"Happy Flower":0,"Oddly Smooth Stone":0,"sneckomod:SneckoTalon":17,"WarpedTongs":11,"conspire:GiftBox":0,"Shuriken":0,"Brimstone":0,"Bird Faced Urn":0,"Molten Egg 2":9,"Meat on the Bone":9,"Pocketwatch":0,"Lantern":0,"Incense Burner":0,"Juzu Bracelet":0,"PrismaticShard":0,"Smiling Mask":7,"Ancient Tea Set":10,"Burning Blood":0,"ClockworkSouvenir":0,"Matryoshka":0,"Mummified Hand":0,"Slimebound:StickyStick":0,"Gambling Chip":0,"Tiny Chest":0,"Guardian:BottledAnomaly":14,"InkBottle":22,"Potion Belt":14,"Lee\u0027s Waffle":0,"Golden Idol":2,"Self Forming Clay":0,"bronze:DecasWashers":19,"hexamod:Sixitude":0,"The Courier":9,"PreservedInsect":20,"aspiration:HummingbirdHeart":7,"Omamori":0,"Frozen Egg 2":0,"Mercury Hourglass":0,"Peace Pipe":0,"sneckomod:BabySnecko":0,"Bag of Marbles":0,"PureWater":0,"conspire:DeflatedDodgeball":23,"Gatherer:AlchemyBag":0,"Toy Ornithopter":0},{"Vajra":32,"Blood Vial":32,"DollysMirror":32,"conspire:DecoderRing":30,"Strawberry":42,"MealTicket":20,"Kunai":11,"Toxic Egg 2":16,"conspire:Dentures":21,"MerchantsRug":0,"Girya":24,"Happy Flower":24,"Oddly Smooth Stone":16,"sneckomod:SneckoTalon":47,"WarpedTongs":21,"conspire:GiftBox":6,"Shuriken":11,"Brimstone":32,"Bird Faced Urn":7,"Molten Egg 2":5,"Meat on the Bone":5,"Pocketwatch":11,"Lantern":32,"Incense Burner":6,"Juzu Bracelet":7,"PrismaticShard":24,"Smiling Mask":28,"Ancient Tea Set":43,"Burning Blood":0,"ClockworkSouvenir":0,"Matryoshka":0,"Mummified Hand":7,"Slimebound:StickyStick":24,"Gambling Chip":24,"Tiny Chest":16,"Guardian:BottledAnomaly":46,"InkBottle":50,"Potion Belt":46,"Lee\u0027s Waffle":6,"Golden Idol":1,"Self Forming Clay":24,"bronze:DecasWashers":48,"hexamod:Sixitude":32,"The Courier":42,"PreservedInsect":49,"aspiration:HummingbirdHeart":15,"Omamori":36,"Frozen Egg 2":24,"Mercury Hourglass":0,"Peace Pipe":36,"sneckomod:BabySnecko":16,"Bag of Marbles":32,"PureWater":0,"conspire:DeflatedDodgeball":51,"Gatherer:AlchemyBag":0,"Toy Ornithopter":16},{"Vajra":104,"Blood Vial":104,"DollysMirror":104,"conspire:DecoderRing":96,"Strawberry":131,"MealTicket":61,"Kunai":36,"Toxic Egg 2":51,"conspire:Dentures":63,"MerchantsRug":0,"Girya":75,"Happy Flower":75,"Oddly Smooth Stone":51,"sneckomod:SneckoTalon":141,"WarpedTongs":63,"conspire:GiftBox":17,"Shuriken":36,"Brimstone":104,"Bird Faced Urn":19,"Molten Egg 2":15,"Meat on the Bone":15,"Pocketwatch":36,"Lantern":104,"Incense Burner":17,"Juzu Bracelet":19,"PrismaticShard":75,"Smiling Mask":86,"Ancient Tea Set":133,"Burning Blood":0,"ClockworkSouvenir":0,"Matryoshka":0,"Mummified Hand":19,"Slimebound:StickyStick":75,"Gambling Chip":75,"Tiny Chest":51,"Guardian:BottledAnomaly":140,"InkBottle":152,"Potion Belt":140,"Lee\u0027s Waffle":17,"Golden Idol":3,"Self Forming Clay":75,"bronze:DecasWashers":143,"hexamod:Sixitude":104,"The Courier":131,"PreservedInsect":146,"aspiration:HummingbirdHeart":48,"Omamori":117,"Frozen Egg 2":75,"Mercury Hourglass":0,"Peace Pipe":117,"sneckomod:BabySnecko":51,"Bag of Marbles":104,"PureWater":0,"conspire:DeflatedDodgeball":154,"Gatherer:AlchemyBag":0,"Toy Ornithopter":51}],"InkBottle":[2]},"card_choices":[{"not_picked":["FollowUp","EmptyFist"],"picked":"ThirdEye+1","floor":1.0},{"not_picked":["BattleHymn","FearNoEvil"],"picked":"Nirvana","floor":2.0},{"not_picked":["CutThroughFate","FlyingSleeves"],"picked":"Evaluate+1","floor":3.0},{"not_picked":["FlurryOfBlows","Conclude"],"picked":"Wireheading","floor":5.0},{"not_picked":["ReachHeaven","Study"],"picked":"Protect+1","floor":7.0},{"not_picked":["EmptyFist","CarveReality"],"picked":"Crescendo+1","floor":10.0},{"not_picked":["Consecrate","Evaluate+1"],"picked":"Prostrate+1","floor":11.0},{"not_picked":["JustLucky","Prostrate+1"],"picked":"DeusExMachina+1","floor":12.0},{"not_picked":["FollowUp","Pray+1"],"picked":"JustLucky","floor":13},{"not_picked":["EmptyFist","SashWhip+1","PathToVictory+1"],"picked":"SKIP","floor":18},{"not_picked":["SashWhip","FlyingSleeves","Judgement+1"],"picked":"SKIP","floor":21},{"not_picked":["CutThroughFate","DeceiveReality+1","JustLucky"],"picked":"SKIP","floor":23}],"player_experience":355124,"relics_obtained":[{"floor":7.0,"key":"Strawberry"},{"floor":9.0,"key":"The Courier"},{"floor":10.0,"key":"Ancient Tea Set"},{"floor":12.0,"key":"Juzu Bracelet"},{"floor":13,"key":"hexamod:Sixitude"},{"floor":20,"key":"PreservedInsect"},{"floor":23,"key":"conspire:DeflatedDodgeball"}],"event_choices":[{"damage_healed":0.0,"max_hp_gain":0.0,"max_hp_loss":6.0,"gold_gain":0.0,"event_name":"Golden Idol","player_choice":"Lose Max HP","floor":4.0,"gold_loss":0.0,"damage_taken":0.0,"relics_obtained":["Golden Idol"]},{"damage_healed":0,"gold_gain":30,"player_choice":"Searched \u00272\u0027 times","damage_taken":0,"max_hp_gain":0,"max_hp_loss":0,"event_name":"Dead Adventurer","floor":13,"gold_loss":0},{"damage_healed":0,"gold_gain":0,"player_choice":"Opened","damage_taken":0,"relics_obtained":["bronze:DecasWashers"],"max_hp_gain":0,"max_hp_loss":0,"event_name":"The Mausoleum","floor":19,"gold_loss":0,"cards_obtained":["Writhe"]}],"is_beta":false,"boss_relics":[{"not_picked":["Runic Pyramid","Philosopher\u0027s Stone"],"picked":"sneckomod:SneckoTalon"}],"items_purged_floors":[14,22],"is_endless":false,"potions_floor_spawned":[2,5,10,12,13,16],"killed_by":"Shelled Parasite and Fungi","ascension_level":20}}