{"host":"sc0o2qwpf9j16a4i","time":1611358052,"event":{"mods":["AchievementEnabler","BaseMod","BetterRewards","Block Reminder","Colored Map","Colored Powertips","Custom Start","Highlight Path","Minty Spire (QoL Compilation)","Relic Stats"],"gold_per_floor":[113,188,488,505,50,78,78,93,118,135,45,45,80,10,10,113,113,130,143,143,170,186,186,211,38,38,58,94,58,58,71,71,181,181,201,201,201,221,234,234,56,74,97,97,58,98,101,119,119,119],"floor_reached":51,"language":"ENG","playtime":1581,"items_purged":["Lockon"],"score":1046,"play_id":"30efca08-5270-4de0-be24-f20141d8217d","local_time":"20210123012732","daily_mods":["SealedDeck","Vintage","Terminal"],"is_ascension_mode":false,"campfire_choices":[{"data":"Beam Cell","floor":15,"key":"SMITH"},{"data":"FTL","floor":23,"key":"SMITH"},{"data":"Coolheaded","floor":30,"key":"SMITH"},{"data":"Scrape","floor":32,"key":"SMITH"},{"data":"Seek","floor":40,"key":"SMITH"},{"data":"Gash","floor":44,"key":"SMITH"},{"data":"Panacea","floor":49,"key":"SMITH"}],"circlet_count":0,"master_deck":["Leap+1","Conserve Battery+1","Beam Cell+1","Sweeping Beam","Ball Lightning","Cold Snap","Gash+1","FTL+1","Flash of Steel","Self Repair+1","Machine Learning+1","Self Repair+1","Multi-Cast+1","Scrape+1","Hologram+1","Defragment+1","Coolheaded+1","Seek+1","Defragment+1","Turbo","Capacitor+1","Gash+1","Skim","Panacea+1","Jack Of All Trades"],"relics":["Cracked Core","War Paint","Old Coin","Ancient Tea Set","Vajra","Dream Catcher","Frozen Egg 2","Nunchaku","Oddly Smooth Stone","Bag of Preparation","Astrolabe","Blood Vial","Bird Faced Urn","PreservedInsect","Strawberry","CeramicFish","Membership Card","Prayer Wheel","Ice Cream","Dead Branch","Potion Belt","Black Star","Pen Nib","Thread and Needle","Pantograph","Sling","DataDisk","Lizard Tail","MealTicket","MawBank","Smiling Mask"],"acts_visited":["Exordium","TheCity","TheBeyond"],"potions_floor_usage":[13,27,50],"damage_taken":[{"damage":0,"enemies":"2 Louse","floor":1,"turns":2},{"damage":0,"enemies":"Jaw Worm","floor":4,"turns":2},{"damage":0,"enemies":"Lagavulin","floor":6,"turns":4},{"damage":0,"enemies":"Cultist","floor":8,"turns":2},{"damage":0,"enemies":"Red Slaver","floor":10,"turns":2},{"damage":0,"enemies":"3 Sentries","floor":13,"turns":3},{"damage":0,"enemies":"Slime Boss","floor":16,"turns":4},{"damage":0,"enemies":"Spheric Guardian","floor":18,"turns":3},{"damage":0,"enemies":"Chosen","floor":19,"turns":3},{"damage":0,"enemies":"3 Cultists","floor":22,"turns":3},{"damage":0,"enemies":"Slavers","floor":24,"turns":3},{"damage":0,"enemies":"Snecko","floor":27,"turns":3},{"damage":0,"enemies":"Gremlin Leader","floor":28,"turns":4},{"damage":0,"enemies":"Cultist and Chosen","floor":31,"turns":4},{"damage":0,"enemies":"Automaton","floor":33,"turns":6},{"damage":1,"enemies":"3 Shapes","floor":35,"turns":7},{"damage":0,"enemies":"Orb Walker","floor":38,"turns":3},{"damage":2,"enemies":"Jaw Worm Horde","floor":39,"turns":2},{"damage":0,"enemies":"Maw","floor":42,"turns":6},{"damage":0,"enemies":"Giant Head","floor":46,"turns":5},{"damage":17,"enemies":"Awakened One","floor":50,"turns":8}],"seed_played":"8798334479006512117","potions_obtained":[{"floor":6,"key":"Block Potion"},{"floor":8,"key":"PowerPotion"},{"floor":13,"key":"SneckoOil"},{"floor":27,"key":"SmokeBomb"},{"floor":31,"key":"Ancient Potion"},{"floor":35,"key":"FocusPotion"},{"floor":37,"key":"SpeedPotion"},{"floor":37,"key":"FairyPotion"}],"is_trial":true,"path_per_floor":["M","?","?","M","$","E","?","M","T","M","$","?","E","$","R","B",null,"M","M","?","T","M","R","E","$","T","M","E","$","R","M","R","B",null,"M","?","?","M","M","R","$","M","T","R","$","E","$","?","R","B",null],"character_chosen":"DEFECT","items_purchased":["Vajra","Gash","FTL","EntropicBrew","Flash of Steel","Self Repair+1","Scrape","Membership Card","Defragment+1","Coolheaded","Sling","DataDisk","Defragment+1","Turbo","Capacitor+1","Skim"],"campfire_rested":0,"item_purchase_floors":[5,5,5,5,11,14,25,25,29,29,41,41,41,45,45,47],"current_hp_per_floor":[73,62,59,59,59,59,59,59,59,59,59,62,61,60,59,58,57,56,55,54,53,59,58,57,56,55,54,53,52,51,50,49,48,47,46,45,44,43,42,41,40,39,38,37,36,35,34,24,24,31],"gold":119,"neow_bonus":"","is_daily":false,"chose_seed":false,"campfire_upgraded":7,"win_rate":0.0,"timestamp":1611358052,"path_taken":["M","?","?","M","$","E","?","M","T","?","$","?","E","$","R","BOSS","M","?","?","?","M","R","E","?","T","M","E","$","R","?","R","BOSS","M","?","?","M","?","R","$","M","T","R","?","E","?","?","R","BOSS"],"items_purchased_type":["Relic","Card","Card","Potion","Card","Card","Card","Relic","Card","Card","Relic","Relic","Card","Card","Card","Card"],"build_version":"2020-12-22","purchased_purges":1,"victory":true,"max_hp_per_floor":[73,72,71,70,69,68,67,66,65,64,63,62,61,60,59,58,57,56,55,54,53,59,58,57,56,55,54,53,52,51,50,49,48,47,46,45,44,43,42,41,40,39,38,37,36,35,34,33,32,31],"relic_stats":{"counters":[21,79],"Astrolabe":["Self Repair","Multi-Cast","Force Field"],"CeramicFish":108,"Dead Branch":[11],"PreservedInsect":209,"Pen Nib":[11],"Bag of Preparation":[30],"War Paint":["Conserve Battery","Leap"],"MawBank":12,"Smiling Mask":0,"Blood Vial":0,"Dream Catcher":0,"Nunchaku":[29],"Lizard Tail":0,"Bird Faced Urn":[13],"Pantograph":8,"Prayer Wheel":0,"MealTicket":0,"Black Star":1,"obtain_stats":[{"Ice Cream":27,"CeramicFish":24,"Vajra":5,"Bag of Preparation":13,"Ancient Tea Set":4,"Sling":41,"Smiling Mask":46,"Old Coin":3,"Blood Vial":18,"Dream Catcher":6,"Nunchaku":9,"Lizard Tail":42,"Strawberry":22,"Pantograph":39,"Prayer Wheel":26,"MealTicket":43,"Cracked Core":0,"Potion Belt":31,"Astrolabe":17,"Dead Branch":28,"Oddly Smooth Stone":10,"Thread and Needle":38,"PreservedInsect":21,"Pen Nib":35,"War Paint":1,"Frozen Egg 2":8,"MawBank":46,"DataDisk":41,"Bird Faced Urn":19,"Black Star":34,"Membership Card":25},{"Ice Cream":12,"CeramicFish":11,"Vajra":2,"Bag of Preparation":6,"Ancient Tea Set":2,"Sling":18,"Smiling Mask":20,"Old Coin":1,"Blood Vial":8,"Dream Catcher":3,"Nunchaku":4,"Lizard Tail":19,"Strawberry":10,"Pantograph":18,"Prayer Wheel":11,"MealTicket":19,"Cracked Core":0,"Potion Belt":14,"Astrolabe":7,"Dead Branch":13,"Oddly Smooth Stone":5,"Thread and Needle":17,"PreservedInsect":9,"Pen Nib":16,"War Paint":1,"Frozen Egg 2":4,"MawBank":20,"DataDisk":18,"Bird Faced Urn":9,"Black Star":15,"Membership Card":11},{"Ice Cream":34,"CeramicFish":31,"Vajra":4,"Bag of Preparation":15,"Ancient Tea Set":4,"Sling":60,"Smiling Mask":71,"Old Coin":2,"Blood Vial":22,"Dream Catcher":8,"Nunchaku":10,"Lizard Tail":66,"Strawberry":28,"Pantograph":60,"Prayer Wheel":31,"MealTicket":66,"Cracked Core":0,"Potion Belt":42,"Astrolabe":19,"Dead Branch":38,"Oddly Smooth Stone":12,"Thread and Needle":58,"PreservedInsect":25,"Pen Nib":55,"War Paint":2,"Frozen Egg 2":10,"MawBank":71,"DataDisk":60,"Bird Faced Urn":25,"Black Star":48,"Membership Card":31}]},"card_choices":[{"not_picked":["Consume","Rebound","Cold Snap"],"picked":"SKIP","floor":6},{"not_picked":["Leap","Rebound","Steam Power"],"picked":"SKIP","floor":13},{"not_picked":["Meteor Strike","Buffer+1"],"picked":"Machine Learning+1","floor":16},{"not_picked":["Redo","Rebound","Conserve Battery"],"picked":"SKIP","floor":24},{"not_picked":["Compile Driver","Beam Cell+1"],"picked":"Hologram+1","floor":28},{"not_picked":["Meteor Strike","Thunder Strike"],"picked":"Seek","floor":33},{"not_picked":["Tempest","Skim+1"],"picked":"Gash+1","floor":46},{"not_picked":["Swift Strike","Madness"],"picked":"Panacea","floor":48},{"not_picked":["Panacea","Mind Blast"],"picked":"Jack Of All Trades","floor":48}],"player_experience":916017,"relics_obtained":[{"floor":1,"key":"War Paint"},{"floor":4,"key":"Ancient Tea Set"},{"floor":6,"key":"Dream Catcher"},{"floor":8,"key":"Frozen Egg 2"},{"floor":9,"key":"Nunchaku"},{"floor":10,"key":"Oddly Smooth Stone"},{"floor":13,"key":"Bag of Preparation"},{"floor":18,"key":"Blood Vial"},{"floor":19,"key":"Bird Faced Urn"},{"floor":21,"key":"PreservedInsect"},{"floor":22,"key":"Strawberry"},{"floor":24,"key":"CeramicFish"},{"floor":26,"key":"Prayer Wheel"},{"floor":27,"key":"Ice Cream"},{"floor":28,"key":"Dead Branch"},{"floor":31,"key":"Potion Belt"},{"floor":35,"key":"Pen Nib"},{"floor":38,"key":"Thread and Needle"},{"floor":39,"key":"Pantograph"},{"floor":42,"key":"Lizard Tail"},{"floor":43,"key":"MealTicket"},{"floor":46,"key":"MawBank"},{"floor":46,"key":"Smiling Mask"}],"event_choices":[{"damage_healed":0,"gold_gain":75,"player_choice":"Gather Gold","damage_taken":11,"max_hp_gain":0,"max_hp_loss":0,"event_name":"World of Goop","floor":2,"gold_loss":0},{"damage_healed":0,"gold_gain":0,"player_choice":"Success","damage_taken":3,"relics_obtained":["Old Coin"],"max_hp_gain":0,"max_hp_loss":0,"event_name":"Scrap Ooze","floor":3,"gold_loss":0},{"damage_healed":0,"gold_gain":0,"player_choice":"Ignored","damage_taken":0,"max_hp_gain":0,"max_hp_loss":0,"event_name":"Purifier","floor":7,"gold_loss":0},{"damage_healed":4,"gold_gain":0,"player_choice":"Full Heal","damage_taken":0,"max_hp_gain":0,"max_hp_loss":0,"event_name":"Wheel of Change","floor":12,"gold_loss":0},{"cards_removed":["Force Field"],"damage_healed":0,"gold_gain":0,"player_choice":"Elegance","damage_taken":0,"max_hp_gain":0,"max_hp_loss":0,"event_name":"Back to Basics","floor":20,"gold_loss":0},{"damage_healed":0,"gold_gain":0,"player_choice":"Ignored","damage_taken":0,"max_hp_gain":0,"max_hp_loss":0,"event_name":"Tomb of Lord Red Mask","floor":36,"gold_loss":0},{"damage_healed":0,"gold_gain":0,"player_choice":"Got Potions","damage_taken":0,"max_hp_gain":0,"max_hp_loss":0,"event_name":"Lab","floor":37,"gold_loss":0},{"damage_healed":0,"gold_gain":0,"player_choice":"Memory 3","damage_taken":10,"max_hp_gain":0,"max_hp_loss":0,"event_name":"SensoryStone","floor":48,"gold_loss":0}],"is_beta":false,"boss_relics":[{"not_picked":["Sozu","Snecko Eye"],"picked":"Astrolabe"},{"not_picked":["Coffee Dripper","Velvet Choker"],"picked":"Black Star"}],"items_purged_floors":[5],"is_endless":false,"potions_floor_spawned":[6,8,13,16,18,27,31,35],"ascension_level":0}}