{"host":"j4g6ia6asvpyu2b0","time":1611276289,"event":{"mods":["BaseMod","Colored Map","Minty Spire (QoL Compilation)","Permanent Neow","Quick Restart","Relic Stats","StSLib","Unceasing Turn Reminder"],"gold_per_floor":[111,129,129,148,148,183,183,214,214,214,6,6,20,53,53,148,148,173,16,16,29,50,50,50],"floor_reached":23,"language":"ENG","playtime":1310,"items_purged":[],"score":355,"play_id":"dde1c2f8-a296-42ad-9f57-9ef870e299fb","local_time":"20210121174449","is_ascension_mode":true,"campfire_choices":[{"data":"Clothesline","floor":7.0,"key":"SMITH"},{"data":"Battle Trance","floor":10.0,"key":"SMITH"},{"data":"Whirlwind","floor":15.0,"key":"SMITH"}],"circlet_count":0,"master_deck":["AscendersBane","Strike_R","Strike_R","Strike_R","Strike_R","Strike_R","Defend_R","Defend_R","Defend_R","Defend_R","Bash+1","Battle Trance+1","Clothesline+1","Ghostly Armor","Sword Boomerang","Shrug It Off","Limit Break","Juggernaut","Anger","Whirlwind+1","Immolate","Pommel Strike","Twin Strike","Pommel Strike"],"relics":["Philosopher\u0027s Stone","Golden Idol","Eternal Feather","Blue Candle","Bottled Flame","Black Star","Membership Card","Bag of Marbles"],"acts_visited":["Exordium","TheCity"],"potions_floor_usage":[21],"damage_taken":[{"damage":0.0,"enemies":"Small Slimes","floor":1.0,"turns":2.0},{"damage":3.0,"enemies":"Jaw Worm","floor":2.0,"turns":3.0},{"damage":0.0,"enemies":"Cultist","floor":4.0,"turns":3.0},{"damage":20.0,"enemies":"3 Sentries","floor":6.0,"turns":10.0},{"damage":9.0,"enemies":"Gremlin Nob","floor":8.0,"turns":4.0},{"damage":12.0,"enemies":"2 Fungi Beasts","floor":13.0,"turns":3.0},{"damage":10.0,"enemies":"Lagavulin","floor":14.0,"turns":7.0},{"damage":22.0,"enemies":"The Guardian","floor":16.0,"turns":12.0},{"damage":0.0,"enemies":"3 Byrds","floor":18.0,"turns":3.0},{"damage":0,"enemies":"2 Thieves","floor":21,"turns":1},{"damage":12,"enemies":"Sentry and Sphere","floor":22,"turns":3},{"damage":47,"enemies":"Book of Stabbing","floor":23,"turns":3}],"seed_played":"6629748248716525533","potions_obtained":[{"floor":4.0,"key":"EssenceOfSteel"},{"floor":6.0,"key":"GamblersBrew"},{"floor":13.0,"key":"SneckoOil"},{"floor":14.0,"key":"Fire Potion"}],"is_trial":false,"path_per_floor":["M","M","?","M","?","E","R","E","T","R","$","$","M","E","R","B",null,"M","$","?","M","M","E"],"character_chosen":"IRONCLAD","items_purchased":["Limit Break","Juggernaut","Membership Card","Pommel Strike"],"campfire_rested":0,"item_purchase_floors":[11,11,19,19],"current_hp_per_floor":[68,65,65,65,65,45,54,45,45,54,54,54,42,32,44,22,57,57,57,57,57,45,0,0],"gold":50,"neow_bonus":"BOSS_RELIC","is_daily":false,"chose_seed":false,"campfire_upgraded":3,"win_rate":0.0,"timestamp":1611276289,"path_taken":["M","M","?","M","?","E","R","E","T","R","?","$","M","E","R","BOSS","M","$","?","M","?","E"],"items_purchased_type":["Card","Card","Relic","Card"],"build_version":"2020-12-22","purchased_purges":0,"victory":false,"max_hp_per_floor":[75,75,69,69,69,69,69,69,69,69,69,69,69,69,69,69,69,69,69,69,69,69,69,69],"relic_stats":{"counters":[12,54],"Golden Idol":65,"Blue Candle":[0],"Eternal Feather":30,"Black Star":0,"obtain_stats":[{"Bottled Flame":14,"Golden Idol":3,"Blue Candle":8,"Philosopher\u0027s Stone":0,"Eternal Feather":6,"Black Star":17,"Bag of Marbles":20,"Membership Card":19,"Burning Blood":0},{"Bottled Flame":7,"Golden Idol":2,"Blue Candle":5,"Philosopher\u0027s Stone":0,"Eternal Feather":4,"Black Star":8,"Bag of Marbles":9,"Membership Card":9,"Burning Blood":0},{"Bottled Flame":32,"Golden Idol":5,"Blue Candle":22,"Philosopher\u0027s Stone":0,"Eternal Feather":18,"Black Star":44,"Bag of Marbles":47,"Membership Card":47,"Burning Blood":0}]},"card_choices":[{"not_picked":["Clothesline","Sword Boomerang"],"picked":"Battle Trance","floor":1.0},{"not_picked":["Body Slam","Armaments"],"picked":"Clothesline","floor":2.0},{"not_picked":["Power Through","Perfected Strike"],"picked":"Ghostly Armor","floor":4.0},{"not_picked":["Clash","Heavy Blade"],"picked":"Sword Boomerang","floor":6.0},{"not_picked":["Twin Strike","Entrench"],"picked":"Shrug It Off","floor":8.0},{"not_picked":["Twin Strike","Perfected Strike"],"picked":"Anger","floor":13.0},{"not_picked":["Body Slam","Ghostly Armor"],"picked":"Whirlwind","floor":14.0},{"not_picked":["Corruption","Reaper"],"picked":"Immolate","floor":16.0},{"not_picked":["Armaments","Ghostly Armor"],"picked":"Flex","floor":18.0},{"not_picked":["Body Slam","Anger"],"picked":"Twin Strike","floor":21},{"not_picked":["Iron Wave","Ghostly Armor"],"picked":"Pommel Strike","floor":22}],"player_experience":921749,"relics_obtained":[{"floor":6.0,"key":"Eternal Feather"},{"floor":8.0,"key":"Blue Candle"},{"floor":14.0,"key":"Bottled Flame"}],"event_choices":[{"damage_healed":0.0,"max_hp_gain":0.0,"max_hp_loss":6.0,"gold_gain":0.0,"event_name":"Golden Idol","player_choice":"Lose Max HP","floor":3.0,"gold_loss":0.0,"damage_taken":0.0,"relics_obtained":["Golden Idol"]},{"damage_healed":0.0,"max_hp_gain":0.0,"max_hp_loss":0.0,"gold_gain":0.0,"event_name":"Living Wall","player_choice":"Grow","floor":5.0,"gold_loss":0.0,"damage_taken":0.0,"cards_upgraded":["Bash"]},{"cards_removed":["Flex"],"damage_healed":0,"gold_gain":0,"player_choice":"Gave Card","damage_taken":0,"relics_obtained":["Bag of Marbles"],"max_hp_gain":0,"max_hp_loss":0,"event_name":"WeMeetAgain","floor":20,"gold_loss":0}],"is_beta":false,"boss_relics":[{"not_picked":["Cursed Key","Ectoplasm"],"picked":"Black Star"}],"items_purged_floors":[],"is_endless":false,"potions_floor_spawned":[4,6,13,14,18],"killed_by":"Book of Stabbing","ascension_level":14}}