{"host":"lxihx0b6awoz2w1j","time":1611331060,"event":{"mods":["Act Like it!","BaseMod","Better Third Choice","CapriCore","Colored Powertips","Conspire","Downfall","Fox Events","Gensokyo","Hermit","Hubris","Infinite Spire","JesterMod","Luminous","Marisa????????","Melee Mod","Minty Spire (QoL Compilation)","Prisma Mod","Quick Restart","Relic Stats","Replay The Spire","Shade Mod","Spicy Shops","StSLib","The Alterego","The Blue Laboratory","The Cursed","The Disciple","The Forsaken","The Gatherer","The Immortal","The Jungle","The Marked","The Runesmith","The Senshi","The Servant 0.9.4","The Spell Scribe","Waifu the Spire"],"gold_per_floor":[109,121,133,144,158,158,184,184,184,184,184,212,227,255,255,360,460,478,492,492,492],"floor_reached":20,"language":"ENG","playtime":914,"items_purged":[],"score":232,"play_id":"3813e00c-6383-425b-98af-55cf2d055319","local_time":"20210122165740","is_ascension_mode":true,"campfire_choices":[{"data":"Cleave","floor":6.0,"key":"SMITH"},{"data":"Bash","floor":8.0,"key":"SMITH"},{"floor":10.0,"key":"REST"},{"data":"Thunderclap","floor":15.0,"key":"SMITH"}],"circlet_count":0,"master_deck":["Strike_R","Strike_R","Strike_R","Strike_R","Strike_R","Defend_R","Defend_R","Defend_R","Defend_R","Bash+1","Thunderclap+1","Heavy Blade","Twin Strike+1","Wild Strike","Cleave+1","Bludgeon","Clothesline","Replay:Many Hands","Cleave","Flame Barrier"],"relics":["Burning Blood","Tiny Chest","HornCleat","Ice Cream","infinitespire:Joker Card","Replay:Wanted Poster"],"acts_visited":["Exordium","TheCity"],"potions_floor_usage":[],"damage_taken":[{"damage":4.0,"enemies":"2 Louse","floor":1.0,"turns":3.0},{"damage":1.0,"enemies":"Cultist","floor":2.0,"turns":3.0},{"damage":15.0,"enemies":"Small Slimes","floor":3.0,"turns":4.0},{"damage":11.0,"enemies":"Exordium Wildlife","floor":4.0,"turns":4.0},{"damage":10.0,"enemies":"Looter","floor":5.0,"turns":3.0},{"damage":20.0,"enemies":"Lagavulin","floor":7.0,"turns":7.0},{"damage":13.0,"enemies":"3 Sentries","floor":12.0,"turns":4.0},{"damage":0.0,"enemies":"Lots of Slimes","floor":13.0,"turns":1.0},{"damage":0.0,"enemies":"Gremlin Nob","floor":14.0,"turns":3.0},{"damage":47.0,"enemies":"Hexaghost","floor":16.0,"turns":8.0},{"damage":8,"enemies":"conspire:FuzzyDice","floor":18,"turns":6},{"damage":10,"enemies":"Shell Parasite","floor":19,"turns":5},{"damage":22,"enemies":"Snake Plant","floor":20,"turns":4}],"seed_played":"606358832299370222","potions_obtained":[{"floor":3.0,"key":"Energy Potion"},{"floor":4.0,"key":"LiquidBronze"},{"floor":5.0,"key":"HeartOfIron"},{"floor":16.0,"key":"champ:CounterPotion"},{"floor":18,"key":"blueLaboratory:PolymorphPotion"}],"is_trial":false,"path_per_floor":["M","M","M","M","M","R","E","R","T","R","?","E","M","E","R","B",null,"M","M","M"],"character_chosen":"IRONCLAD","items_purchased":[],"campfire_rested":1,"item_purchase_floors":[],"current_hp_per_floor":[88,88,79,74,70,70,56,56,56,82,82,75,81,87,87,46,88,86,82,60,60],"gold":492,"neow_bonus":"TEN_PERCENT_HP_BONUS","is_daily":false,"chose_seed":false,"campfire_upgraded":3,"win_rate":0.0,"timestamp":1611331060,"path_taken":["M","M","M","M","M","R","E","R","T","R","?","E","M","E","R","BOSS","M","M","M"],"items_purchased_type":[],"build_version":"2020-12-22","purchased_purges":0,"victory":false,"max_hp_per_floor":[88,88,88,88,88,88,88,88,88,88,88,88,88,88,88,88,88,88,88,88,88],"relic_stats":{"counters":[13,55],"Tiny Chest":0,"obtain_stats":[{"Ice Cream":12,"Replay:Wanted Poster":17,"HornCleat":9,"Tiny Chest":7,"infinitespire:Joker Card":14,"Burning Blood":0},{"Ice Cream":7,"Replay:Wanted Poster":10,"HornCleat":6,"Tiny Chest":6,"infinitespire:Joker Card":9,"Burning Blood":0},{"Ice Cream":28,"Replay:Wanted Poster":40,"HornCleat":24,"Tiny Chest":24,"infinitespire:Joker Card":32,"Burning Blood":0}],"Burning Blood":65},"card_choices":[{"not_picked":["True Grit","Havoc"],"picked":"Thunderclap","floor":1.0},{"not_picked":["Shockwave","hubris:SharpeningStone"],"picked":"Heavy Blade","floor":2.0},{"not_picked":["ReplayTheSpireMod:Strike From Hell","Flex"],"picked":"Twin Strike","floor":3.0},{"not_picked":["Perfected Strike","Twin Strike"],"picked":"Wild Strike","floor":4.0},{"not_picked":["Dropkick","Clash"],"picked":"Cleave","floor":5.0},{"not_picked":["Shrug It Off","Clothesline"],"picked":"Bludgeon","floor":7.0},{"not_picked":["Dual Wield","Rage","Sword Boomerang"],"picked":"SKIP","floor":12.0},{"not_picked":["Burning Pact","Anger"],"picked":"Clothesline","floor":13.0},{"not_picked":["Clothesline","Exhume","ReplayTheSpireMod:Strike From Hell"],"picked":"SKIP","floor":14.0},{"not_picked":["Limit Break","Fiend Fire"],"picked":"Replay:Many Hands","floor":16.0},{"not_picked":["Heavy Blade","Pommel Strike+1"],"picked":"Cleave","floor":18},{"not_picked":["Infernal Blade","Defy Death+1"],"picked":"Flame Barrier","floor":19}],"player_experience":653156,"relics_obtained":[{"floor":7.0,"key":"Tiny Chest"},{"floor":9.0,"key":"HornCleat"},{"floor":12.0,"key":"Ice Cream"},{"floor":14.0,"key":"infinitespire:Joker Card"}],"event_choices":[{"damage_healed":0.0,"max_hp_gain":0.0,"max_hp_loss":0.0,"gold_gain":0.0,"event_name":"Accursed Blacksmith","player_choice":"Forge","floor":11.0,"gold_loss":0.0,"damage_taken":0.0,"cards_upgraded":["Twin Strike"]}],"is_beta":false,"boss_relics":[{"not_picked":["conspire:RoyalGoblet","Empty Cage"],"picked":"Replay:Wanted Poster"}],"items_purged_floors":[],"is_endless":false,"potions_floor_spawned":[3,4,5,16,18],"killed_by":"Snake Plant","ascension_level":1}}