{"host":"ilhhjx796p2x2wmd","time":1611304643,"event":{"mods":["AchievementEnabler","BaseMod","BetterRewards","Colored Map","Colored Powertips","DeckTracker","Highlight Path","Minty Spire (QoL Compilation)","Permanent Neow","Rare Cards Sparkle","Shop Mod"],"gold_per_floor":[109,126,140,65,2,2,37,50,75,94,114,114,127,152,152,152,152],"floor_reached":16,"language":"KOR","playtime":935,"items_purged":["Clumsy"],"score":137,"play_id":"ea6b54c3-3966-4575-8631-e278d689500a","local_time":"20210122173723","is_ascension_mode":true,"campfire_choices":[{"data":"Bash","floor":6.0,"key":"SMITH"},{"data":"Immolate","floor":12.0,"key":"SMITH"},{"data":"Perfected Strike","floor":15.0,"key":"SMITH"}],"circlet_count":0,"master_deck":["Strike_R","Strike_R","Strike_R","Strike_R","Strike_R","Defend_R","Defend_R","Defend_R","Defend_R","Bash+1","Immolate+1","Clothesline","Heavy Blade","Perfected Strike+1","Twin Strike","Seeing Red","Battle Trance"],"relics":["Burning Blood","Omamori","Red Skull","Centennial Puzzle","Gremlin Horn"],"acts_visited":["Exordium"],"potions_floor_usage":[16,16],"damage_taken":[{"damage":12.0,"enemies":"Jaw Worm","floor":1.0,"turns":2.0},{"damage":1.0,"enemies":"Cultist","floor":2.0,"turns":3.0},{"damage":0.0,"enemies":"2 Louse","floor":3.0,"turns":1.0},{"damage":28.0,"enemies":"3 Sentries","floor":7.0,"turns":6.0},{"damage":13.0,"enemies":"Large Slime","floor":8.0,"turns":6.0},{"damage":16.0,"enemies":"Blue Slaver","floor":10.0,"turns":3.0},{"damage":7.0,"enemies":"2 Fungi Beasts","floor":11.0,"turns":2.0},{"damage":6.0,"enemies":"Looter","floor":13.0,"turns":2.0},{"damage":16.0,"enemies":"Gremlin Nob","floor":14.0,"turns":3.0},{"damage":28,"enemies":"The Guardian","floor":16,"turns":7}],"seed_played":"-6876957581869714249","potions_obtained":[{"floor":1.0,"key":"EntropicBrew"},{"floor":8.0,"key":"Swift Potion"}],"is_trial":false,"path_per_floor":["M","M","M","$","?","R","E","M","T","M","M","R","M","E","R","B"],"character_chosen":"IRONCLAD","items_purchased":[],"campfire_rested":0,"item_purchase_floors":[],"current_hp_per_floor":[74,79,80,80,80,80,58,51,51,41,40,40,40,30,30,2,2],"gold":152,"neow_bonus":"THREE_RARE_CARDS","is_daily":false,"chose_seed":false,"campfire_upgraded":3,"win_rate":0.0,"timestamp":1611304643,"path_taken":["M","M","M","$","?","R","E","M","T","M","M","R","M","E","R","BOSS"],"items_purchased_type":[],"build_version":"2020-12-22","purchased_purges":1,"victory":false,"max_hp_per_floor":[80,80,80,80,80,80,80,80,80,80,80,80,80,80,80,80,80],"card_choices":[{"not_picked":["Double Tap","Limit Break"],"picked":"Immolate","floor":0.0},{"not_picked":["Warcry","Body Slam"],"picked":"Clothesline","floor":1.0},{"not_picked":["Clothesline","Fire Breathing","Wild Strike"],"picked":"SKIP","floor":2.0},{"not_picked":["Uppercut","Anger"],"picked":"Heavy Blade","floor":3.0},{"not_picked":["Power Through","Heavy Blade"],"picked":"Perfected Strike","floor":7.0},{"not_picked":["Burning Pact","Reckless Charge"],"picked":"Twin Strike","floor":8.0},{"not_picked":["Dark Embrace","Second Wind","Uppercut"],"picked":"SKIP","floor":10.0},{"not_picked":["Intimidate","Heavy Blade","Iron Wave"],"picked":"SKIP","floor":11.0},{"not_picked":["Headbutt","Spot Weakness"],"picked":"Seeing Red","floor":13.0},{"not_picked":["Flex","Heavy Blade"],"picked":"Battle Trance","floor":14.0}],"player_experience":302907,"relics_obtained":[{"floor":7.0,"key":"Red Skull"},{"floor":9.0,"key":"Centennial Puzzle"},{"floor":14.0,"key":"Gremlin Horn"}],"event_choices":[{"damage_healed":0.0,"max_hp_gain":0.0,"max_hp_loss":0.0,"gold_gain":0.0,"event_name":"WeMeetAgain","player_choice":"Paid Gold","floor":5.0,"gold_loss":63.0,"damage_taken":0.0,"relics_obtained":["Omamori"]}],"is_beta":false,"boss_relics":[],"items_purged_floors":[4],"is_endless":false,"potions_floor_spawned":[1,8,11],"killed_by":"The Guardian","ascension_level":4}}