{"host":"kh6fvhxn285ncg0o","time":1611311789,"event":{"mods":["Act Like it!","BaseMod","Colored Map","Friendly Minions","Keyboard Shortcuts","Minty Spire (QoL Compilation)","Quick Restart","Relic Stats","StSLib","SuperFastMode"],"gold_per_floor":[118,135,135,60,60,60,91,109,179,194,194,212,51,85,85,157,157,171,189,204,217,142,167,167,167],"floor_reached":24,"language":"KOR","playtime":1114,"items_purged":["Strike_R"],"score":456,"play_id":"28606c36-8c42-4651-b198-664c588804e6","local_time":"20210122193629","is_ascension_mode":true,"campfire_choices":[{"data":"Carnage","floor":6,"key":"SMITH"},{"data":"Bash","floor":15,"key":"SMITH"}],"circlet_count":0,"master_deck":["AscendersBane","Strike_R","Strike_R","Defend_R","Defend_R","Defend_R","Defend_R","Bash+1","Ghostly Armor","Carnage+1","Reaper","Shrug It Off","Impervious","Rage","Feed","Sword Boomerang","Spot Weakness"],"relics":["Burning Blood","Akabeko","Omamori","StrikeDummy","Bag of Marbles","Toy Ornithopter","Coffee Dripper","Anchor"],"acts_visited":["TheCity"],"potions_floor_usage":[16,16,21,24],"damage_taken":[{"damage":1,"enemies":"Cultist","floor":1,"turns":4},{"damage":4,"enemies":"Jaw Worm","floor":2,"turns":3},{"damage":20,"enemies":"3 Sentries","floor":7,"turns":9},{"damage":4,"enemies":"Small Slimes","floor":8,"turns":3},{"damage":0,"enemies":"2 Fungi Beasts","floor":10,"turns":3},{"damage":8,"enemies":"Red Slaver","floor":12,"turns":3},{"damage":6,"enemies":"Gremlin Nob","floor":14,"turns":3},{"damage":87,"enemies":"Hexaghost","floor":16,"turns":11},{"damage":13,"enemies":"3 Byrds","floor":18,"turns":8},{"damage":10,"enemies":"2 Thieves","floor":19,"turns":4},{"damage":31,"enemies":"Chosen and Byrds","floor":20,"turns":8},{"damage":12,"enemies":"Snecko","floor":21,"turns":7},{"damage":64,"enemies":"Slavers","floor":23,"turns":8},{"damage":43,"enemies":"Cultist and Chosen","floor":24,"turns":8}],"seed_played":"-2231653018392950888","potions_obtained":[{"floor":1,"key":"FairyPotion"},{"floor":7,"key":"Dexterity Potion"},{"floor":8,"key":"Block Potion"},{"floor":18,"key":"HeartOfIron"},{"floor":19,"key":"PowerPotion"}],"is_trial":false,"path_per_floor":["M","M","?","?","?","R","E","M","T","M","?","M","$","E","R","B",null,"M","M","M","M","$","E","M"],"character_chosen":"IRONCLAD","items_purchased":["Bag of Marbles"],"campfire_rested":0,"item_purchase_floors":[13],"current_hp_per_floor":[73,75,75,75,80,80,66,68,68,74,70,74,74,78,78,9,62,76,76,61,69,69,31,0,0],"gold":167,"neow_bonus":"RANDOM_COMMON_RELIC","is_daily":false,"chose_seed":false,"campfire_upgraded":2,"win_rate":0.0,"timestamp":1611311789,"path_taken":["M","?","?","?","?","R","E","M","T","M","?","?","$","E","R","BOSS","M","M","M","M","$","E","M"],"items_purchased_type":["Relic"],"build_version":"2020-12-22","purchased_purges":1,"victory":false,"max_hp_per_floor":[75,75,75,75,80,80,80,80,80,80,80,80,80,80,80,80,80,83,83,86,89,89,89,89,89],"relic_stats":{"counters":[14,82],"obtain_stats":[{"Anchor":23,"Omamori":7,"Bag of Marbles":13,"Coffee Dripper":17,"StrikeDummy":9,"Burning Blood":0,"Akabeko":0,"Toy Ornithopter":14},{"Anchor":13,"Omamori":3,"Bag of Marbles":6,"Coffee Dripper":8,"StrikeDummy":4,"Burning Blood":0,"Akabeko":0,"Toy Ornithopter":7},{"Anchor":74,"Omamori":16,"Bag of Marbles":25,"Coffee Dripper":39,"StrikeDummy":19,"Burning Blood":0,"Akabeko":0,"Toy Ornithopter":28}],"Burning Blood":78,"Toy Ornithopter":20},"card_choices":[{"not_picked":["Dropkick","Headbutt"],"picked":"Ghostly Armor","floor":1},{"not_picked":["Havoc","Anger"],"picked":"Carnage","floor":2},{"not_picked":["Spot Weakness","Rampage"],"picked":"Reaper","floor":7},{"not_picked":["Uppercut","Perfected Strike"],"picked":"Shrug It Off","floor":8},{"not_picked":["Clothesline","Body Slam"],"picked":"Impervious","floor":10},{"not_picked":["Reckless Charge","Sentinel","Wild Strike"],"picked":"SKIP","floor":12},{"not_picked":["Armaments","Inflame"],"picked":"Rage","floor":14},{"not_picked":["Demon Form","Corruption"],"picked":"Feed","floor":16},{"not_picked":["Cleave","Armaments","Anger"],"picked":"SKIP","floor":18},{"not_picked":["Thunderclap","Searing Blow","Clash"],"picked":"SKIP","floor":19},{"not_picked":["Clothesline","Berserk"],"picked":"Sword Boomerang","floor":20},{"not_picked":["Wild Strike","Body Slam","Hemokinesis"],"picked":"SKIP","floor":21},{"not_picked":["Reckless Charge","Combust"],"picked":"Spot Weakness","floor":23}],"player_experience":3491043,"relics_obtained":[{"floor":7,"key":"Omamori"},{"floor":9,"key":"StrikeDummy"},{"floor":14,"key":"Toy Ornithopter"},{"floor":23,"key":"Anchor"}],"event_choices":[{"cards_removed":["Strike_R"],"damage_healed":0,"gold_gain":0,"player_choice":"Forget","damage_taken":0,"max_hp_gain":0,"max_hp_loss":0,"event_name":"Living Wall","floor":3,"gold_loss":0},{"cards_removed":["Strike_R"],"damage_healed":0,"gold_gain":0,"player_choice":"Card Removal","damage_taken":0,"max_hp_gain":0,"max_hp_loss":0,"event_name":"The Cleric","floor":4,"gold_loss":75},{"damage_healed":0,"gold_gain":0,"player_choice":"Donut","damage_taken":0,"max_hp_gain":5,"max_hp_loss":0,"event_name":"Big Fish","floor":5,"gold_loss":0},{"damage_healed":0,"gold_gain":0,"player_choice":"Bought 0 Potions","damage_taken":0,"max_hp_gain":0,"max_hp_loss":0,"event_name":"The Woman in Blue","floor":11,"gold_loss":0}],"is_beta":false,"boss_relics":[{"not_picked":["Pandora\u0027s Box","Philosopher\u0027s Stone"],"picked":"Coffee Dripper"}],"items_purged_floors":[22],"is_endless":false,"potions_floor_spawned":[1,7,8,14,18,19],"killed_by":"Cultist and Chosen","ascension_level":20}}