{"host":"hzinic87vu8p95wn","time":1611329457,"event":{"mods":["BaseMod","Minty Spire (QoL Compilation)"],"gold_per_floor":[109,109,21,21,21,50,50,60,60,71,71,84,84,84,84,160,160,160,160],"floor_reached":18,"language":"ENG","playtime":366,"items_purged":[],"score":348,"play_id":"4fb0b8e6-d1c0-46ec-ae43-500f282d7bf4","local_time":"20210123023057","is_ascension_mode":true,"campfire_choices":[{"data":"Defragment","floor":7,"key":"SMITH"},{"floor":15,"key":"REST"}],"circlet_count":0,"master_deck":["AscendersBane","Strike_B","Defend_B","Defend_B+1","Zap+1","Dualcast+1","Sweeping Beam","Defragment+1","Conserve Battery","Cold Snap","Buffer","Fission+1","Reboot+1","Undo+1"],"relics":["Cracked Core","NeowsBlessing","Lantern","DataDisk","Astrolabe"],"acts_visited":["Exordium","TheCity"],"potions_floor_usage":[],"damage_taken":[{"damage":0,"enemies":"Small Slimes","floor":1,"turns":1},{"damage":0,"enemies":"Gremlin Nob","floor":6,"turns":1},{"damage":0,"enemies":"Jaw Worm","floor":8,"turns":1},{"damage":0,"enemies":"Cultist","floor":10,"turns":2},{"damage":5,"enemies":"Large Slime","floor":12,"turns":4},{"damage":44,"enemies":"Hexaghost","floor":16,"turns":12},{"damage":8,"enemies":"3 Byrds","floor":18,"turns":2}],"seed_played":"-2664403487648730823","potions_obtained":[{"floor":10,"key":"FearPotion"}],"is_trial":false,"path_per_floor":["M","?","$","?","$","E","R","M","T","M","?","M","?","?","R","B",null,"M"],"character_chosen":"DEFECT","items_purchased":["Defragment"],"campfire_rested":1,"item_purchase_floors":[3],"current_hp_per_floor":[64,69,69,69,69,69,69,69,69,69,46,41,34,34,56,12,60,52,52],"gold":160,"neow_bonus":"THREE_ENEMY_KILL","is_daily":false,"chose_seed":false,"campfire_upgraded":1,"win_rate":0.0,"timestamp":1611329457,"path_taken":["M","?","$","?","$","E","R","M","T","?","?","M","?","?","R","BOSS","M"],"items_purchased_type":["Card"],"build_version":"2020-12-22","purchased_purges":0,"victory":false,"max_hp_per_floor":[71,76,76,76,76,76,76,76,76,76,76,76,76,76,76,76,76,76,76],"card_choices":[{"not_picked":["Barrage","Hologram"],"picked":"Sweeping Beam","floor":1},{"not_picked":["Sunder","Rebound"],"picked":"Conserve Battery","floor":6},{"not_picked":["Blizzard","Steam","Redo"],"picked":"SKIP","floor":8},{"not_picked":["Stack","Barrage","Compile Driver"],"picked":"SKIP","floor":10},{"not_picked":["Hello World","Barrage"],"picked":"Cold Snap","floor":12},{"not_picked":["Meteor Strike","Biased Cognition"],"picked":"Buffer","floor":16}],"player_experience":1595360,"relics_obtained":[{"floor":6,"key":"Lantern"},{"floor":9,"key":"DataDisk"}],"event_choices":[{"damage_healed":0,"gold_gain":0,"player_choice":"Donut","damage_taken":0,"max_hp_gain":5,"max_hp_loss":0,"event_name":"Big Fish","floor":2,"gold_loss":0},{"cards_removed":["Strike_B"],"damage_healed":0,"gold_gain":0,"player_choice":"Purged","damage_taken":0,"max_hp_gain":0,"max_hp_loss":0,"event_name":"Purifier","floor":4,"gold_loss":0},{"damage_healed":0,"gold_gain":0,"player_choice":"Entered Light","damage_taken":23,"max_hp_gain":0,"max_hp_loss":0,"event_name":"Shining Light","floor":11,"gold_loss":0,"cards_upgraded":["Dualcast","Defend_B"]},{"cards_removed":["Defend_B"],"damage_healed":0,"gold_gain":0,"player_choice":"Card Removal","damage_taken":7,"max_hp_gain":0,"max_hp_loss":0,"event_name":"Golden Wing","floor":13,"gold_loss":0},{"damage_healed":0,"gold_gain":0,"player_choice":"Forge","damage_taken":0,"max_hp_gain":0,"max_hp_loss":0,"event_name":"Accursed Blacksmith","floor":14,"gold_loss":0,"cards_upgraded":["Zap"]}],"is_beta":false,"boss_relics":[{"not_picked":["SacredBark","Runic Dome"],"picked":"Astrolabe"}],"items_purged_floors":[],"is_endless":false,"potions_floor_spawned":[10],"killed_by":"3 Byrds","ascension_level":18}}