{"host":"42xf941fomyavgzy","time":1611315763,"event":{"mods":["BaseMod","Colored Map","HololiveMod","KinomotoSakuraMod(–Ø”V–{?)","Minty Spire (QoL Compilation)","Shop Mod","StSLib","SuperFastMode","The Cursed"],"gold_per_floor":[118,131,206,221,232,232,257,257,257,257,207,207,242,259,259,364,364,384,384,403,421,254,280,291,291,336,336,363,363,375,415,427,534,546,577,607,631,266,266,266,296,306,332,118,34,0,0,14,14,6,6],"floor_reached":50,"language":"JPN","playtime":3068,"items_purged":[],"score":791,"play_id":"471f19fd-9a1c-46f3-a734-93ae7ac6e9fa","local_time":"20210122204243","is_ascension_mode":true,"campfire_choices":[{"data":"TheCursedMod:SpitefulStrike","floor":6,"key":"SMITH"},{"data":"TheCursedMod:Stigma","floor":10,"key":"SMITH"},{"data":"TheCursedMod:HellsGateOpen","floor":12,"key":"SMITH"},{"data":"TheCursedMod:StingEye","floor":15,"key":"SMITH"},{"data":"TheCursedMod:CircleOfBlood","floor":27,"key":"SMITH"},{"data":"TheCursedMod:SpitefulPray","floor":30,"key":"SMITH"},{"floor":32,"key":"REST"},{"floor":40,"key":"REST"},{"floor":47,"key":"RECALL"},{"floor":49,"key":"REST"}],"circlet_count":0,"master_deck":["TheCursedMod:CursedWand","TheCursedMod:CleanUpWorkshop","TheCursedMod:Dregs","TheCursedMod:SurpriseAttack","TheCursedMod:SpitefulStrike+1","TheCursedMod:Stigma+1","TheCursedMod:StingEye+1","TheCursedMod:HellsGateOpen+1","TheCursedMod:FleshFromBone","TheCursedMod:SoulReap+1","TheCursedMod:SpreadPlague","TheCursedMod:DemonSword+1","TheCursedMod:Mangle+1","TheCursedMod:HellfireBreathing","TheCursedMod:DoubleShield","TheCursedMod:HellfireBreathing","TheCursedMod:TacticalStrike+1","TheCursedMod:AshesToAshes+1","TheCursedMod:CursedAmulet","TheCursedMod:AbyssShockwave+1","TheCursedMod:RapidMovement","TheCursedMod:CircleOfBlood+1","TheCursedMod:CursedSpellbook","TheCursedMod:SpitefulPray+1","Writhe","TheCursedMod:CircleOfAbyss","TheCursedMod:NeowsMight","TheCursedMod:Hemoplague","TheCursedMod:SpitefulPlan","TheCursedMod:SoulCrush+1","Thinking Ahead","TheCursedMod:ReleasedStrength","TheCursedMod:SpitefulPlan","TheCursedMod:CursedMace+1"],"relics":["TheCursedMod:BlackMagic101","Hololive_LightStick","Juzu Bracelet","Molten Egg 2","Pandora\u0027s Box","Darkstone Periapt","Akabeko","Kunai","MawBank","Pen Nib","Velvet Choker","Toy Ornithopter","Singing Bowl","Strawberry","Pocketwatch","Red Mask"],"acts_visited":["Exordium","TheCity","TheBeyond"],"potions_floor_usage":[7,18,20,20,33,33,42,50],"damage_taken":[{"damage":0,"enemies":"Small Slimes","floor":1,"turns":3},{"damage":1,"enemies":"Jaw Worm","floor":2,"turns":4},{"damage":0,"enemies":"Cultist","floor":4,"turns":3},{"damage":3,"enemies":"Large Slime","floor":5,"turns":4},{"damage":17,"enemies":"3 Sentries","floor":7,"turns":8},{"damage":0,"enemies":"Gremlin Nob","floor":13,"turns":3},{"damage":0,"enemies":"Blue Slaver","floor":14,"turns":2},{"damage":5,"enemies":"The Guardian","floor":16,"turns":9},{"damage":0,"enemies":"Spheric Guardian","floor":18,"turns":3},{"damage":0,"enemies":"3 Byrds","floor":20,"turns":3},{"damage":30,"enemies":"Centurion and Healer","floor":21,"turns":6},{"damage":5,"enemies":"Book of Stabbing","floor":23,"turns":6},{"damage":15,"enemies":"Shelled Parasite and Fungi","floor":24,"turns":6},{"damage":0,"enemies":"Gremlin Leader","floor":28,"turns":7},{"damage":23,"enemies":"Book of Stabbing","floor":31,"turns":5},{"damage":35,"enemies":"Automaton","floor":33,"turns":8},{"damage":0,"enemies":"Orb Walker","floor":35,"turns":3},{"damage":40,"enemies":"3 Darklings","floor":36,"turns":3},{"damage":32,"enemies":"Writhing Mass","floor":37,"turns":4},{"damage":0,"enemies":"Giant Head","floor":41,"turns":8},{"damage":17,"enemies":"Jaw Worm Horde","floor":42,"turns":3},{"damage":29,"enemies":"Sphere and 2 Shapes","floor":48,"turns":5},{"damage":105,"enemies":"Donu and Deca","floor":50,"turns":7}],"seed_played":"2121007044679375540","potions_obtained":[{"floor":2,"key":"Block Potion"},{"floor":5,"key":"DistilledChaos"},{"floor":8,"key":"SpeedPotion"},{"floor":8,"key":"CultistPotion"},{"floor":16,"key":"Energy Potion"},{"floor":18,"key":"ColorlessPotion"},{"floor":28,"key":"ColorlessPotion"},{"floor":33,"key":"AttackPotion"},{"floor":35,"key":"Swift Potion"}],"is_trial":false,"path_per_floor":["M","M","?","M","M","R","E","?","T","R","?","R","E","M","R","B",null,"M","?","M","M","$","E","M","?","T","R","E","?","R","E","R","B",null,"M","M","M","$","?","R","E","M","T","$","?","?","R","M","R","B"],"character_chosen":"THE_CURSED","items_purchased":["TheCursedMod:AbyssShockwave+1","GamblersBrew","TheCursedMod:RapidMovement","Toy Ornithopter","TheCursedMod:SoulCrush+1","Thinking Ahead","Strawberry","TheCursedMod:SpitefulPlan"],"campfire_rested":3,"item_purchase_floors":[22,22,22,38,38,38,44,44],"current_hp_per_floor":[75,74,63,63,60,60,43,43,43,43,43,43,43,50,50,55,75,75,75,75,53,53,48,37,37,37,37,59,65,65,50,74,52,81,81,49,17,17,17,41,65,69,69,76,76,76,76,53,80,0,0],"gold":6,"neow_bonus":"TRANSFORM_CARD","is_daily":false,"chose_seed":false,"campfire_upgraded":6,"win_rate":0.0,"timestamp":1611315763,"path_taken":["M","M","?","M","M","R","E","?","T","R","?","R","E","M","R","BOSS","M","?","M","M","$","E","M","?","T","R","E","?","R","E","R","BOSS","M","M","M","$","?","R","E","M","T","$","?","?","R","M","R","BOSS"],"items_purchased_type":["Card","Potion","Card","Relic","Card","Card","Relic","Card"],"build_version":"2020-12-22","purchased_purges":0,"victory":false,"max_hp_per_floor":[75,75,75,75,75,75,75,75,75,75,75,75,75,75,75,75,75,75,75,75,75,75,75,75,75,75,75,75,81,81,81,81,81,81,81,81,81,81,81,81,83,83,83,90,90,90,90,90,90,90,90],"card_choices":[{"not_picked":["TheCursedMod:CircleOfFlame","TheCursedMod:TroublousMinions"],"picked":"TheCursedMod:SpitefulStrike","floor":1},{"not_picked":["TheCursedMod:SaltUponWound","TheCursedMod:Wield"],"picked":"TheCursedMod:Stigma","floor":2},{"not_picked":["TheCursedMod:FleshFromBone","TheCursedMod:DoubleShield"],"picked":"TheCursedMod:StingEye","floor":4},{"not_picked":["TheCursedMod:CursedShiv","TheCursedMod:CircleOfFocus"],"picked":"TheCursedMod:HellsGateOpen","floor":5},{"not_picked":["TheCursedMod:ManaCirculation","TheCursedMod:Stigma"],"picked":"TheCursedMod:FleshFromBone","floor":7},{"not_picked":["TheCursedMod:Evocation","TheCursedMod:VitalStrike+1"],"picked":"TheCursedMod:SoulReap+1","floor":13},{"not_picked":["TheCursedMod:CursedStaff+1","TheCursedMod:SpitefulStrike+1"],"picked":"TheCursedMod:SpreadPlague","floor":14},{"not_picked":["TheCursedMod:UltimatePain","TheCursedMod:AntiAging"],"picked":"TheCursedMod:DemonSword+1","floor":16},{"not_picked":["TheCursedMod:Obscuration","TheCursedMod:CursedBlade+1"],"picked":"TheCursedMod:TacticalStrike+1","floor":18},{"not_picked":["TheCursedMod:CursedShiv+1","TheCursedMod:VitalStrike+1"],"picked":"TheCursedMod:AshesToAshes+1","floor":20},{"not_picked":["TheCursedMod:Obscuration","TheCursedMod:Stigma+1"],"picked":"TheCursedMod:CursedAmulet","floor":21},{"not_picked":["TheCursedMod:CircleOfAmplification","TheCursedMod:SoulReap+1"],"picked":"TheCursedMod:CircleOfBlood","floor":23},{"not_picked":["TheCursedMod:TacticalStrike+1","TheCursedMod:BlessingInDisguise"],"picked":"TheCursedMod:CursedSpellbook","floor":24},{"not_picked":["TheCursedMod:Stigma+1","TheCursedMod:TacticalStrike+1"],"picked":"TheCursedMod:SpitefulPray","floor":28},{"not_picked":["TheCursedMod:SaltUponWound","TheCursedMod:CursedBlade+1"],"picked":"TheCursedMod:CircleOfAbyss","floor":31},{"not_picked":["TheCursedMod:ManaCirculation","TheCursedMod:ShockAndAwe+1"],"picked":"TheCursedMod:NeowsMight","floor":33},{"not_picked":["TheCursedMod:CircleOfCorruption","TheCursedMod:WearCloak"],"picked":"TheCursedMod:Hemoplague","floor":35},{"not_picked":["TheCursedMod:FleshFromBone+1","TheCursedMod:HellsGateOpen","TheCursedMod:CursedBlade+1"],"picked":"SKIP","floor":36},{"not_picked":["TheCursedMod:Stigma+1","TheCursedMod:CursedAmulet+1"],"picked":"TheCursedMod:SpitefulPlan","floor":37},{"not_picked":["TheCursedMod:FleshFromBone","TheCursedMod:Grudge","TheCursedMod:CircleOfFlame"],"picked":"Singing Bowl","floor":41},{"not_picked":["TheCursedMod:CircleOfFlame","TheCursedMod:AntiAging"],"picked":"TheCursedMod:ReleasedStrength","floor":42},{"not_picked":["TheCursedMod:RavingStaff+1","TheCursedMod:BlessingInDisguise+1"],"picked":"TheCursedMod:CursedMace+1","floor":48}],"player_experience":418817,"relics_obtained":[{"floor":7,"key":"Hololive_LightStick"},{"floor":9,"key":"Juzu Bracelet"},{"floor":13,"key":"Molten Egg 2"},{"floor":23,"key":"Darkstone Periapt"},{"floor":26,"key":"Akabeko"},{"floor":28,"key":"Kunai"},{"floor":31,"key":"Pen Nib"},{"floor":41,"key":"Singing Bowl"}],"event_choices":[{"damage_healed":0,"gold_gain":75,"player_choice":"Gather Gold","damage_taken":11,"max_hp_gain":0,"max_hp_loss":0,"event_name":"World of Goop","floor":3,"gold_loss":0},{"damage_healed":0,"gold_gain":0,"player_choice":"Got Potions","damage_taken":0,"max_hp_gain":0,"max_hp_loss":0,"event_name":"Lab","floor":8,"gold_loss":0},{"cards_removed":["TheCursedMod:Strike_TheCursed"],"damage_healed":0,"gold_gain":0,"player_choice":"Card Removal","damage_taken":0,"max_hp_gain":0,"max_hp_loss":0,"event_name":"The Cleric","floor":11,"gold_loss":50},{"damage_healed":0,"gold_gain":0,"player_choice":"Ignored","damage_taken":0,"max_hp_gain":0,"max_hp_loss":0,"event_name":"Vampires","floor":19,"gold_loss":0},{"cards_removed":["TheCursedMod:DoubleShield"],"damage_healed":0,"gold_gain":0,"player_choice":"Elegance","damage_taken":0,"max_hp_gain":0,"max_hp_loss":0,"event_name":"Back to Basics","floor":25,"gold_loss":0},{"damage_healed":0,"gold_gain":0,"player_choice":"Opened","damage_taken":0,"relics_obtained":["MawBank"],"max_hp_gain":0,"max_hp_loss":0,"event_name":"The Mausoleum","floor":29,"gold_loss":0,"cards_obtained":["Writhe"]},{"cards_removed":["TheCursedMod:BlessingInDisguise"],"damage_healed":0,"gold_gain":0,"player_choice":"Removed Skill","damage_taken":0,"max_hp_gain":0,"max_hp_loss":0,"event_name":"Falling","floor":39,"gold_loss":0},{"damage_healed":0,"gold_gain":0,"player_choice":"Paid Gold","damage_taken":0,"relics_obtained":["Pocketwatch"],"max_hp_gain":0,"max_hp_loss":0,"event_name":"WeMeetAgain","floor":45,"gold_loss":84},{"damage_healed":0,"gold_gain":0,"player_choice":"Paid","damage_taken":0,"relics_obtained":["Red Mask"],"max_hp_gain":0,"max_hp_loss":0,"event_name":"Tomb of Lord Red Mask","floor":46,"gold_loss":34}],"is_beta":false,"boss_relics":[{"not_picked":["TheCursedMod:BlackMagicAdvanced","Philosopher\u0027s Stone"],"picked":"Pandora\u0027s Box"},{"not_picked":["SacredBark","Tiny House"],"picked":"Velvet Choker"}],"items_purged_floors":[],"is_endless":false,"potions_floor_spawned":[2,5,13,16,18,28,31,33,35,36,37],"killed_by":"Donu and Deca","ascension_level":4}}