{"host":"1bf4lopb4xlrny0j","time":1611323317,"event":{"mods":["100% Spire Juice","Act Like it!","Astrologer","Bard","BaseMod","CapriCore","Chen","Colored Powertips","Gensokyo","Hubris","Koishi","Marisa£®ÏF”Í°°ƒß¿Ì…≥£©","Minty Spire (QoL Compilation)","Pale of the Ancients","Reimu£®≤©¿ˆ¡È√Œ£©","Remilia£®¿Ÿ√◊¿Ú—«£©","Spicy Shops","StSLib","The Administrix","The Gatherer","The Immortal","The Mystic","The Runesmith","The Servant 0.9.4","Yakumo Yukari mod","Youmu£®ªÍ∆«—˝√Œ£©","Yuyuko"],"gold_per_floor":[115,132,144,161,173,173,173,192,217,242,242,260,260,260,260,355,355,366,143,156,156,156,156,171,200,200,100,100,110,110,122,122,219,219,233,21,36,36,48,48,48,80,80,80,80,91,55,68,68,68,68,86,86,86,86,86,86,86],"floor_reached":56,"language":"ZHS","playtime":4201,"items_purged":["Gatherer:Defend_Gatherer","Gatherer:Centralize"],"score":856,"play_id":"443df36a-d997-4244-a98d-6297641ffa26","local_time":"20210122214837","is_ascension_mode":false,"metric_token":1749,"campfire_choices":[{"data":"Gatherer:RottenStipe","floor":6.0,"key":"SMITH"},{"data":"Gatherer:FlowerPower+1","floor":15.0,"key":"SMITH"},{"data":"Gatherer:BlackTea","floor":23.0,"key":"SMITH"},{"data":"Gatherer:FlowerPower+2","floor":30.0,"key":"SMITH"},{"data":"Gatherer:FlowerWhip","floor":32.0,"key":"SMITH"},{"data":"Gatherer:FlowerBeam","floor":40.0,"key":"SMITH"},{"data":"Gatherer:FlowerWhip+1","floor":49.0,"key":"SMITH"},{"data":"hubris:DuctTapeCard","floor":55,"key":"SMITH"}],"circlet_count":0,"master_deck":["Gatherer:Strike_Gatherer","Gatherer:Strike_Gatherer","Gatherer:Strike_Gatherer","Gatherer:Defend_Gatherer","Gatherer:Defend_Gatherer","Gatherer:Defend_Gatherer","Gatherer:RottenStipe+1","Gatherer:FlowerPower+3","Gatherer:FlowerBeam+1","Gatherer:FlowerShield+2","Gatherer:BlackTea+1","Gatherer:FlowerFalling","Gatherer:FlowerShield+1","Gatherer:BalancedGrowth+1","Gatherer:BalancedGrowth+1","Gatherer:Uplift+1","Gatherer:AlchemyTrial+1","hubris:DuctTapeCard+4"],"relics":["Gatherer:AlchemyBag","NeowsBlessing","Lantern","Blood Vial","Gensokyo:OccultBall","Gatherer:ExplorersPath","Oddly Smooth Stone","FossilizedHelix","Frozen Egg 2","Singing Bowl","hubris:Backtick","Runesmith:Nanobots","Membership Card","Kunai","Regal Pillow","Girya","Bag of Marbles","OrangePellets","Torii","paleoftheancients:Timepiece","paleoftheancients:KeyRelic","Coffee Dripper","Bronze Scales","paleoftheancients:SoulOfTheShowman","hubris:Icosahedron","hubris:DuctTape"],"acts_visited":["Gensokyo:Gensokyo","Gensokyo:Gensokyoer","Gensokyo:Gensokyoest","paleoftheancients:PaleOfTheAncients"],"potions_floor_usage":[],"damage_taken":[{"damage":0.0,"enemies":"Gensokyo:2_Kodama","floor":1.0,"turns":1.0},{"damage":0.0,"enemies":"Gensokyo:3_Fairies","floor":2.0,"turns":1.0},{"damage":0.0,"enemies":"Gensokyo:Python","floor":3.0,"turns":1.0},{"damage":7.0,"enemies":"Gensokyo:VengefulSpirit","floor":4.0,"turns":5.0},{"damage":5.0,"enemies":"Gensokyo:3_Kodama","floor":5.0,"turns":3.0},{"damage":0.0,"enemies":"Gensokyo:2_Rabbits","floor":8.0,"turns":3.0},{"damage":20.0,"enemies":"Gensokyo:Cirno","floor":10.0,"turns":5.0},{"damage":1.0,"enemies":"Gensokyo:Kitsune","floor":12.0,"turns":3.0},{"damage":24.0,"enemies":"Gensokyo:Reimu","floor":16.0,"turns":10.0},{"damage":3.0,"enemies":"Gensokyo:Chomper","floor":18.0,"turns":4.0},{"damage":1.0,"enemies":"Gensokyo:3_Dogs","floor":20.0,"turns":3.0},{"damage":5.0,"enemies":"Gensokyo:Slime_Group","floor":24.0,"turns":4.0},{"damage":13.0,"enemies":"Gensokyo:Koishi","floor":25.0,"turns":5.0},{"damage":10.0,"enemies":"Gensokyo:Swordslinger","floor":29.0,"turns":4.0},{"damage":8.0,"enemies":"Gensokyo:Wraith","floor":31.0,"turns":4.0},{"damage":38.0,"enemies":"Gensokyo:Eternal_Rivals","floor":33.0,"turns":12.0},{"damage":0.0,"enemies":"Gensokyo:AncientGuardian","floor":35.0,"turns":2.0},{"damage":0.0,"enemies":"Gensokyo:3_Bats","floor":37.0,"turns":4.0},{"damage":25.0,"enemies":"Gensokyo:Sharpion","floor":39.0,"turns":6.0},{"damage":0.0,"enemies":"Gensokyo:Doremy","floor":42.0,"turns":5.0},{"damage":0.0,"enemies":"Gensokyo:Dusk_and_Dawn","floor":46.0,"turns":5.0},{"damage":0.0,"enemies":"Gensokyo:4_Bats","floor":48.0,"turns":3.0},{"damage":3.0,"enemies":"Gensokyo:Shinki","floor":50.0,"turns":13.0},{"damage":150.0,"enemies":"Gensokyo:Shinki","floor":51.0,"turns":15.0},{"damage":0.0,"enemies":"Gensokyo:Shinki","floor":52.0,"turns":11.0},{"damage":539,"enemies":"Gensokyo:Shinki","floor":56,"turns":6}],"seed_played":"-6872660327385346644","potions_obtained":[{"floor":1.0,"key":"Weak Potion"},{"floor":4.0,"key":"SpeedPotion"},{"floor":5.0,"key":"DuplicationPotion"},{"floor":8.0,"key":"EntropicBrew"},{"floor":10.0,"key":"BottledMiracle"},{"floor":18.0,"key":"BloodPotion"},{"floor":24.0,"key":"SneckoOil"},{"floor":31.0,"key":"DuplicationPotion"},{"floor":39.0,"key":"Regen Potion"},{"floor":42.0,"key":"Weak Potion"}],"is_trial":false,"path_per_floor":["M","M","M","M","M","R","?","M","T","E","?","M","?","?","R","B",null,"M","$","M","?","?","R","M","E","T","$","T","M","R","M","R","B",null,"M","$","M","?","M","R","?","E","T","T","?","M","$","M","R","B","M","M","?","T","R","M"],"character_chosen":"THE_GATHERER","items_purchased":["Oddly Smooth Stone","Membership Card","FairyPotion","Gatherer:BalancedGrowth+1","OrangePellets","Torii"],"campfire_rested":0,"item_purchase_floors":[19,36,36,36,47,47],"current_hp_per_floor":[72,72,72,65,60,60,60,60,60,40,26,27,27,27,27,20,72,69,69,70,75,75,75,72,61,61,61,61,55,55,51,51,17,83,83,83,85,85,60,60,60,76,76,76,76,80,80,84,84,89,89,91,91,91,91,0,0,0],"gold":86,"neow_bonus":"THREE_ENEMY_KILL","is_daily":false,"chose_seed":false,"campfire_upgraded":8,"win_rate":0.0,"timestamp":1611323317,"path_taken":["M","M","M","M","M","R","?","M","T","E","?","M","?","?","R","BOSS","M","$","M","?","?","R","M","E","T","?","?","M","R","M","R","BOSS","M","$","M","?","?","R","?","E","T","?","?","M","$","M","R","BOSS","M","M","?","T","R","M"],"items_purchased_type":["Relic","Relic","Potion","Card","Relic","Relic"],"build_version":"2020-12-22","purchased_purges":2,"victory":false,"max_hp_per_floor":[72,72,72,72,72,72,72,72,72,72,72,72,72,72,72,72,72,72,72,72,77,77,77,77,77,77,77,77,79,79,81,81,83,83,83,83,85,85,85,85,85,85,85,85,85,87,87,89,89,89,89,91,91,91,91,91,91,91],"card_choices":[{"not_picked":["Gatherer:SmartManeuver","Gatherer:Solidify"],"picked":"Gatherer:RottenStipe","floor":1.0},{"not_picked":["Gatherer:CollectorsShot","Gatherer:TacticalStrike"],"picked":"Gatherer:FlowerPower","floor":2.0},{"not_picked":["Gatherer:CollectorsShot","Gatherer:Snatch","Gatherer:Herbalism"],"picked":"SKIP","floor":3.0},{"not_picked":["Gatherer:FlowerFalling","Gatherer:WoolGloves"],"picked":"Gatherer:ScherryThrow","floor":4.0},{"not_picked":["Gatherer:Polymorphism","Gatherer:GatherMaterial"],"picked":"Gatherer:FlowerBeam","floor":5.0},{"not_picked":["Gatherer:FlowerBeam","Gatherer:SaveValuables","Gatherer:RottenStipe"],"picked":"SKIP","floor":8.0},{"not_picked":["Gatherer:BigPouch","Gatherer:Herbalism"],"picked":"Gatherer:Overflowing","floor":10.0},{"not_picked":["Gatherer:EnergyBasket","Gatherer:SaveValuables","Gatherer:BigPouch"],"picked":"SKIP","floor":12.0},{"not_picked":["Gatherer:HeartToFruit","Gatherer:GrowBook"],"picked":"Gatherer:BlackTea","floor":16.0},{"not_picked":["Gatherer:WoolGloves","Gatherer:Duplicator"],"picked":"Gatherer:FlowerFalling","floor":18.0},{"not_picked":["Gatherer:FeelingFine+1","Gatherer:FlowerFalling","Gatherer:GatherMaterial"],"picked":"SKIP","floor":20.0},{"not_picked":["Gatherer:HeartToFruit","Gatherer:Frenzy+1","Gatherer:CollectorsShot"],"picked":"SKIP","floor":24.0},{"not_picked":["Gatherer:FeelingFine","Gatherer:Solidify"],"picked":"Gatherer:FlowerShield+1","floor":25.0},{"not_picked":["Gatherer:ScentOfRosmari","Gatherer:DrugPower","Gatherer:AromaProtection"],"picked":"Singing Bowl","floor":29.0},{"not_picked":["Gatherer:FragileHammer","Gatherer:DrugPower","Gatherer:WoolGloves+1"],"picked":"Singing Bowl","floor":31.0},{"not_picked":["Gatherer:FlamingBottle","Gatherer:HeartToFruit","Gatherer:CursedBlade"],"picked":"Singing Bowl","floor":33.0},{"not_picked":["Gatherer:AlchemyTrial+1","Gatherer:DrugPower+1"],"picked":"Gatherer:BalancedGrowth+1","floor":35.0},{"not_picked":["Gatherer:GatherMaterial","Gatherer:Duplicator+1","Gatherer:DrugPower+1"],"picked":"Singing Bowl","floor":37.0},{"not_picked":["Gatherer:FlowerFalling+1","Gatherer:Solidify"],"picked":"Gatherer:Uplift+1","floor":39.0},{"not_picked":["Gatherer:FlowerFalling","Gatherer:Polymorphism+1"],"picked":"Gatherer:AlchemyTrial+1","floor":42.0},{"not_picked":["Gatherer:WitheringStrike","Gatherer:EnergyBasket","Gatherer:FragileHammer"],"picked":"Singing Bowl","floor":46.0},{"not_picked":["Gatherer:Solidify+1","Gatherer:AcidicSpray","Gatherer:EnergyBasket"],"picked":"Singing Bowl","floor":48.0},{"not_picked":["Gatherer:DrugPower+1","Gatherer:Uplift+1","Gatherer:FragileHammer"],"picked":"Singing Bowl","floor":52.0}],"player_experience":276205,"relics_obtained":[{"floor":9.0,"key":"Lantern"},{"floor":10.0,"key":"Blood Vial"},{"floor":16.0,"key":"Gensokyo:OccultBall"},{"floor":25.0,"key":"FossilizedHelix"},{"floor":26.0,"key":"Frozen Egg 2"},{"floor":28.0,"key":"Singing Bowl"},{"floor":33.0,"key":"Gensokyo:OccultBall"},{"floor":42.0,"key":"Kunai"},{"floor":43.0,"key":"Regal Pillow"},{"floor":44.0,"key":"Girya"},{"floor":52.0,"key":"paleoftheancients:SoulOfTheShowman"},{"floor":54,"key":"hubris:DuctTape"}],"event_choices":[],"is_beta":false,"boss_relics":[{"not_picked":["Runic Pyramid","RedLine:ReiMu"],"picked":"Gatherer:ExplorersPath"},{"not_picked":["Empty Cage","Black Star"],"picked":"hubris:Backtick"}],"items_purged_floors":[19,27],"is_endless":false,"potions_floor_spawned":[1,4,5,8,10,18,24,31,33,39,42,48],"killed_by":"Gensokyo:Shinki","ascension_level":0}}