{"host":"8is2j71l4wmybkoi","time":1611317199,"event":{"mods":["AchievementEnabler","BaseMod","Colored Map","Minty Spire (QoL Compilation)","Rare Cards Sparkle","StSLib","SuperFastMode"],"gold_per_floor":[111,111,4,4,4,4,34,45,45,62,122,122,149,160,160,234,234,253,264,189,189,208,208,225,225,225,260,260,278,278,290,290,369,369,382,139,139,139,152,152,186,186,233,233,258,275,275,330,330,330],"floor_reached":51,"language":"KOR","playtime":2691,"items_purged":["Accuracy"],"score":1456,"play_id":"7009c3e8-5388-4cca-b304-33adba42a90d","local_time":"20210122210639","is_ascension_mode":true,"campfire_choices":[{"data":"Cloak And Dagger","floor":6.0,"key":"SMITH"},{"data":"Neutralize","floor":12.0,"key":"SMITH"},{"data":"Prepared","floor":15.0,"key":"SMITH"},{"data":"Well Laid Plans","floor":23.0,"key":"SMITH"},{"data":"Venomology","floor":25.0,"key":"SMITH"},{"floor":28,"key":"REST"},{"floor":32,"key":"REST"},{"data":"Madness","floor":40,"key":"SMITH"},{"data":"After Image","floor":42,"key":"SMITH"},{"floor":49,"key":"REST"}],"circlet_count":0,"master_deck":["AscendersBane","Survivor","Neutralize+1","Grand Finale","Well Laid Plans+1","Cloak And Dagger+1","Prepared+1","Escape Plan","Bouncing Flask","Backstab+1","Acrobatics+1","Quick Slash+1","After Image+1","Blur+1","Venomology+1","Reflex+1","Tools of the Trade","Leg Sweep","Quick Slash+1","Choke+1","Adrenaline","Accuracy","Flying Knee+1","After Image","Outmaneuver+1","Madness+1","Thinking Ahead","Dramatic Entrance+1","Backflip","Concentrate+1","PiercingWail+1","Doppelganger"],"relics":["Ring of the Snake","NeowsBlessing","Molten Egg 2","Kunai","Question Card","Strawberry","The Specimen","HoveringKite","Bottled Tornado","Ornamental Fan","Pandora\u0027s Box","Membership Card","Smiling Mask","Juzu Bracelet","Tough Bandages","Turnip"],"acts_visited":["Exordium","TheCity","TheBeyond"],"potions_floor_usage":[27,27,29,29,30,33,33,35,35,41,41,41,41,45,45,46,48,48,48,50],"damage_taken":[{"damage":0.0,"enemies":"Small Slimes","floor":1.0,"turns":1.0},{"damage":0.0,"enemies":"3 Sentries","floor":7.0,"turns":1.0},{"damage":0.0,"enemies":"Cultist","floor":8.0,"turns":1.0},{"damage":1.0,"enemies":"2 Louse","floor":10.0,"turns":3.0},{"damage":17.0,"enemies":"Gremlin Nob","floor":11.0,"turns":4.0},{"damage":28.0,"enemies":"Gremlin Nob","floor":13.0,"turns":4.0},{"damage":0.0,"enemies":"Exordium Wildlife","floor":14.0,"turns":2.0},{"damage":8.0,"enemies":"Hexaghost","floor":16.0,"turns":8.0},{"damage":3.0,"enemies":"Chosen","floor":18.0,"turns":5.0},{"damage":12.0,"enemies":"Spheric Guardian","floor":19.0,"turns":6.0},{"damage":5.0,"enemies":"Centurion and Healer","floor":22.0,"turns":7.0},{"damage":4.0,"enemies":"Sentry and Sphere","floor":24.0,"turns":7.0},{"damage":3,"enemies":"Book of Stabbing","floor":27,"turns":6},{"damage":16,"enemies":"Cultist and Chosen","floor":29,"turns":7},{"damage":2,"enemies":"Gremlin Leader","floor":30,"turns":4},{"damage":12,"enemies":"Shelled Parasite and Fungi","floor":31,"turns":5},{"damage":15,"enemies":"Collector","floor":33,"turns":10},{"damage":4,"enemies":"3 Darklings","floor":35,"turns":3},{"damage":3,"enemies":"Orb Walker","floor":39,"turns":3},{"damage":0,"enemies":"Nemesis","floor":41,"turns":6},{"damage":0,"enemies":"Mind Bloom Boss Battle","floor":45,"turns":5},{"damage":1,"enemies":"4 Shapes","floor":46,"turns":5},{"damage":11,"enemies":"2 Orb Walkers","floor":48,"turns":6},{"damage":26,"enemies":"Awakened One","floor":50,"turns":11}],"seed_played":"2735335413255830701","potions_obtained":[{"floor":8.0,"key":"SkillPotion"},{"floor":11.0,"key":"ColorlessPotion"},{"floor":13.0,"key":"Weak Potion"},{"floor":14.0,"key":"DistilledChaos"},{"floor":19.0,"key":"SkillPotion"},{"floor":24.0,"key":"SneckoOil"},{"floor":33,"key":"AttackPotion"},{"floor":39,"key":"SkillPotion"},{"floor":46,"key":"Weak Potion"}],"is_trial":false,"path_per_floor":["M","?","$","T","$","R","E","M","T","M","?","R","E","M","R","B",null,"M","M","?","?","M","R","M","R","T","E","R","M","E","M","R","B",null,"M","$","?","?","M","R","E","R","T","?","?","M","?","?","R","B",null],"character_chosen":"THE_SILENT","items_purchased":["Well Laid Plans","Cloak And Dagger","Membership Card","DuplicationPotion"],"campfire_rested":3,"item_purchase_floors":[3,3,36,36],"current_hp_per_floor":[59,59,59,59,59,59,59,59,59,58,48,48,20,20,20,12,58,55,43,43,43,38,38,34,34,34,31,52,36,34,22,43,28,62,58,58,48,48,45,45,45,45,45,45,45,44,44,33,53,27],"gold":330,"neow_bonus":"THREE_ENEMY_KILL","is_daily":false,"chose_seed":false,"campfire_upgraded":7,"win_rate":0.0,"timestamp":1611317199,"path_taken":["M","?","$","?","$","R","E","M","T","?","?","R","E","M","R","BOSS","M","M","?","?","M","R","?","R","T","E","R","M","E","M","R","BOSS","M","$","?","?","M","R","E","R","T","?","?","M","?","?","R","BOSS"],"items_purchased_type":["Card","Card","Relic","Potion"],"build_version":"2020-12-22","purchased_purges":1,"victory":true,"max_hp_per_floor":[66,66,66,66,66,66,66,66,66,66,73,73,73,73,73,73,73,73,73,73,73,73,73,73,73,73,73,73,73,73,73,73,73,73,73,73,73,69,69,69,69,69,69,69,69,69,69,69,69,69],"card_choices":[{"not_picked":["Outmaneuver","Dodge and Roll","Prepared"],"picked":"SKIP","floor":1.0},{"not_picked":["Riddle With Holes+1","Deadly Poison"],"picked":"Prepared","floor":7.0},{"not_picked":["Dodge and Roll","Reflex"],"picked":"Escape Plan","floor":8.0},{"not_picked":["Escape Plan","Infinite Blades","Underhanded Strike+1"],"picked":"Bouncing Flask","floor":10.0},{"not_picked":["Blur","All Out Attack+1","Distraction"],"picked":"Backstab+1","floor":11.0},{"not_picked":["Catalyst","Dodge and Roll","Poisoned Stab+1"],"picked":"Acrobatics","floor":13.0},{"not_picked":["Prepared","Poisoned Stab+1","Dagger Spray+1"],"picked":"Quick Slash+1","floor":14.0},{"not_picked":["Bullet Time","Night Terror","Glass Knife+1"],"picked":"After Image","floor":16.0},{"not_picked":["Slice+1","Blade Dance","Underhanded Strike+1"],"picked":"Blur+1","floor":18.0},{"not_picked":["Dagger Throw+1","Blade Dance","Sucker Punch+1","Footwork"],"picked":"SKIP","floor":19.0},{"not_picked":["Endless Agony+1","Slice+1","Quick Slash+1","Accuracy"],"picked":"SKIP","floor":22.0},{"not_picked":["Prepared+1","Quick Slash+1","Bane+1"],"picked":"Venomology","floor":24.0},{"not_picked":["Crippling Poison","Deflect","Flying Knee+1","Blade Dance"],"picked":"SKIP","floor":27},{"not_picked":["Skewer+1","Cloak And Dagger","Dagger Spray+1","Setup"],"picked":"SKIP","floor":29},{"not_picked":["Dodge and Roll","Acrobatics","Dagger Spray+1"],"picked":"Reflex+1","floor":31},{"not_picked":["Phantasmal Killer","Malaise","Glass Knife+1"],"picked":"Tools of the Trade","floor":33},{"not_picked":["Sucker Punch+1","Distraction","Quick Slash+1"],"picked":"Outmaneuver+1","floor":35},{"not_picked":["Trip","Transmutation","Swift Strike+1"],"picked":"Madness","floor":37},{"not_picked":["PanicButton","Swift Strike+1","Magnetism"],"picked":"Thinking Ahead","floor":37},{"not_picked":["Mayhem","Forethought","Enlightenment"],"picked":"Dramatic Entrance+1","floor":37},{"not_picked":["Dagger Throw+1","Underhanded Strike+1","Skewer+1"],"picked":"Backflip","floor":39},{"not_picked":["Eviscerate+1","Choke+1","Predator+1"],"picked":"Concentrate+1","floor":41},{"not_picked":["Corpse Explosion","Backflip+1","Masterful Stab+1"],"picked":"PiercingWail+1","floor":46},{"not_picked":["Prepared+1","Setup+1","Outmaneuver"],"picked":"Doppelganger","floor":48}],"player_experience":773275,"relics_obtained":[{"floor":4.0,"key":"Molten Egg 2"},{"floor":7.0,"key":"Kunai"},{"floor":9.0,"key":"Question Card"},{"floor":11.0,"key":"Strawberry"},{"floor":13.0,"key":"The Specimen"},{"floor":26.0,"key":"Bottled Tornado"},{"floor":27,"key":"Ornamental Fan"},{"floor":41,"key":"Smiling Mask"},{"floor":43,"key":"Juzu Bracelet"},{"floor":45,"key":"Tough Bandages"},{"floor":48,"key":"Turnip"}],"event_choices":[{"damage_healed":0.0,"max_hp_gain":0.0,"max_hp_loss":0.0,"gold_gain":0.0,"event_name":"Match and Keep!","player_choice":"1 cards matched","floor":2.0,"gold_loss":0.0,"damage_taken":0.0,"cards_obtained":["Grand Finale"]},{"damage_healed":0.0,"max_hp_gain":0.0,"max_hp_loss":0.0,"gold_gain":0.0,"event_name":"Match and Keep!","player_choice":"1 cards matched","floor":2.0,"gold_loss":0.0,"damage_taken":0.0,"cards_obtained":["Grand Finale"]},{"damage_healed":0.0,"max_hp_gain":0.0,"max_hp_loss":0.0,"gold_gain":0.0,"event_name":"Dead Adventurer","player_choice":"Searched \u00271\u0027 times","floor":11.0,"gold_loss":0.0,"damage_taken":0.0},{"cards_removed":["Strike_G"],"damage_healed":0.0,"max_hp_gain":0.0,"max_hp_loss":0.0,"gold_gain":0.0,"event_name":"Beggar","player_choice":"Gave Gold","floor":20.0,"gold_loss":75.0,"damage_taken":0.0},{"damage_healed":0.0,"max_hp_gain":0.0,"max_hp_loss":0.0,"gold_gain":0.0,"event_name":"Upgrade Shrine","player_choice":"Upgraded","floor":21.0,"gold_loss":0.0,"damage_taken":0.0,"cards_upgraded":["Acrobatics"]},{"damage_healed":0,"gold_gain":0,"player_choice":"Memory 3","damage_taken":10,"max_hp_gain":0,"max_hp_loss":0,"event_name":"SensoryStone","floor":37,"gold_loss":0},{"damage_healed":0,"gold_gain":0,"player_choice":"Max HP","damage_taken":0,"max_hp_gain":0,"max_hp_loss":4,"event_name":"Winding Halls","floor":38,"gold_loss":0},{"cards_removed":["Underhanded Strike"],"damage_healed":0,"gold_gain":0,"player_choice":"Removed Attack","damage_taken":0,"max_hp_gain":0,"max_hp_loss":0,"event_name":"Falling","floor":44,"gold_loss":0},{"damage_healed":0,"gold_gain":0,"player_choice":"Fight","damage_taken":0,"max_hp_gain":0,"max_hp_loss":0,"event_name":"MindBloom","floor":45,"gold_loss":0},{"damage_healed":0,"gold_gain":0,"player_choice":"Ignored","damage_taken":0,"max_hp_gain":0,"max_hp_loss":0,"event_name":"Tomb of Lord Red Mask","floor":47,"gold_loss":0},{"damage_healed":0,"gold_gain":0,"player_choice":"Fight","damage_taken":0,"max_hp_gain":0,"max_hp_loss":0,"event_name":"Mysterious Sphere","floor":48,"gold_loss":0}],"is_beta":false,"boss_relics":[{"not_picked":["Fusion Hammer","Sozu"],"picked":"HoveringKite"},{"not_picked":["Black Star","Empty Cage"],"picked":"Pandora\u0027s Box"}],"items_purged_floors":[36],"is_endless":false,"potions_floor_spawned":[8,11,13,14,19,24,30,33,39,46],"ascension_level":19}}