{"host":"c3lc60y5x60jlt1y","time":1611295668,"event":{"mods":["AchievementEnabler","BaseMod","Bestiary","Colored Map","Minty Spire (QoL Compilation)","Quick Restart","StSLib","ojb\u0027s Info Mod"],"gold_per_floor":[112,112,122,122,148,148,187,187,187,221,255,255,255,275,275,374,374,390,415,415,340,360,360,385,385,409,409,440,440,473,490,490,565,565,575,575,625,636,652,652,677,677,677],"floor_reached":42,"language":"ENG","playtime":33102,"items_purged":[],"score":901,"play_id":"113d5f8e-6050-4745-bfb4-e6c1c0458956","local_time":"20210122080748","is_ascension_mode":true,"campfire_choices":[{"data":"Zap","floor":6.0,"key":"SMITH"},{"data":"Beam Cell","floor":8.0,"key":"SMITH"},{"data":"Defragment","floor":12.0,"key":"SMITH"},{"data":"Glacier","floor":15.0,"key":"SMITH"},{"floor":23.0,"key":"REST"},{"data":"Echo Form","floor":25.0,"key":"SMITH"},{"floor":27.0,"key":"REST"},{"data":"Creative AI","floor":29,"key":"SMITH"},{"floor":32,"key":"REST"},{"data":"Turbo","floor":40,"key":"SMITH"}],"circlet_count":0,"master_deck":["AscendersBane","Strike_B","Defend_B+1","Defend_B","Defend_B","Zap+1","Dualcast","Reinforced Body+1","Compile Driver","Beam Cell+1","Glacier+1","Defragment+1","Echo Form+1","Amplify","All For One+1","Rainbow+1","Turbo+1","Steam","Creative AI+1","Streamline+1","Hyperbeam","Conserve Battery+1","Undo","Lockon","Buffer","Sweeping Beam+1","Coolheaded+1","Sunder+1","FTL"],"relics":["Cracked Core","NeowsBlessing","Bloody Idol","Blood Vial","Dream Catcher","Shuriken","Art of War","Odd Mushroom","Astrolabe","Sundial","Vajra","Ice Cream","Thread and Needle","Inserter","Eternal Feather"],"acts_visited":["Exordium","TheCity","TheBeyond"],"potions_floor_usage":[28,28,33,39],"damage_taken":[{"damage":0.0,"enemies":"Jaw Worm","floor":1.0,"turns":1.0},{"damage":0.0,"enemies":"2 Louse","floor":3.0,"turns":1.0},{"damage":0.0,"enemies":"Lagavulin","floor":7.0,"turns":1.0},{"damage":19.0,"enemies":"3 Sentries","floor":10.0,"turns":7.0},{"damage":8.0,"enemies":"The Mushroom Lair","floor":11.0,"turns":4.0},{"damage":9.0,"enemies":"Small Slimes","floor":14.0,"turns":3.0},{"damage":2.0,"enemies":"Hexaghost","floor":16.0,"turns":10.0},{"damage":5.0,"enemies":"Spheric Guardian","floor":18.0,"turns":4.0},{"damage":24.0,"enemies":"3 Byrds","floor":19.0,"turns":4.0},{"damage":23.0,"enemies":"3 Cultists","floor":22.0,"turns":6.0},{"damage":18.0,"enemies":"Slavers","floor":24.0,"turns":6.0},{"damage":20,"enemies":"Gremlin Leader","floor":28,"turns":9},{"damage":30,"enemies":"Slavers","floor":30,"turns":7},{"damage":0,"enemies":"Shelled Parasite and Fungi","floor":31,"turns":9},{"damage":26,"enemies":"Automaton","floor":33,"turns":12},{"damage":7,"enemies":"Orb Walker","floor":35,"turns":4},{"damage":0,"enemies":"3 Shapes","floor":38,"turns":8},{"damage":30,"enemies":"Jaw Worm Horde","floor":39,"turns":6},{"damage":37,"enemies":"Reptomancer","floor":41,"turns":9},{"damage":23,"enemies":"Maw","floor":42,"turns":2}],"seed_played":"7075165009654652867","potions_obtained":[{"floor":7.0,"key":"Strength Potion"},{"floor":10.0,"key":"Explosive Potion"},{"floor":16.0,"key":"Weak Potion"},{"floor":18.0,"key":"SpeedPotion"},{"floor":22.0,"key":"SneckoOil"},{"floor":24.0,"key":"FocusPotion"},{"floor":31,"key":"GamblersBrew"},{"floor":35,"key":"LiquidBronze"}],"is_trial":false,"path_per_floor":["M","?","M","?","T","R","E","R","T","E","?","R","?","M","R","B",null,"M","M","?","?","M","R","E","R","T","R","E","R","E","M","R","B",null,"M","?","?","M","M","R","E","M"],"character_chosen":"DEFECT","items_purchased":[],"campfire_rested":3,"item_purchase_floors":[],"current_hp_per_floor":[64,43,43,43,43,43,45,45,45,28,22,22,22,15,15,15,52,49,27,27,27,11,30,19,19,24,43,30,30,7,14,33,14,52,52,52,57,64,39,39,9,0,0],"gold":677,"neow_bonus":"THREE_ENEMY_KILL","is_daily":false,"chose_seed":false,"campfire_upgraded":7,"win_rate":0.0,"timestamp":1611295668,"path_taken":["M","?","M","?","?","R","E","R","T","E","?","R","?","M","R","BOSS","M","M","?","?","M","R","E","R","T","R","E","R","E","M","R","BOSS","M","?","?","M","?","R","E","M"],"items_purchased_type":[],"build_version":"2020-12-22","purchased_purges":0,"victory":false,"max_hp_per_floor":[71,71,71,64,64,64,64,64,64,64,64,64,64,64,64,64,64,64,64,64,64,64,64,64,64,64,64,64,64,64,64,64,64,64,64,64,64,64,64,64,64,64,64],"card_choices":[{"not_picked":["Gash","Tempest"],"picked":"Reinforced Body","floor":1.0},{"not_picked":["Stack","Turbo"],"picked":"Compile Driver","floor":3.0},{"not_picked":["White Noise","Compile Driver"],"picked":"Beam Cell","floor":7.0},{"not_picked":["Leap","Stack"],"picked":"Glacier","floor":10.0},{"not_picked":["BootSequence","Cold Snap"],"picked":"Defragment","floor":11.0},{"not_picked":["Redo","Reprogram"],"picked":"Echo Form","floor":14.0},{"not_picked":["Electrodynamics","Thunder Strike"],"picked":"Amplify","floor":16.0},{"not_picked":["Reinforced Body","Streamline"],"picked":"Turbo","floor":18.0},{"not_picked":["Ball Lightning+1","Barrage"],"picked":"Steam","floor":19.0},{"not_picked":["Sweeping Beam","Conserve Battery"],"picked":"Creative AI","floor":22.0},{"not_picked":["Conserve Battery","Steam"],"picked":"Streamline+1","floor":23.0},{"not_picked":["Rebound","Sweeping Beam"],"picked":"Hyperbeam","floor":24.0},{"not_picked":["Rebound","Ball Lightning"],"picked":"Conserve Battery+1","floor":27.0},{"not_picked":["Stack","Chaos","Streamline"],"picked":"SKIP","floor":28},{"not_picked":["Go for the Eyes","Leap"],"picked":"Undo","floor":30},{"not_picked":["Recycle","Multi-Cast","Turbo"],"picked":"SKIP","floor":31},{"not_picked":["Cold Snap","Rebound"],"picked":"Lockon","floor":32},{"not_picked":["Hyperbeam","Machine Learning"],"picked":"Buffer","floor":33},{"not_picked":["Gash+1","Beam Cell"],"picked":"Sweeping Beam+1","floor":35},{"not_picked":["Sweeping Beam","Storm"],"picked":"Coolheaded+1","floor":38},{"not_picked":["Streamline","Beam Cell"],"picked":"Sunder+1","floor":39},{"not_picked":["Reprogram","Sunder"],"picked":"FTL","floor":41}],"player_experience":8294700,"relics_obtained":[{"floor":5.0,"key":"Blood Vial"},{"floor":7.0,"key":"Dream Catcher"},{"floor":9.0,"key":"Shuriken"},{"floor":10.0,"key":"Art of War"},{"floor":11.0,"key":"Odd Mushroom"},{"floor":24.0,"key":"Sundial"},{"floor":26.0,"key":"Vajra"},{"floor":28,"key":"Ice Cream"},{"floor":30,"key":"Thread and Needle"},{"floor":41,"key":"Eternal Feather"}],"event_choices":[{"damage_healed":0.0,"max_hp_gain":0.0,"max_hp_loss":0.0,"gold_gain":0.0,"event_name":"Shining Light","player_choice":"Entered Light","floor":2.0,"gold_loss":0.0,"damage_taken":21.0,"cards_upgraded":["Defend_B","Reinforced Body"]},{"damage_healed":0.0,"max_hp_gain":0.0,"max_hp_loss":7.0,"gold_gain":0.0,"event_name":"Golden Idol","player_choice":"Lose Max HP","floor":4.0,"gold_loss":0.0,"damage_taken":0.0,"relics_obtained":["Golden Idol"]},{"damage_healed":0.0,"max_hp_gain":0.0,"max_hp_loss":0.0,"gold_gain":0.0,"event_name":"Mushrooms","player_choice":"Fought Mushrooms","floor":11.0,"gold_loss":0.0,"damage_taken":0.0},{"damage_healed":0.0,"max_hp_gain":0.0,"max_hp_loss":0.0,"gold_gain":0.0,"event_name":"Liars Game","player_choice":"Ignored","floor":13.0,"gold_loss":0.0,"damage_taken":0.0},{"damage_healed":0.0,"max_hp_gain":0.0,"max_hp_loss":0.0,"gold_gain":0.0,"event_name":"Forgotten Altar","player_choice":"Gave Idol","floor":20.0,"relics_lost":["Golden Idol"],"gold_loss":0.0,"damage_taken":0.0,"relics_obtained":["Bloody Idol"]},{"cards_removed":["Strike_B"],"damage_healed":0.0,"max_hp_gain":0.0,"max_hp_loss":0.0,"gold_gain":0.0,"event_name":"Beggar","player_choice":"Gave Gold","floor":21.0,"gold_loss":75.0,"damage_taken":0.0},{"cards_removed":["Storm"],"damage_healed":0,"gold_gain":0,"player_choice":"Removed Power","damage_taken":0,"max_hp_gain":0,"max_hp_loss":0,"event_name":"Falling","floor":36,"gold_loss":0},{"damage_healed":0,"gold_gain":50,"player_choice":"Pray","damage_taken":0,"max_hp_gain":0,"max_hp_loss":0,"event_name":"Golden Shrine","floor":37,"gold_loss":0}],"is_beta":false,"boss_relics":[{"not_picked":["Ectoplasm","Nuclear Battery"],"picked":"Astrolabe"},{"not_picked":["Coffee Dripper","Black Star"],"picked":"Inserter"}],"items_purged_floors":[],"is_endless":false,"potions_floor_spawned":[7,10,16,18,22,24,31,35],"killed_by":"Maw","ascension_level":15}}