{"host":"opyh6vr790e42ffe","time":1611276937,"event":{"mods":["BaseMod","Bestiary","Colored Map","Highlight Path","Minty Spire (QoL Compilation)","Relic Stats","StSLib"],"gold_per_floor":[115,40,40,50,69,83,115,115,115,115,148,178,189,189,189,189,189],"floor_reached":16,"language":"ENG","playtime":627,"items_purged":[],"score":220,"play_id":"9a446234-09b4-4cc4-9b63-804ee4380f67","local_time":"20210121165536","is_ascension_mode":true,"campfire_choices":[{"data":"TalkToTheHand","floor":8,"key":"SMITH"},{"data":"FollowUp","floor":10,"key":"SMITH"},{"floor":15,"key":"REST"}],"circlet_count":0,"master_deck":["AscendersBane","Strike_P","Strike_P","Strike_P","Defend_P","Defend_P","Defend_P","Defend_P","Eruption","Vigilance","TalkToTheHand+1","FearNoEvil","FollowUp+1","Swivel","DevaForm","FlurryOfBlows","CutThroughFate","Meditate","Injury"],"relics":["Sozu","Yang","StrikeDummy","Blood Vial","Odd Mushroom","Golden Idol"],"acts_visited":["Exordium"],"potions_floor_usage":[],"damage_taken":[{"damage":2,"enemies":"Cultist","floor":1,"turns":3},{"damage":2,"enemies":"Jaw Worm","floor":4,"turns":3},{"damage":0,"enemies":"2 Louse","floor":5,"turns":4},{"damage":4,"enemies":"Blue Slaver","floor":6,"turns":2},{"damage":14,"enemies":"Gremlin Nob","floor":7,"turns":3},{"damage":35,"enemies":"3 Sentries","floor":11,"turns":10},{"damage":4,"enemies":"The Mushroom Lair","floor":12,"turns":4},{"damage":0,"enemies":"Large Slime","floor":13,"turns":5},{"damage":35,"enemies":"The Guardian","floor":16,"turns":9}],"seed_played":"-3784587913817792125","potions_obtained":[],"is_trial":false,"path_per_floor":["M","?","?","M","M","M","E","R","T","R","E","?","M","?","R","B"],"character_chosen":"WATCHER","items_purchased":[],"campfire_rested":1,"item_purchase_floors":[],"current_hp_per_floor":[59,59,64,62,62,58,44,44,44,44,9,7,9,9,30,0,0],"gold":189,"neow_bonus":"BOSS_RELIC","is_daily":false,"chose_seed":false,"campfire_upgraded":2,"win_rate":0.0,"timestamp":1611276936,"path_taken":["M","?","?","M","M","M","E","R","T","R","E","?","?","?","R","BOSS"],"items_purchased_type":[],"build_version":"2020-12-22","purchased_purges":0,"victory":false,"max_hp_per_floor":[68,68,73,73,73,73,73,73,73,73,73,73,73,73,73,73,73],"relic_stats":{"Sozu":5,"Blood Vial":6,"counters":[9,43],"Golden Idol":0,"Yang":[55],"obtain_stats":[{"Sozu":0,"Blood Vial":11,"Golden Idol":14,"Yang":7,"PureWater":0,"Odd Mushroom":12,"StrikeDummy":9},{"Sozu":0,"Blood Vial":6,"Golden Idol":8,"Yang":5,"PureWater":0,"Odd Mushroom":7,"StrikeDummy":5},{"Sozu":0,"Blood Vial":25,"Golden Idol":34,"Yang":15,"PureWater":0,"Odd Mushroom":29,"StrikeDummy":15}]},"card_choices":[{"not_picked":["EmptyBody","ClearTheMind"],"picked":"TalkToTheHand","floor":1},{"not_picked":["EmptyBody","SashWhip"],"picked":"FearNoEvil","floor":4},{"not_picked":["Weave","ClearTheMind"],"picked":"FollowUp","floor":5},{"not_picked":["WindmillStrike","PathToVictory"],"picked":"Swivel","floor":6},{"not_picked":["Protect","CrushJoints"],"picked":"DevaForm","floor":7},{"not_picked":["ClearTheMind","ThirdEye"],"picked":"FlurryOfBlows","floor":11},{"not_picked":["Study","WreathOfFlame"],"picked":"CutThroughFate","floor":12},{"not_picked":["Perseverance","Collect"],"picked":"Meditate","floor":13}],"player_experience":2417628,"relics_obtained":[{"floor":7,"key":"Yang"},{"floor":9,"key":"StrikeDummy"},{"floor":11,"key":"Blood Vial"},{"floor":12,"key":"Odd Mushroom"}],"event_choices":[{"cards_removed":["Strike_P"],"damage_healed":0,"gold_gain":0,"player_choice":"Card Removal","damage_taken":0,"max_hp_gain":0,"max_hp_loss":0,"event_name":"The Cleric","floor":2,"gold_loss":75},{"damage_healed":0,"gold_gain":0,"player_choice":"Donut","damage_taken":0,"max_hp_gain":5,"max_hp_loss":0,"event_name":"Big Fish","floor":3,"gold_loss":0},{"damage_healed":0,"gold_gain":0,"player_choice":"Fought Mushrooms","damage_taken":0,"max_hp_gain":0,"max_hp_loss":0,"event_name":"Mushrooms","floor":12,"gold_loss":0},{"damage_healed":0,"gold_gain":0,"player_choice":"Take Wound","damage_taken":0,"relics_obtained":["Golden Idol"],"max_hp_gain":0,"max_hp_loss":0,"event_name":"Golden Idol","floor":14,"gold_loss":0,"cards_obtained":["Injury"]}],"is_beta":false,"boss_relics":[],"items_purged_floors":[],"is_endless":false,"potions_floor_spawned":[1,5,6,7,13],"killed_by":"The Guardian","ascension_level":20}}