{"host":"gqcohn9v5baj3dmw","time":1611345210,"event":{"mods":["BaseMod","Better Note","Better Sensory Stone","Better Skull","Colored Map","Downfall","Marked Mod","Minty Spire (QoL Compilation)","Rare Cards Sparkle","Relic Stats","StSLib"],"gold_per_floor":[99,115,128,128,144,159,159,159,259,274,274,274,294,294,306,408,408,408,419,47,47,64,64,64,64,49,76,94,111,111,125,141,238,238,238,248,133,200,213,13,39,69,81,231,243,243,243,272,272,272,272],"floor_reached":49,"language":"ENG","playtime":4538,"items_purged":["champ:Strike","champ:Strike","champ:Strike"],"score":559,"play_id":"8e79ffdd-a546-401f-8114-16412506da69","local_time":"20210122205330","is_ascension_mode":true,"campfire_choices":[{"data":"champ:Taunt","floor":1.0,"key":"SMITH"},{"data":"champ:FanOfKnives","floor":8.0,"key":"SMITH"},{"floor":11.0,"key":"REST"},{"floor":12.0,"key":"REST"},{"data":"champ:AdrenalArmor","floor":18.0,"key":"SMITH"},{"data":"champ:Improvising","floor":23.0,"key":"SMITH"},{"data":"champ:BringItOn","floor":25.0,"key":"SMITH"},{"floor":30.0,"key":"REST"},{"data":"champ:FaceSlap","floor":35.0,"key":"SMITH"},{"floor":47.0,"key":"REST"}],"circlet_count":0,"master_deck":["champ:Defend","champ:Defend","champ:Defend","champ:Defend","champ:Execute","champ:Taunt+1","champ:AdrenalArmor+1","champ:FanOfKnives+1","champ:FaceSlap+1","champ:HeartStrike","champ:Encircle","champ:FanOfKnives","champ:Improvising+1","champ:EnchantSword","champ:BringItOn+1","champ:ShieldWall","CurseOfTheBell","champ:Endure+1"],"relics":["Black Star","WingedGreaves","downfall:GremlinWheel","Runic Pyramid","Sling","Blue Candle","Turnip","Lantern","Calling Bell","Oddly Smooth Stone","Molten Egg 2","Guardian:GemstoneGun","Boot","HandDrill","Ornamental Fan","Question Card","Incense Burner","Bottled Flame"],"acts_visited":["Exordium","TheCity","TheBeyond"],"potions_floor_usage":[49],"damage_taken":[{"damage":11.0,"enemies":"Small Slimes","floor":2.0,"turns":4.0},{"damage":39.0,"enemies":"Jaw Worm","floor":3.0,"turns":5.0},{"damage":21.0,"enemies":"Cultist","floor":5.0,"turns":4.0},{"damage":42.0,"enemies":"Blue Slaver","floor":6.0,"turns":4.0},{"damage":48.0,"enemies":"Blue Slaver","floor":9.0,"turns":4.0},{"damage":28.0,"enemies":"Red Slaver","floor":10.0,"turns":6.0},{"damage":10.0,"enemies":"2 Fungi Beasts","floor":13.0,"turns":3.0},{"damage":26.0,"enemies":"Exordium Thugs","floor":15.0,"turns":4.0},{"damage":70.0,"enemies":"SI_SHIV_ARCHETYPE","floor":16.0,"turns":11.0},{"damage":61.0,"enemies":"Spheric Guardian","floor":19.0,"turns":6.0},{"damage":20.0,"enemies":"downfall:FleeingMerchant","floor":20.0,"turns":4.0},{"damage":10.0,"enemies":"3 Byrds","floor":22.0,"turns":3.0},{"damage":8.0,"enemies":"downfall:FleeingMerchant","floor":26.0,"turns":4.0},{"damage":26.0,"enemies":"Gremlin Leader","floor":27.0,"turns":4.0},{"damage":20.0,"enemies":"Snake Plant","floor":28.0,"turns":4.0},{"damage":43.0,"enemies":"Shelled Parasite and Fungi","floor":29.0,"turns":5.0},{"damage":31.0,"enemies":"Snecko","floor":31.0,"turns":6.0},{"damage":20.0,"enemies":"Cultist and Chosen","floor":32.0,"turns":4.0},{"damage":66.0,"enemies":"WA_ARCHETYPE_CALM","floor":33.0,"turns":9.0},{"damage":32.0,"enemies":"3 Shapes","floor":36.0,"turns":6.0},{"damage":11.0,"enemies":"downfall:FleeingMerchant","floor":37.0,"turns":4.0},{"damage":10.0,"enemies":"downfall:FleeingMerchant","floor":38.0,"turns":2.0},{"damage":13.0,"enemies":"Orb Walker","floor":39.0,"turns":3.0},{"damage":65.0,"enemies":"Nemesis","floor":42.0,"turns":6.0},{"damage":23.0,"enemies":"3 Darklings","floor":43.0,"turns":4.0},{"damage":46.0,"enemies":"Sphere and 2 Shapes","floor":45.0,"turns":6.0},{"damage":23.0,"enemies":"Reptomancer","floor":48.0,"turns":4.0},{"damage":56,"enemies":"Transient","floor":49,"turns":4}],"seed_played":"-4434126067922296861","potions_obtained":[{"floor":3.0,"key":"DuplicationPotion"},{"floor":6.0,"key":"Strength Potion"},{"floor":13.0,"key":"champ:TechniquePotion"},{"floor":14.0,"key":"Fruit Juice"},{"floor":14.0,"key":"Dexterity Potion"},{"floor":14.0,"key":"Dexterity Potion"},{"floor":16.0,"key":"BlessingOfTheForge"},{"floor":19.0,"key":"Explosive Potion"},{"floor":31.0,"key":"ColorlessPotion"}],"is_trial":false,"path_per_floor":["R","M","M","?","M","M","T","R","?","M","R","R","M","?","M","B",null,"R","M","$","?","M","R","T","R","$","E","M","M","R","M","M","B",null,"R","M","$","?","M","$","T","E","M","?","M","?","R","E","M"],"character_chosen":"THE_CHAMP","items_purchased":["champ:BringItOn","Sling","champ:ShieldWall","Boot","HandDrill","Dexterity Potion"],"campfire_rested":4,"item_purchase_floors":[20,20,20,38,40,40],"current_hp_per_floor":[90,89,80,85,84,72,72,72,44,36,64,92,87,92,76,31,100,100,69,69,69,69,69,69,69,61,45,45,22,52,51,51,35,100,100,88,87,87,74,74,74,34,26,26,6,6,36,28,0,0,0],"gold":272,"neow_bonus":"BOSS_RELIC","is_daily":false,"chose_seed":false,"campfire_upgraded":6,"win_rate":0.0,"timestamp":1611345210,"path_taken":["R","M","M","?","M","M","T","R","?","?","R","R","M","?","M","BOSS","R","M","$","?","M","R","T","R","?","E","?","M","R","M","M","BOSS","R","M","$","?","M","$","T","E","M","?","?","?","R","E","M"],"items_purchased_type":["Card","Relic","Card","Relic","Relic","Potion"],"build_version":"2020-12-22","purchased_purges":3,"victory":false,"max_hp_per_floor":[90,90,90,95,95,95,95,95,95,95,95,95,95,100,100,100,100,100,100,100,100,100,100,100,100,100,100,100,100,100,100,100,100,100,100,100,100,100,100,100,100,100,100,100,100,100,100,100,100,100,100],"relic_stats":{"counters":[28,133],"Ornamental Fan":[12],"Blue Candle":[5],"Turnip":[9],"Black Star":3,"HandDrill":[4],"Boot":[40],"Question Card":4,"obtain_stats":[{"Lantern":27,"Blue Candle":24,"Guardian:GemstoneGun":34,"Oddly Smooth Stone":34,"champ:ChampionCrown":0,"Juzu Bracelet":41,"Incense Burner":48,"Sling":20,"Boot":38,"Question Card":42,"Calling Bell":34,"Bottled Flame":48,"downfall:GremlinWheel":9,"Ornamental Fan":42,"Molten Egg 2":34,"WingedGreaves":7,"Turnip":27,"Black Star":0,"HandDrill":40,"Runic Pyramid":17},{"Lantern":14,"Blue Candle":12,"Guardian:GemstoneGun":19,"Oddly Smooth Stone":19,"champ:ChampionCrown":0,"Juzu Bracelet":23,"Incense Burner":27,"Sling":11,"Boot":22,"Question Card":24,"Calling Bell":19,"Bottled Flame":27,"downfall:GremlinWheel":5,"Ornamental Fan":24,"Molten Egg 2":19,"WingedGreaves":4,"Turnip":14,"Black Star":0,"HandDrill":23,"Runic Pyramid":9},{"Lantern":66,"Blue Candle":58,"Guardian:GemstoneGun":94,"Oddly Smooth Stone":94,"champ:ChampionCrown":0,"Juzu Bracelet":109,"Incense Burner":129,"Sling":55,"Boot":106,"Question Card":115,"Calling Bell":94,"Bottled Flame":129,"downfall:GremlinWheel":21,"Ornamental Fan":115,"Molten Egg 2":94,"WingedGreaves":17,"Turnip":66,"Black Star":0,"HandDrill":109,"Runic Pyramid":45}]},"card_choices":[{"not_picked":["champ:Backstep","champ:BerserkersShout"],"picked":"champ:AdrenalArmor","floor":2.0},{"not_picked":["champ:Circumvent","champ:DefensiveStyle"],"picked":"champ:FanOfKnives","floor":3.0},{"not_picked":["champ:PreciseThrust","champ:Shatter"],"picked":"champ:FaceSlap","floor":5.0},{"not_picked":["champ:BerserkersShout","champ:ShieldWall"],"picked":"champ:HeartStrike","floor":6.0},{"not_picked":["champ:RapidStrikes","champ:RisingSlash"],"picked":"champ:Encircle","floor":10.0},{"not_picked":["champ:FlashCut","champ:ArenaPreparation"],"picked":"champ:FanOfKnives","floor":13.0},{"not_picked":["champ:RapidStrikes","champ:DefensiveStyle"],"picked":"champ:Improvising","floor":15.0},{"not_picked":["champ:SwordThrow","champ:EnchantCrown"],"picked":"champ:EnchantSword","floor":16.0},{"not_picked":["champ:ShieldSigil","champ:PreciseThrust","champ:FanOfKnives+1"],"picked":"SKIP","floor":19.0},{"not_picked":["champ:FanOfKnives+1","champ:CrookedStrike","champ:PerfectedStrike"],"picked":"SKIP","floor":20.0},{"not_picked":["champ:Haymaker","champ:FocusedDefense","champ:Duel"],"picked":"SKIP","floor":22.0},{"not_picked":["champ:PreciseThrust","champ:StrikeOfGenius","champ:HeartStrike"],"picked":"SKIP","floor":26.0},{"not_picked":["champ:FancyFootwork","champ:DefensiveStyle","champ:BerserkersShout"],"picked":"SKIP","floor":27.0},{"not_picked":["champ:EnGarde","champ:ShieldSigil","champ:BladeFlurry"],"picked":"SKIP","floor":28.0},{"not_picked":["champ:HeartStrike","champ:GladiatorStyle","champ:Duel"],"picked":"SKIP","floor":29.0},{"not_picked":["champ:Haymaker+1","champ:CalledShot+1","champ:GladiatorForm"],"picked":"SKIP","floor":31.0},{"not_picked":["champ:FalseCounter","champ:TornadoPunch","champ:Shatter+1"],"picked":"SKIP","floor":32.0},{"not_picked":["champ:PerfectedStrike+1","champ:HeartStrike+1","champ:ShieldSigil"],"picked":"SKIP","floor":36.0},{"not_picked":["champ:FlashCut+1","champ:Circumvent+1"],"picked":"champ:Endure+1","floor":37.0},{"not_picked":["champ:BladeFlurry+1","champ:GutPunch+1","champ:Devastate+1"],"picked":"SKIP","floor":38.0},{"not_picked":["champ:TornadoPunch+1","champ:DefensiveShout+1","champ:PreciseThrust+1"],"picked":"SKIP","floor":39.0},{"not_picked":["champ:IronFortress","champ:RapidStrikes+1","champ:FanOfKnives+1"],"picked":"SKIP","floor":42.0},{"not_picked":["champ:TornadoPunch+1","champ:DeathBlow+1","champ:Shatter+1","champ:FocusedBerserking"],"picked":"SKIP","floor":43.0},{"not_picked":["champ:SetATrap","champ:StanceDance+1","champ:SkillfulDodge","champ:BerserkersShout+1"],"picked":"SKIP","floor":45.0},{"not_picked":["champ:FlashCut+1","champ:DancingMaster","champ:BladeFlurry+1","champ:Haymaker+1"],"picked":"SKIP","floor":48}],"player_experience":507677,"relics_obtained":[{"floor":7.0,"key":"WingedGreaves"},{"floor":9.0,"key":"downfall:GremlinWheel"},{"floor":24.0,"key":"Blue Candle"},{"floor":27.0,"key":"Turnip"},{"floor":27.0,"key":"Lantern"},{"floor":34.0,"key":"Oddly Smooth Stone"},{"floor":34.0,"key":"Molten Egg 2"},{"floor":34.0,"key":"Guardian:GemstoneGun"},{"floor":41.0,"key":"Juzu Bracelet"},{"floor":42.0,"key":"Ornamental Fan"},{"floor":42.0,"key":"Question Card"},{"floor":48,"key":"Incense Burner"},{"floor":48,"key":"Bottled Flame"}],"event_choices":[{"damage_healed":0.0,"max_hp_gain":5.0,"max_hp_loss":0.0,"gold_gain":0.0,"event_name":"Big Fish","player_choice":"Donut","floor":4.0,"gold_loss":0.0,"damage_taken":0.0},{"damage_healed":0.0,"max_hp_gain":0.0,"max_hp_loss":0.0,"gold_gain":0.0,"event_name":"Lab","player_choice":"Got Potions","floor":14.0,"gold_loss":0.0,"damage_taken":0.0},{"cards_removed":["champ:Strike"],"damage_healed":0.0,"max_hp_gain":0.0,"max_hp_loss":0.0,"gold_gain":0.0,"event_name":"Wheel of Change","player_choice":"Card Removal","floor":21.0,"gold_loss":0.0,"damage_taken":0.0}],"is_beta":false,"boss_relics":[{"not_picked":["Sozu","Cursed Key"],"picked":"Runic Pyramid"},{"not_picked":["Astrolabe","SacredBark"],"picked":"Calling Bell"}],"items_purged_floors":[20,37,38],"is_endless":false,"potions_floor_spawned":[3,6,13,15,16,19,22,31,32,33,36,39,43],"killed_by":"Transient","ascension_level":1}}