{"host":"ia9e4s524g7bamk7","time":1611317853,"event":{"mods":["BaseMod","Minty Spire (QoL Compilation)"],"gold_per_floor":[117,131,131,81,81,111,111,146,146,146,71,87,87,97,97,194,194,211,228,228,244,73,99,99,124,124,124,137,168,83,97,97,192,192,203,213,213,60,77,77,109,109,109,142,142,172,217,229,229,229,229,229,43,74,74,74],"floor_reached":55,"language":"ENG","playtime":5613,"items_purged":["Strike_G","Well Laid Plans+1"],"score":913,"play_id":"2408b200-2849-43e9-9139-a39ff0cd0ba9","local_time":"20210122131733","is_ascension_mode":true,"campfire_choices":[{"data":"Catalyst","floor":7.0,"key":"SMITH"},{"data":"Deadly Poison","floor":10.0,"key":"SMITH"},{"data":"Footwork","floor":15.0,"key":"SMITH"},{"data":"Infinite Blades","floor":24.0,"key":"SMITH"},{"floor":27.0,"key":"REST"},{"data":"Noxious Fumes","floor":32.0,"key":"SMITH"},{"data":"Tactician","floor":40.0,"key":"SMITH"},{"data":"Noxious Fumes","floor":42.0,"key":"SMITH"},{"floor":49.0,"key":"RECALL"},{"data":"Accuracy","floor":52,"key":"SMITH"}],"circlet_count":0,"master_deck":["Strike_G","Strike_G","Strike_G","Strike_G","Defend_G+1","Defend_G","Defend_G","Defend_G","Defend_G","Survivor+1","Neutralize","Catalyst+1","Acrobatics","Deadly Poison+1","Underhanded Strike","Footwork+1","Storm of Steel","Reflex+1","Noxious Fumes+1","Dodge and Roll","Infinite Blades+1","Dodge and Roll+1","Choke","Terror","Deflect+1","Blade Dance+1","Venomology","Outmaneuver+1","Catalyst+1","Tactician+1","Noxious Fumes+1","Cloak And Dagger+1","Adrenaline","Finisher+1","Accuracy+1","Sadistic Nature","Cloak And Dagger+1"],"relics":["Ring of the Snake","NeowsBlessing","InkBottle","Kunai","Regal Pillow","The Specimen","Meat on the Bone","Runic Pyramid","Mercury Hourglass","War Paint","StrikeDummy","HornCleat","Bottled Tornado","Sundial","Coffee Dripper","Snake Skull","Boot","Mummified Hand","Eternal Feather","Bird Faced Urn","Unceasing Top"],"acts_visited":["TheBeyond","TheEnding"],"potions_floor_usage":[50,54,55,55,55,55],"damage_taken":[{"damage":0.0,"enemies":"Jaw Worm","floor":1.0,"turns":1.0},{"damage":0.0,"enemies":"Small Slimes","floor":2.0,"turns":1.0},{"damage":0.0,"enemies":"Lagavulin","floor":6.0,"turns":1.0},{"damage":33.0,"enemies":"Gremlin Nob","floor":8.0,"turns":5.0},{"damage":1.0,"enemies":"Cultist","floor":12.0,"turns":3.0},{"damage":2.0,"enemies":"3 Louse","floor":14.0,"turns":4.0},{"damage":24.0,"enemies":"Slime Boss","floor":16.0,"turns":14.0},{"damage":28.0,"enemies":"3 Byrds","floor":18.0,"turns":4.0},{"damage":0.0,"enemies":"Chosen","floor":19.0,"turns":5.0},{"damage":12.0,"enemies":"3 Cultists","floor":21.0,"turns":4.0},{"damage":20.0,"enemies":"Book of Stabbing","floor":23.0,"turns":5.0},{"damage":27.0,"enemies":"Gremlin Leader","floor":25.0,"turns":7.0},{"damage":20.0,"enemies":"Shelled Parasite and Fungi","floor":28.0,"turns":4.0},{"damage":45.0,"enemies":"Slavers","floor":29.0,"turns":5.0},{"damage":2.0,"enemies":"Centurion and Healer","floor":31.0,"turns":4.0},{"damage":6.0,"enemies":"Champ","floor":33.0,"turns":8.0},{"damage":0.0,"enemies":"Orb Walker","floor":35.0,"turns":4.0},{"damage":0.0,"enemies":"3 Shapes","floor":36.0,"turns":3.0},{"damage":1.0,"enemies":"Sphere and 2 Shapes","floor":39.0,"turns":4.0},{"damage":22.0,"enemies":"Reptomancer","floor":41.0,"turns":3.0},{"damage":1.0,"enemies":"Nemesis","floor":44.0,"turns":5.0},{"damage":0.0,"enemies":"Reptomancer","floor":46.0,"turns":4.0},{"damage":9.0,"enemies":"2 Orb Walkers","floor":47.0,"turns":3.0},{"damage":0.0,"enemies":"4 Shapes","floor":48.0,"turns":4.0},{"damage":7,"enemies":"Time Eater","floor":50,"turns":8},{"damage":25,"enemies":"Shield and Spear","floor":54,"turns":4},{"damage":64,"enemies":"The Heart","floor":55,"turns":6}],"seed_played":"2006837836779599218","potions_obtained":[{"floor":1.0,"key":"Explosive Potion"},{"floor":2.0,"key":"GamblersBrew"},{"floor":14.0,"key":"SteroidPotion"},{"floor":18.0,"key":"Explosive Potion"},{"floor":21.0,"key":"ColorlessPotion"},{"floor":29.0,"key":"Strength Potion"},{"floor":31.0,"key":"Energy Potion"},{"floor":35.0,"key":"Swift Potion"},{"floor":39.0,"key":"SkillPotion"},{"floor":44.0,"key":"Strength Potion"},{"floor":54,"key":"Swift Potion"}],"is_trial":false,"path_per_floor":["M","M","?","?","?","E","R","E","T","R","$","M","?","M","R","B",null,"M","M","T","M","$","E","R","E","T","R","M","E","?","M","R","B",null,"M","M","?","$","M","R","E","R","T","E","?","E","?","M","R","B",null,"R","$","E","B"],"character_chosen":"THE_SILENT","items_purchased":["Infinite Blades","Snake Skull","Sadistic Nature"],"campfire_rested":1,"item_purchase_floors":[22,38,53],"current_hp_per_floor":[70,70,70,70,70,70,70,37,37,37,37,36,36,46,46,34,70,42,42,42,42,42,34,34,19,19,55,47,14,14,24,24,30,70,70,70,70,70,69,69,47,47,47,46,46,46,37,41,62,61,66,66,66,47,0,0],"gold":74,"neow_bonus":"THREE_ENEMY_KILL","is_daily":false,"chose_seed":false,"campfire_upgraded":8,"win_rate":0.0,"timestamp":1611317853,"path_taken":["M","M","?","?","?","E","R","E","T","R","$","?","?","M","R","BOSS","M","M","?","?","$","E","R","E","T","R","M","E","?","M","R","BOSS","M","M","?","$","M","R","E","R","T","E","?","E","?","M","R","BOSS","R","$","E","BOSS"],"items_purchased_type":["Card","Relic","Card"],"build_version":"2020-12-22","purchased_purges":2,"victory":false,"max_hp_per_floor":[70,70,70,70,70,70,70,70,70,70,70,70,70,70,70,70,70,70,70,70,70,70,70,70,70,70,70,70,70,70,70,70,70,70,70,70,70,70,70,70,70,70,70,70,66,66,66,66,66,66,66,66,66,66,66,66],"card_choices":[{"not_picked":["Backflip","Dash"],"picked":"Catalyst","floor":1.0},{"not_picked":["Expertise","Backstab"],"picked":"Acrobatics","floor":2.0},{"not_picked":["Riddle With Holes","Prepared"],"picked":"Deadly Poison","floor":6.0},{"not_picked":["Tactician","Finisher"],"picked":"Well Laid Plans","floor":8.0},{"not_picked":["Crippling Poison","Distraction"],"picked":"Underhanded Strike","floor":12.0},{"not_picked":["Dagger Throw","Sucker Punch"],"picked":"Footwork","floor":14.0},{"not_picked":["A Thousand Cuts","Glass Knife"],"picked":"Storm of Steel","floor":16.0},{"not_picked":["Backstab","Sucker Punch"],"picked":"Reflex+1","floor":18.0},{"not_picked":["Underhanded Strike","All Out Attack"],"picked":"Noxious Fumes","floor":19.0},{"not_picked":["Masterful Stab","Backflip+1"],"picked":"Dodge and Roll","floor":21.0},{"not_picked":["Sucker Punch","Underhanded Strike"],"picked":"Dodge and Roll+1","floor":23.0},{"not_picked":["Storm of Steel","PiercingWail+1"],"picked":"Choke","floor":25.0},{"not_picked":["Quick Slash","Dodge and Roll+1"],"picked":"Terror","floor":28.0},{"not_picked":["Deadly Poison","Underhanded Strike"],"picked":"Deflect+1","floor":29.0},{"not_picked":["Skewer+1","Outmaneuver"],"picked":"Blade Dance+1","floor":31.0},{"not_picked":["Doppelganger","Die Die Die"],"picked":"Venomology","floor":33.0},{"not_picked":["All Out Attack+1","Blade Dance"],"picked":"Outmaneuver+1","floor":35.0},{"not_picked":["Cloak And Dagger+1","Escape Plan+1"],"picked":"Catalyst+1","floor":36.0},{"not_picked":["Cloak And Dagger+1","Deadly Poison+1"],"picked":"Tactician","floor":39.0},{"not_picked":["Skewer+1","Reflex"],"picked":"Noxious Fumes","floor":41.0},{"not_picked":["Dodge and Roll","Masterful Stab"],"picked":"Cloak And Dagger+1","floor":44.0},{"not_picked":["Underhanded Strike","Flechettes"],"picked":"Adrenaline","floor":46.0},{"not_picked":["Bane","Footwork"],"picked":"Finisher+1","floor":47.0},{"not_picked":["Skewer+1","Footwork+1"],"picked":"Accuracy","floor":48.0},{"not_picked":["Flechettes","Deflect"],"picked":"Cloak And Dagger+1","floor":54}],"player_experience":175977,"relics_obtained":[{"floor":6.0,"key":"Regal Pillow"},{"floor":8.0,"key":"The Specimen"},{"floor":9.0,"key":"Meat on the Bone"},{"floor":20.0,"key":"Mercury Hourglass"},{"floor":23.0,"key":"War Paint"},{"floor":25.0,"key":"StrikeDummy"},{"floor":26.0,"key":"HornCleat"},{"floor":29.0,"key":"Bottled Tornado"},{"floor":41.0,"key":"Boot"},{"floor":44.0,"key":"Mummified Hand"},{"floor":46.0,"key":"Eternal Feather"},{"floor":47.0,"key":"Bird Faced Urn"},{"floor":54,"key":"Unceasing Top"}],"event_choices":[{"damage_healed":0.0,"max_hp_gain":0.0,"max_hp_loss":0.0,"gold_gain":0.0,"event_name":"Big Fish","player_choice":"Box","floor":3.0,"gold_loss":0.0,"damage_taken":0.0,"relics_obtained":["InkBottle"],"cards_obtained":["Regret"]},{"cards_removed":["Regret"],"damage_healed":0.0,"max_hp_gain":0.0,"max_hp_loss":0.0,"gold_gain":0.0,"event_name":"The Cleric","player_choice":"Card Removal","floor":4.0,"gold_loss":50.0,"damage_taken":0.0},{"damage_healed":0.0,"max_hp_gain":0.0,"max_hp_loss":0.0,"gold_gain":0.0,"event_name":"WeMeetAgain","player_choice":"Gave Potion","floor":5.0,"gold_loss":0.0,"damage_taken":0.0,"relics_obtained":["Kunai"]},{"damage_healed":0.0,"max_hp_gain":0.0,"max_hp_loss":0.0,"gold_gain":0.0,"event_name":"Accursed Blacksmith","player_choice":"Forge","floor":13.0,"gold_loss":0.0,"damage_taken":0.0,"cards_upgraded":["Well Laid Plans"]},{"damage_healed":0.0,"max_hp_gain":0.0,"max_hp_loss":0.0,"gold_gain":0.0,"event_name":"Addict","player_choice":"Obtained Relic","floor":30.0,"gold_loss":85.0,"damage_taken":0.0,"relics_obtained":["Sundial"]},{"damage_healed":0.0,"max_hp_gain":0.0,"max_hp_loss":0.0,"gold_gain":0.0,"event_name":"Tomb of Lord Red Mask","player_choice":"Ignored","floor":37.0,"gold_loss":0.0,"damage_taken":0.0},{"damage_healed":0.0,"max_hp_gain":0.0,"max_hp_loss":4.0,"gold_gain":0.0,"event_name":"Winding Halls","player_choice":"Max HP","floor":45.0,"gold_loss":0.0,"damage_taken":0.0},{"damage_healed":0.0,"max_hp_gain":0.0,"max_hp_loss":0.0,"gold_gain":0.0,"event_name":"Mysterious Sphere","player_choice":"Fight","floor":47.0,"gold_loss":0.0,"damage_taken":0.0}],"is_beta":false,"boss_relics":[{"not_picked":["Velvet Choker","SacredBark"],"picked":"Runic Pyramid"},{"not_picked":["Black Star","Calling Bell"],"picked":"Coffee Dripper"}],"items_purged_floors":[11,22],"is_endless":false,"potions_floor_spawned":[1,2,14,18,21,29,31,35,36,39,44,54],"killed_by":"The Heart","ascension_level":1}}