{"host":"u7y9frlpoazak2mn","time":1611282250,"event":{"mods":["AchievementEnabler","Act Like it!","Alarm Clock","Aspiration","Astrologer","BaseMod","Beaked The Cultist","Better Altar","Better Match","Better Note","Better Sensory Stone","Better Skull","Better Third Choice","CCEM","Chen","Colored Map","Colored Powertips","Conspire","Curses Come First","Displayed Cursed Tome","Energized Spire","Fox Events","Friendly Minions","Gensokyo","GifTheSpireLib","Glutton Mod","Halation","Hallownest","Hermit","Hubris","Infinite Spire","Jedi Mod","KinomotoSakuraMod(????)","Koishi","Marisa????????","Mimic Mod","Minty Spire (QoL Compilation)","Pale of the Ancients","Prisma Mod","Quarter Circle Forward PUNCH!","Quick Restart","Random Character Button","Rare Cards Sparkle","Relic Stats","Remilia??????","Replay The Spire","Retaliation","Spicy Shops","Spikes Relics","StS++","StSLib","Stuff the Spire","TestMod","The Administrix","The Blue Laboratory","The Bug Knight","The Construct","The Cursed","The Factory","The Forsaken","The Juggle","The Jungle","The Marked","The Servant 0.9.4","Trackpad","Waifu the Spire","Wandering Minibosses","Wide Potions","Yuri Mod","vexMod"],"gold_per_floor":[114,134,66,85,119,154,136,136,253,285,60,80,189,203,203,308,385,348,365,305,399,104,435,435,446,556,575,609,629,629,629,629,729,806,817,817,831,493,504,504,348,377,491,510,535,546,546,564,564,564,580,580,580,338,338,347,347,347,99,99],"floor_reached":0,"language":"ENG","playtime":5083,"items_purged":["StuffTheSpire:Python"],"score":391,"play_id":"56b535df-40cd-475f-ab72-13ce35afb4d5","local_time":"20210121212410","is_ascension_mode":true,"campfire_choices":[{"floor":8.0,"key":"REST"},{"floor":15.0,"key":"REST"},{"floor":24.0,"key":"REST"},{"data":"Calculated Gamble","floor":32.0,"key":"SMITH"},{"data":"StuffTheSpire:BrainWave","floor":40.0,"key":"SMITH"},{"data":"ReplayTheSpireMod:Scrap Shanks","floor":49.0,"key":"SMITH"},{"data":"StSpp:Throw","floor":55.0,"key":"SMITH"},{"data":"Catalyst","floor":57.0,"key":"SMITH"}],"circlet_count":0,"master_deck":["Neutralize","Survivor","Defend_G","Defend_G","Defend_G","Defend_G","Defend_G","Strike_G","Strike_G","Strike_G","Strike_G","Strike_G"],"relics":["Ring of the Snake","paleoftheancients:Timepiece"],"acts_visited":["Exordium","TheCity","TheBeyond","TheBeyond"],"potions_floor_usage":[],"damage_taken":[{"damage":0.0,"enemies":"conspire:RoseBush","floor":1.0,"turns":1.0},{"damage":0.0,"enemies":"Small Slimes","floor":2.0,"turns":1.0},{"damage":0.0,"enemies":"Cultist","floor":4.0,"turns":1.0},{"damage":13.0,"enemies":"Colosseum Slavers","floor":5.0,"turns":2.0},{"damage":28.0,"enemies":"Gremlin Nob","floor":6.0,"turns":4.0},{"damage":11.0,"enemies":"Exordium Thugs","floor":7.0,"turns":6.0},{"damage":14.0,"enemies":"3 Louse","floor":9.0,"turns":8.0},{"damage":33.0,"enemies":"HollowMod:MossKnight","floor":10.0,"turns":8.0},{"damage":3.0,"enemies":"3 Louse","floor":12.0,"turns":4.0},{"damage":9.0,"enemies":"Gremlin Gang","floor":13.0,"turns":6.0},{"damage":5.0,"enemies":"Gremlin Gang","floor":14.0,"turns":3.0},{"damage":34.0,"enemies":"The Guardian","floor":16.0,"turns":8.0},{"damage":38.0,"enemies":"3 Byrds","floor":18.0,"turns":6.0},{"damage":26.0,"enemies":"Snecko","floor":19.0,"turns":5.0},{"damage":9.0,"enemies":"Chosen and Byrds","floor":21.0,"turns":6.0},{"damage":3.0,"enemies":"Slavers","floor":23.0,"turns":3.0},{"damage":0.0,"enemies":"Cultist and Chosen","floor":25.0,"turns":3.0},{"damage":0.0,"enemies":"conspire:HollyBat","floor":26.0,"turns":3.0},{"damage":5.0,"enemies":"conspire:HollyBat","floor":27.0,"turns":4.0},{"damage":0.0,"enemies":"conspire:Head Lice","floor":28.0,"turns":1.0},{"damage":0.0,"enemies":"3 Cultists","floor":29.0,"turns":1.0},{"damage":7.0,"enemies":"Pondfish","floor":33.0,"turns":5.0},{"damage":0.0,"enemies":"3 Darklings","floor":35.0,"turns":1.0},{"damage":1.0,"enemies":"Orb Walker","floor":37.0,"turns":2.0},{"damage":0.0,"enemies":"Sphere and 2 Shapes","floor":39.0,"turns":1.0},{"damage":23.0,"enemies":"Nemesis","floor":42.0,"turns":3.0},{"damage":0.0,"enemies":"Maw","floor":43.0,"turns":5.0},{"damage":3.0,"enemies":"Maw","floor":44.0,"turns":2.0},{"damage":1.0,"enemies":"Giant Head","floor":45.0,"turns":3.0},{"damage":0.0,"enemies":"4 Shapes","floor":46.0,"turns":1.0},{"damage":0.0,"enemies":"Sphere and 2 Shapes","floor":48.0,"turns":1.0},{"damage":75.0,"enemies":"Time Eater","floor":50.0,"turns":8.0},{"damage":2.0,"enemies":"","floor":51.0,"turns":5.0},{"damage":0.0,"enemies":"","floor":56.0,"turns":2.0}],"seed_played":"-5268230113699549574","potions_obtained":[{"floor":1.0,"key":"SkillPotion"},{"floor":10.0,"key":"PowerPotion"},{"floor":14.0,"key":"testmod-SpacePotion"},{"floor":16.0,"key":"DDmod:CleansePotion"},{"floor":19.0,"key":"blueLaboratory:StoneskinPotion"},{"floor":21.0,"key":"blueLaboratory:FrostheartPotion"},{"floor":27.0,"key":"blueLaboratory:EnvenomedCoating"},{"floor":28.0,"key":"PowerPotion"},{"floor":42.0,"key":"jedi:tentaclejuice"},{"floor":44.0,"key":"Elixir"},{"floor":45.0,"key":"jedi:StrikingPotion"},{"floor":48.0,"key":"Fire Potion"},{"floor":51.0,"key":"Energy Potion"}],"is_trial":false,"path_per_floor":["M","M","$","M","?","E","M","R","MIM","E","$","M","MIM","M","R","B",null,"M","M","?","M","$","E","R","M","MIM","M","E","M","?","$","R","B",null,"M","?","M","$","M","R","$","E","MIM","M","E","M","?","M","R","B","M","M","?","$","R","M","R","$","?"],"character_chosen":"THE_SILENT","items_purchased":["conspire:PoisonWeapons","Tough Bandages","halation:Jellyphish","testmod-Register","qcfpunch:Not_Strongest_Fighting_Style_Guidebook","trackpad:BottledShadow","testmod-Charity","vexMod:GhostlyGear","jedi:scrapmetal"],"campfire_rested":3,"item_purchase_floors":[3,11,11,22,22,38,38,41,54],"current_hp_per_floor":[70,70,70,70,57,29,18,39,25,13,13,16,13,16,37,11,70,33,9,9,2,2,7,28,36,43,46,48,50,50,50,68,66,70,70,63,63,63,64,64,64,51,61,66,73,76,76,78,78,78,77,77,79,79,79,45,45,45,0,0],"gold":99,"neow_bonus":"THREE_ENEMY_KILL","is_daily":false,"chose_seed":false,"campfire_upgraded":5,"win_rate":0.0,"timestamp":1611282250,"path_taken":["M","M","$","M","?","E","M","R","MIM","E","$","?","?","M","R","BOSS","M","?","?","?","$","E","R","M","MIM","M","E","M","?","$","R","BOSS","M","?","M","$","M","R","?","E","MIM","M","E","?","?","M","R","BOSS","M","M","?","$","R","M","R","$","?"],"items_purchased_type":["Card","Relic","Relic","Relic","Relic","Relic","Relic","Relic","Relic"],"build_version":"2020-12-22","purchased_purges":1,"victory":false,"max_hp_per_floor":[70,70,70,70,70,70,70,70,70,70,70,70,70,70,70,70,70,70,70,70,70,70,70,70,70,70,70,70,70,70,70,70,70,70,70,63,63,63,64,64,64,72,74,75,76,77,77,78,78,78,79,79,79,79,79,45,45,45,70,70],"relic_stats":{"counters":[34,123],"obtain_stats":[{"Ice Cream":50,"Golden Egg":25,"vexMod:MemoryStick":45,"aspiration:SneckoTail":26,"testmod-BatchProcessingSystem":17,"StSpp:FireArrow":37,"testmod-IWantAll":28,"aspiration:PoetsPen_weak":34,"trackpad:ByrdBGone":50,"testmod-RainbowHikingShoes":44,"halation:Prosthetics":56,"Old Coin":23,"jedi:shrinkray":44,"Blood Vial":13,"conspire:SeveredTorchhead":27,"SpikesRelics:ToyHorsey":28,"qcfpunch:Red_Gi":25,"Strawberry":42,"Replay:Bronze Core":43,"HandDrill":52,"qcfpunch:Chain_With_Nametags":26,"StSpp:Monolith":48,"paleoftheancients:KeyRelic":50,"testmod-TestBox":0,"wanderingMiniBosses:ThiefScarf":21,"testmod-Register":22,"vexMod:ScavengeHelm":29,"trackpad:SappingStone":45,"Eternal Feather":28,"conspire:Boomerang":43,"Question Card":27,"testmod-SaigiyounoYou":28,"vexMod:GhostlyGear":26,"paleoftheancients:Timepiece":50,"conspire:GiftBox":6,"CCEMRelics:FestiveHat":33,"ReplayTheSpireMod:Shallot":37,"halation:Jellyphish":11,"Bronze Scales":23,"Simple Rune":16,"trackpad:BottledShadow":38,"foxEvents:LuckyCharm":5,"CosmicIsotope":19,"energizedSpire:MagnifyingGlass":35,"Unceasing Top":56,"conspire:Flyswatter":56,"Replay:PocketPolymizer":45,"qcfpunch:Not_Strongest_Fighting_Style_Guidebook":22,"RetroEgg":51,"theForsaken:Lifeblossom":9,"StSpp:BoiledEgg":12,"trackpad:PetRock":42,"Blue Doll":52,"Incense Burner":14,"Replay:Multitool":33,"theForsaken:PlagueMask":30,"testmod-Charity":38,"conspire:InfiniteJournal":29,"qcfpunch:Wild_Herbs_Ointment":43,"aspiration:StickyExplosives_weak":46,"Replay:Rubber Ducky":46,"testmod-Brilliant":0,"Tough Bandages":11,"Dream Catcher":25,"trackpad:RapidFire":35,"Ninja Scroll":50,"testmod-ThousandKnives":46,"Toolbox":51,"trackpad:Compendium":39,"BicycleWheel":23,"testmod-ArcanaOfDestiny":39,"Ring of the Snake":0,"vexMod:GildedClover":45,"ReplayTheSpireMod:Ninjato":27,"construct:WeddingRing":52,"NeowsBlessing":0,"aspiration:RunicSpoon":21,"StuffTheSpire:Expresso":43,"aspiration:HummingbirdHeart":13,"vexMod:FocusSash":18,"StSpp:SailingBoat":26,"aspiration:SecretTechniqueScroll":50,"Orichalcum":29,"jedi:scrapmetal":54,"testmod-IndustrialRevolution":37,"Anchor":35,"CaptainsWheel":42,"halation:SwordOfLegend":44,"testmod-AssaultLearning":10,"CCEMRelics:TinyMinotavrHorn":39,"StuffTheSpire:Kangaroo":48,"halation:LostSnail":23,"hubris:AncientText":33,"Toy Ornithopter":51},{"Ice Cream":32,"Golden Egg":16,"vexMod:MemoryStick":28,"aspiration:SneckoTail":17,"testmod-BatchProcessingSystem":12,"StSpp:FireArrow":23,"testmod-IWantAll":19,"aspiration:PoetsPen_weak":22,"trackpad:ByrdBGone":31,"testmod-RainbowHikingShoes":27,"halation:Prosthetics":33,"Old Coin":16,"jedi:shrinkray":27,"Blood Vial":10,"conspire:SeveredTorchhead":18,"SpikesRelics:ToyHorsey":19,"qcfpunch:Red_Gi":16,"Strawberry":25,"Replay:Bronze Core":26,"HandDrill":33,"qcfpunch:Chain_With_Nametags":17,"StSpp:Monolith":30,"paleoftheancients:KeyRelic":32,"testmod-TestBox":0,"wanderingMiniBosses:ThiefScarf":15,"testmod-Register":15,"vexMod:ScavengeHelm":20,"trackpad:SappingStone":28,"Eternal Feather":20,"conspire:Boomerang":27,"Question Card":18,"testmod-SaigiyounoYou":19,"vexMod:GhostlyGear":17,"paleoftheancients:Timepiece":32,"conspire:GiftBox":5,"CCEMRelics:FestiveHat":21,"ReplayTheSpireMod:Shallot":23,"halation:Jellyphish":8,"Bronze Scales":15,"Simple Rune":11,"trackpad:BottledShadow":24,"foxEvents:LuckyCharm":4,"CosmicIsotope":13,"energizedSpire:MagnifyingGlass":22,"Unceasing Top":33,"conspire:Flyswatter":33,"Replay:PocketPolymizer":29,"qcfpunch:Not_Strongest_Fighting_Style_Guidebook":15,"RetroEgg":32,"theForsaken:Lifeblossom":7,"StSpp:BoiledEgg":8,"trackpad:PetRock":25,"Blue Doll":33,"Incense Burner":10,"Replay:Multitool":21,"theForsaken:PlagueMask":21,"testmod-Charity":24,"conspire:InfiniteJournal":20,"qcfpunch:Wild_Herbs_Ointment":26,"aspiration:StickyExplosives_weak":29,"Replay:Rubber Ducky":29,"testmod-Brilliant":0,"Tough Bandages":8,"Dream Catcher":16,"trackpad:RapidFire":22,"Ninja Scroll":31,"testmod-ThousandKnives":29,"Toolbox":32,"trackpad:Compendium":24,"BicycleWheel":15,"testmod-ArcanaOfDestiny":24,"Ring of the Snake":0,"vexMod:GildedClover":28,"ReplayTheSpireMod:Ninjato":18,"construct:WeddingRing":33,"NeowsBlessing":0,"aspiration:RunicSpoon":14,"StuffTheSpire:Expresso":26,"aspiration:HummingbirdHeart":9,"vexMod:FocusSash":12,"StSpp:SailingBoat":18,"aspiration:SecretTechniqueScroll":31,"Orichalcum":20,"jedi:scrapmetal":33,"testmod-IndustrialRevolution":23,"Anchor":22,"CaptainsWheel":26,"halation:SwordOfLegend":27,"testmod-AssaultLearning":8,"CCEMRelics:TinyMinotavrHorn":24,"StuffTheSpire:Kangaroo":30,"halation:LostSnail":15,"hubris:AncientText":21,"Toy Ornithopter":32},{"Ice Cream":116,"Golden Egg":72,"vexMod:MemoryStick":103,"aspiration:SneckoTail":75,"testmod-BatchProcessingSystem":52,"StSpp:FireArrow":90,"testmod-IWantAll":82,"aspiration:PoetsPen_weak":89,"trackpad:ByrdBGone":108,"testmod-RainbowHikingShoes":101,"halation:Prosthetics":121,"Old Coin":72,"jedi:shrinkray":101,"Blood Vial":41,"conspire:SeveredTorchhead":78,"SpikesRelics:ToyHorsey":82,"qcfpunch:Red_Gi":72,"Strawberry":93,"Replay:Bronze Core":96,"HandDrill":121,"qcfpunch:Chain_With_Nametags":75,"StSpp:Monolith":107,"paleoftheancients:KeyRelic":116,"testmod-TestBox":0,"wanderingMiniBosses:ThiefScarf":69,"testmod-Register":69,"vexMod:ScavengeHelm":83,"trackpad:SappingStone":103,"Eternal Feather":83,"conspire:Boomerang":101,"Question Card":78,"testmod-SaigiyounoYou":82,"vexMod:GhostlyGear":75,"paleoftheancients:Timepiece":116,"conspire:GiftBox":9,"CCEMRelics:FestiveHat":84,"ReplayTheSpireMod:Shallot":90,"halation:Jellyphish":31,"Bronze Scales":69,"Simple Rune":44,"trackpad:BottledShadow":92,"foxEvents:LuckyCharm":5,"CosmicIsotope":58,"energizedSpire:MagnifyingGlass":89,"Unceasing Top":121,"conspire:Flyswatter":121,"Replay:PocketPolymizer":106,"qcfpunch:Not_Strongest_Fighting_Style_Guidebook":69,"RetroEgg":116,"theForsaken:Lifeblossom":23,"StSpp:BoiledEgg":31,"trackpad:PetRock":93,"Blue Doll":121,"Incense Burner":41,"Replay:Multitool":84,"theForsaken:PlagueMask":84,"testmod-Charity":92,"conspire:InfiniteJournal":83,"qcfpunch:Wild_Herbs_Ointment":96,"aspiration:StickyExplosives_weak":106,"Replay:Rubber Ducky":106,"testmod-Brilliant":0,"Tough Bandages":31,"Dream Catcher":72,"trackpad:RapidFire":89,"Ninja Scroll":108,"testmod-ThousandKnives":106,"Toolbox":116,"trackpad:Compendium":92,"BicycleWheel":69,"testmod-ArcanaOfDestiny":92,"Ring of the Snake":0,"vexMod:GildedClover":103,"ReplayTheSpireMod:Ninjato":78,"construct:WeddingRing":121,"NeowsBlessing":0,"aspiration:RunicSpoon":63,"StuffTheSpire:Expresso":96,"aspiration:HummingbirdHeart":35,"vexMod:FocusSash":52,"StSpp:SailingBoat":78,"aspiration:SecretTechniqueScroll":108,"Orichalcum":83,"jedi:scrapmetal":121,"testmod-IndustrialRevolution":90,"Anchor":89,"CaptainsWheel":96,"halation:SwordOfLegend":101,"testmod-AssaultLearning":31,"CCEMRelics:TinyMinotavrHorn":92,"StuffTheSpire:Kangaroo":107,"halation:LostSnail":69,"hubris:AncientText":84,"Toy Ornithopter":116}],"Ring of the Snake":[68]},"card_choices":[{"not_picked":["StuffTheSpire:BumpUp","Predator"],"picked":"StuffTheSpire:Python","floor":1.0},{"not_picked":["Prepared","StuffTheSpire:Repulse"],"picked":"StSpp:Throw","floor":2.0},{"not_picked":["Underhanded Strike","Poisoned Stab","Prepared"],"picked":"SKIP","floor":4.0},{"not_picked":["Crippling Poison","StSpp:Anticipation"],"picked":"Calculated Gamble","floor":5.0},{"not_picked":["Die Die Die","ReplayTheSpireMod:Necrosis"],"picked":"jedi:studypoison","floor":6.0},{"not_picked":["Prepared","Cloak And Dagger","Slice"],"picked":"SKIP","floor":6.0},{"not_picked":["Crippling Poison","Blade Dance"],"picked":"StuffTheSpire:Injection","floor":7.0},{"not_picked":["conspire:DoublingDagger","Pace"],"picked":"StuffTheSpire:Injection","floor":9.0},{"not_picked":["aspiration:Lunge","Prepared"],"picked":"StSpp:PoisonousPunch","floor":10.0},{"not_picked":["StSpp:Dive","Sucker Punch","ReplayTheSpireMod:Exploit Weakness"],"picked":"SKIP","floor":12.0},{"not_picked":["Flying Knee","Quick Slash"],"picked":"Prepared","floor":13.0},{"not_picked":["Acrobatics","ReplayTheSpireMod:Speed Training"],"picked":"StSpp:PoisonousPunch","floor":14.0},{"not_picked":["Replay:Bag of Tricks","StSpp:NonchalentStrike"],"picked":"Poison Darts","floor":16.0},{"not_picked":["Dodge and Roll","ReplayTheSpireMod:Speed Training"],"picked":"StuffTheSpire:Fury+1","floor":18.0},{"not_picked":["Backflip","Dagger Throw"],"picked":"StSpp:PoisonousPunch","floor":19.0},{"not_picked":["Deflect","Slice"],"picked":"ReplayTheSpireMod:Scrap Shanks","floor":21.0},{"not_picked":["jedi:studypoison","Sucker Punch+1"],"picked":"ReplayTheSpireMod:The Works","floor":23.0},{"not_picked":["Underhanded Strike+1","Bane+1"],"picked":"StSpp:PoisonousPunch","floor":25.0},{"not_picked":["hubris:TrickCloak","Backflip+1"],"picked":"jedi:unstablefumes","floor":26.0},{"not_picked":["Crippling Poison","Bane","hubris:TrickCloak+1"],"picked":"SKIP","floor":27.0},{"not_picked":["Backstab+1","Draining Mist","Acrobatics"],"picked":"SKIP","floor":28.0},{"not_picked":["Poisoned Stab","Endless Agony"],"picked":"ShadowRift","floor":29.0},{"not_picked":["Slice","StuffTheSpire:BumpUp+1"],"picked":"StSpp:Dive+1","floor":35.0},{"not_picked":["InfectiousVector","Dodge and Roll+1","Bane"],"picked":"SKIP","floor":37.0},{"not_picked":["StuffTheSpire:Repulse+1","Bane"],"picked":"Catalyst","floor":39.0},{"not_picked":["InfectiousVector","Dodge and Roll+1"],"picked":"StSpp:Throw+1","floor":42.0},{"not_picked":["Prepared+1","StuffTheSpire:Python+1"],"picked":"StSpp:Throw+1","floor":44.0},{"not_picked":["ShadowRift+1","Quick Slash","StuffTheSpire:Repulse"],"picked":"SKIP","floor":45.0},{"not_picked":["conspire:PoisonWeapons","Backstab"],"picked":"StSpp:Throw+1","floor":46.0},{"not_picked":["Dodge and Roll+1","Dagger Throw","Blade Dance+1"],"picked":"SKIP","floor":48.0},{"not_picked":["Quick Slash","Outmaneuver+1","conspire:DoublingDagger"],"picked":"SKIP","floor":51.0},{"not_picked":["Concentrate+1","StSpp:ChainedTrap+1"],"picked":"jedi:unstablefumes","floor":56.0}],"player_experience":337597,"relics_obtained":[{"floor":5.0,"key":"foxEvents:LuckyCharm"},{"floor":6.0,"key":"conspire:GiftBox"},{"floor":9.0,"key":"theForsaken:Lifeblossom"},{"floor":10.0,"key":"testmod-AssaultLearning"},{"floor":13.0,"key":"Blood Vial"},{"floor":21.0,"key":"wanderingMiniBosses:ThiefScarf"},{"floor":21.0,"key":"testmod-Brilliant"},{"floor":21.0,"key":"theForsaken:Lifeblossom"},{"floor":21.0,"key":"testmod-AssaultLearning"},{"floor":23.0,"key":"Old Coin"},{"floor":26.0,"key":"StSpp:SailingBoat"},{"floor":28.0,"key":"Eternal Feather"},{"floor":42.0,"key":"CaptainsWheel"},{"floor":43.0,"key":"conspire:Boomerang"},{"floor":45.0,"key":"Replay:PocketPolymizer"}],"event_choices":[{"damage_healed":0.0,"max_hp_gain":0.0,"max_hp_loss":0.0,"gold_gain":0.0,"cards_transformed":["Strike_G","Defend_G"],"event_name":"Designer","player_choice":"Transformed Cards","floor":20.0,"gold_loss":60.0,"damage_taken":0.0,"cards_obtained":["StSpp:PoisonousPunch","Tactician"]},{"damage_healed":0.0,"max_hp_gain":0.0,"max_hp_loss":0.0,"gold_gain":0.0,"event_name":"Plague Doctor","player_choice":"Obtain Plague Curse","floor":30.0,"gold_loss":0.0,"damage_taken":0.0,"cards_obtained":["theForsaken:PlagueCurse"]}],"is_beta":false,"boss_relics":[{"not_picked":["testmod-Recursion","StSpp:PileOfSugar"],"picked":"testmod-BatchProcessingSystem"},{"not_picked":["SacredBark","Calling Bell"],"picked":"aspiration:PoetsPen_weak"}],"items_purged_floors":[22],"is_endless":false,"potions_floor_spawned":[1,10,14,16,19,21,27,28,42,44,45,48,51],"ascension_level":2}}