{"host":"6h0diz2ap0m56grs","time":1611345407,"event":{"mods":["2.2 Compatiblity","BaseMod","Colored Map","Marisa????????","Minty Spire (QoL Compilation)","Quick Restart","Replay The Spire","Shop Mod","StSLib","The Servant 0.9.4"],"gold_per_floor":[110,128,25,25,218,244,276,310,310,320,331,261,261,261],"floor_reached":13,"language":"ENG","playtime":335,"items_purged":["Misdirection"],"score":161,"play_id":"8ec67428-ea8b-406a-8b5a-d37dcb3132ab","local_time":"20210122135647","daily_mods":["SealedDeck","Heirloom","Time Dilation","Flight"],"is_ascension_mode":true,"campfire_choices":[],"circlet_count":0,"master_deck":["Rearm","FastForward","FastForward","Defy","Defy","SilverBlades","Ricochet","Ricochet","Moonlight","Orbit","InstantArmor","Luminosity","BottledTime+1","GearUp","MurderousAura","InstantArmor"],"relics":["Uniform","replay:Trail_Library","ReplayTheSpireMod:Lightbulb","Ginger","The Courier","MerchantsRug"],"acts_visited":["Exordium"],"potions_floor_usage":[],"damage_taken":[{"damage":0,"enemies":"2 Louse","floor":1,"turns":1},{"damage":0,"enemies":"Small Slimes","floor":2,"turns":2},{"damage":0,"enemies":"3 Sentries","floor":6,"turns":4},{"damage":0,"enemies":"Lagavulin","floor":7,"turns":4},{"damage":6,"enemies":"3 Sentries","floor":8,"turns":3},{"damage":0,"enemies":"Jaw Worm","floor":10,"turns":3},{"damage":0,"enemies":"Lots of Slimes","floor":11,"turns":2},{"damage":0,"enemies":"Gremlin Nob","floor":13,"turns":3}],"seed_played":"-3030593270680817150","potions_obtained":[{"floor":2,"key":"Weak Potion"},{"floor":6,"key":"ColorlessPotion"},{"floor":8,"key":"LifebloodPotion"}],"is_trial":true,"path_per_floor":["M","M","$","?","?","E","E","E","T","M","M","$","E"],"character_chosen":"THE_SERVANT","items_purchased":["Luminosity","BottledTime+1","MerchantsRug"],"campfire_rested":0,"item_purchase_floors":[3,3,12],"current_hp_per_floor":[79,79,79,79,60,60,60,54,54,54,54,54,54,54],"gold":261,"neow_bonus":"","is_daily":false,"chose_seed":false,"campfire_upgraded":0,"win_rate":0.0,"timestamp":1611345407,"path_taken":["M","M","$","?","?","E","E","E","T","M","?","?","E"],"items_purchased_type":["Card","Card","Relic"],"build_version":"2020-12-22","purchased_purges":1,"victory":false,"max_hp_per_floor":[79,79,79,79,79,79,79,79,79,79,79,79,79,79],"card_choices":[{"not_picked":["Starlight","Ricochet"],"picked":"InstantArmor","floor":1},{"not_picked":["Replace","Contraction","Moonlight"],"picked":"SKIP","floor":2},{"not_picked":["Barrier","Shuttle"],"picked":"GearUp","floor":6},{"not_picked":["BottledTime","Rearm","Unruled"],"picked":"SKIP","floor":7},{"not_picked":["Moonlight","Potential"],"picked":"MurderousAura","floor":8},{"not_picked":["Unruled","Potential","TimeWarp"],"picked":"SKIP","floor":10},{"not_picked":["Rearm","Deadline"],"picked":"InstantArmor","floor":11}],"player_experience":223409,"relics_obtained":[{"floor":6,"key":"ReplayTheSpireMod:Lightbulb"},{"floor":7,"key":"Ginger"},{"floor":8,"key":"Peace Pipe"},{"floor":9,"key":"The Courier"}],"event_choices":[{"damage_healed":0,"gold_gain":0,"player_choice":"Ignored","damage_taken":0,"max_hp_gain":0,"max_hp_loss":0,"event_name":"Golden Wing","floor":4,"gold_loss":0}],"is_beta":false,"boss_relics":[],"items_purged_floors":[12],"is_endless":false,"potions_floor_spawned":[2,6,8],"killed_by":"Gremlin Nob","ascension_level":1}}