{"host":"djjpvtbajazjoxm7","time":1611308502,"event":{"mods":["100% Spire Juice","Act Like it!","Arknights The Spire","Ascension Reborn","BaseMod","CapriCore","GungeonMod","KOR Keyword Fix","Lobotomy","Minty Spire (QoL Compilation)","Replay The Spire","StSLib","The Gatherer","The Hierophant","The Immortal","Waifu the Spire"],"gold_per_floor":[114,114,134,146,160,192,203,231,303,323,323,323,323,323,83,209,209,232,232,5,21,21,21,57,57,57,80,105,6,40,40,40],"floor_reached":31,"language":"KOR","playtime":1112,"items_purged":["Moonworks:Strike"],"score":337,"play_id":"76a512a7-61e1-4d9e-86ac-07da0c9c6023","local_time":"20210122184142","is_ascension_mode":true,"campfire_choices":[{"floor":11.0,"key":"REST"},{"floor":15,"key":"REST"},{"data":"Moonworks:SinkOrSwim","floor":23,"key":"SMITH"},{"floor":25,"key":"REST"}],"circlet_count":0,"master_deck":["Moonworks:Strike","Moonworks:Strike","Moonworks:Strike","Moonworks:Defend","Moonworks:Defend","Moonworks:Defend","Moonworks:Ambush+1","Moonworks:LongDistanceShot","Moonworks:BigBangBell","Moonworks:SakisCookie","Moonworks:OutOfAmmo","Moonworks:JonathanRush+1","Moonworks:TacticalRetreat","Moonworks:EvilSpyWorkPreparation","Moonworks:NicePresent","Moonworks:BigMagnum+1","Moonworks:SinkOrSwim+1","Moonworks:LulusLuckyEgg+1","Moonworks:ShieldCounter","Moonworks:RedAndBlue","Moonworks:RocketCannon","Moonworks:LuckyCharm","Moonworks:SakisCookie+1","Moonworks:NicePresent","Moonworks:JonathanRush+1"],"relics":["Moonworks:BrokenBomb","Moonworks:Homemark","Bag of Marbles","Replay:Bottled Eggs","PreservedInsect","Onion Ring","Pear","Golden Idol","SacredBark","ClockworkSouvenir","Bottled Flame","White Beast Statue"],"acts_visited":["Exordium","TheCity"],"potions_floor_usage":[16,27,29],"damage_taken":[{"damage":11.0,"enemies":"Jaw Worm","floor":1.0,"turns":3.0},{"damage":0.0,"enemies":"Cultist","floor":3.0,"turns":3.0},{"damage":0.0,"enemies":"2 Louse","floor":4.0,"turns":3.0},{"damage":0.0,"enemies":"Exordium Wildlife","floor":5.0,"turns":3.0},{"damage":19.0,"enemies":"Gremlin Nob","floor":6.0,"turns":4.0},{"damage":9.0,"enemies":"Looter","floor":7.0,"turns":3.0},{"damage":19.0,"enemies":"Lagavulin","floor":8.0,"turns":4.0},{"damage":0.0,"enemies":"3 Louse","floor":10.0,"turns":3.0},{"damage":6,"enemies":"Slime Boss","floor":16,"turns":5},{"damage":4,"enemies":"3 Byrds","floor":18,"turns":4},{"damage":26,"enemies":"2 Thieves","floor":21,"turns":4},{"damage":39,"enemies":"Book of Stabbing","floor":24,"turns":5},{"damage":0,"enemies":"Snecko","floor":27,"turns":4},{"damage":18,"enemies":"3 Cultists","floor":28,"turns":4},{"damage":19,"enemies":"Sentry and Sphere","floor":29,"turns":5},{"damage":14,"enemies":"Replay:Snechameleon","floor":30,"turns":3},{"damage":20,"enemies":"Snake Plant","floor":31,"turns":4}],"seed_played":"-3986288893613261813","potions_obtained":[{"floor":1.0,"key":"PowerPotion"},{"floor":3.0,"key":"Swift Potion"},{"floor":7.0,"key":"PowerPotion"},{"floor":8.0,"key":"SteroidPotion"},{"floor":24,"key":"Dexterity Potion"},{"floor":28,"key":"Regen Potion"}],"is_trial":false,"path_per_floor":["M","?","M","M","M","E","M","E","T","M","R","?","T","?","R","B",null,"M","?","$","M","?","R","E","R","T","M","M","M","E","M"],"character_chosen":"THE_STARBREAKER","items_purchased":["ClockworkSouvenir"],"campfire_rested":3,"item_purchase_floors":[20],"current_hp_per_floor":[49,49,49,49,49,32,23,4,4,4,22,22,32,15,36,30,70,66,66,66,40,40,40,1,22,22,22,4,22,11,0,0],"gold":40,"neow_bonus":"UPGRADE_CARD","is_daily":false,"chose_seed":false,"campfire_upgraded":1,"win_rate":0.0,"timestamp":1611308502,"path_taken":["M","?","M","?","M","E","M","E","T","?","R","?","?","?","R","BOSS","M","?","?","M","?","R","E","R","T","?","M","M","E","M"],"items_purchased_type":["Relic"],"build_version":"2020-12-22","purchased_purges":1,"victory":false,"max_hp_per_floor":[60,60,60,60,60,60,60,60,60,60,60,60,70,70,70,70,70,70,70,70,70,70,70,70,70,70,70,70,70,70,70,70],"card_choices":[{"not_picked":["Moonworks:Assault","Moonworks:IndiscriminateFireSupport"],"picked":"Moonworks:SakisCookie","floor":1.0},{"not_picked":["Moonworks:LulusLuckyEgg","Moonworks:Assault"],"picked":"Moonworks:BigBangBell","floor":3.0},{"not_picked":["Moonworks:DevilHand","Moonworks:Assault"],"picked":"Moonworks:SakisCookie","floor":4.0},{"not_picked":["Moonworks:SweetBattle","Moonworks:CloudOfSeagulls"],"picked":"Moonworks:OutOfAmmo","floor":5.0},{"not_picked":["Moonworks:BigMagnum","Moonworks:ImOnFire"],"picked":"Moonworks:JonathanRush","floor":6.0},{"not_picked":["Moonworks:EvilSpyWorkPreparation","Moonworks:Bloodlust"],"picked":"Moonworks:TacticalRetreat","floor":7.0},{"not_picked":["Moonworks:Assault","Moonworks:IndiscriminateFireSupport"],"picked":"Moonworks:EvilSpyWorkPreparation","floor":8.0},{"not_picked":["Moonworks:MixPhenomenon","Moonworks:IntelligenceOfficer"],"picked":"Moonworks:NicePresent","floor":10.0},{"not_picked":["Moonworks:MeltingMemories","Moonworks:WeAreWaruda"],"picked":"Moonworks:SinkOrSwim","floor":16},{"not_picked":["Moonworks:ReproductionOfRecords+1","Moonworks:TacticalRetreat","Moonworks:DevilHand"],"picked":"SKIP","floor":18},{"not_picked":["Moonworks:NicePresent","Moonworks:ImOnFire"],"picked":"Moonworks:LulusLuckyEgg+1","floor":21},{"not_picked":["Moonworks:ImOnFire+1","Moonworks:EvilSpyWorkPreparation"],"picked":"Moonworks:RocketCannon","floor":24},{"not_picked":["Moonworks:NicePresent","Moonworks:JonathanRush+1"],"picked":"Moonworks:LuckyCharm","floor":27},{"not_picked":["Moonworks:IndiscriminateFireSupport","Moonworks:DeployBits"],"picked":"Moonworks:SakisCookie+1","floor":28},{"not_picked":["Moonworks:BigMagnum+1","Moonworks:ShieldCounter"],"picked":"Moonworks:NicePresent","floor":29},{"not_picked":["Moonworks:CookingTime+1","Moonworks:ImOnFire"],"picked":"Moonworks:JonathanRush","floor":30}],"player_experience":200799,"relics_obtained":[{"floor":6.0,"key":"Replay:Bottled Eggs"},{"floor":8.0,"key":"PreservedInsect"},{"floor":9.0,"key":"Onion Ring"},{"floor":13,"key":"Pear"},{"floor":26,"key":"Bottled Flame"},{"floor":30,"key":"White Beast Statue"}],"event_choices":[{"cards_removed":["Moonworks:SakisCookie"],"damage_healed":0.0,"max_hp_gain":0.0,"max_hp_loss":0.0,"gold_gain":0.0,"event_name":"WeMeetAgain","player_choice":"Gave Card","floor":2.0,"gold_loss":0.0,"damage_taken":0.0,"relics_obtained":["Bag of Marbles"]},{"damage_healed":0,"gold_gain":0,"player_choice":"Take Damage","damage_taken":17,"relics_obtained":["Golden Idol"],"max_hp_gain":0,"max_hp_loss":0,"event_name":"Golden Idol","floor":14,"gold_loss":0},{"damage_healed":0,"gold_gain":0,"player_choice":"Ignored","damage_taken":0,"max_hp_gain":0,"max_hp_loss":0,"event_name":"Ghosts","floor":19,"gold_loss":0},{"damage_healed":0,"gold_gain":0,"player_choice":"2 cards matched","damage_taken":0,"max_hp_gain":0,"max_hp_loss":0,"event_name":"Match and Keep!","floor":22,"gold_loss":0,"cards_obtained":["Moonworks:ShieldCounter","Moonworks:RedAndBlue"]}],"is_beta":false,"boss_relics":[{"not_picked":["Busted Crown","Kintsugi"],"picked":"SacredBark"}],"items_purged_floors":[20],"is_endless":false,"potions_floor_spawned":[1,3,7,8,24,28],"killed_by":"Snake Plant","ascension_level":0}}