{"host":"7rmsgc3rayi00cdt","time":1611317647,"event":{"mods":["BaseMod","Minty Spire (QoL Compilation)"],"gold_per_floor":[119,131,131,131,154,189,189,339,385,424,440,440,459,384,384,477,477,497,497,61,75,94,94,110,110,135,135,176,176,194,27,27,126,126,154,154,0,18,46,46,46,46],"floor_reached":41,"language":"ENG","playtime":1263,"items_purged":[],"score":800,"play_id":"d6243618-c2b6-4958-8bb8-b04f3e0997dd","local_time":"20210122121407","is_ascension_mode":true,"campfire_choices":[{"floor":7,"key":"REST"},{"floor":12,"key":"REST"},{"floor":15,"key":"REST"},{"floor":23,"key":"REST"},{"floor":25,"key":"REST"},{"floor":32,"key":"REST"},{"floor":40,"key":"REST"}],"circlet_count":0,"master_deck":["AscendersBane","Strike_B","Strike_B","Strike_B","Defend_B","Defend_B","Defend_B","Defend_B","Zap","Dualcast","Go for the Eyes","Leap","FTL","Streamline","Go for the Eyes","FTL","Machine Learning","Panache","Flash of Steel","Beam Cell","Go for the Eyes","All For One","Fission","CurseOfTheBell","Redo+1","Madness","Madness","Go for the Eyes+1"],"relics":["Cracked Core","Golden Idol","Strawberry","Ancient Tea Set","Mercury Hourglass","SacredBark","ClockworkSouvenir","Centennial Puzzle","Ginger","Sling","Calling Bell","CeramicFish","Symbiotic Virus","StoneCalendar","Red Mask"],"acts_visited":["Exordium","TheCity","TheBeyond"],"potions_floor_usage":[6,10,22,28,33],"damage_taken":[{"damage":6,"enemies":"Cultist","floor":1,"turns":3},{"damage":5,"enemies":"Small Slimes","floor":2,"turns":3},{"damage":9,"enemies":"2 Louse","floor":5,"turns":3},{"damage":28,"enemies":"Lagavulin","floor":6,"turns":6},{"damage":28,"enemies":"3 Sentries","floor":10,"turns":8},{"damage":17,"enemies":"Large Slime","floor":11,"turns":5},{"damage":1,"enemies":"Looter","floor":13,"turns":3},{"damage":25,"enemies":"Slime Boss","floor":16,"turns":9},{"damage":22,"enemies":"2 Thieves","floor":18,"turns":4},{"damage":23,"enemies":"Spheric Guardian","floor":21,"turns":4},{"damage":24,"enemies":"Snake Plant","floor":22,"turns":4},{"damage":8,"enemies":"Snecko","floor":24,"turns":5},{"damage":11,"enemies":"Slavers","floor":28,"turns":3},{"damage":9,"enemies":"3 Cultists","floor":30,"turns":5},{"damage":35,"enemies":"Automaton","floor":33,"turns":6},{"damage":3,"enemies":"3 Shapes","floor":35,"turns":2},{"damage":34,"enemies":"3 Darklings","floor":39,"turns":3},{"damage":66,"enemies":"Nemesis","floor":41,"turns":6}],"seed_played":"-3920865499363606906","potions_obtained":[{"floor":1,"key":"Strength Potion"},{"floor":6,"key":"Explosive Potion"},{"floor":16,"key":"Dexterity Potion"},{"floor":18,"key":"SteroidPotion"},{"floor":19,"key":"CultistPotion"},{"floor":24,"key":"ColorlessPotion"},{"floor":30,"key":"PotionOfCapacity"},{"floor":35,"key":"Ancient Potion"}],"is_trial":false,"path_per_floor":["M","M","?","?","M","E","R","?","T","E","M","R","M","?","R","B",null,"M","?","$","M","M","R","M","R","T","?","E","$","M","$","R","B",null,"M","?","?","?","M","R","E"],"character_chosen":"DEFECT","items_purchased":["Panache","Flash of Steel","ClockworkSouvenir","Sling"],"campfire_rested":7,"item_purchase_floors":[20,20,20,31],"current_hp_per_floor":[65,60,60,60,51,30,55,55,55,27,10,35,34,34,59,34,72,50,50,50,27,3,28,20,45,45,45,34,34,25,25,50,15,68,65,65,65,50,16,41,0,0],"gold":46,"neow_bonus":"TEN_PERCENT_HP_BONUS","is_daily":false,"chose_seed":false,"campfire_upgraded":0,"win_rate":0.0,"timestamp":1611317647,"path_taken":["M","M","?","?","M","E","R","?","T","E","M","R","M","?","R","BOSS","M","?","$","?","?","R","M","R","T","?","E","$","?","?","R","BOSS","M","?","?","?","M","R","E"],"items_purchased_type":["Card","Card","Relic","Relic"],"build_version":"2020-12-22","purchased_purges":0,"victory":false,"max_hp_per_floor":[78,78,78,78,78,85,85,85,85,85,85,85,85,85,85,85,85,85,85,85,85,85,85,85,85,85,85,85,85,85,85,85,85,85,85,85,85,85,85,85,85,85],"card_choices":[{"not_picked":["Chaos","Steam"],"picked":"Redo","floor":1},{"not_picked":["Redo","Coolheaded"],"picked":"Go for the Eyes","floor":2},{"not_picked":["Rebound","Chaos"],"picked":"Leap","floor":5},{"not_picked":["Go for the Eyes","Leap"],"picked":"FTL","floor":6},{"not_picked":["Steam","Hologram"],"picked":"Streamline","floor":10},{"not_picked":["Tempest","Compile Driver"],"picked":"Go for the Eyes","floor":11},{"not_picked":["Coolheaded","Stack"],"picked":"FTL","floor":13},{"not_picked":["Echo Form","Multi-Cast"],"picked":"Machine Learning","floor":16},{"not_picked":["Reinforced Body","Defragment","Heatsinks"],"picked":"SKIP","floor":18},{"not_picked":["Recycle","Sweeping Beam","Reinforced Body"],"picked":"SKIP","floor":21},{"not_picked":["Cold Snap","Skim"],"picked":"Beam Cell","floor":22},{"not_picked":["Barrage","Ball Lightning"],"picked":"Go for the Eyes","floor":24},{"not_picked":["Blizzard","Redo","Fusion"],"picked":"SKIP","floor":28},{"not_picked":["Coolheaded","Blizzard"],"picked":"All For One","floor":30},{"not_picked":["Electrodynamics","All For One"],"picked":"Fission","floor":33},{"not_picked":["Rebound","Leap"],"picked":"Redo+1","floor":35},{"not_picked":["Streamline","Redo"],"picked":"Go for the Eyes+1","floor":39}],"player_experience":776986,"relics_obtained":[{"floor":6,"key":"Strawberry"},{"floor":9,"key":"Ancient Tea Set"},{"floor":10,"key":"Mercury Hourglass"},{"floor":26,"key":"Centennial Puzzle"},{"floor":28,"key":"Ginger"},{"floor":34,"key":"CeramicFish"},{"floor":34,"key":"Symbiotic Virus"},{"floor":34,"key":"StoneCalendar"}],"event_choices":[{"damage_healed":0,"gold_gain":0,"player_choice":"Take Wound","damage_taken":0,"relics_obtained":["Golden Idol"],"max_hp_gain":0,"max_hp_loss":0,"event_name":"Golden Idol","floor":3,"gold_loss":0,"cards_obtained":["Injury"]},{"cards_removed":["Injury"],"damage_healed":0,"gold_gain":0,"player_choice":"Forget","damage_taken":0,"max_hp_gain":0,"max_hp_loss":0,"event_name":"Living Wall","floor":4,"gold_loss":0},{"damage_healed":0,"gold_gain":150,"player_choice":"AGREE","damage_taken":0,"max_hp_gain":0,"max_hp_loss":0,"event_name":"Liars Game","floor":8,"gold_loss":0,"cards_obtained":["Doubt"]},{"cards_removed":["Doubt"],"damage_healed":0,"gold_gain":0,"player_choice":"Card Removal","damage_taken":0,"max_hp_gain":0,"max_hp_loss":0,"event_name":"The Cleric","floor":14,"gold_loss":75},{"damage_healed":0,"gold_gain":0,"player_choice":"Got Potions","damage_taken":0,"max_hp_gain":0,"max_hp_loss":0,"event_name":"Lab","floor":19,"gold_loss":0},{"cards_removed":["Strike_B"],"damage_healed":0,"gold_gain":0,"player_choice":"Offered Basic","damage_taken":0,"max_hp_gain":0,"max_hp_loss":0,"event_name":"Bonfire Elementals","floor":27,"gold_loss":0},{"cards_removed":["Redo"],"damage_healed":0,"gold_gain":0,"player_choice":"Removed Skill","damage_taken":0,"max_hp_gain":0,"max_hp_loss":0,"event_name":"Falling","floor":36,"gold_loss":0},{"damage_healed":0,"gold_gain":0,"player_choice":"Paid","damage_taken":0,"relics_obtained":["Red Mask"],"max_hp_gain":0,"max_hp_loss":0,"event_name":"Tomb of Lord Red Mask","floor":37,"gold_loss":154},{"damage_healed":0,"gold_gain":0,"player_choice":"Embrace Madness","damage_taken":15,"max_hp_gain":0,"max_hp_loss":0,"event_name":"Winding Halls","floor":38,"gold_loss":0,"cards_obtained":["Madness","Madness"]}],"is_beta":false,"boss_relics":[{"not_picked":["Runic Dome","Busted Crown"],"picked":"SacredBark"},{"not_picked":["Fusion Hammer","Cursed Key"],"picked":"Calling Bell"}],"items_purged_floors":[],"is_endless":false,"potions_floor_spawned":[1,6,16,18,24,30,35],"killed_by":"Nemesis","ascension_level":17}}