{"host":"h9912w2erkgvaua8","time":1611344439,"event":{"mods":["AchievementEnabler","BaseMod","Colored Map","Marisa£®ÏF”Í°°ƒß¿Ì…≥£©","Minty Spire (QoL Compilation)","Quick Restart","SuperFastMode","[IsaacMod]“‘»ˆº‚À˛"],"gold_per_floor":[119,119,119,42,67,67,106,127,176,219,243,318,318,336,336,432,432,450,400,400,400,400,400,419,419,446,477,477,477,490,405,405,501,501,514,514,514,514,514,558,592,482,532,567,600,631,650,650,650,650,650,650,650,650,683,683,683],"floor_reached":56,"language":"ZHS","playtime":1697,"items_purged":["Strike_R","Strike_R","Strike_R","Strike_R","Pummel+1","Berserk+1","Defend_R","Pommel Strike+1","Defend_R"],"score":2480,"play_id":"50404a3b-cebf-471e-9b55-985caf3ffd8a","local_time":"20210123034039","is_ascension_mode":true,"campfire_choices":[{"data":"Apotheosis","floor":6.0,"key":"SMITH"},{"data":"Inflame","floor":15.0,"key":"SMITH"},{"floor":23.0,"key":"RECALL"},{"data":"Berserk","floor":28.0,"key":"SMITH"},{"floor":32.0,"key":"REST"},{"data":"Battle Trance","floor":49.0,"key":"SMITH"},{"floor":53.0,"key":"REST"}],"circlet_count":0,"master_deck":["AscendersBane","Defend_R+1","Sword Boomerang","Limit Break","Inflame+1","Apotheosis+1","Dropkick+1","Heavy Blade+1","Thunderclap+1","Limit Break","Battle Trance+1"],"relics":["Burning Blood","HushsDoor","SteamSale","NeowsBlessing","Golden Idol","Membership Card","Boot","DeathBook","Akabeko","Red Skull","Molten Egg 2","Toolbox","Runic Dome","SharpPlug","Tiny Chest","Pen Nib","Blood Vial","Self Forming Clay","Whetstone","OrangePellets","Meat on the Bone","ChampionBelt","Potion Belt","Medical Kit","UnicornStump","MealTicket","Lee\u0027s Waffle","Toy Ornithopter","InkBottle","GnawedLeaf","Dream Catcher","Ginger","BloodDonationMachine","Darkstone Periapt","Toxic Egg 2","Gremlin Horn","Chemical X","BookofShadows","Calipers","StoneCalendar"],"acts_visited":["Exordium","TheCity","TheBeyond","TheEnding"],"potions_floor_usage":[],"damage_taken":[{"damage":0.0,"enemies":"Small Slimes","floor":1.0,"turns":1.0},{"damage":0.0,"enemies":"2 Louse","floor":5.0,"turns":1.0},{"damage":0.0,"enemies":"Lagavulin","floor":7.0,"turns":2.0},{"damage":7.0,"enemies":"Jaw Worm","floor":8.0,"turns":2.0},{"damage":17.0,"enemies":"3 Sentries","floor":10.0,"turns":3.0},{"damage":0.0,"enemies":"Exordium Wildlife","floor":11.0,"turns":1.0},{"damage":11.0,"enemies":"3 Louse","floor":14.0,"turns":2.0},{"damage":0.0,"enemies":"Slime Boss","floor":16.0,"turns":5.0},{"damage":11.0,"enemies":"Spheric Guardian","floor":18.0,"turns":3.0},{"damage":11.0,"enemies":"2 Thieves","floor":24.0,"turns":3.0},{"damage":17.0,"enemies":"Book of Stabbing","floor":27.0,"turns":3.0},{"damage":0.0,"enemies":"Snake Plant","floor":30.0,"turns":2.0},{"damage":0.0,"enemies":"Collector","floor":33.0,"turns":2.0},{"damage":16.0,"enemies":"3 Shapes","floor":35.0,"turns":3.0},{"damage":0.0,"enemies":"Reptomancer","floor":40.0,"turns":1.0},{"damage":23.0,"enemies":"Giant Head","floor":41.0,"turns":3.0},{"damage":25.0,"enemies":"Nemesis","floor":44.0,"turns":5.0},{"damage":0.0,"enemies":"Reptomancer","floor":45.0,"turns":2.0},{"damage":0.0,"enemies":"Giant Head","floor":46.0,"turns":2.0},{"damage":11.0,"enemies":"3 Darklings","floor":47.0,"turns":2.0},{"damage":59.0,"enemies":"Time Eater","floor":50.0,"turns":3.0},{"damage":48.0,"enemies":"Donu and Deca","floor":51.0,"turns":4.0},{"damage":26.0,"enemies":"Shield and Spear","floor":55.0,"turns":3.0},{"damage":67,"enemies":"LittleHush","floor":56,"turns":6}],"seed_played":"4091186230728549616","potions_obtained":[{"floor":11.0,"key":"Explosive Potion"},{"floor":44.0,"key":"SmokeBomb"},{"floor":55.0,"key":"SneckoOil"}],"is_trial":false,"path_per_floor":["M","?","?","$","M","R","E","M","T","E","M","?","$","M","R","B",null,"M","?","?","?","$","R","M","?","T","E","R","$","M","?","R","B",null,"M","$","?","$","T","E","M","?","T","E","M","M","M","$","R","B","B",null,"R","$","E","B"],"character_chosen":"IRONCLAD","items_purchased":["Membership Card","Boot","Limit Break","Inflame","DeathBook","BloodPotion","ColorlessPotion","DistilledChaos","Apotheosis","Dropkick","Toolbox","PowerPotion","Thunderclap+1","SharpPlug","Tiny Chest","Fruit Juice","DuplicationPotion","Self Forming Clay","Whetstone","OrangePellets","Battle Trance","FairyPotion","Potion Belt","PowerPotion","Swift Potion","CultistPotion","Medical Kit","UnicornStump","MealTicket","Lee\u0027s Waffle","Toy Ornithopter","Toxic Egg 2","Gremlin Horn","Chemical X","BookofShadows","Calipers","FearPotion"],"campfire_rested":2,"item_purchase_floors":[4,4,4,4,4,4,4,4,4,4,13,13,13,22,22,22,22,29,29,29,29,34,36,36,36,36,36,36,38,38,38,48,48,48,54,54,54],"current_hp_per_floor":[74,48,41,56,62,62,68,67,67,56,62,51,51,46,46,52,66,61,61,61,70,75,75,70,70,70,59,59,59,67,67,75,75,71,61,61,61,78,78,78,61,61,61,56,64,72,69,78,78,42,41,69,78,78,58,0,0],"gold":683,"neow_bonus":"THREE_ENEMY_KILL","is_daily":false,"chose_seed":false,"campfire_upgraded":4,"win_rate":0.0,"timestamp":1611344439,"path_taken":["M","?","?","$","M","R","E","M","T","E","M","?","$","?","R","BOSS","M","?","?","?","$","R","M","?","T","E","R","$","M","?","R","BOSS","M","$","?","$","?","E","M","?","T","E","M","M","M","$","R","BOSS","BOSS","R","$","E","BOSS"],"items_purchased_type":["Relic","Relic","Card","Card","Relic","Potion","Potion","Potion","Card","Card","Relic","Potion","Card","Relic","Relic","Potion","Potion","Relic","Relic","Relic","Card","Potion","Relic","Potion","Potion","Potion","Relic","Relic","Relic","Relic","Relic","Relic","Relic","Relic","Relic","Relic","Potion"],"build_version":"2020-12-22","purchased_purges":9,"victory":false,"max_hp_per_floor":[75,75,75,75,75,75,75,75,75,75,75,75,75,75,75,75,70,70,70,70,70,75,75,75,75,75,75,75,75,75,75,75,75,71,71,71,71,78,78,78,78,78,78,78,78,78,78,78,78,78,78,78,78,78,78,78,78],"card_choices":[{"not_picked":["Whirlwind","Perfected Strike"],"picked":"Sword Boomerang","floor":1.0},{"not_picked":["Burning Pact","Infernal Blade","Inflame"],"picked":"SKIP","floor":5.0},{"not_picked":["Exhume","Evolve"],"picked":"Bomb","floor":7.0},{"not_picked":["Sword Boomerang","Spot Weakness","Armaments"],"picked":"SKIP","floor":8.0},{"not_picked":["Warcry","Combust"],"picked":"Heavy Blade+1","floor":10.0},{"not_picked":["Heavy Blade+1","Warcry","Dual Wield"],"picked":"SKIP","floor":11.0},{"not_picked":["Twin Strike+1","Whirlwind+1"],"picked":"Pommel Strike+1","floor":14.0},{"not_picked":["Demon Form","Offering"],"picked":"Limit Break","floor":16.0},{"not_picked":["Clothesline+1","Headbutt+1"],"picked":"Pummel+1","floor":18.0},{"not_picked":["Infernal Blade","Uppercut+1","Clash+1"],"picked":"SKIP","floor":24.0},{"not_picked":["Cleave+1","Iron Wave+1"],"picked":"Berserk","floor":27.0},{"not_picked":["Flame Barrier","Anger+1","Warcry+1"],"picked":"SKIP","floor":30.0},{"not_picked":["Fire Breathing","Havoc","Cleave+1"],"picked":"SKIP","floor":35.0},{"not_picked":["Twin Strike+1","Sentinel","Combust"],"picked":"SKIP","floor":40.0},{"not_picked":["Flame Barrier","Twin Strike+1","Sentinel"],"picked":"SKIP","floor":41.0},{"not_picked":["Headbutt+1","Armaments","Juggernaut"],"picked":"SKIP","floor":44.0},{"not_picked":["Demon Form","Perfected Strike+1","Uppercut+1"],"picked":"SKIP","floor":45.0},{"not_picked":["Pummel+1","Cleave+1","Clash+1"],"picked":"SKIP","floor":46.0},{"not_picked":["Clash+1","Ghostly Armor+1","Perfected Strike+1"],"picked":"SKIP","floor":47.0},{"not_picked":["Havoc+1","Juggernaut","Inflame+1"],"picked":"SKIP","floor":55.0}],"player_experience":323842,"relics_obtained":[{"floor":7.0,"key":"Akabeko"},{"floor":9.0,"key":"Red Skull"},{"floor":10.0,"key":"Molten Egg 2"},{"floor":26.0,"key":"Pen Nib"},{"floor":27.0,"key":"Blood Vial"},{"floor":39.0,"key":"InkBottle"},{"floor":40.0,"key":"GnawedLeaf"},{"floor":41.0,"key":"Dream Catcher"},{"floor":44.0,"key":"Ginger"},{"floor":45.0,"key":"BloodDonationMachine"},{"floor":46.0,"key":"Darkstone Periapt"},{"floor":55.0,"key":"StoneCalendar"}],"event_choices":[{"damage_healed":0.0,"max_hp_gain":0.0,"max_hp_loss":0.0,"gold_gain":0.0,"event_name":"Golden Idol","player_choice":"Take Damage","floor":2.0,"gold_loss":0.0,"damage_taken":26.0,"relics_obtained":["Golden Idol"]},{"cards_removed":["Strike_R"],"damage_healed":0.0,"max_hp_gain":0.0,"max_hp_loss":0.0,"gold_gain":0.0,"event_name":"Golden Wing","player_choice":"Card Removal","floor":3.0,"gold_loss":0.0,"damage_taken":7.0},{"damage_healed":0.0,"max_hp_gain":0.0,"max_hp_loss":0.0,"gold_gain":75.0,"event_name":"World of Goop","player_choice":"Gather Gold","floor":12.0,"gold_loss":0.0,"damage_taken":11.0},{"damage_healed":0.0,"max_hp_gain":0.0,"max_hp_loss":0.0,"gold_gain":0.0,"event_name":"The Joust","player_choice":"Bet on Owner","floor":19.0,"gold_loss":50.0,"damage_taken":0.0},{"damage_healed":0.0,"max_hp_gain":0.0,"max_hp_loss":0.0,"gold_gain":0.0,"event_name":"Vampires","player_choice":"Ignored","floor":20.0,"gold_loss":0.0,"damage_taken":0.0},{"damage_healed":14.0,"max_hp_gain":0.0,"max_hp_loss":0.0,"gold_gain":0.0,"event_name":"The Library","player_choice":"Heal","floor":21.0,"gold_loss":0.0,"damage_taken":0.0},{"cards_removed":["Defend_R"],"damage_healed":0.0,"max_hp_gain":0.0,"max_hp_loss":0.0,"gold_gain":0.0,"event_name":"Back to Basics","player_choice":"Elegance","floor":25.0,"gold_loss":0.0,"damage_taken":0.0},{"damage_healed":0.0,"max_hp_gain":0.0,"max_hp_loss":0.0,"gold_gain":0.0,"event_name":"Addict","player_choice":"Obtained Relic","floor":31.0,"gold_loss":85.0,"damage_taken":0.0,"relics_obtained":["Meat on the Bone"]},{"cards_removed":["Bash"],"damage_healed":0.0,"max_hp_gain":0.0,"max_hp_loss":0.0,"gold_gain":0.0,"event_name":"Designer","player_choice":"Upgrade and Remove","floor":42.0,"gold_loss":110.0,"damage_taken":0.0,"cards_upgraded":["Defend_R"]}],"is_beta":false,"boss_relics":[{"not_picked":["Runic Cube","Pandora\u0027s Box"],"picked":"Runic Dome"},{"not_picked":[]},{"not_picked":["Sozu","SacredBark"],"picked":"ChampionBelt"},{"not_picked":[]}],"items_purged_floors":[4,13,17,22,29,36,38,48,54],"is_endless":false,"potions_floor_spawned":[7,10,11,41,44,45,46,47,55],"killed_by":"LittleHush","ascension_level":20}}