{"host":"sw6p9u0oh417cx03","time":1611327004,"event":{"mods":["AchievementEnabler","Act Like it!","BaseMod","CapriCore","DeckTracker","Highlight Path","Minty Spire (QoL Compilation)","Quick Restart","StSLib"],"gold_per_floor":[10,10,10,28,53,53,97,97,148,171,191,191,230,155,155,251,251,269,269,269,288,313,347,347,347,347],"floor_reached":25,"language":"ZHS","playtime":723,"items_purged":["Strike_R"],"score":448,"play_id":"758dd85a-3f12-422f-9e31-a72ecf85781b","local_time":"20210122225004","is_ascension_mode":true,"campfire_choices":[{"data":"Whirlwind","floor":6.0,"key":"SMITH"},{"floor":12.0,"key":"REST"},{"data":"Spot Weakness","floor":15.0,"key":"SMITH"},{"data":"Limit Break","floor":24,"key":"SMITH"}],"circlet_count":0,"master_deck":["AscendersBane","Strike_R+1","Strike_R+1","Defend_R","Defend_R","Defend_R","Defend_R","Bash","Shrug It Off","Whirlwind+1","Spot Weakness+1","Battle Trance","Pommel Strike","Seeing Red","Shockwave","Limit Break+1"],"relics":["Burning Blood","Golden Idol","Whetstone","Akabeko","Nunchaku","SacredBark","Orichalcum"],"acts_visited":["Exordium","TheCity"],"potions_floor_usage":[],"damage_taken":[{"damage":14.0,"enemies":"Jaw Worm","floor":1.0,"turns":5.0},{"damage":9.0,"enemies":"2 Louse","floor":4.0,"turns":4.0},{"damage":12.0,"enemies":"Small Slimes","floor":5.0,"turns":4.0},{"damage":44.0,"enemies":"Gremlin Nob","floor":7.0,"turns":5.0},{"damage":0.0,"enemies":"Looter","floor":10.0,"turns":1.0},{"damage":5.0,"enemies":"Blue Slaver","floor":11.0,"turns":4.0},{"damage":26.0,"enemies":"Lagavulin","floor":13.0,"turns":7.0},{"damage":19.0,"enemies":"Hexaghost","floor":16.0,"turns":9.0},{"damage":6.0,"enemies":"Spheric Guardian","floor":18.0,"turns":3.0},{"damage":12,"enemies":"Chosen","floor":21,"turns":4},{"damage":30,"enemies":"Snake Plant","floor":22,"turns":5},{"damage":0,"enemies":"Gremlin Leader","floor":23,"turns":4},{"damage":25,"enemies":"Slavers","floor":25,"turns":2}],"seed_played":"6043567789746945565","potions_obtained":[{"floor":4.0,"key":"Weak Potion"},{"floor":7.0,"key":"Strength Potion"},{"floor":13.0,"key":"LiquidBronze"},{"floor":21,"key":"GamblersBrew"},{"floor":23,"key":"SpeedPotion"}],"is_trial":false,"path_per_floor":["M","?","?","M","M","R","E","?","T","M","M","R","E","$","R","B",null,"M","?","?","M","M","E","R","E"],"character_chosen":"IRONCLAD","items_purchased":[],"campfire_rested":1,"item_purchase_floors":[],"current_hp_per_floor":[60,60,60,57,51,51,13,13,13,19,20,40,20,20,20,7,53,53,53,53,47,23,29,29,4,4],"gold":347,"neow_bonus":"REMOVE_TWO","is_daily":false,"chose_seed":false,"campfire_upgraded":3,"win_rate":0.0,"timestamp":1611327004,"path_taken":["M","?","?","M","M","R","E","?","T","?","M","R","E","$","R","BOSS","M","?","?","M","M","E","R","E"],"items_purchased_type":[],"build_version":"2020-12-22","purchased_purges":1,"victory":false,"max_hp_per_floor":[75,68,68,68,68,68,68,68,68,68,68,68,68,68,68,68,68,68,68,68,68,68,68,68,68,68],"card_choices":[{"not_picked":["True Grit","Twin Strike"],"picked":"Shrug It Off","floor":1.0},{"not_picked":["Rage","Heavy Blade","Thunderclap"],"picked":"SKIP","floor":4.0},{"not_picked":["Clash","Clothesline"],"picked":"Whirlwind","floor":5.0},{"not_picked":["Shockwave","Whirlwind"],"picked":"Spot Weakness","floor":7.0},{"not_picked":["Warcry","Sword Boomerang"],"picked":"Battle Trance","floor":10.0},{"not_picked":["Flex","Infernal Blade"],"picked":"Pommel Strike","floor":11.0},{"not_picked":["Bludgeon","Thunderclap","Intimidate"],"picked":"SKIP","floor":13.0},{"not_picked":["Flame Barrier","Heavy Blade","Wild Strike"],"picked":"SKIP","floor":18.0},{"not_picked":["Anger","Flex+1","Shrug It Off"],"picked":"SKIP","floor":21},{"not_picked":["Flex+1","Clash"],"picked":"Shockwave","floor":22},{"not_picked":["Wild Strike","Shrug It Off"],"picked":"Limit Break","floor":23}],"player_experience":320531,"relics_obtained":[{"floor":7.0,"key":"Whetstone"},{"floor":9.0,"key":"Akabeko"},{"floor":13.0,"key":"Nunchaku"},{"floor":23,"key":"Orichalcum"}],"event_choices":[{"damage_healed":0.0,"max_hp_gain":0.0,"max_hp_loss":7.0,"gold_gain":0.0,"event_name":"Golden Idol","player_choice":"Lose Max HP","floor":2.0,"gold_loss":0.0,"damage_taken":0.0,"relics_obtained":["Golden Idol"]},{"damage_healed":0.0,"max_hp_gain":0.0,"max_hp_loss":0.0,"gold_gain":0.0,"event_name":"Liars Game","player_choice":"Ignored","floor":3.0,"gold_loss":0.0,"damage_taken":0.0},{"damage_healed":0.0,"max_hp_gain":0.0,"max_hp_loss":0.0,"gold_gain":0.0,"event_name":"Lab","player_choice":"Got Potions","floor":8.0,"gold_loss":0.0,"damage_taken":0.0},{"damage_healed":0.0,"max_hp_gain":0.0,"max_hp_loss":0.0,"gold_gain":0.0,"event_name":"Ghosts","player_choice":"Ignored","floor":19.0,"gold_loss":0.0,"damage_taken":0.0},{"damage_healed":0.0,"max_hp_gain":0.0,"max_hp_loss":0.0,"gold_gain":0.0,"event_name":"The Library","player_choice":"Read","floor":20.0,"gold_loss":0.0,"damage_taken":0.0,"cards_obtained":["Seeing Red"]}],"is_beta":false,"boss_relics":[{"not_picked":["Snecko Eye","Tiny House"],"picked":"SacredBark"}],"items_purged_floors":[14],"is_endless":false,"potions_floor_spawned":[4,7,13,21,23],"killed_by":"Slavers","ascension_level":15}}