{"host":"kda2p2afd6bvz6qo","time":1611354512,"event":{"mods":["BaseMod","Colored Map","Minty Spire (QoL Compilation)","Relic Stats"],"gold_per_floor":[114,264,264,274,46,80,80,91,160,180,180,190,190,225,225,225,225],"floor_reached":16,"language":"ENG","playtime":605,"items_purged":["Doubt"],"score":270,"play_id":"edb1c8fe-2c4f-4bee-8e36-aed4bcf77c27","local_time":"20210122222832","is_ascension_mode":true,"campfire_choices":[{"data":"Crippling Poison","floor":7,"key":"SMITH"},{"floor":13,"key":"REST"},{"floor":15,"key":"REST"}],"circlet_count":0,"master_deck":["AscendersBane","Strike_G","Strike_G","Strike_G","Strike_G","Strike_G","Defend_G","Defend_G","Defend_G","Defend_G","Defend_G","Survivor","Neutralize","Flying Knee","Deadly Poison","Night Terror","Crippling Poison+1","Predator+1","Terror","Noxious Fumes"],"relics":["Ring of the Snake","NeowsBlessing","Tiny Chest","The Courier","Kunai","Gremlin Horn"],"acts_visited":["Exordium"],"potions_floor_usage":[10,12,14,16],"damage_taken":[{"damage":0,"enemies":"Cultist","floor":1,"turns":1},{"damage":0,"enemies":"Jaw Worm","floor":4,"turns":1},{"damage":0,"enemies":"3 Sentries","floor":6,"turns":1},{"damage":6,"enemies":"Small Slimes","floor":8,"turns":4},{"damage":0,"enemies":"Gremlin Gang","floor":10,"turns":2},{"damage":8,"enemies":"3 Louse","floor":12,"turns":2},{"damage":15,"enemies":"Lagavulin","floor":14,"turns":4},{"damage":33,"enemies":"Slime Boss","floor":16,"turns":7}],"seed_played":"4595314648019238812","potions_obtained":[{"floor":6,"key":"SkillPotion"},{"floor":8,"key":"DuplicationPotion"},{"floor":10,"key":"AttackPotion"},{"floor":14,"key":"GhostInAJar"}],"is_trial":false,"path_per_floor":["M","?","?","M","$","E","R","M","T","M","?","M","R","E","R","B"],"character_chosen":"THE_SILENT","items_purchased":["Night Terror"],"campfire_rested":2,"item_purchase_floors":[5],"current_hp_per_floor":[59,59,24,24,24,24,24,18,18,18,18,10,29,14,33,0,0],"gold":225,"neow_bonus":"THREE_ENEMY_KILL","is_daily":false,"chose_seed":false,"campfire_upgraded":1,"win_rate":0.0,"timestamp":1611354512,"path_taken":["M","?","?","M","$","E","R","M","T","M","?","M","R","E","R","BOSS"],"items_purchased_type":["Card"],"build_version":"2020-12-22","purchased_purges":1,"victory":false,"max_hp_per_floor":[66,66,66,66,66,66,66,66,66,66,66,66,66,66,66,66,66],"relic_stats":{"Gremlin Horn":[1,1],"counters":[8,22],"Tiny Chest":0,"Kunai":[3],"obtain_stats":[{"NeowsBlessing":0,"Gremlin Horn":14,"Tiny Chest":3,"The Courier":6,"Kunai":9,"Ring of the Snake":0},{"NeowsBlessing":0,"Gremlin Horn":7,"Tiny Chest":1,"The Courier":3,"Kunai":4,"Ring of the Snake":0},{"NeowsBlessing":0,"Gremlin Horn":15,"Tiny Chest":1,"The Courier":3,"Kunai":7,"Ring of the Snake":0}],"Ring of the Snake":[16]},"card_choices":[{"not_picked":["Backstab","Acrobatics"],"picked":"Flying Knee","floor":1},{"not_picked":["Choke","Escape Plan"],"picked":"Deadly Poison","floor":4},{"not_picked":["Calculated Gamble","Bouncing Flask"],"picked":"Crippling Poison","floor":6},{"not_picked":["Dodge and Roll","Heel Hook"],"picked":"Predator","floor":8},{"not_picked":["Slice","Predator","Flying Knee"],"picked":"SKIP","floor":10},{"not_picked":["Predator","Skewer"],"picked":"Terror","floor":12},{"not_picked":["PiercingWail","Backflip"],"picked":"Noxious Fumes","floor":14}],"player_experience":156348,"relics_obtained":[{"floor":6,"key":"The Courier"},{"floor":9,"key":"Kunai"},{"floor":14,"key":"Gremlin Horn"}],"event_choices":[{"damage_healed":0,"gold_gain":150,"player_choice":"AGREE","damage_taken":0,"max_hp_gain":0,"max_hp_loss":0,"event_name":"Liars Game","floor":2,"gold_loss":0,"cards_obtained":["Doubt"]},{"damage_healed":0,"gold_gain":0,"player_choice":"Success","damage_taken":35,"relics_obtained":["Tiny Chest"],"max_hp_gain":0,"max_hp_loss":0,"event_name":"Scrap Ooze","floor":3,"gold_loss":0},{"damage_healed":0,"gold_gain":0,"player_choice":"Upgraded","damage_taken":0,"max_hp_gain":0,"max_hp_loss":0,"event_name":"Upgrade Shrine","floor":11,"gold_loss":0,"cards_upgraded":["Predator"]}],"is_beta":false,"boss_relics":[],"items_purged_floors":[5],"is_endless":false,"potions_floor_spawned":[6,8,10,14],"killed_by":"Slime Boss","ascension_level":20}}