{"host":"vsgmwxc1n8l4tqfd","time":1611302267,"event":{"mods":["AchievementEnabler","BaseMod","Bestiary","Block Reminder","Colored Map","Colored Powertips","Minty Spire (QoL Compilation)","Quick Restart"],"gold_per_floor":[115,65,75,89,89,89,105,105,105,105,115,140,16,0,0,101,101,112,112,130,130,56,56,67,80,133,144,144,162,112,128,128,128,128],"floor_reached":33,"language":"ENG","playtime":1736,"items_purged":[],"score":249,"play_id":"88a52e6d-cba1-41d4-83f5-7a07f8786e63","local_time":"20210122075747","is_ascension_mode":false,"campfire_choices":[{"data":"Body Slam","floor":6,"key":"SMITH"},{"data":"Armaments","floor":8,"key":"SMITH"},{"data":"Entrench","floor":15,"key":"SMITH"},{"floor":23,"key":"REST"},{"floor":28,"key":"REST"},{"floor":32,"key":"REST"}],"circlet_count":0,"master_deck":["Strike_R","Strike_R","Strike_R","Strike_R","Defend_R+1","Defend_R","Defend_R","Defend_R","Finesse","Body Slam+1","Armaments+1","Demon Form","Body Slam","Seeing Red+1","Armaments","Entrench+1","Shrug It Off","Flex","Juggernaut","Dark Embrace","Pummel","Shockwave+1","Impervious","Shrug It Off","Intimidate+1","Entrench+1"],"relics":["Burning Blood","Meat on the Bone","Girya","Sozu","Mummified Hand","Lantern","War Paint"],"acts_visited":["Exordium","TheCity"],"potions_floor_usage":[11,12,12,18],"damage_taken":[{"damage":2,"enemies":"2 Louse","floor":1,"turns":3},{"damage":8,"enemies":"Jaw Worm","floor":3,"turns":4},{"damage":0,"enemies":"Small Slimes","floor":4,"turns":5},{"damage":12,"enemies":"Exordium Thugs","floor":7,"turns":7},{"damage":5,"enemies":"Exordium Wildlife","floor":11,"turns":3},{"damage":6,"enemies":"3 Sentries","floor":12,"turns":9},{"damage":0,"enemies":"Looter","floor":14,"turns":4},{"damage":46,"enemies":"The Guardian","floor":16,"turns":15},{"damage":14,"enemies":"Shell Parasite","floor":18,"turns":7},{"damage":18,"enemies":"3 Byrds","floor":20,"turns":5},{"damage":24,"enemies":"Shelled Parasite and Fungi","floor":24,"turns":5},{"damage":54,"enemies":"Cultist and Chosen","floor":25,"turns":7},{"damage":4,"enemies":"Snecko","floor":27,"turns":5},{"damage":2,"enemies":"Chosen and Byrds","floor":29,"turns":5},{"damage":12,"enemies":"Centurion and Healer","floor":31,"turns":8},{"damage":93,"enemies":"Collector","floor":33,"turns":7}],"seed_played":"-1879508619279683749","potions_obtained":[{"floor":3,"key":"Swift Potion"},{"floor":7,"key":"Strength Potion"},{"floor":10,"key":"LiquidMemories"},{"floor":16,"key":"Explosive Potion"}],"is_trial":false,"path_per_floor":["M","?","M","M","?","R","M","R","T","?","M","E","$","M","R","B",null,"M","?","M","T","?","R","M","M","T","M","R","M","?","M","R","B"],"character_chosen":"IRONCLAD","items_purchased":["Entrench","Shrug It Off"],"campfire_rested":3,"item_purchase_floors":[13,13],"current_hp_per_floor":[80,80,78,80,73,73,67,67,67,67,68,68,68,74,74,46,80,72,72,60,60,60,80,62,26,26,40,64,68,68,62,80,0,0],"gold":128,"neow_bonus":"RANDOM_COLORLESS","is_daily":false,"chose_seed":false,"campfire_upgraded":3,"win_rate":0.0,"timestamp":1611302267,"path_taken":["M","?","M","M","?","R","M","R","T","?","M","E","$","M","R","BOSS","M","?","M","?","?","R","M","M","T","?","R","M","?","M","R","BOSS"],"items_purchased_type":["Card","Card"],"build_version":"2020-12-22","purchased_purges":0,"victory":false,"max_hp_per_floor":[80,80,80,80,80,80,80,80,80,80,80,80,80,80,80,80,80,80,80,80,80,80,80,80,80,80,80,80,80,80,80,80,80,80],"card_choices":[{"not_picked":["Forethought","Blind"],"picked":"Finesse","floor":0.0},{"not_picked":["Infernal Blade","Dual Wield"],"picked":"Body Slam","floor":1},{"not_picked":["Cleave","Body Slam"],"picked":"Armaments","floor":3},{"not_picked":["Cleave","Twin Strike"],"picked":"Demon Form","floor":4},{"not_picked":["Pommel Strike","Thunderclap"],"picked":"Body Slam","floor":7},{"not_picked":["Perfected Strike","Burning Pact"],"picked":"Seeing Red","floor":11},{"not_picked":["Twin Strike","Demon Form"],"picked":"Armaments","floor":12},{"not_picked":["Body Slam","Clothesline"],"picked":"Flex","floor":14},{"not_picked":["Double Tap","Berserk"],"picked":"Juggernaut","floor":16},{"not_picked":["Twin Strike","Hemokinesis"],"picked":"Dark Embrace","floor":18},{"not_picked":["Combust+1","Sword Boomerang"],"picked":"Pummel","floor":20},{"not_picked":["Perfected Strike","Warcry"],"picked":"Shockwave+1","floor":24},{"not_picked":["True Grit","Blood for Blood"],"picked":"Impervious","floor":25},{"not_picked":["Perfected Strike+1","Sword Boomerang"],"picked":"Shrug It Off","floor":27},{"not_picked":["Shockwave+1","Warcry"],"picked":"Intimidate+1","floor":29},{"not_picked":["Disarm+1","Clothesline+1"],"picked":"Entrench+1","floor":31}],"player_experience":57098,"relics_obtained":[{"floor":9,"key":"Meat on the Bone"},{"floor":12,"key":"Girya"},{"floor":21,"key":"Mummified Hand"},{"floor":26,"key":"War Paint"}],"event_choices":[{"cards_removed":["Strike_R"],"damage_healed":0,"gold_gain":0,"player_choice":"Card Removal","damage_taken":0,"max_hp_gain":0,"max_hp_loss":0,"event_name":"The Cleric","floor":2,"gold_loss":50},{"cards_removed":["Bash"],"damage_healed":0,"gold_gain":0,"player_choice":"Card Removal","damage_taken":7,"max_hp_gain":0,"max_hp_loss":0,"event_name":"Golden Wing","floor":5,"gold_loss":0},{"damage_healed":0,"gold_gain":0,"player_choice":"Got Potions","damage_taken":0,"max_hp_gain":0,"max_hp_loss":0,"event_name":"Lab","floor":10,"gold_loss":0},{"damage_healed":0,"gold_gain":0,"player_choice":"Ignored","damage_taken":0,"max_hp_gain":0,"max_hp_loss":0,"event_name":"Vampires","floor":19,"gold_loss":0},{"damage_healed":0,"gold_gain":0,"player_choice":"Paid Gold","damage_taken":0,"relics_obtained":["Lantern"],"max_hp_gain":0,"max_hp_loss":0,"event_name":"WeMeetAgain","floor":22,"gold_loss":74},{"damage_healed":0,"gold_gain":0,"player_choice":"Bet on Owner","damage_taken":0,"max_hp_gain":0,"max_hp_loss":0,"event_name":"The Joust","floor":30,"gold_loss":50}],"is_beta":false,"boss_relics":[{"not_picked":["Astrolabe","Busted Crown"],"picked":"Sozu"}],"items_purged_floors":[],"is_endless":false,"potions_floor_spawned":[3,7,16,18,20,24,29],"killed_by":"Collector","ascension_level":0}}