{"host":"qxeepl7ydvsgmfdb","time":1611323578,"event":{"mods":["AchievementEnabler","BaseMod","Colored Powertips","Minty Spire (QoL Compilation)","Quick Restart","slay the spire mod where everything is the same but ironclad has a cowboy hat"],"gold_per_floor":[119,119,136,211,62,93,45,45,69,69,69,116,135,147,147,250,250,266,266,365,365,379,410,410,420,446,22,22,22,22,42,42,137,137,152,152,171,103,13,13,13,13],"floor_reached":41,"language":"ENG","playtime":1343,"items_purged":[],"score":495,"play_id":"690ac5e0-0553-42ad-be58-f3f06e2fa27e","local_time":"20210122085258","is_ascension_mode":true,"campfire_choices":[{"data":"Dualcast","floor":8,"key":"SMITH"},{"data":"Doom and Gloom","floor":11,"key":"SMITH"},{"floor":15,"key":"REST"},{"data":"Redo","floor":24,"key":"SMITH"},{"floor":28,"key":"REST"},{"data":"Defragment","floor":30,"key":"SMITH"},{"floor":32,"key":"REST"},{"floor":40,"key":"REST"}],"circlet_count":0,"master_deck":["Defend_B","Defend_B+1","Defend_B+1","Zap+1","Dualcast+1","Doom and Gloom+1","Coolheaded","Cold Snap","Melter","Redo+1","Capacitor","Ball Lightning","Defragment+1","Electrodynamics","Fusion+1"],"relics":["Cracked Core","NeowsBlessing","War Paint","Toy Ornithopter","Pantograph","Omamori","Ancient Tea Set","SlaversCollar","Art of War","Vajra","Emotion Chip","Empty Cage"],"acts_visited":["TheCity","TheBeyond"],"potions_floor_usage":[23,25,33,33,41,41,41],"damage_taken":[{"damage":0,"enemies":"Jaw Worm","floor":1,"turns":1},{"damage":0,"enemies":"Small Slimes","floor":3,"turns":1},{"damage":0,"enemies":"Gremlin Nob","floor":6,"turns":1},{"damage":0,"enemies":"2 Louse","floor":13,"turns":2},{"damage":0,"enemies":"Large Slime","floor":14,"turns":3},{"damage":65,"enemies":"Hexaghost","floor":16,"turns":10},{"damage":28,"enemies":"Chosen","floor":18,"turns":7},{"damage":9,"enemies":"Shell Parasite","floor":22,"turns":5},{"damage":15,"enemies":"Gremlin Leader","floor":23,"turns":6},{"damage":5,"enemies":"Shelled Parasite and Fungi","floor":25,"turns":6},{"damage":16,"enemies":"Snake Plant","floor":31,"turns":2},{"damage":67,"enemies":"Collector","floor":33,"turns":10},{"damage":17,"enemies":"Orb Walker","floor":35,"turns":3},{"damage":40,"enemies":"3 Darklings","floor":37,"turns":3},{"damage":121,"enemies":"Giant Head","floor":41,"turns":9}],"seed_played":"3079883889759100504","potions_obtained":[{"floor":1,"key":"SkillPotion"},{"floor":3,"key":"BlessingOfTheForge"},{"floor":25,"key":"DuplicationPotion"},{"floor":33,"key":"FairyPotion"},{"floor":35,"key":"EntropicBrew"}],"is_trial":false,"path_per_floor":["M","?","M","?","$","E","$","R","T","?","R","T","M","M","R","B",null,"M","?","?","?","M","E","R","M","T","$","R","$","R","M","R","B",null,"M","?","M","$","?","R","E"],"character_chosen":"DEFECT","items_purchased":["Toy Ornithopter","PowerPotion","Ball Lightning","Defragment","Emotion Chip","Fusion"],"campfire_rested":4,"item_purchase_floors":[5,7,27,27,27,38],"current_hp_per_floor":[75,68,68,57,57,57,57,57,57,42,42,42,42,42,64,10,75,47,47,47,47,38,28,28,28,28,28,50,50,50,34,56,13,75,58,58,18,18,18,40,0,0],"gold":13,"neow_bonus":"THREE_ENEMY_KILL","is_daily":false,"chose_seed":false,"campfire_upgraded":4,"win_rate":0.0,"timestamp":1611323578,"path_taken":["M","?","M","?","$","E","?","R","T","?","R","?","M","M","R","BOSS","M","?","?","?","?","E","R","M","T","$","R","?","R","M","R","BOSS","M","?","M","$","?","R","E"],"items_purchased_type":["Relic","Potion","Card","Card","Relic","Card"],"build_version":"2020-12-22","purchased_purges":0,"victory":false,"max_hp_per_floor":[75,75,75,75,75,75,75,75,75,75,75,75,75,75,75,75,75,75,75,75,75,75,75,75,75,75,75,75,75,75,75,75,75,75,75,75,75,75,75,75,75,75],"card_choices":[{"not_picked":["Reprogram","Turbo"],"picked":"Doom and Gloom","floor":1},{"not_picked":["Beam Cell","Stack","Steam"],"picked":"SKIP","floor":3},{"not_picked":["Core Surge","Steam","Gash"],"picked":"SKIP","floor":6},{"not_picked":["Turbo","Force Field"],"picked":"Coolheaded","floor":13},{"not_picked":["Sunder","Heatsinks"],"picked":"Cold Snap","floor":14},{"not_picked":["Darkness","Recycle+1"],"picked":"Melter","floor":18},{"not_picked":["Steam","Melter","Barrage"],"picked":"SKIP","floor":22},{"not_picked":["Steam Power","Chill"],"picked":"Redo","floor":23},{"not_picked":["Sweeping Beam","Beam Cell"],"picked":"Capacitor","floor":25},{"not_picked":["Stack","Hyperbeam"],"picked":"Beam Cell+1","floor":31},{"not_picked":["Amplify","Creative AI"],"picked":"Electrodynamics","floor":33},{"not_picked":["Streamline","Undo","Capacitor+1"],"picked":"SKIP","floor":35},{"not_picked":["Loop+1","Darkness+1","Static Discharge"],"picked":"SKIP","floor":37}],"player_experience":201408,"relics_obtained":[{"floor":6,"key":"Pantograph"},{"floor":9,"key":"Omamori"},{"floor":12,"key":"Ancient Tea Set"},{"floor":23,"key":"Art of War"},{"floor":26,"key":"Vajra"}],"event_choices":[{"damage_healed":0,"gold_gain":0,"player_choice":"Success","damage_taken":7,"relics_obtained":["War Paint"],"max_hp_gain":0,"max_hp_loss":0,"event_name":"Scrap Ooze","floor":2,"gold_loss":0},{"damage_healed":0,"gold_gain":75,"player_choice":"Gather Gold","damage_taken":11,"max_hp_gain":0,"max_hp_loss":0,"event_name":"World of Goop","floor":4,"gold_loss":0},{"damage_healed":0,"gold_gain":0,"player_choice":"Entered Light","damage_taken":15,"max_hp_gain":0,"max_hp_loss":0,"event_name":"Shining Light","floor":10,"gold_loss":0,"cards_upgraded":["Defend_B","Defend_B"]},{"cards_removed":["Strike_B"],"damage_healed":0,"gold_gain":0,"player_choice":"Elegance","damage_taken":0,"max_hp_gain":0,"max_hp_loss":0,"event_name":"Back to Basics","floor":19,"gold_loss":0},{"damage_healed":0,"gold_gain":99,"player_choice":"Stole From Cult","damage_taken":0,"max_hp_gain":0,"max_hp_loss":0,"event_name":"Nest","floor":20,"gold_loss":0},{"cards_removed":["Strike_B"],"damage_healed":0,"gold_gain":0,"player_choice":"Purged","damage_taken":0,"max_hp_gain":0,"max_hp_loss":0,"event_name":"Purifier","floor":21,"gold_loss":0},{"cards_removed":["Defend_B"],"damage_healed":0,"gold_gain":0,"player_choice":"Removed Skill","damage_taken":0,"max_hp_gain":0,"max_hp_loss":0,"event_name":"Falling","floor":36,"gold_loss":0},{"cards_removed":["Beam Cell"],"damage_healed":0,"gold_gain":0,"player_choice":"Upgrade and Remove","damage_taken":0,"max_hp_gain":0,"max_hp_loss":0,"event_name":"Designer","floor":39,"gold_loss":90,"cards_upgraded":["Fusion"]}],"is_beta":false,"boss_relics":[{"not_picked":["Tiny House","Velvet Choker"],"picked":"SlaversCollar"},{"not_picked":["Runic Dome","Runic Pyramid"],"picked":"Empty Cage"}],"items_purged_floors":[],"is_endless":false,"potions_floor_spawned":[1,3,18,25,33,35],"killed_by":"Giant Head","ascension_level":3}}