{"host":"rolltorest","time":1611277241,"event":{"mods":["BaseMod","Minty Spire (QoL Compilation)","Relic Stats","Slay the Relics Exporter","StSLib"],"gold_per_floor":[116,116,129,139,156,156,182,201,251,285,309,309,329,358,358,434,434,453,466,483,138,63,63,91,91,91,91,126,26,26,41,41,119,119,135,154,40,51,51,51,78,78,102,130,130,144,154,179,179,179,179],"floor_reached":50,"language":"ENG","playtime":2151,"items_purged":["Strike_R","Strike_R"],"score":1405,"play_id":"92da09ce-2832-408b-83c7-5ffd0ea0ebaa","local_time":"20210121170041","is_ascension_mode":true,"campfire_choices":[{"data":"Immolate","floor":6,"key":"SMITH"},{"data":"Flame Barrier","floor":12,"key":"SMITH"},{"data":"Power Through","floor":15,"key":"SMITH"},{"data":"Feed","floor":23,"key":"SMITH"},{"data":"Dark Embrace","floor":25,"key":"SMITH"},{"data":"Second Wind","floor":27,"key":"SMITH"},{"data":"Power Through","floor":32,"key":"SMITH"},{"data":"Juggernaut","floor":40,"key":"SMITH"},{"data":"Burning Pact","floor":42,"key":"SMITH"},{"floor":49,"key":"RECALL"}],"circlet_count":0,"master_deck":["AscendersBane","Defend_R","Defend_R+1","Defend_R+1","Defend_R","Bash","Perfected Strike","Immolate+1","Uppercut","Power Through+1","Ghostly Armor","Headbutt","Flame Barrier+1","Second Wind+1","Thunderclap","Feed+1","CurseOfTheBell","Dropkick","Battle Trance","Dark Embrace+1","Shrug It Off","Limit Break","Shockwave","Power Through+1","Juggernaut+1","Warcry+1","Burning Pact+1","Writhe","Body Slam+1","Parasite","Battle Trance"],"relics":["Coffee Dripper","Magic Flower","Boot","Sundial","PreservedInsect","Tiny Chest","Calling Bell","War Paint","Mercury Hourglass","Ginger","Lee\u0027s Waffle","Bronze Scales","Bag of Preparation","Pen Nib","Cursed Key","MealTicket","Happy Flower","Juzu Bracelet","Potion Belt"],"acts_visited":["Exordium","TheCity","TheBeyond"],"potions_floor_usage":[16,16,33,50],"damage_taken":[{"damage":8,"enemies":"2 Louse","floor":1,"turns":3},{"damage":6,"enemies":"Cultist","floor":3,"turns":3},{"damage":3,"enemies":"Small Slimes","floor":4,"turns":2},{"damage":0,"enemies":"2 Fungi Beasts","floor":5,"turns":2},{"damage":15,"enemies":"Lagavulin","floor":7,"turns":5},{"damage":5,"enemies":"Exordium Thugs","floor":8,"turns":3},{"damage":6,"enemies":"Gremlin Nob","floor":10,"turns":3},{"damage":0,"enemies":"Large Slime","floor":13,"turns":3},{"damage":15,"enemies":"Lagavulin","floor":14,"turns":5},{"damage":28,"enemies":"The Guardian","floor":16,"turns":13},{"damage":0,"enemies":"2 Thieves","floor":18,"turns":1},{"damage":4,"enemies":"3 Byrds","floor":19,"turns":3},{"damage":14,"enemies":"Centurion and Healer","floor":20,"turns":7},{"damage":20,"enemies":"Book of Stabbing","floor":24,"turns":4},{"damage":0,"enemies":"Gremlin Leader","floor":28,"turns":5},{"damage":4,"enemies":"3 Cultists","floor":31,"turns":2},{"damage":0,"enemies":"Champ","floor":33,"turns":23},{"damage":0,"enemies":"Orb Walker","floor":35,"turns":4},{"damage":0,"enemies":"3 Darklings","floor":36,"turns":3},{"damage":21,"enemies":"Sphere and 2 Shapes","floor":38,"turns":3},{"damage":40,"enemies":"Reptomancer","floor":41,"turns":5},{"damage":15,"enemies":"Nemesis","floor":44,"turns":8},{"damage":0,"enemies":"4 Shapes","floor":46,"turns":6},{"damage":6,"enemies":"Jaw Worm Horde","floor":47,"turns":5},{"damage":4,"enemies":"Giant Head","floor":48,"turns":6},{"damage":64,"enemies":"Time Eater","floor":50,"turns":11}],"seed_played":"3361712421325589489","potions_obtained":[{"floor":1,"key":"SmokeBomb"},{"floor":3,"key":"GamblersBrew"},{"floor":13,"key":"BloodPotion"},{"floor":16,"key":"Ancient Potion"},{"floor":19,"key":"Energy Potion"},{"floor":31,"key":"PowerPotion"},{"floor":33,"key":"FairyPotion"},{"floor":48,"key":"SkillPotion"}],"is_trial":false,"path_per_floor":["M","?","M","M","M","R","E","M","T","E","T","R","M","E","R","B",null,"M","M","M","$","?","R","E","R","T","R","E","$","?","M","R","B",null,"M","M","$","M","T","R","E","R","T","E","?","M","M","E","R","B"],"character_chosen":"IRONCLAD","items_purchased":["Dark Embrace","Lee\u0027s Waffle","Shrug It Off","CultistPotion"],"campfire_rested":0,"item_purchase_floors":[21,21,21,37],"current_hp_per_floor":[60,60,54,51,51,51,36,31,31,25,25,25,25,10,10,5,58,58,54,45,85,85,85,71,71,71,71,71,71,71,67,67,73,88,88,88,88,67,67,67,33,33,33,18,18,24,24,26,26,15,15],"gold":179,"neow_bonus":"BOSS_RELIC","is_daily":false,"chose_seed":false,"campfire_upgraded":9,"win_rate":0.0,"timestamp":1611277241,"path_taken":["M","?","M","M","?","R","E","M","T","E","?","R","M","E","R","BOSS","M","M","M","$","?","R","E","R","T","R","E","$","?","M","R","BOSS","M","M","$","?","?","R","E","R","T","E","?","M","M","E","R","BOSS"],"items_purchased_type":["Card","Relic","Card","Potion"],"build_version":"2020-12-18","purchased_purges":2,"victory":false,"max_hp_per_floor":[75,75,75,75,75,75,75,75,75,75,75,75,75,75,75,75,75,75,75,78,85,85,85,89,89,89,89,89,89,89,89,89,93,93,93,93,93,93,93,93,97,97,97,97,97,101,105,109,109,109,109],"relic_stats":{"Lee\u0027s Waffle":40,"Happy Flower":[12],"counters":[26,138],"Magic Flower":[38],"PreservedInsect":370,"Pen Nib":[9],"Bag of Preparation":[24],"Juzu Bracelet":1,"Ginger":[10],"War Paint":["Defend_R","Defend_R"],"Boot":[53],"Cursed Key":2,"Mercury Hourglass":[301],"Sundial":[14],"Bronze Scales":[216],"Tiny Chest":1,"MealTicket":0,"obtain_stats":[{"Potion Belt":48,"Lee\u0027s Waffle":21,"Happy Flower":43,"Magic Flower":7,"PreservedInsect":11,"Pen Nib":28,"Bag of Preparation":26,"Juzu Bracelet":44,"Ginger":17,"War Paint":17,"Boot":9,"Cursed Key":34,"Burning Blood":0,"Mercury Hourglass":17,"Calling Bell":17,"Sundial":10,"Bronze Scales":24,"Tiny Chest":14,"MealTicket":41,"Coffee Dripper":0},{"Potion Belt":25,"Lee\u0027s Waffle":13,"Happy Flower":21,"Magic Flower":5,"PreservedInsect":7,"Pen Nib":15,"Bag of Preparation":14,"Juzu Bracelet":22,"Ginger":10,"War Paint":10,"Boot":6,"Cursed Key":17,"Burning Blood":0,"Mercury Hourglass":10,"Calling Bell":10,"Sundial":7,"Bronze Scales":14,"Tiny Chest":9,"MealTicket":21,"Coffee Dripper":0},{"Potion Belt":127,"Lee\u0027s Waffle":53,"Happy Flower":102,"Magic Flower":15,"PreservedInsect":21,"Pen Nib":62,"Bag of Preparation":57,"Juzu Bracelet":110,"Ginger":42,"War Paint":42,"Boot":18,"Cursed Key":87,"Burning Blood":0,"Mercury Hourglass":42,"Calling Bell":42,"Sundial":21,"Bronze Scales":57,"Tiny Chest":29,"MealTicket":102,"Coffee Dripper":0}]},"card_choices":[{"not_picked":["Flame Barrier","Iron Wave"],"picked":"Perfected Strike","floor":1},{"not_picked":["Spot Weakness","Body Slam"],"picked":"Uppercut","floor":3},{"not_picked":["Anger","Clothesline"],"picked":"Power Through","floor":4},{"not_picked":["Flex","Entrench"],"picked":"Ghostly Armor","floor":5},{"not_picked":["Heavy Blade","Perfected Strike"],"picked":"Headbutt","floor":7},{"not_picked":["Sword Boomerang","Iron Wave","Bludgeon"],"picked":"SKIP","floor":8},{"not_picked":["Second Wind","Spot Weakness"],"picked":"Flame Barrier","floor":10},{"not_picked":["Searing Blow","Heavy Blade"],"picked":"Second Wind","floor":13},{"not_picked":["Warcry","Body Slam"],"picked":"Thunderclap","floor":14},{"not_picked":["Corruption","Offering"],"picked":"Feed","floor":16},{"not_picked":["Combust","Sword Boomerang"],"picked":"Dropkick","floor":18},{"not_picked":["Warcry","Body Slam","Twin Strike"],"picked":"SKIP","floor":19},{"not_picked":["Flame Barrier","Wild Strike"],"picked":"Battle Trance","floor":20},{"not_picked":["Rampage","Thunderclap"],"picked":"Limit Break","floor":24},{"not_picked":["Armaments","Twin Strike"],"picked":"Shockwave","floor":28},{"not_picked":["Cleave","Heavy Blade+1"],"picked":"Power Through","floor":31},{"not_picked":["Limit Break","Fiend Fire"],"picked":"Juggernaut","floor":33},{"not_picked":["Seeing Red","Flex","Rampage+1"],"picked":"SKIP","floor":35},{"not_picked":["Sword Boomerang","Intimidate"],"picked":"Warcry+1","floor":36},{"not_picked":["Clothesline","Searing Blow"],"picked":"Burning Pact","floor":38},{"not_picked":["Cleave+1","Infernal Blade"],"picked":"Body Slam+1","floor":41},{"not_picked":["Iron Wave","Dark Embrace","Berserk"],"picked":"SKIP","floor":44},{"not_picked":["Dual Wield","Body Slam","Perfected Strike+1"],"picked":"SKIP","floor":46},{"not_picked":["Flex","Clothesline"],"picked":"Battle Trance","floor":47},{"not_picked":["Rampage","Entrench","Dropkick"],"picked":"SKIP","floor":48}],"player_experience":1757662,"relics_obtained":[{"floor":7,"key":"Magic Flower"},{"floor":9,"key":"Boot"},{"floor":10,"key":"Sundial"},{"floor":11,"key":"PreservedInsect"},{"floor":14,"key":"Tiny Chest"},{"floor":17,"key":"War Paint"},{"floor":17,"key":"Mercury Hourglass"},{"floor":17,"key":"Ginger"},{"floor":24,"key":"Bronze Scales"},{"floor":26,"key":"Bag of Preparation"},{"floor":28,"key":"Pen Nib"},{"floor":41,"key":"MealTicket"},{"floor":43,"key":"Happy Flower"},{"floor":44,"key":"Juzu Bracelet"},{"floor":48,"key":"Potion Belt"}],"event_choices":[{"damage_healed":0,"gold_gain":0,"cards_transformed":["Strike_R"],"player_choice":"Transformed","damage_taken":0,"max_hp_gain":0,"max_hp_loss":0,"event_name":"Transmorgrifier","floor":2,"gold_loss":0,"cards_obtained":["Immolate"]},{"cards_removed":["Strike_R"],"damage_healed":0,"gold_gain":0,"player_choice":"Gave Gold","damage_taken":0,"max_hp_gain":0,"max_hp_loss":0,"event_name":"Beggar","floor":22,"gold_loss":75},{"damage_healed":0,"gold_gain":0,"player_choice":"Got Potions","damage_taken":0,"max_hp_gain":0,"max_hp_loss":0,"event_name":"Lab","floor":30,"gold_loss":0},{"cards_removed":["Strike_R"],"damage_healed":0,"gold_gain":0,"player_choice":"Removed Attack","damage_taken":0,"max_hp_gain":0,"max_hp_loss":0,"event_name":"Falling","floor":45,"gold_loss":0}],"is_beta":true,"boss_relics":[{"not_picked":["Velvet Choker","Philosopher\u0027s Stone"],"picked":"Calling Bell"},{"not_picked":["Tiny House","Busted Crown"],"picked":"Cursed Key"}],"items_purged_floors":[21,29],"is_endless":false,"potions_floor_spawned":[1,3,13,16,19,20,31,33,35,38,48],"killed_by":"Time Eater","ascension_level":20}}