{"host":"4ag909k4xupnj24b","time":1611319202,"event":{"mods":["BaseMod","Minty Spire (QoL Compilation)","StSLib"],"gold_per_floor":[115,135,135,153,167,167,200,217,242,254,284,296,345,385,397,493,505,540,365,386,386,386,386],"floor_reached":22,"language":"ENG","playtime":1040,"items_purged":["Strike_B"],"score":347,"play_id":"db63cf53-a373-4a21-8e02-827d3c7b0393","local_time":"20210122044002","is_ascension_mode":true,"campfire_choices":[{"data":"Cold Snap","floor":6,"key":"SMITH"},{"floor":10,"key":"REST"},{"floor":12,"key":"REST"},{"data":"Reinforced Body","floor":15,"key":"SMITH"}],"circlet_count":0,"master_deck":["AscendersBane","Strike_B","Strike_B","Strike_B","Defend_B","Defend_B","Defend_B","Defend_B","Zap","Dualcast","Compile Driver","Barrage+1","Core Surge","Cold Snap+1","Streamline","Echo Form","Leap","Ball Lightning","Reinforced Body+1","Creative AI","Loop","Leap","Darkness"],"relics":["Runic Dome","Shuriken","MawBank","CeramicFish","Philosopher\u0027s Stone"],"acts_visited":["Exordium","TheCity"],"potions_floor_usage":[11,13,16],"damage_taken":[{"damage":3,"enemies":"2 Louse","floor":1,"turns":5},{"damage":0,"enemies":"Cultist","floor":2,"turns":3},{"damage":7,"enemies":"Jaw Worm","floor":4,"turns":4},{"damage":2,"enemies":"2 Fungi Beasts","floor":5,"turns":3},{"damage":24,"enemies":"Lagavulin","floor":7,"turns":6},{"damage":10,"enemies":"Exordium Thugs","floor":8,"turns":3},{"damage":30,"enemies":"Gremlin Gang","floor":11,"turns":3},{"damage":21,"enemies":"3 Sentries","floor":13,"turns":8},{"damage":1,"enemies":"2 Fungi Beasts","floor":14,"turns":3},{"damage":2,"enemies":"The Guardian","floor":16,"turns":9},{"damage":46,"enemies":"3 Byrds","floor":18,"turns":6},{"damage":0,"enemies":"Chosen","floor":20,"turns":5},{"damage":17,"enemies":"Masked Bandits","floor":22,"turns":3}],"seed_played":"6332918372742244152","potions_obtained":[{"floor":2,"key":"Regen Potion"},{"floor":7,"key":"Fire Potion"},{"floor":13,"key":"Energy Potion"},{"floor":14,"key":"Fire Potion"},{"floor":18,"key":"PotionOfCapacity"}],"is_trial":false,"path_per_floor":["M","M","?","M","M","R","E","M","T","R","M","R","E","M","R","B",null,"M","$","M","?","?"],"character_chosen":"DEFECT","items_purchased":["Fruit Juice","Leap"],"campfire_rested":2,"item_purchase_floors":[19,19],"current_hp_per_floor":[61,61,61,54,52,52,28,18,18,39,9,30,24,23,23,21,59,13,13,13,13,0,0],"gold":386,"neow_bonus":"BOSS_RELIC","is_daily":false,"chose_seed":false,"campfire_upgraded":2,"win_rate":0.0,"timestamp":1611319202,"path_taken":["M","M","?","M","M","R","E","M","T","R","M","R","E","?","R","BOSS","M","$","M","?","?"],"items_purchased_type":["Potion","Card"],"build_version":"2020-12-22","purchased_purges":1,"victory":false,"max_hp_per_floor":[71,71,71,71,71,71,71,71,71,71,71,71,71,71,71,71,71,71,71,71,71,71,71],"card_choices":[{"not_picked":["Turbo","Conserve Battery"],"picked":"Compile Driver","floor":1},{"not_picked":["BootSequence","Beam Cell"],"picked":"Barrage","floor":2},{"not_picked":["Double Energy","Beam Cell"],"picked":"Core Surge","floor":4},{"not_picked":["Sunder","Steam"],"picked":"Cold Snap","floor":5},{"not_picked":["Hello World","Conserve Battery"],"picked":"Streamline","floor":7},{"not_picked":["Undo","Turbo"],"picked":"Echo Form","floor":8},{"not_picked":["Skim","Rip and Tear"],"picked":"Leap","floor":11},{"not_picked":["Leap","Scrape"],"picked":"Ball Lightning","floor":13},{"not_picked":["All For One","Ball Lightning"],"picked":"Reinforced Body","floor":14},{"not_picked":["Fission","Rainbow"],"picked":"Creative AI","floor":16},{"not_picked":["Hologram","Rip and Tear+1"],"picked":"Loop","floor":18},{"not_picked":["Conserve Battery","Gash"],"picked":"Darkness","floor":20}],"player_experience":859798,"relics_obtained":[{"floor":7,"key":"Shuriken"},{"floor":9,"key":"MawBank"},{"floor":13,"key":"CeramicFish"}],"event_choices":[{"damage_healed":0,"gold_gain":0,"player_choice":"Upgraded","damage_taken":0,"max_hp_gain":0,"max_hp_loss":0,"event_name":"Upgrade Shrine","floor":3,"gold_loss":0,"cards_upgraded":["Barrage"]},{"damage_healed":0,"gold_gain":0,"player_choice":"Ignored","damage_taken":0,"max_hp_gain":0,"max_hp_loss":0,"event_name":"Vampires","floor":21,"gold_loss":0},{"damage_healed":0,"gold_gain":0,"player_choice":"Fought Bandits","damage_taken":0,"max_hp_gain":0,"max_hp_loss":0,"event_name":"Masked Bandits","floor":22,"gold_loss":0}],"is_beta":false,"boss_relics":[{"not_picked":["Cursed Key","Black Star"],"picked":"Philosopher\u0027s Stone"}],"items_purged_floors":[19],"is_endless":false,"potions_floor_spawned":[2,7,8,13,14,18],"killed_by":"Masked Bandits","ascension_level":15}}