{"host":"qgrlfjrqk9z96gfi","time":1611281740,"event":{"mods":["BaseMod","Block Reminder","Colored Map","Custom Start","DeckTracker","Minty Spire (QoL Compilation)"],"gold_per_floor":[99,99,99,99,99,99,99,99,99,99,99,99,12,12,12,12,12,12,12,12,12,12,12,12,12,12,12,12,12,12,12,12,12,12,12,12,12,12,12,12,12,12],"floor_reached":41,"language":"ENG","playtime":2014,"items_purged":[],"score":976,"play_id":"3ea5f418-cd9c-4539-bb1d-6044b9cc183a","local_time":"20210121161540","is_ascension_mode":true,"campfire_choices":[{"data":"Poisoned Stab","floor":6.0,"key":"SMITH"},{"floor":11.0,"key":"REST"},{"data":"Noxious Fumes","floor":15.0,"key":"SMITH"},{"floor":23.0,"key":"REST"},{"floor":25.0,"key":"REST"},{"floor":32.0,"key":"REST"},{"floor":40.0,"key":"REST"}],"circlet_count":0,"master_deck":["AscendersBane","Strike_G","Strike_G","Strike_G","Strike_G","Strike_G","Defend_G","Defend_G","Defend_G","Defend_G","Defend_G","Survivor","Neutralize","Quick Slash","Dagger Throw","Poisoned Stab+1","Masterful Stab","Backflip","PiercingWail","Crippling Poison","After Image","Glass Knife","Noxious Fumes+1","Envenom+1","PiercingWail","Blade Dance","Calculated Gamble+1","Calculated Gamble","Dagger Spray","After Image","Terror"],"relics":["Ectoplasm","Bloody Idol","Regal Pillow","Nunchaku","Pen Nib","Runic Pyramid","Ornamental Fan","Boot","Question Card","TungstenRod","Potion Belt","Black Star"],"acts_visited":["Exordium","TheCity","TheBeyond"],"potions_floor_usage":[41],"damage_taken":[{"damage":9.0,"enemies":"Small Slimes","floor":1.0,"turns":4.0},{"damage":1.0,"enemies":"Cultist","floor":2.0,"turns":4.0},{"damage":0.0,"enemies":"2 Louse","floor":5.0,"turns":2.0},{"damage":24.0,"enemies":"Lagavulin","floor":7.0,"turns":6.0},{"damage":13.0,"enemies":"Exordium Thugs","floor":8.0,"turns":4.0},{"damage":5.0,"enemies":"Large Slime","floor":10.0,"turns":5.0},{"damage":22.0,"enemies":"3 Sentries","floor":12.0,"turns":8.0},{"damage":5.0,"enemies":"Gremlin Gang","floor":14.0,"turns":5.0},{"damage":2.0,"enemies":"Hexaghost","floor":16.0,"turns":9.0},{"damage":27.0,"enemies":"3 Byrds","floor":18.0,"turns":5.0},{"damage":24.0,"enemies":"Chosen","floor":19.0,"turns":6.0},{"damage":15.0,"enemies":"Slavers","floor":24.0,"turns":5.0},{"damage":15.0,"enemies":"Book of Stabbing","floor":27.0,"turns":6.0},{"damage":0.0,"enemies":"Centurion and Healer","floor":28.0,"turns":6.0},{"damage":15.0,"enemies":"Shelled Parasite and Fungi","floor":29.0,"turns":6.0},{"damage":0.0,"enemies":"Gremlin Leader","floor":30.0,"turns":5.0},{"damage":0.0,"enemies":"Snecko","floor":31.0,"turns":5.0},{"damage":24.0,"enemies":"Champ","floor":33.0,"turns":9.0},{"damage":23.0,"enemies":"3 Darklings","floor":35.0,"turns":5.0},{"damage":0.0,"enemies":"Orb Walker","floor":37.0,"turns":3.0},{"damage":26.0,"enemies":"4 Shapes","floor":39.0,"turns":10.0},{"damage":60,"enemies":"Reptomancer","floor":41,"turns":5}],"seed_played":"7670091744361200231","potions_obtained":[{"floor":1.0,"key":"Energy Potion"},{"floor":7.0,"key":"SkillPotion"},{"floor":8.0,"key":"EntropicBrew"},{"floor":12.0,"key":"Fruit Juice"},{"floor":18.0,"key":"Swift Potion"},{"floor":24.0,"key":"DuplicationPotion"},{"floor":31.0,"key":"CultistPotion"},{"floor":33.0,"key":"BlessingOfTheForge"},{"floor":35.0,"key":"EssenceOfSteel"},{"floor":37.0,"key":"Strength Potion"}],"is_trial":false,"path_per_floor":["M","M","?","?","M","R","E","M","T","M","R","E","$","M","R","B",null,"M","M","$","?","T","R","E","R","T","E","M","M","E","M","R","B",null,"M","?","M","?","M","R","E"],"character_chosen":"THE_SILENT","items_purchased":["Glass Knife"],"campfire_rested":5,"item_purchase_floors":[13],"current_hp_per_floor":[50,49,49,49,49,49,25,12,12,7,40,23,23,18,18,16,53,26,2,2,2,2,36,21,55,55,40,40,25,25,25,59,35,58,35,35,35,35,9,42,0,0],"gold":12,"neow_bonus":"BOSS_RELIC","is_daily":false,"chose_seed":false,"campfire_upgraded":2,"win_rate":0.0,"timestamp":1611281740,"path_taken":["M","M","?","?","M","R","E","M","T","M","R","E","$","?","R","BOSS","M","M","$","?","?","R","E","R","T","E","M","M","E","M","R","BOSS","M","?","?","?","M","R","E"],"items_purchased_type":["Card"],"build_version":"2020-12-22","purchased_purges":0,"victory":false,"max_hp_per_floor":[66,66,60,60,60,60,60,60,60,60,60,65,65,65,65,65,65,65,65,65,65,65,65,65,65,65,65,65,65,65,65,65,65,65,65,65,65,62,62,62,62,62],"card_choices":[{"not_picked":["Concentrate","Deadly Poison"],"picked":"Quick Slash","floor":1.0},{"not_picked":["Escape Plan","Setup"],"picked":"Dagger Throw","floor":2.0},{"not_picked":["Prepared","Dodge and Roll"],"picked":"Masterful Stab","floor":5.0},{"not_picked":["Slice","Dagger Throw"],"picked":"Backflip","floor":7.0},{"not_picked":["Outmaneuver","Burst"],"picked":"PiercingWail","floor":8.0},{"not_picked":["Deadly Poison","Dagger Spray"],"picked":"Crippling Poison","floor":10.0},{"not_picked":["Backflip","Quick Slash"],"picked":"After Image","floor":12.0},{"not_picked":["Prepared","Underhanded Strike"],"picked":"Noxious Fumes","floor":14.0},{"not_picked":["Unload","Glass Knife"],"picked":"Envenom","floor":16.0},{"not_picked":["Deadly Poison","Masterful Stab"],"picked":"PiercingWail","floor":18.0},{"not_picked":["Cloak And Dagger","Prepared"],"picked":"Blade Dance","floor":19.0},{"not_picked":["Dagger Spray","All Out Attack"],"picked":"Calculated Gamble+1","floor":24.0},{"not_picked":["Setup","Envenom","Acrobatics","Eviscerate"],"picked":"SKIP","floor":27.0},{"not_picked":["Finisher","Expertise","Flying Knee"],"picked":"Calculated Gamble","floor":28.0},{"not_picked":["Acrobatics","Setup","Dodge and Roll","Flying Knee+1"],"picked":"SKIP","floor":29.0},{"not_picked":["Setup+1","Bane","Underhanded Strike"],"picked":"Dagger Spray","floor":30.0},{"not_picked":["Backflip","Outmaneuver","Distraction+1","Flying Knee"],"picked":"SKIP","floor":31.0},{"not_picked":["Unload","A Thousand Cuts","Envenom"],"picked":"After Image","floor":33.0},{"not_picked":["Deflect+1","Deadly Poison","Flying Knee"],"picked":"Terror","floor":35.0},{"not_picked":["Bane+1","Deflect","Skewer","Riddle With Holes"],"picked":"SKIP","floor":37.0},{"not_picked":["Underhanded Strike+1","Outmaneuver","Reflex+1","Flying Knee"],"picked":"SKIP","floor":39.0}],"player_experience":1038103,"relics_obtained":[{"floor":7.0,"key":"Regal Pillow"},{"floor":9.0,"key":"Nunchaku"},{"floor":12.0,"key":"Pen Nib"},{"floor":22.0,"key":"Ornamental Fan"},{"floor":24.0,"key":"Boot"},{"floor":26.0,"key":"Question Card"},{"floor":27.0,"key":"TungstenRod"},{"floor":30.0,"key":"Potion Belt"}],"event_choices":[{"damage_healed":0.0,"max_hp_gain":0.0,"max_hp_loss":6.0,"gold_gain":0.0,"event_name":"Golden Idol","player_choice":"Lose Max HP","floor":3.0,"gold_loss":0.0,"damage_taken":0.0,"relics_obtained":["Golden Idol"]},{"damage_healed":0.0,"max_hp_gain":0.0,"max_hp_loss":0.0,"gold_gain":0.0,"event_name":"Match and Keep!","player_choice":"1 cards matched","floor":4.0,"gold_loss":0.0,"damage_taken":0.0,"cards_obtained":["Poisoned Stab"]},{"damage_healed":0.0,"max_hp_gain":0.0,"max_hp_loss":0.0,"gold_gain":0.0,"event_name":"Forgotten Altar","player_choice":"Gave Idol","floor":21.0,"relics_lost":["Golden Idol"],"gold_loss":0.0,"damage_taken":0.0,"relics_obtained":["Bloody Idol"]},{"damage_healed":0.0,"max_hp_gain":0.0,"max_hp_loss":0.0,"gold_gain":0.0,"event_name":"Upgrade Shrine","player_choice":"Upgraded","floor":36.0,"gold_loss":0.0,"damage_taken":0.0,"cards_upgraded":["Envenom"]},{"damage_healed":0.0,"max_hp_gain":0.0,"max_hp_loss":3.0,"gold_gain":0.0,"event_name":"Winding Halls","player_choice":"Max HP","floor":38.0,"gold_loss":0.0,"damage_taken":0.0}],"is_beta":false,"boss_relics":[{"not_picked":["Velvet Choker","Tiny House"],"picked":"Runic Pyramid"},{"not_picked":["Sozu","Fusion Hammer"],"picked":"Black Star"}],"items_purged_floors":[],"is_endless":false,"potions_floor_spawned":[1,7,8,12,14,18,24,31,33,35,37],"killed_by":"Reptomancer","ascension_level":20}}