{"host":"guk5h31bsklpp7e4","time":1611286263,"event":{"mods":["AchievementEnabler","BaseMod","Colored Map","Colored Powertips","Highlight Path","Minty Spire (QoL Compilation)","Quick Restart"],"gold_per_floor":[109,59,59,72,85,117,117,142,216,196,211,236,113,123,123,220,220,237,237,253,253,153,153,169,198,223,223,237,247,247,647,647,743,743,753,753,753,753,309,309,329,329,378,378,395,415,415,432,432,432,432],"floor_reached":50,"language":"ENG","playtime":3496,"items_purged":["Strike_P","Pain","Strike_P"],"score":606,"play_id":"3bdb0083-8411-4b2b-9e9a-202dfe7ec1c4","local_time":"20210121223103","is_ascension_mode":true,"campfire_choices":[{"floor":7,"key":"REST"},{"data":"Eruption","floor":15,"key":"SMITH"},{"floor":23,"key":"RECALL"},{"data":"MentalFortress","floor":27,"key":"SMITH"},{"data":"ClearTheMind","floor":30,"key":"SMITH"},{"floor":32,"key":"REST"},{"data":"Vault","floor":40,"key":"SMITH"},{"data":"LikeWater","floor":42,"key":"SMITH"},{"data":"CarveReality","floor":44,"key":"SMITH"},{"floor":47,"key":"REST"},{"data":"DeusExMachina","floor":49,"key":"SMITH"}],"circlet_count":0,"master_deck":["Strike_P","Strike_P","Defend_P","Defend_P","Defend_P","Eruption+1","Vigilance","Dramatic Entrance","Protect","Halt","Tantrum","EmptyBody","MentalFortress+1","Crescendo","ClearTheMind+1","DeusExMachina+1","CarveReality+1","Adaptation+1","Writhe","Halt","Halt","SashWhip+1","CutThroughFate+1","Vault+1","LikeWater+1","FearNoEvil+1","Evaluate+1"],"relics":["PureWater","Ice Cream","Regal Pillow","Art of War","Pantograph","Bag of Preparation","Black Star","WarpedTongs","Letter Opener","Bottled Flame","Ancient Tea Set","Old Coin","Bottled Tornado","VioletLotus","Yang","Damaru"],"acts_visited":["Exordium","TheCity","TheBeyond"],"potions_floor_usage":[8,11,12,12,16,24,24,25,29,46],"damage_taken":[{"damage":0,"enemies":"Small Slimes","floor":1,"turns":2},{"damage":0,"enemies":"Jaw Worm","floor":4,"turns":4},{"damage":0,"enemies":"Cultist","floor":5,"turns":4},{"damage":32,"enemies":"3 Sentries","floor":6,"turns":8},{"damage":13,"enemies":"Lagavulin","floor":8,"turns":4},{"damage":8,"enemies":"Exordium Wildlife","floor":11,"turns":5},{"damage":0,"enemies":"Gremlin Nob","floor":12,"turns":2},{"damage":0,"enemies":"Gremlin Gang","floor":14,"turns":2},{"damage":13,"enemies":"The Guardian","floor":16,"turns":10},{"damage":0,"enemies":"Chosen","floor":18,"turns":4},{"damage":0,"enemies":"Spheric Guardian","floor":20,"turns":2},{"damage":7,"enemies":"Centurion and Healer","floor":24,"turns":3},{"damage":15,"enemies":"Book of Stabbing","floor":25,"turns":5},{"damage":0,"enemies":"3 Cultists","floor":28,"turns":5},{"damage":0,"enemies":"Cultist and Chosen","floor":29,"turns":3},{"damage":2,"enemies":"Colosseum Slavers","floor":31,"turns":3},{"damage":18,"enemies":"Colosseum Nobs","floor":31,"turns":3},{"damage":33,"enemies":"Champ","floor":33,"turns":10},{"damage":16,"enemies":"3 Shapes","floor":35,"turns":3},{"damage":2,"enemies":"Orb Walker","floor":41,"turns":3},{"damage":11,"enemies":"Spire Growth","floor":45,"turns":5},{"damage":18,"enemies":"Transient","floor":46,"turns":6},{"damage":4,"enemies":"4 Shapes","floor":48,"turns":4},{"damage":130,"enemies":"Donu and Deca","floor":50,"turns":7}],"seed_played":"3039801621292946709","potions_obtained":[{"floor":4,"key":"Weak Potion"},{"floor":5,"key":"BottledMiracle"},{"floor":8,"key":"Dexterity Potion"},{"floor":10,"key":"DuplicationPotion"},{"floor":11,"key":"GamblersBrew"},{"floor":12,"key":"Weak Potion"},{"floor":16,"key":"SkillPotion"},{"floor":20,"key":"PowerPotion"},{"floor":24,"key":"FairyPotion"},{"floor":28,"key":"Swift Potion"},{"floor":35,"key":"GamblersBrew"},{"floor":46,"key":"SneckoOil"}],"is_trial":false,"path_per_floor":["M","?","?","M","M","E","R","E","T","?","M","E","$","M","R","B",null,"M","?","M","?","$","R","M","E","T","R","M","M","R","?","R","B",null,"M","?","?","?","$","R","M","R","T","R","M","M","R","M","R","B"],"character_chosen":"WATCHER","items_purchased":["Crescendo","Yang","LikeWater"],"campfire_rested":3,"item_purchase_floors":[13,39,39],"current_hp_per_floor":[72,72,72,72,72,40,72,59,59,59,51,51,51,51,51,59,72,72,72,72,72,72,72,65,50,50,50,50,50,50,30,66,39,72,56,56,56,56,56,56,54,54,54,54,43,25,61,57,57,0,0],"gold":432,"neow_bonus":"RANDOM_COLORLESS","is_daily":false,"chose_seed":false,"campfire_upgraded":7,"win_rate":0.0,"timestamp":1611286263,"path_taken":["M","?","?","?","M","E","R","E","T","?","M","E","$","?","R","BOSS","M","?","?","?","$","R","M","E","T","R","M","M","R","?","R","BOSS","M","?","?","?","$","R","M","R","T","R","?","M","R","M","R","BOSS"],"items_purchased_type":["Card","Relic","Card"],"build_version":"2020-12-22","purchased_purges":3,"victory":false,"max_hp_per_floor":[72,72,72,72,72,72,72,72,72,72,72,72,72,72,72,72,72,72,72,72,72,72,72,72,72,72,72,72,72,72,72,72,72,72,72,72,72,72,72,72,72,72,72,72,72,72,72,72,72,72,72],"card_choices":[{"not_picked":["Discovery","PanicButton"],"picked":"Dramatic Entrance","floor":0},{"not_picked":["FlyingSleeves","BowlingBash"],"picked":"Protect","floor":1},{"not_picked":["Study","Protect"],"picked":"Halt","floor":4},{"not_picked":["FlurryOfBlows","ThirdEye"],"picked":"Tantrum","floor":5},{"not_picked":["Judgement","EmptyFist"],"picked":"EmptyBody","floor":6},{"not_picked":["WindmillStrike","Worship"],"picked":"ThirdEye","floor":8},{"not_picked":["JustLucky","Consecrate","Collect"],"picked":"SKIP","floor":11},{"not_picked":["Evaluate","Alpha"],"picked":"MentalFortress","floor":12},{"not_picked":["Vengeance","ReachHeaven"],"picked":"ClearTheMind","floor":14},{"not_picked":["Blasphemy","Wish"],"picked":"DeusExMachina","floor":16},{"not_picked":["Meditate+1","ClearTheMind+1"],"picked":"CarveReality","floor":18},{"not_picked":["Halt","FollowUp+1"],"picked":"Adaptation+1","floor":20},{"not_picked":["Weave+1","FlurryOfBlows"],"picked":"Halt","floor":24},{"not_picked":["Consecrate","Crescendo"],"picked":"Halt","floor":25},{"not_picked":["CrushJoints","SpiritShield","TalkToTheHand+1"],"picked":"SKIP","floor":28},{"not_picked":["PathToVictory","Consecrate"],"picked":"SashWhip+1","floor":29},{"not_picked":["JustLucky+1","ForeignInfluence+1"],"picked":"CutThroughFate+1","floor":31},{"not_picked":["Omniscience","Ragnarok"],"picked":"Vault","floor":33},{"not_picked":["PathToVictory+1","ThirdEye","Collect"],"picked":"SKIP","floor":35},{"not_picked":["ThirdEye","Evaluate","SignatureMove+1"],"picked":"SKIP","floor":41},{"not_picked":["CarveReality","ReachHeaven+1"],"picked":"FearNoEvil+1","floor":45},{"not_picked":["WreathOfFlame","ThirdEye+1"],"picked":"Evaluate+1","floor":46},{"not_picked":["Weave+1","Wireheading","ThirdEye"],"picked":"SKIP","floor":48}],"player_experience":310106,"relics_obtained":[{"floor":3,"key":"Ice Cream"},{"floor":6,"key":"Regal Pillow"},{"floor":8,"key":"Art of War"},{"floor":9,"key":"Pantograph"},{"floor":12,"key":"Bag of Preparation"},{"floor":25,"key":"Bottled Flame"},{"floor":25,"key":"Ancient Tea Set"},{"floor":31,"key":"Old Coin"},{"floor":31,"key":"Bottled Tornado"},{"floor":43,"key":"Damaru"}],"event_choices":[{"cards_removed":["Defend_P"],"damage_healed":0,"gold_gain":0,"player_choice":"Card Removal","damage_taken":0,"max_hp_gain":0,"max_hp_loss":0,"event_name":"The Cleric","floor":2,"gold_loss":50},{"damage_healed":0,"gold_gain":0,"player_choice":"Relic","damage_taken":0,"max_hp_gain":0,"max_hp_loss":0,"event_name":"Wheel of Change","floor":3,"gold_loss":0},{"damage_healed":0,"gold_gain":0,"player_choice":"Bought 1 Potion","damage_taken":0,"max_hp_gain":0,"max_hp_loss":0,"event_name":"The Woman in Blue","floor":10,"gold_loss":0},{"damage_healed":0,"gold_gain":0,"player_choice":"Rummage","damage_taken":0,"relics_obtained":["WarpedTongs"],"max_hp_gain":0,"max_hp_loss":0,"event_name":"Accursed Blacksmith","floor":19,"gold_loss":0,"cards_obtained":["Pain"]},{"damage_healed":0,"gold_gain":0,"player_choice":"Opened","damage_taken":0,"relics_obtained":["Letter Opener"],"max_hp_gain":0,"max_hp_loss":0,"event_name":"The Mausoleum","floor":21,"gold_loss":0,"cards_obtained":["Writhe"]},{"damage_healed":0,"gold_gain":0,"player_choice":"Fight","damage_taken":0,"max_hp_gain":0,"max_hp_loss":0,"event_name":"Colosseum","floor":31,"gold_loss":0},{"damage_healed":0,"gold_gain":0,"player_choice":"Fought Nobs","damage_taken":0,"max_hp_gain":0,"max_hp_loss":0,"event_name":"Colosseum","floor":31,"gold_loss":0},{"cards_removed":["ThirdEye"],"damage_healed":0,"gold_gain":0,"player_choice":"Removed Skill","damage_taken":0,"max_hp_gain":0,"max_hp_loss":0,"event_name":"Falling","floor":36,"gold_loss":0},{"damage_healed":0,"gold_gain":0,"player_choice":"Ignored","damage_taken":0,"max_hp_gain":0,"max_hp_loss":0,"event_name":"Tomb of Lord Red Mask","floor":37,"gold_loss":0},{"damage_healed":0,"gold_gain":0,"player_choice":"0 cards matched","damage_taken":0,"max_hp_gain":0,"max_hp_loss":0,"event_name":"Match and Keep!","floor":38,"gold_loss":0,"cards_obtained":[]}],"is_beta":false,"boss_relics":[{"not_picked":["Cursed Key","Snecko Eye"],"picked":"Black Star"},{"not_picked":["Empty Cage","Calling Bell"],"picked":"VioletLotus"}],"items_purged_floors":[13,22,39],"is_endless":false,"potions_floor_spawned":[4,5,8,11,12,16,20,24,28,31,35,46],"killed_by":"Donu and Deca","ascension_level":3}}