{"host":"gvmmh8a4dbuurnvz","time":1611308243,"event":{"mods":["AchievementEnabler","Aspiration","BaseMod","Better Vampires","BetterRewards","Colored Powertips","Highlight Path","Minty Spire (QoL Compilation)","MostiFishMod","Spicy Shops","StSLib","¡¾ÒÅÎï¿¨ÅÆ¡¿REMEMod"],"gold_per_floor":[111,130,130,142,154,154,188,36,36,61,72,72,137,155,155,233,233,250,250,175,185,194,194,221,221,221,247,247,247,162,172,172,245,245,267,267,282,282,282,316,316,316,341,341,367,381,381,407,407,407,407,407,416,445,445],"floor_reached":56,"language":"ZHS","playtime":1677,"items_purged":["Strike_R","Defend_R","Strike_R","Defend_R","Strike_R","Injury","Defend_R","Strike_R","Defend_R+1","REME_HeartOfCthun+1","REME_FirmDetermination","Wild Strike+1"],"score":3151,"play_id":"672cca4f-db04-4e8a-b0a9-1394de5c0a32","local_time":"20210122173723","is_ascension_mode":true,"campfire_choices":[{"floor":6.0,"key":"RECALL"},{"data":"REME_HeartOfCthun","floor":23,"key":"SMITH"},{"data":"MostiFishMod:CullingBlade+1","floor":28,"key":"PURGE"},{"data":"Strike_R+1","floor":32,"key":"PURGE"},{"floor":42,"key":"DIG"},{"floor":49,"key":"DIG"},{"floor":52,"key":"DIG"}],"circlet_count":0,"master_deck":["AscendersBane","MostiFishMod:CullingBlade+1","Thunderclap+1"],"relics":["Burning Blood","REME_ComplimentaryCards","DaveBox","BirthdayGift-Icosahedron","TheAbacus","Kunai","Boot","DaCapo","SentryEyes","MostiFishMod:AdaptiveDefenses","Medical Kit","ChiLing","Chi","Ling","Akabeko","HandDrill","SynthV:TestCard","Molten Egg 2","Centennial Puzzle","DiscerningMonocle","Dodecahedron","BionicSphere","CombinedTypeHook","aspiration:ArtOfWarUpgrade","The Courier","Lizard Tail","Charon\u0027s Ashes","Shovel","Nunchaku","Whetstone","BirthdayGift-Tetrahedron","Gremlin Horn","Red Skull","CeramicFish","Paper Frog","Anchor","aspiration:Lifesprig","Ancient Tea Set","aspiration:HatOfInfinitePower","Bag of Preparation","Vajra","SynthV:C4","Happy Flower","Matryoshka","White Beast Statue","Ice Cream","ImprovedEquipment","Strawberry","Potion Belt","Mummified Hand","Self Forming Clay","Orichalcum","GreenFoldingFan","Lantern","War Paint","Blood Vial","Peace Pipe","MetatronsCube","Toxic Egg 2","PreservedInsect","DollysMirror","Ornamental Fan","Letter Opener","Juzu Bracelet","Frozen Egg 2","Bronze Scales","ShadowXiaoBlade","Magic Flower","OriginationStaff","REME_HourglassOfDeath","Sundial","Du-Vu Doll","Sling","aspiration:HummingbirdHeart","Question Card","Shuriken","Champion Belt","Singing Bowl","Incense Burner","Mercury Hourglass","InkBottle","ThornShield","BrkXgEgg","Unceasing Top","HornCleat","ArrowTower","Calipers","Mango","Thread and Needle","TungstenRod","FossilizedHelix","Civilization","Turnip"],"acts_visited":["Exordium","TheCity","TheBeyond","TheEnding"],"potions_floor_usage":[33,50,55,55],"damage_taken":[{"damage":0.0,"enemies":"Small Slimes","floor":1.0,"turns":1.0},{"damage":0.0,"enemies":"2 Louse","floor":2.0,"turns":1.0},{"damage":1.0,"enemies":"Jaw Worm","floor":4.0,"turns":1.0},{"damage":0.0,"enemies":"2 Fungi Beasts","floor":5.0,"turns":1.0},{"damage":0.0,"enemies":"Gremlin Nob","floor":7.0,"turns":1.0},{"damage":0,"enemies":"3 Sentries","floor":10,"turns":1},{"damage":0,"enemies":"3 Louse","floor":11,"turns":1},{"damage":0,"enemies":"Lagavulin Event","floor":13,"turns":1},{"damage":0,"enemies":"Hexaghost","floor":16,"turns":1},{"damage":0,"enemies":"Shell Parasite","floor":18,"turns":1},{"damage":0,"enemies":"3 Byrds","floor":21,"turns":1},{"damage":0,"enemies":"Gremlin Leader","floor":24,"turns":1},{"damage":0,"enemies":"Slavers","floor":27,"turns":1},{"damage":0,"enemies":"Cultist and Chosen","floor":31,"turns":1},{"damage":0,"enemies":"Champ","floor":33,"turns":1},{"damage":0,"enemies":"3 Darklings","floor":35,"turns":1},{"damage":0,"enemies":"Orb Walker","floor":37,"turns":1},{"damage":0,"enemies":"Nemesis","floor":40,"turns":1},{"damage":0,"enemies":"Giant Head","floor":45,"turns":1},{"damage":0,"enemies":"4 Shapes","floor":46,"turns":1},{"damage":0,"enemies":"3 Darklings","floor":48,"turns":1},{"damage":0,"enemies":"Awakened One","floor":50,"turns":4},{"damage":0,"enemies":"Shield and Spear","floor":54,"turns":1},{"damage":0,"enemies":"The Heart","floor":55,"turns":2}],"seed_played":"-2288253046095581003","potions_obtained":[{"floor":1.0,"key":"SpeedPotion"},{"floor":4.0,"key":"Block Potion"},{"floor":16,"key":"BlessingOfTheForge"},{"floor":31,"key":"DuplicationPotion"},{"floor":33,"key":"Fire Potion"},{"floor":37,"key":"Energy Potion"}],"is_trial":false,"path_per_floor":["M","M","?","M","M","R","E","$","T","E","M","R","?","$","R","B",null,"M","$","?","M","$","R","E","?","T","E","R","$","?","M","R","B",null,"M","?","M","$","?","E","$","R","T","?","E","M","$","M","R","B",null,"R","$","E","B",null],"character_chosen":"IRONCLAD","items_purchased":["TheAbacus","Kunai","Boot","SentryEyes","MostiFishMod:AdaptiveDefenses","Medical Kit","ChiLing","Akabeko","HandDrill","DiscerningMonocle","Dodecahedron","BionicSphere","CombinedTypeHook","Art of War","Shovel","Nunchaku","Whetstone","BirthdayGift-Tetrahedron","Gremlin Horn","Red Skull","CeramicFish","Paper Frog","Anchor","aspiration:Lifesprig","Ancient Tea Set","aspiration:HatOfInfinitePower","Bag of Preparation","Vajra","SynthV:C4","Happy Flower","Matryoshka","White Beast Statue","Ice Cream","ImprovedEquipment","Strawberry","Potion Belt","Mummified Hand","Self Forming Clay","Orichalcum","REME_FirmDetermination","MostiFishMod:CullingBlade+1","Lantern","War Paint","Strength Potion","SteroidPotion","Blood Vial","Peace Pipe","MetatronsCube","Toxic Egg 2","PreservedInsect","DollysMirror","Letter Opener","Juzu Bracelet","Frozen Egg 2","Magic Flower","OriginationStaff","REME_HourglassOfDeath","Sundial","Sling","aspiration:HummingbirdHeart","Question Card","Shuriken","Champion Belt","Singing Bowl","ThornShield","BrkXgEgg","Unceasing Top","HornCleat","ArrowTower","Calipers","TungstenRod","FossilizedHelix","Civilization","Turnip","Thunderclap+1","AttackPotion"],"campfire_rested":0,"item_purchase_floors":[0,0,0,0,0,0,0,0,0,8,8,8,8,8,14,14,14,14,14,14,14,14,14,14,14,14,14,14,14,14,14,14,14,14,14,14,14,14,14,14,14,19,19,19,19,22,22,22,22,22,22,29,29,29,38,38,38,38,41,41,41,41,41,41,47,47,47,47,47,47,53,53,53,53,53,53],"current_hp_per_floor":[75,75,75,75,75,75,75,75,75,75,75,75,75,82,82,82,82,82,82,82,82,82,82,82,82,82,82,82,82,82,82,82,82,82,82,82,82,82,82,82,82,82,82,82,84,86,86,86,100,100,100,100,100,104,107],"gold":445,"neow_bonus":"","is_daily":false,"chose_seed":false,"campfire_upgraded":1,"win_rate":0.0,"timestamp":1611308243,"path_taken":["M","M","?","M","M","R","E","$","T","E","M","R","?","$","R","BOSS","M","$","?","M","$","R","E","?","T","E","R","$","?","M","R","BOSS","M","?","M","$","?","E","?","R","T","?","E","M","$","M","R","BOSS","R","$","E","BOSS"],"items_purchased_type":["Relic","Relic","Relic","Relic","Relic","Relic","Relic","Relic","Relic","Relic","Relic","Relic","Relic","Relic","Relic","Relic","Relic","Relic","Relic","Relic","Relic","Relic","Relic","Relic","Relic","Relic","Relic","Relic","Relic","Relic","Relic","Relic","Relic","Relic","Relic","Relic","Relic","Relic","Relic","Card","Card","Relic","Relic","Potion","Potion","Relic","Relic","Relic","Relic","Relic","Relic","Relic","Relic","Relic","Relic","Relic","Relic","Relic","Relic","Relic","Relic","Relic","Relic","Relic","Relic","Relic","Relic","Relic","Relic","Relic","Relic","Relic","Relic","Relic","Card","Potion"],"build_version":"2020-12-22","purchased_purges":12,"victory":true,"max_hp_per_floor":[75,75,75,75,75,75,75,75,75,75,75,75,75,82,82,82,82,82,82,82,82,82,82,82,82,82,82,82,82,82,82,82,82,82,82,82,82,82,82,82,82,82,82,82,84,86,86,86,100,100,100,100,100,104,107],"card_choices":[{"not_picked":["Cleave","Twin Strike","Power Through"],"picked":"SKIP","floor":1.0},{"not_picked":["Wild Strike","Intimidate","Burning Pact","Clash","Pommel Strike"],"picked":"SKIP","floor":2.0},{"not_picked":["Twin Strike+1","Battle Trance","Sentinel","Reckless Charge+1","Rupture"],"picked":"SKIP","floor":4.0},{"not_picked":["Armaments","Anger+1","Ghostly Armor","Second Wind","Whirlwind+1"],"picked":"SKIP","floor":5.0},{"not_picked":["Spot Weakness","Cleave+1","Perfected Strike+1","Uppercut+1","Warcry"],"picked":"SKIP","floor":7.0},{"not_picked":["Entrench","Sword Boomerang+1","Armaments","Cleave+1","Limit Break"],"picked":"SKIP","floor":10},{"not_picked":["REME_Cut","Flex","Clothesline+1","Wild Strike+1","Bloodletting"],"picked":"SKIP","floor":11},{"not_picked":["Thunderclap+1","Anger+1","Searing Blow+1","True Grit","Sever Soul+1"],"picked":"SKIP","floor":18},{"not_picked":["True Grit","Clothesline+1","Pommel Strike+1","Headbutt+1","Feel No Pain"],"picked":"SKIP","floor":21},{"not_picked":["Sword Boomerang+1","Inflame","Twin Strike+1","Whirlwind+1","True Grit+1"],"picked":"SKIP","floor":24},{"not_picked":["Combust","Perfected Strike+1","Headbutt+1","Pommel Strike+1","Warcry+1"],"picked":"SKIP","floor":27},{"not_picked":["Clash+1","Clothesline+1","Armaments+1","Bloodletting+1","Pommel Strike+1"],"picked":"SKIP","floor":31},{"not_picked":["Evolve+1","Spot Weakness+1","Carnage+1","REME_SingleHolding+1"],"picked":"Pommel Strike+1","floor":35},{"not_picked":["Inflame+1","Iron Wave+1","Metallicize+1","Twin Strike+1","Cleave+1"],"picked":"SKIP","floor":37},{"not_picked":["Warcry+1","Sever Soul+1","Juggernaut+1","Anger+1","REME_Scribble+1"],"picked":"SKIP","floor":40},{"not_picked":["Clothesline+1","Entrench+1","Heavy Blade+1","Reckless Charge+1","Warcry+1","Shrug It Off+1"],"picked":"Singing Bowl","floor":45},{"not_picked":["Body Slam+1","Flex+1","True Grit+1","Sword Boomerang+1","Whirlwind+1","Armaments+1"],"picked":"Singing Bowl","floor":46},{"not_picked":["MostiFishMod:FlyOverUtopia+1","Warcry+1","Disarm+1","Pommel Strike+1","Body Slam+1"],"picked":"Wild Strike+1","floor":48},{"not_picked":["Warcry+1","MostiFishMod:PerfectStrikeMKII+1","Wild Strike+1","Shrug It Off+1","Iron Wave+1","MostiFishMod:RainCloud+1"],"picked":"Singing Bowl","floor":54}],"player_experience":286170,"relics_obtained":[{"floor":1.0,"key":"SynthV:TestCard"},{"floor":7.0,"key":"Centennial Puzzle"},{"floor":9,"key":"The Courier"},{"floor":10,"key":"Lizard Tail"},{"floor":13,"key":"Charon\u0027s Ashes"},{"floor":26,"key":"Ornamental Fan"},{"floor":40,"key":"Du-Vu Doll"},{"floor":42,"key":"Incense Burner"},{"floor":43,"key":"Mercury Hourglass"},{"floor":43,"key":"InkBottle"},{"floor":49,"key":"Mango"},{"floor":52,"key":"Thread and Needle"}],"event_choices":[{"damage_healed":0,"gold_gain":0,"player_choice":"Searched \u00271\u0027 times","damage_taken":0,"max_hp_gain":0,"max_hp_loss":0,"event_name":"Dead Adventurer","floor":13,"gold_loss":0},{"cards_removed":["Bash"],"damage_healed":0,"gold_gain":0,"player_choice":"Gave Gold","damage_taken":0,"max_hp_gain":0,"max_hp_loss":0,"event_name":"Beggar","floor":20,"gold_loss":75},{"damage_healed":0,"gold_gain":0,"player_choice":"Ignored","damage_taken":0,"max_hp_gain":0,"max_hp_loss":0,"event_name":"Vampires","floor":25,"gold_loss":0},{"damage_healed":0,"gold_gain":0,"player_choice":"Obtained Relic","damage_taken":0,"relics_obtained":["Bronze Scales"],"max_hp_gain":0,"max_hp_loss":0,"event_name":"Addict","floor":30,"gold_loss":85},{"damage_healed":0,"gold_gain":0,"player_choice":"0 cards matched","damage_taken":0,"max_hp_gain":0,"max_hp_loss":0,"event_name":"Match and Keep!","floor":36,"gold_loss":0,"cards_obtained":[]},{"damage_healed":0,"gold_gain":0,"player_choice":"Bought 0 Potions","damage_taken":0,"max_hp_gain":0,"max_hp_loss":0,"event_name":"The Woman in Blue","floor":39,"gold_loss":0},{"cards_removed":["Pommel Strike"],"damage_healed":0,"gold_gain":0,"player_choice":"Removed Attack","damage_taken":0,"max_hp_gain":0,"max_hp_loss":0,"event_name":"Falling","floor":44,"gold_loss":0}],"is_beta":false,"boss_relics":[{"not_picked":["HereWithMe","Busted Crown"],"picked":"GreenFoldingFan"},{"not_picked":["ChiXiaoBlade","MoonlightInvasionPlan"],"picked":"ShadowXiaoBlade"}],"items_purged_floors":[0,0,0,0,0,8,14,19,22,29,38,53],"is_endless":false,"potions_floor_spawned":[1,4,10,11,16,18,21,24,27,31,33,35,37,40,45,46,48,54],"ascension_level":14}}