{"host":"vm8b3ptwl81uq21f","time":1611274016,"event":{"mods":["Aspiration","BaseMod","BetterRewards","Colored Map","Colored Powertips","GifTheSpireLib","Googly Eyes","GungeonMod","Halation","Hubris","Infinite Spire","Minty Spire (QoL Compilation)","Quick Restart","Rare Cards Sparkle","Replay The Spire","Shop Mod","Spicy Shops","StSLib","Stuff the Spire","The IronCluck","[IsaacMod]????"],"gold_per_floor":[110,110,61,61,61,88,104,104,129,129,143,143,82,95,95,174,174,190,213,213,0,17,17,33,33,58,108,108,143,170,188,188,260,260,287,181,21,39,39,71,71,207,207,207,378,419,419,477,477,482],"floor_reached":51,"language":"ENG","playtime":2209,"items_purged":["DemoMod:RustySidearm","DemoMod:Defend_Huntress","Delirium","ReplayTheSpireMod:Splinters","DemoMod:Roll","DemoMod:CrossBow"],"score":2142,"play_id":"d5977669-70c8-40ec-99f0-3ba6c06e665a","local_time":"20210121190656","is_ascension_mode":true,"campfire_choices":[{"data":"DemoMod:TableSutra","floor":8,"key":"SMITH"},{"floor":15,"key":"DIG"},{"data":"StuffTheSpire:BrainWave","floor":23,"key":"SMITH"},{"data":"DemoMod:BulletBore","floor":25,"key":"SMITH"},{"data":"DemoMod:ManualReload","floor":32,"key":"SMITH"},{"data":"DemoMod:TableSutra","floor":41,"key":"SMITH"},{"data":"DemoMod:TableSutra","floor":47,"key":"SMITH"},{"data":"DemoMod:HardPowerCard","floor":49,"key":"SMITH"}],"circlet_count":0,"master_deck":["AscendersBane","DemoMod:ManualReload+1","DemoMod:ShadowBullets+1","DemoMod:HardPowerCard+1","DemoMod:BulletBore+1","StuffTheSpire:BrainWave+1","DemoMod:TableSutra+1","DemoMod:TableSutra+1","DemoMod:HardPowerCard","DemoMod:TableSutra+1","DemoMod:HardPowerCard","DemoMod:BalloonGun+1","DemoMod:HardPowerCard","DemoMod:BalloonGun+1","DemoMod:HardPowerCard","DemoMod:PracticeMakesPerfect+1"],"relics":["DemoMod:Dog","HushsDoor","BookofShadows","MerchantsRug","DemoMod:PortableTableDevice","infinitespire:Lychee Nut","Juzu Bracelet","Matryoshka","HowToJump","hubris:Icosahedron","DemoMod:PoisonVial","infinitespire:Beetle Shell","hubris:CrystalStatue","hubris:Backtick","Unceasing Top","Guide Book","Replay:Mystery Machine","DemoMod:RatBoots","infinitespire:EvilPickle","infinitespire:Broken Mirror","Whetstone","DemoMod:OrangeGuonStone","Centennial Puzzle"],"acts_visited":["Exordium","TheCity","TheBeyond"],"potions_floor_usage":[16,16,30,45],"damage_taken":[{"damage":1,"enemies":"Cultist","floor":1,"turns":5},{"damage":8,"enemies":"Gremlin Nob","floor":6,"turns":4},{"damage":5,"enemies":"Jaw Worm","floor":7,"turns":2},{"damage":2,"enemies":"infinitespire:Voidling","floor":11,"turns":2},{"damage":0,"enemies":"Lots of Slimes","floor":14,"turns":3},{"damage":7,"enemies":"The Guardian","floor":16,"turns":8},{"damage":0,"enemies":"Chosen","floor":18,"turns":2},{"damage":13,"enemies":"2 Thieves","floor":19,"turns":3},{"damage":0,"enemies":"Snake Plant","floor":22,"turns":3},{"damage":0,"enemies":"Centurion and Healer","floor":24,"turns":4},{"damage":2,"enemies":"Gremlin Leader","floor":30,"turns":4},{"damage":0,"enemies":"Chosen and Byrds","floor":31,"turns":3},{"damage":0,"enemies":"Pondfish","floor":33,"turns":4},{"damage":0,"enemies":"3 Shapes","floor":35,"turns":3},{"damage":0,"enemies":"3 Darklings","floor":38,"turns":2},{"damage":0,"enemies":"R_Hoarder","floor":40,"turns":7},{"damage":0,"enemies":"Nightmare","floor":42,"turns":5},{"damage":0,"enemies":"R_Hoarder","floor":45,"turns":4},{"damage":0,"enemies":"Jaw Worm Horde","floor":46,"turns":3},{"damage":0,"enemies":"Giant Head","floor":48,"turns":3},{"damage":6,"enemies":"Awakened One","floor":50,"turns":5}],"seed_played":"-496399296841564081","potions_obtained":[{"floor":11,"key":"Explosive Potion"},{"floor":14,"key":"Adrenaline Potion"},{"floor":16,"key":"SteroidPotion"},{"floor":18,"key":"SpeedPotion"},{"floor":22,"key":"FairyPotion"},{"floor":29,"key":"Languid Potion"},{"floor":42,"key":"Adrenaline Potion"}],"is_trial":false,"path_per_floor":["M","?","$","$","?","E","M","R","T","?","M","?","$","M","R_BF","B",null,"M","M","?","$","M","R","M","R","T","?","?","?","E","M","R","B",null,"M","$","$","M","?","E","R","NM","T","AVR","E","M","R","E","R","B",null],"character_chosen":"HUNTRESS","items_purchased":["Lee\u0027s Waffle","MerchantsRug","DemoMod:PortableTableDevice","Bag of Marbles","Juzu Bracelet","DemoMod:ShadowBullets+1","Replay:Baseball","DemoMod:HardPowerCard","Matryoshka","halation:LostSnail","DemoMod:TableSutra","Guide Book"],"campfire_rested":0,"item_purchase_floors":[0,0,0,0,0,0,0,0,0,3,21,37],"current_hp_per_floor":[51,51,51,51,51,44,42,42,42,52,50,50,50,52,52,45,50,52,43,43,43,48,48,52,52,52,52,39,21,25,30,30,36,48,52,52,52,52,52,52,52,52,52,52,52,52,52,52,52,49],"gold":482,"neow_bonus":"","is_daily":false,"chose_seed":false,"campfire_upgraded":7,"win_rate":0.0,"timestamp":1611274016,"path_taken":["M","?","?","$","?","E","M","R","T","?","M","?","$","M","R_BF","BOSS","M","M","?","$","M","R","M","R","T","?","?","?","E","M","R","BOSS","M","?","$","M","?","E","R","NM","T","AVR","E","M","R","E","R","BOSS"],"items_purchased_type":["Relic","Relic","Relic","Relic","Relic","Card","Relic","Card","Relic","Relic","Card","Relic"],"build_version":"2020-12-22","purchased_purges":6,"victory":true,"max_hp_per_floor":[52,52,52,52,52,52,52,52,52,52,52,52,52,52,52,52,52,52,52,52,52,52,52,52,52,52,52,57,57,57,57,57,57,52,52,52,52,52,52,52,52,52,52,52,52,52,52,52,52,52],"card_choices":[{"not_picked":["DemoMod:Unmoved","DemoMod:LifeOrb"],"picked":"DemoMod:BulletBore","floor":1},{"not_picked":["StuffTheSpire:Vigor","StuffTheSpire:Innocence"],"picked":"StuffTheSpire:BrainWave","floor":2},{"not_picked":["DemoMod:MachoBrace","DemoMod:ConditionalReflex"],"picked":"DemoMod:TableSutra","floor":6},{"not_picked":["DemoMod:Ejector","DemoMod:Polaris"],"picked":"DemoMod:TableSutra","floor":7},{"not_picked":["DemoMod:SkilledReload","DemoMod:ZorGun","DemoMod:FastSwitch"],"picked":"SKIP","floor":11},{"not_picked":["DemoMod:Unmoved","DemoMod:AWP","DemoMod:SAA"],"picked":"SKIP","floor":14},{"not_picked":["DemoMod:DoubleVision","DemoMod:BlackHoleGun"],"picked":"DemoMod:BalloonGun","floor":16},{"not_picked":["DemoMod:HuntsMan","DemoMod:MachoBrace"],"picked":"DemoMod:HardPowerCard","floor":18},{"not_picked":["DemoMod:DoubleVision","DemoMod:Unity+1","DemoMod:Casey"],"picked":"SKIP","floor":19},{"not_picked":["DemoMod:MachoBrace","DemoMod:CursedBullets"],"picked":"DemoMod:HardPowerCard","floor":22},{"not_picked":["DemoMod:JK47","DemoMod:RadGun","DemoMod:Ejector"],"picked":"SKIP","floor":24},{"not_picked":["DemoMod:Unmoved","DemoMod:HuntsMan"],"picked":"DemoMod:HardPowerCard","floor":29},{"not_picked":["DemoMod:RadGun","DemoMod:AC15","DemoMod:TeaPot"],"picked":"SKIP","floor":30},{"not_picked":["DemoMod:TripleGun","DemoMod:ConditionalReflex","DemoMod:DoubleSwitch"],"picked":"SKIP","floor":31},{"not_picked":["DemoMod:GunslingerForm","DemoMod:Slinger"],"picked":"DemoMod:BalloonGun","floor":33},{"not_picked":["DemoMod:GunstockTap","DemoMod:JK47","DemoMod:BoxingGlove"],"picked":"SKIP","floor":35},{"not_picked":["DemoMod:GunstockTap+1","DemoMod:GunShield","DemoMod:BoxingGlove+1"],"picked":"SKIP","floor":38},{"not_picked":["DemoMod:Ejector","DemoMod:StickyCrossBow"],"picked":"DemoMod:HardPowerCard","floor":40},{"not_picked":["DemoMod:SniperShot","DemoMod:AbyssalTentacle","DemoMod:Replace"],"picked":"SKIP","floor":42},{"not_picked":["DemoMod:Unity","DemoMod:LifeOrb+1","DemoMod:BoxingGlove"],"picked":"SKIP","floor":45},{"not_picked":["DemoMod:DarkMarker","DemoMod:TripleGun+1"],"picked":"DemoMod:PracticeMakesPerfect+1","floor":46},{"not_picked":["DemoMod:MegaHand","DemoMod:Casey","DemoMod:CursedBullets"],"picked":"SKIP","floor":48}],"player_experience":366522,"relics_obtained":[{"floor":6,"key":"DeathBook"},{"floor":9,"key":"halation:IllGainedPizza"},{"floor":9,"key":"HowToJump"},{"floor":15,"key":"Meat on the Bone"},{"floor":26,"key":"DemoMod:PoisonVial"},{"floor":26,"key":"infinitespire:Beetle Shell"},{"floor":29,"key":"StuffTheSpire:Mouthbags"},{"floor":30,"key":"hubris:CrystalStatue"},{"floor":40,"key":"Replay:Mystery Machine"},{"floor":42,"key":"DemoMod:RatBoots"},{"floor":43,"key":"infinitespire:Broken Mirror"},{"floor":45,"key":"DemoMod:OrangeGuonStone"},{"floor":48,"key":"Centennial Puzzle"}],"event_choices":[{"damage_healed":0,"gold_gain":50,"player_choice":"Pray","damage_taken":0,"max_hp_gain":0,"max_hp_loss":0,"event_name":"Golden Shrine","floor":27,"gold_loss":0},{"damage_healed":0,"gold_gain":0,"player_choice":"Shed Blood","damage_taken":18,"max_hp_gain":5,"max_hp_loss":0,"event_name":"Forgotten Altar","floor":28,"gold_loss":0}],"is_beta":false,"boss_relics":[{"not_picked":["Honey Jar","hubris:RunicObelisk"],"picked":"Kintsugi"},{"not_picked":[]},{"not_picked":["hubris:BlackHole","Pandora\u0027s Box"],"picked":"hubris:Backtick"},{"not_picked":[]}],"items_purged_floors":[0,13,21,21,34,36],"is_endless":false,"potions_floor_spawned":[11,14,16,18,19,22,33,33,35,42],"ascension_level":17}}