{"host":"4jkyggjfmxcpengt","time":1611288830,"event":{"mods":["AchievementEnabler","BaseMod","Better Note","Block Reminder","Colored Powertips","Fiend Mod","Hermit","Minty Spire (QoL Compilation)","Quick Restart","Replay The Spire","SacredBarkPlus","StSLib","The Animator","Transform Curses","Unceasing Turn Reminder"],"gold_per_floor":[113,125,125,50,62,93,93,93,93],"floor_reached":8,"language":"SPA","playtime":507,"items_purged":[],"score":84,"play_id":"bbe5e212-cf40-428f-a362-2f48f42b8dcf","local_time":"20210122051350","is_ascension_mode":true,"campfire_choices":[{"data":"True Grit","floor":7,"key":"SMITH"}],"circlet_count":0,"master_deck":["AscendersBane","Strike_R","Strike_R","Strike_R","Strike_R","Strike_R","Defend_R","Defend_R","Defend_R","Defend_R","Bash","Sword Boomerang","Armaments","Spot Weakness","Warcry","Fire Breathing","ReplayTheSpireMod:Limb From Limb","True Grit+1"],"relics":["Burning Blood","White Beast Statue"],"acts_visited":["Exordium"],"potions_floor_usage":[8,8],"damage_taken":[{"damage":4,"enemies":"Jaw Worm","floor":1,"turns":5},{"damage":0,"enemies":"Cultist","floor":2,"turns":3},{"damage":9,"enemies":"Small Slimes","floor":5,"turns":5},{"damage":32,"enemies":"Replay:BlueRogue","floor":6,"turns":8},{"damage":67,"enemies":"Lagavulin","floor":8,"turns":14}],"seed_played":"-9060584251410335039","potions_obtained":[{"floor":1,"key":"BloodPotion"},{"floor":6,"key":"SpeedPotion"}],"is_trial":false,"path_per_floor":["M","M","?","$","M","E","R","E"],"character_chosen":"IRONCLAD","items_purchased":["Fire Breathing"],"campfire_rested":0,"item_purchase_floors":[4],"current_hp_per_floor":[74,80,80,80,77,51,51,0,0],"gold":93,"neow_bonus":"THREE_CARDS","is_daily":false,"chose_seed":false,"campfire_upgraded":1,"win_rate":0.0,"timestamp":1611288830,"path_taken":["M","M","?","?","M","E","R","E"],"items_purchased_type":["Card"],"build_version":"2020-12-22","purchased_purges":0,"victory":false,"max_hp_per_floor":[80,80,80,80,80,80,80,80,80],"card_choices":[{"not_picked":["ReplayTheSpireMod:Strike From Hell","Dual Wield"],"picked":"Sword Boomerang","floor":0},{"not_picked":["Shockwave","ReplayTheSpireMod:Strike From Hell"],"picked":"Armaments","floor":1},{"not_picked":["Perfected Strike","Dropkick"],"picked":"Spot Weakness","floor":2},{"not_picked":["Cleave","Evolve"],"picked":"ReplayTheSpireMod:Limb From Limb","floor":5},{"not_picked":["Clothesline","ReplayTheSpireMod:Strike From Hell"],"picked":"True Grit","floor":6}],"player_experience":1003294,"relics_obtained":[{"floor":6,"key":"White Beast Statue"}],"event_choices":[{"damage_healed":0,"gold_gain":0,"player_choice":"1 cards matched","damage_taken":0,"max_hp_gain":0,"max_hp_loss":0,"event_name":"Match and Keep!","floor":3,"gold_loss":0,"cards_obtained":["Warcry"]}],"is_beta":false,"boss_relics":[],"items_purged_floors":[],"is_endless":false,"potions_floor_spawned":[1,6],"killed_by":"Lagavulin","ascension_level":10}}