{"host":"phniwng9zo19jwdb","time":1611339706,"event":{"mods":["AchievementEnabler","BaseMod","Colored Powertips","Dark Map","Faster Ascension Climbing","GifTheSpireLib","Minty Spire (QoL Compilation)","Permanent Neow","Rare Cards Sparkle","StSLib"],"gold_per_floor":[115,115,128,147,147,191,191,222,222,222,263,281,297,316,316,316,316],"floor_reached":16,"language":"ENG","playtime":621,"items_purged":[],"score":232,"play_id":"05e41cbc-cc32-45a0-bccc-ea514ffd3b2a","local_time":"20210122192146","is_ascension_mode":true,"campfire_choices":[{"floor":7.0,"key":"REST"},{"data":"Envenom","floor":10.0,"key":"SMITH"},{"data":"Prepared","floor":15.0,"key":"SMITH"}],"circlet_count":0,"master_deck":["AscendersBane","Strike_G","Strike_G","Strike_G","Defend_G","Defend_G","Defend_G","Defend_G","Defend_G","Survivor","Neutralize","Infinite Blades","Bullet Time","Dash","Noxious Fumes","Underhanded Strike","Envenom+1","Prepared+1","Riddle With Holes","Underhanded Strike","Eviscerate"],"relics":["Ring of the Snake","Golden Idol","FaceOfCleric","Vajra","The Courier","Anchor","Boot"],"acts_visited":["Exordium"],"potions_floor_usage":[16],"damage_taken":[{"damage":5.0,"enemies":"Small Slimes","floor":1.0,"turns":5.0},{"damage":0.0,"enemies":"Cultist","floor":3.0,"turns":4.0},{"damage":0.0,"enemies":"Jaw Worm","floor":4.0,"turns":5.0},{"damage":19.0,"enemies":"3 Sentries","floor":6.0,"turns":8.0},{"damage":12.0,"enemies":"Gremlin Nob","floor":8.0,"turns":4.0},{"damage":10.0,"enemies":"Lagavulin","floor":11.0,"turns":6.0},{"damage":0.0,"enemies":"Looter","floor":12.0,"turns":2.0},{"damage":0.0,"enemies":"3 Louse","floor":13.0,"turns":3.0},{"damage":0.0,"enemies":"2 Fungi Beasts","floor":14.0,"turns":3.0},{"damage":24,"enemies":"Hexaghost","floor":16,"turns":10}],"seed_played":"-1853985718343656553","potions_obtained":[{"floor":1.0,"key":"GamblersBrew"},{"floor":6.0,"key":"Energy Potion"},{"floor":8.0,"key":"ColorlessPotion"},{"floor":12.0,"key":"FearPotion"}],"is_trial":false,"path_per_floor":["M","?","M","M","?","E","R","E","T","R","E","M","M","M","R","B"],"character_chosen":"THE_SILENT","items_purchased":[],"campfire_rested":1,"item_purchase_floors":[],"current_hp_per_floor":[39,39,39,39,39,21,39,28,28,28,19,20,21,22,22,0,0],"gold":316,"neow_bonus":"TRANSFORM_TWO_CARDS","is_daily":false,"chose_seed":false,"campfire_upgraded":2,"win_rate":0.0,"timestamp":1611339706,"path_taken":["M","?","M","M","?","E","R","E","T","R","E","M","M","M","R","BOSS"],"items_purchased_type":[],"build_version":"2020-12-22","purchased_purges":0,"victory":false,"max_hp_per_floor":[66,60,60,60,60,61,61,62,62,62,63,64,65,66,66,66,66],"card_choices":[{"not_picked":["Predator","Calculated Gamble"],"picked":"Dash","floor":1.0},{"not_picked":["Choke","Prepared"],"picked":"Noxious Fumes","floor":3.0},{"not_picked":["Dagger Throw","Poisoned Stab"],"picked":"Underhanded Strike","floor":4.0},{"not_picked":["Dagger Throw","Terror"],"picked":"Envenom","floor":6.0},{"not_picked":["Catalyst","Flechettes"],"picked":"Prepared","floor":8.0},{"not_picked":["Heel Hook","Prepared"],"picked":"Riddle With Holes","floor":11.0},{"not_picked":["Slice","Prepared"],"picked":"Underhanded Strike","floor":12.0},{"not_picked":["Deflect","Bane","Sucker Punch"],"picked":"SKIP","floor":13.0},{"not_picked":["Deflect","Distraction"],"picked":"Eviscerate","floor":14.0}],"player_experience":57645,"relics_obtained":[{"floor":6.0,"key":"Vajra"},{"floor":8.0,"key":"The Courier"},{"floor":9.0,"key":"Anchor"},{"floor":11.0,"key":"Boot"}],"event_choices":[{"damage_healed":0.0,"max_hp_gain":0.0,"max_hp_loss":6.0,"gold_gain":0.0,"event_name":"Golden Idol","player_choice":"Lose Max HP","floor":2.0,"gold_loss":0.0,"damage_taken":0.0,"relics_obtained":["Golden Idol"]},{"damage_healed":0.0,"max_hp_gain":0.0,"max_hp_loss":0.0,"gold_gain":0.0,"event_name":"FaceTrader","player_choice":"Trade","floor":5.0,"gold_loss":0.0,"damage_taken":0.0,"relics_obtained":["FaceOfCleric"]}],"is_beta":false,"boss_relics":[],"items_purged_floors":[],"is_endless":false,"potions_floor_spawned":[1,6,8,12],"killed_by":"Hexaghost","ascension_level":18}}