{"host":"ugys05tpep779cl6","time":1611304699,"event":{"mods":["AchievementEnabler","Aspiration","BaseMod","Beaked The Cultist","CatGirl Mod","Colored Powertips","HololiveMod","Lobotomy","Minty Spire (QoL Compilation)","Quick Restart","Replay The Spire","Spicy Shops","StSLib","The Druid","vexMod"],"gold_per_floor":[113,113,39,39,53,81,81,81,107,136,149,149,182,199,199,199,199],"floor_reached":16,"language":"ENG","playtime":746,"items_purged":[],"score":212,"play_id":"6c2a2943-3f7a-48bf-86a4-515be8f27260","local_time":"20210122093819","is_ascension_mode":true,"campfire_choices":[{"data":"Neutralize","floor":7.0,"key":"SMITH"},{"data":"Sneak Up","floor":12.0,"key":"SMITH"},{"data":"Noxious Fumes","floor":15.0,"key":"SMITH"}],"circlet_count":0,"master_deck":["AscendersBane","Strike_G","Strike_G","Strike_G","Strike_G","Defend_G","Defend_G","Defend_G","Defend_G","Defend_G","Survivor","Neutralize+1","Endless Agony","Noxious Fumes+1","Blade Dance","Slice","Poisoned Stab","Sneak Up+1","Calculated Gamble"],"relics":["aspiration:Nostalgia","Iron Core","Replay:Ringing Soul","Sizzling Blood","Blue Doll","Dream Catcher","Tiny Chest"],"acts_visited":["Exordium"],"potions_floor_usage":[],"damage_taken":[{"damage":2.0,"enemies":"Jaw Worm","floor":1.0,"turns":9.0},{"damage":0.0,"enemies":"2 Louse","floor":5.0,"turns":3.0},{"damage":14.0,"enemies":"Replay:BlueRogue","floor":6.0,"turns":9.0},{"damage":24.0,"enemies":"Lagavulin","floor":10.0,"turns":8.0},{"damage":0.0,"enemies":"Cultist","floor":11.0,"turns":3.0},{"damage":14.0,"enemies":"3 Sentries","floor":13.0,"turns":9.0},{"damage":1.0,"enemies":"Large Slime","floor":14.0,"turns":5.0},{"damage":39,"enemies":"Fading Forest","floor":16,"turns":7}],"seed_played":"-8158781391684066609","potions_obtained":[{"floor":1.0,"key":"SteroidPotion"},{"floor":10.0,"key":"PowerPotion"}],"is_trial":false,"path_per_floor":["M","?","$","?","M","E","R","?","T","E","M","R","E","M","R","B"],"character_chosen":"THE_SILENT","items_purchased":["Noxious Fumes"],"campfire_rested":0,"item_purchase_floors":[3],"current_hp_per_floor":[57,57,57,57,57,46,46,50,50,33,40,40,30,36,36,0,0],"gold":199,"neow_bonus":"NOSTALGIA","is_daily":false,"chose_seed":false,"campfire_upgraded":3,"win_rate":0.0,"timestamp":1611304699,"path_taken":["M","?","$","?","M","E","R","?","T","E","M","R","E","M","R","BOSS"],"items_purchased_type":["Card"],"build_version":"2020-12-22","purchased_purges":0,"victory":false,"max_hp_per_floor":[66,66,66,66,66,69,69,73,73,76,79,79,79,82,82,82,82],"card_choices":[{"not_picked":["Headbutt","Fluid Movement"],"picked":"Endless Agony","floor":1.0},{"not_picked":["Clash","Iron Wave"],"picked":"Blade Dance","floor":5.0},{"not_picked":["Caltrops","Outmaneuver"],"picked":"Slice","floor":6.0},{"not_picked":["Blade Dance","PiercingWail"],"picked":"Poisoned Stab","floor":10.0},{"not_picked":["Dagger Throw","Underhanded Strike"],"picked":"Sneak Up","floor":11.0},{"not_picked":["Force Field","Deflect","Anger"],"picked":"SKIP","floor":13.0},{"not_picked":["Poisoned Stab","ReplayTheSpireMod:Repulse"],"picked":"Calculated Gamble","floor":14.0}],"player_experience":1165525,"relics_obtained":[{"floor":6.0,"key":"Replay:Ringing Soul"},{"floor":9.0,"key":"Blue Doll"},{"floor":10.0,"key":"Dream Catcher"},{"floor":13.0,"key":"Tiny Chest"}],"event_choices":[{"damage_healed":0.0,"max_hp_gain":0.0,"max_hp_loss":0.0,"gold_gain":0.0,"event_name":"The Cleric","player_choice":"Leave","floor":2.0,"gold_loss":0.0,"damage_taken":0.0}],"is_beta":false,"boss_relics":[],"items_purged_floors":[],"is_endless":false,"potions_floor_spawned":[1,10],"killed_by":"Fading Forest","ascension_level":16}}