{"host":"f0gpob8hq9vgebej","time":1611306573,"event":{"mods":["AchievementEnabler","BaseMod","Minty Spire (QoL Compilation)","Quick Restart","SuperFastMode"],"gold_per_floor":[117,133,147,165,177,177,102,102,102,2,77,77,87,99,99,194,194,175,188,200,220,257,257,257],"floor_reached":23,"language":"KOR","playtime":2181,"items_purged":["Strike_G","Defend_G"],"score":274,"play_id":"24c09068-4c33-4e55-a94f-86adcda3d1d3","local_time":"20210122180933","is_ascension_mode":true,"campfire_choices":[{"data":"Phantasmal Killer","floor":6,"key":"SMITH"},{"floor":12,"key":"REST"},{"data":"Blade Dance","floor":15,"key":"SMITH"}],"circlet_count":0,"master_deck":["Strike_G","Defend_G","Defend_G","Defend_G","Survivor","Neutralize","Phantasmal Killer+1","Blade Dance+1","Dagger Spray","Dash","Acrobatics","Envenom","Deadly Poison+1","Bullet Time+1","Catalyst+1","Acrobatics"],"relics":["Ring of the Snake","Regal Pillow","Astrolabe"],"acts_visited":["Exordium","TheCity"],"potions_floor_usage":[16,18,21,22,23],"damage_taken":[{"damage":8,"enemies":"Small Slimes","floor":1,"turns":3},{"damage":0,"enemies":"2 Louse","floor":2,"turns":3},{"damage":0,"enemies":"Cultist","floor":3,"turns":5},{"damage":22,"enemies":"Gremlin Gang","floor":4,"turns":4},{"damage":11,"enemies":"Large Slime","floor":5,"turns":5},{"damage":2,"enemies":"Exordium Thugs","floor":13,"turns":4},{"damage":0,"enemies":"2 Fungi Beasts","floor":14,"turns":4},{"damage":28,"enemies":"The Guardian","floor":16,"turns":14},{"damage":16,"enemies":"2 Thieves","floor":18,"turns":4},{"damage":4,"enemies":"Chosen","floor":19,"turns":4},{"damage":5,"enemies":"Shelled Parasite and Fungi","floor":20,"turns":4},{"damage":14,"enemies":"Snake Plant","floor":21,"turns":3},{"damage":9,"enemies":"3 Cultists","floor":22,"turns":4},{"damage":20,"enemies":"Gremlin Leader","floor":23,"turns":2}],"seed_played":"5542028029972439477","potions_obtained":[{"floor":2,"key":"Regen Potion"},{"floor":3,"key":"Swift Potion"},{"floor":14,"key":"Strength Potion"},{"floor":16,"key":"Swift Potion"},{"floor":20,"key":"ColorlessPotion"}],"is_trial":false,"path_per_floor":["M","M","M","M","M","R","$","?","T","$","?","R","M","M","R","B",null,"M","M","M","M","M","E"],"character_chosen":"THE_SILENT","items_purchased":[],"campfire_rested":1,"item_purchase_floors":[],"current_hp_per_floor":[55,55,55,33,22,22,22,15,15,15,8,44,42,42,42,14,56,40,36,31,17,8,0,0],"gold":257,"neow_bonus":"ONE_RANDOM_RARE_CARD","is_daily":false,"chose_seed":false,"campfire_upgraded":2,"win_rate":0.0,"timestamp":1611306573,"path_taken":["M","M","M","M","M","R","$","?","T","$","?","R","?","?","R","BOSS","M","M","M","M","M","E"],"items_purchased_type":[],"build_version":"2020-12-22","purchased_purges":2,"victory":false,"max_hp_per_floor":[70,70,70,70,70,70,70,70,70,70,70,70,70,70,70,70,70,70,70,70,70,70,70,70],"card_choices":[{"not_picked":["Dagger Throw","Blur"],"picked":"Blade Dance","floor":1},{"not_picked":["Flying Knee","Riddle With Holes","Bane"],"picked":"SKIP","floor":2},{"not_picked":["Concentrate","Distraction","Sucker Punch"],"picked":"SKIP","floor":3},{"not_picked":["Dagger Spray","Quick Slash","Sucker Punch"],"picked":"SKIP","floor":4},{"not_picked":["Quick Slash","Sucker Punch"],"picked":"Dagger Spray","floor":4},{"not_picked":["Grand Finale","Dodge and Roll"],"picked":"Dash","floor":5},{"not_picked":["Underhanded Strike","Dodge and Roll"],"picked":"Acrobatics","floor":13},{"not_picked":["Deflect","Bouncing Flask","Caltrops"],"picked":"SKIP","floor":14},{"not_picked":["Corpse Explosion","Die Die Die"],"picked":"Envenom","floor":16},{"not_picked":["Flying Knee","Underhanded Strike","Masterful Stab"],"picked":"SKIP","floor":18},{"not_picked":["Bane","Backstab+1","Poisoned Stab"],"picked":"SKIP","floor":19},{"not_picked":["Deadly Poison","Noxious Fumes","Heel Hook+1"],"picked":"SKIP","floor":20},{"not_picked":["Infinite Blades+1","Flying Knee"],"picked":"Acrobatics","floor":21},{"not_picked":["Bane","Underhanded Strike","Flying Knee"],"picked":"SKIP","floor":22}],"player_experience":208081,"relics_obtained":[{"floor":9,"key":"Regal Pillow"}],"event_choices":[{"cards_removed":["Strike_G"],"damage_healed":0,"gold_gain":0,"player_choice":"Card Removal","damage_taken":7,"max_hp_gain":0,"max_hp_loss":0,"event_name":"Golden Wing","floor":8,"gold_loss":0},{"damage_healed":0,"gold_gain":75,"player_choice":"Touch","damage_taken":7,"max_hp_gain":0,"max_hp_loss":0,"event_name":"FaceTrader","floor":11,"gold_loss":0}],"is_beta":false,"boss_relics":[{"not_picked":["Coffee Dripper","Ring of the Serpent"],"picked":"Astrolabe"}],"items_purged_floors":[7,10],"is_endless":false,"potions_floor_spawned":[2,3,14,16,20],"killed_by":"Gremlin Leader","ascension_level":9}}