{"host":"2fgwwnzqc97k7iys","time":1611355393,"event":{"mods":["BaseMod","Colored Map","Minty Spire (QoL Compilation)","Quick Restart","Relic Stats"],"gold_per_floor":[116,131,143,143,163,163,174,209,234,234,263,278,228,54,54,54,54],"floor_reached":16,"language":"ENG","playtime":622,"items_purged":["Strike_R"],"score":162,"play_id":"4de9df93-b901-42b1-8e7d-97fdacf762e2","local_time":"20210122164313","is_ascension_mode":true,"campfire_choices":[{"data":"Carnage","floor":6,"key":"SMITH"},{"data":"Brutality","floor":10,"key":"SMITH"},{"data":"Bash","floor":15,"key":"SMITH"}],"circlet_count":0,"master_deck":["Strike_R","Strike_R","Strike_R","Defend_R","Defend_R","Defend_R","Defend_R","Bash+1","Rampage","Shrug It Off","Carnage+1","Feel No Pain","Warcry","Brutality+1","Dark Embrace","Feel No Pain","Warcry"],"relics":["Burning Blood","NeowsBlessing","Turnip","Anchor","Juzu Bracelet"],"acts_visited":["Exordium"],"potions_floor_usage":[7,16],"damage_taken":[{"damage":0,"enemies":"Small Slimes","floor":1,"turns":1},{"damage":0,"enemies":"Jaw Worm","floor":2,"turns":1},{"damage":0,"enemies":"2 Louse","floor":3,"turns":1},{"damage":6,"enemies":"Looter","floor":5,"turns":4},{"damage":25,"enemies":"Large Slime","floor":7,"turns":11},{"damage":22,"enemies":"Lagavulin","floor":8,"turns":6},{"damage":17,"enemies":"3 Sentries","floor":11,"turns":8},{"damage":15,"enemies":"Blue Slaver","floor":12,"turns":3},{"damage":23,"enemies":"Slime Boss","floor":16,"turns":9}],"seed_played":"-3375245169062760618","potions_obtained":[{"floor":1,"key":"EssenceOfSteel"},{"floor":3,"key":"ColorlessPotion"},{"floor":5,"key":"Block Potion"},{"floor":11,"key":"EssenceOfSteel"}],"is_trial":false,"path_per_floor":["M","M","M","?","M","R","M","E","T","R","E","M","?","$","R","B"],"character_chosen":"IRONCLAD","items_purchased":["Feel No Pain","Warcry"],"campfire_rested":0,"item_purchase_floors":[14,14],"current_hp_per_floor":[78,80,80,80,80,80,61,45,45,45,34,25,25,25,25,2,2],"gold":54,"neow_bonus":"THREE_ENEMY_KILL","is_daily":false,"chose_seed":false,"campfire_upgraded":3,"win_rate":0.0,"timestamp":1611355393,"path_taken":["M","M","M","?","M","R","M","E","T","R","E","M","?","?","R","BOSS"],"items_purchased_type":["Card","Card"],"build_version":"2020-12-22","purchased_purges":1,"victory":false,"max_hp_per_floor":[80,80,80,80,80,80,80,80,80,80,80,80,80,80,80,80,80],"relic_stats":{"counters":[9,43],"Turnip":[4],"Juzu Bracelet":0,"obtain_stats":[{"Anchor":9,"NeowsBlessing":0,"Turnip":8,"Juzu Bracelet":11,"Burning Blood":0},{"Anchor":6,"NeowsBlessing":0,"Turnip":6,"Juzu Bracelet":7,"Burning Blood":0},{"Anchor":24,"NeowsBlessing":0,"Turnip":24,"Juzu Bracelet":32,"Burning Blood":0}],"Burning Blood":38},"card_choices":[{"not_picked":["Cleave","Wild Strike"],"picked":"Rampage","floor":1},{"not_picked":["Armaments","Clothesline"],"picked":"Shrug It Off","floor":2},{"not_picked":["Entrench","Inflame"],"picked":"Carnage","floor":3},{"not_picked":["Clothesline","Clash"],"picked":"Feel No Pain","floor":5},{"not_picked":["Anger","Metallicize"],"picked":"Warcry","floor":7},{"not_picked":["Pummel","Fire Breathing"],"picked":"Brutality","floor":8},{"not_picked":["True Grit","Sword Boomerang"],"picked":"Dark Embrace","floor":11},{"not_picked":["Havoc","Clothesline","Sentinel"],"picked":"SKIP","floor":12}],"player_experience":485427,"relics_obtained":[{"floor":8,"key":"Turnip"},{"floor":9,"key":"Anchor"},{"floor":11,"key":"Juzu Bracelet"}],"event_choices":[{"damage_healed":0,"gold_gain":0,"player_choice":"Ignored","damage_taken":0,"max_hp_gain":0,"max_hp_loss":0,"event_name":"Liars Game","floor":4,"gold_loss":0},{"cards_removed":["Strike_R"],"damage_healed":0,"gold_gain":0,"player_choice":"Card Removal","damage_taken":0,"max_hp_gain":0,"max_hp_loss":0,"event_name":"The Cleric","floor":13,"gold_loss":50}],"is_beta":false,"boss_relics":[],"items_purged_floors":[14],"is_endless":false,"potions_floor_spawned":[1,3,5,11],"killed_by":"Slime Boss","ascension_level":9}}