{"host":"drk0p5jtlzl1xmwe","time":1611324406,"event":{"mods":["2.2 Compatiblity","AchievementEnabler","Act Like it!","Bard","BaseMod","Better Note","Better Vampires","Ekko","Friendly Minions","Hermit","Hubris","Infinite Spire","Luminous","Marisa????????","Minty Spire (QoL Compilation)","Rare Cards Sparkle","Relic Stats","Replay The Spire","Shade Mod","StSLib","The Animator","The Bug Knight","The Cursed","The Disciple","The Gatherer","The Servant 0.9.4","The Spell Scribe"],"gold_per_floor":[110,123,135,135,85,117,133,153,153,153,183,196,223,241,241,241,241],"floor_reached":16,"language":"ENG","playtime":660,"items_purged":[],"score":149,"play_id":"077a384e-32b8-4ce1-8223-25c32da5632c","local_time":"20210122140646","is_ascension_mode":true,"campfire_choices":[{"floor":15,"key":"REST"}],"circlet_count":0,"master_deck":["hermit:Strike_Hermit","hermit:Strike_Hermit","hermit:Strike_Hermit","hermit:Strike_Hermit","hermit:Defend_Hermit","hermit:Defend_Hermit","hermit:Defend_Hermit","hermit:Snapshot","hermit:Covet","hermit:Enervate","hermit:Reprieve","hermit:Maintenance","hermit:DeadMansHand","Pot Of Greed","Pot Of Greed","hermit:Showdown","hermit:Deadeye"],"relics":["hermit:Momento","NeowsBlessing","Question Card","hubris:TinFlute","Chameleon Ring","Simple Rune","Grinning Jar"],"acts_visited":["Exordium"],"potions_floor_usage":[6,13,16],"damage_taken":[{"damage":0,"enemies":"infinitespire:Voidling","floor":1,"turns":1},{"damage":0,"enemies":"Jaw Worm","floor":2,"turns":1},{"damage":0,"enemies":"2 Louse","floor":3,"turns":1},{"damage":8,"enemies":"3 Sentries","floor":6,"turns":8},{"damage":0,"enemies":"Blue Slaver","floor":7,"turns":3},{"damage":5,"enemies":"Large Slime","floor":8,"turns":6},{"damage":42,"enemies":"Gremlin Nob","floor":11,"turns":5},{"damage":15,"enemies":"Gremlin Gang","floor":12,"turns":4},{"damage":21,"enemies":"Lagavulin","floor":13,"turns":6},{"damage":2,"enemies":"Blue Slaver","floor":14,"turns":4},{"damage":40,"enemies":"Slime Boss","floor":16,"turns":6}],"seed_played":"2372938063370049738","potions_obtained":[{"floor":1,"key":"FairyPotion"},{"floor":3,"key":"ColorlessPotion"},{"floor":12,"key":"hermit:Tonic"},{"floor":13,"key":"Languid Potion"}],"is_trial":false,"path_per_floor":["M","M","M","?","?","E","M","M","T","T","E","M","E","M","R","B"],"character_chosen":"HERMIT","items_purchased":[],"campfire_rested":1,"item_purchase_floors":[],"current_hp_per_floor":[75,75,75,60,60,52,52,51,51,51,9,33,12,14,36,0,0],"gold":241,"neow_bonus":"THREE_ENEMY_KILL","is_daily":false,"chose_seed":false,"campfire_upgraded":0,"win_rate":0.0,"timestamp":1611324406,"path_taken":["M","M","?","?","?","E","M","M","T","?","E","M","E","M","R","BOSS"],"items_purchased_type":[],"build_version":"2020-12-22","purchased_purges":0,"victory":false,"max_hp_per_floor":[75,75,75,75,75,75,75,75,75,75,75,75,75,75,75,75,75],"relic_stats":{"counters":[11,45],"Question Card":7,"obtain_stats":[{"Chameleon Ring":10,"NeowsBlessing":0,"Simple Rune":11,"Grinning Jar":13,"Question Card":6,"hermit:Momento":0,"hubris:TinFlute":9},{"Chameleon Ring":6,"NeowsBlessing":0,"Simple Rune":7,"Grinning Jar":9,"Question Card":4,"hermit:Momento":0,"hubris:TinFlute":6},{"Chameleon Ring":20,"NeowsBlessing":0,"Simple Rune":25,"Grinning Jar":35,"Question Card":11,"hermit:Momento":0,"hubris:TinFlute":20}]},"card_choices":[{"not_picked":["hermit:Virtue","hermit:Coalescence"],"picked":"hermit:Enervate","floor":1},{"not_picked":["hermit:SprayPray","hermit:ItchyTrigger","hermit:TakeCover"],"picked":"SKIP","floor":2},{"not_picked":["hermit:Roulette","hermit:Snipe","hermit:Desperado"],"picked":"SKIP","floor":3},{"not_picked":["hermit:Combo","hermit:Cheat"],"picked":"hermit:Reprieve","floor":6},{"not_picked":["hermit:Coalescence","hermit:Showdown","hermit:Roulette"],"picked":"hermit:Maintenance","floor":7},{"not_picked":["hermit:SprayPray","hermit:Midnight","hermit:Headshot","hermit:LoneWolf"],"picked":"SKIP","floor":8},{"not_picked":["hermit:HighCaliber","hermit:Glare","hermit:LowProfile"],"picked":"hermit:DeadMansHand","floor":11},{"not_picked":["hermit:Midnight","hermit:SprayPray","hermit:Dive","hermit:Misfire"],"picked":"SKIP","floor":12},{"not_picked":["hermit:LowProfile","hermit:Virtue","hermit:EyeOfTheStorm"],"picked":"hermit:Showdown","floor":13},{"not_picked":["hermit:Roulette","hermit:Malice","hermit:TrackingShot"],"picked":"hermit:Deadeye","floor":14}],"player_experience":690546,"relics_obtained":[{"floor":6,"key":"Question Card"},{"floor":9,"key":"hubris:TinFlute"},{"floor":10,"key":"Chameleon Ring"},{"floor":11,"key":"Simple Rune"},{"floor":13,"key":"Grinning Jar"}],"event_choices":[{"damage_healed":0,"gold_gain":0,"player_choice":"Entered Light","damage_taken":15,"max_hp_gain":0,"max_hp_loss":0,"event_name":"Shining Light","floor":4,"gold_loss":0,"cards_upgraded":["hermit:Defend_Hermit","hermit:Defend_Hermit"]},{"cards_removed":["hermit:Defend_Hermit"],"damage_healed":0,"gold_gain":0,"player_choice":"Card Removal","damage_taken":0,"max_hp_gain":0,"max_hp_loss":0,"event_name":"The Cleric","floor":5,"gold_loss":50}],"is_beta":false,"boss_relics":[],"items_purged_floors":[],"is_endless":false,"potions_floor_spawned":[1,3,12,13],"killed_by":"Slime Boss","ascension_level":4}}