{"host":"e5u7qs1emxzejr12","time":1611331708,"event":{"mods":["2.2 Compatiblity","Act Like it!","Arknights The Spire","BaseMod","CapriCore","Card Forge","Colored Powertips","Custom Start","Duelist Mod","GifTheSpireLib","Highlight Path","Marisa£¨ìFÓê¡¡Ä§ÀíÉ³£©","Minty Spire (QoL Compilation)","Quick Restart","StSLib","SuperFastMode","óô»ðÖ¸ÄÏ"],"gold_per_floor":[142,142,292,542,554,588,438,470,495,495,539,205,128,163,163,253,253,274,274,274,274,337,376,102,117,117,153,153,65,65,84,84,161,161,176,176,176,190,206,234,234,234,234,234,252,268,163,194,194,194,194,194,194,29,63,63],"floor_reached":57,"language":"ZHS","playtime":3183,"items_purged":[],"score":3290,"play_id":"c7ebe458-e18e-4cf4-a5e0-c17d4a0a8ec9","local_time":"20210123000828","is_ascension_mode":true,"campfire_choices":[{"floor":15.0,"key":"RECALL"},{"data":"1","floor":32.0,"key":"LIFT"},{"data":"2","floor":41,"key":"LIFT"},{"data":"3","floor":49,"key":"LIFT"}],"circlet_count":0,"master_deck":["AscendersBane","theDuelist:InvitationDarkSleep+1","theDuelist:InvitationDarkSleep+1","theDuelist:PotGreed+1","theDuelist:PotGreed+1","theDuelist:InfernoFireBlast+4","Flash of Steel+1","theDuelist:PotGreed+1","theDuelist:PotGreed+1","theDuelist:InfernoFireBlast+4","theDuelist:IrisEarthMother+1","theDuelist:IrisEarthMother+1","theDuelist:IcyCrevasse+1","theDuelist:Yami+1","theDuelist:RainbowMagician+1","theDuelist:BlockGolem+1","theDuelist:RainbowMagician+1","theDuelist:IcyCrevasse+1"],"relics":["theDuelist:MillenniumPuzzle","theDuelist:ChallengePuzzle","theDuelist:CardPoolRelic","theDuelist:CardPoolBasicRelic","theDuelist:BoosterPackPoolRelic","theDuelist:CardPoolAddRelic","theDuelist:CardPoolMinusRelic","theDuelist:CardPoolSaveRelic","theDuelist:CardPoolOptionsRelic","Hammer of Thor","Seething Fire","Anvil of the Gods","NeowsBlessing","Bronze Scales","Centennial Puzzle","Bloody Idol","Darkstone Periapt","theDuelist:MerchantTalisman","theDuelist:ZombieRelic","Black Star","theDuelist:MillenniumNecklace","MutagenicStrength","Turnip","Girya","Charon\u0027s Ashes","Dream Catcher","theDuelist:SpellcasterOrb","theDuelist:InversionEvokeRelic","FossilizedHelix","theDuelist:MillenniumRing","Prayer Wheel","Coffee Dripper","theDuelist:CursedHealer","Blood Vial","Blue Candle","theDuelist:MerchantPendant","Ancient Tea Set","Pantograph","theDuelist:DuelistOrichalcum","Lee\u0027s Waffle","Happy Flower","Pen Nib"],"acts_visited":["Exordium","TheCity","TheBeyond","TheEnding"],"potions_floor_usage":[56],"damage_taken":[{"damage":0.0,"enemies":"Small Slimes","floor":1.0,"turns":1.0},{"damage":0.0,"enemies":"2 Louse","floor":5.0,"turns":2.0},{"damage":0.0,"enemies":"3 Sentries","floor":6.0,"turns":1.0},{"damage":11.0,"enemies":"Lagavulin","floor":8.0,"turns":7.0},{"damage":2.0,"enemies":"3 Sentries","floor":11.0,"turns":5.0},{"damage":0.0,"enemies":"Lagavulin","floor":14.0,"turns":3.0},{"damage":6.0,"enemies":"Hexaghost","floor":16.0,"turns":5.0},{"damage":0.0,"enemies":"Shell Parasite","floor":18.0,"turns":3.0},{"damage":6.0,"enemies":"Shell Parasite","floor":22.0,"turns":7.0},{"damage":0.0,"enemies":"theDuelist:KaibaA2","floor":23.0,"turns":3.0},{"damage":0.0,"enemies":"Spheric Guardian","floor":25.0,"turns":1.0},{"damage":0.0,"enemies":"Book of Stabbing","floor":27.0,"turns":4.0},{"damage":0.0,"enemies":"Shelled Parasite and Fungi","floor":31.0,"turns":1.0},{"damage":11,"enemies":"Champ","floor":33,"turns":7},{"damage":0,"enemies":"Orb Walker","floor":35,"turns":1},{"damage":0,"enemies":"3 Shapes","floor":38,"turns":1},{"damage":0,"enemies":"Spire Growth","floor":39,"turns":2},{"damage":0,"enemies":"Reptomancer","floor":40,"turns":3},{"damage":0,"enemies":"3 Darklings","floor":45,"turns":1},{"damage":0,"enemies":"Maw","floor":46,"turns":3},{"damage":14,"enemies":"Nemesis","floor":48,"turns":4},{"damage":0,"enemies":"Donu and Deca","floor":50,"turns":5},{"damage":0,"enemies":"Time Eater","floor":51,"turns":8},{"damage":0,"enemies":"Shield and Spear","floor":55,"turns":4},{"damage":30,"enemies":"The Heart","floor":56,"turns":6}],"seed_played":"4384142484209419023","potions_obtained":[{"floor":1.0,"key":"Explosive Potion"},{"floor":5.0,"key":"Swift Potion"},{"floor":46,"key":"FairyPotion"}],"is_trial":false,"path_per_floor":["M","?","?","?","M","E","R","E","T","?","E","R","$","E","R","B",null,"M","?","?","?","?","E","R","M","T","E","?","R","?","M","R","B",null,"M","?","?","M","M","E","R","?","T","$","M","M","$","E","R","B","B",null,"R","$","E","B",null],"character_chosen":"THE_DUELIST","items_purchased":["theDuelist:BlueDragonSummoner","theDuelist:PotGreed","theDuelist:MerchantTalisman","theDuelist:Yami","theDuelist:InversionEvokeRelic","theDuelist:Yami","theDuelist:MerchantPendant","Ancient Tea Set","Lee\u0027s Waffle"],"campfire_rested":0,"item_purchase_floors":[7,7,12,13,24,29,47,47,54],"current_hp_per_floor":[63,63,63,70,70,70,70,59,59,59,57,57,57,57,57,51,61,61,67,67,67,61,61,61,61,61,61,61,61,61,66,66,60,68,70,70,70,70,70,70,70,70,70,70,70,70,70,61,61,70,70,70,70,77,77,47],"gold":63,"neow_bonus":"THREE_ENEMY_KILL","is_daily":false,"chose_seed":false,"campfire_upgraded":0,"win_rate":0.0,"timestamp":1611331708,"path_taken":["M","?","?","?","M","E","R","E","T","?","E","R","?","E","R","BOSS","M","?","?","?","?","E","R","?","T","E","?","R","?","M","R","BOSS","M","?","?","M","M","E","R","?","T","$","M","M","$","E","R","BOSS","BOSS","R","$","E","BOSS"],"items_purchased_type":["Card","Card","Relic","Card","Relic","Card","Relic","Relic","Relic"],"build_version":"2020-12-22","purchased_purges":0,"victory":true,"max_hp_per_floor":[70,70,70,71,71,71,71,71,71,64,64,64,64,64,64,64,64,64,70,70,70,70,70,70,70,70,70,70,70,70,70,70,70,70,70,70,70,70,70,70,70,70,70,70,70,70,70,70,70,70,70,70,70,77,77,77],"card_choices":[{"not_picked":["theDuelist:SangaThunder","theDuelist:NeoMagic","theDuelist:AltarTribute","theDuelist:ThousandEyesIdol"],"picked":"theDuelist:InvitationDarkSleep","floor":1.0},{"not_picked":["theDuelist:SangaThunder","theDuelist:NeoMagic","theDuelist:AltarTribute","theDuelist:ThousandEyesIdol"],"picked":"theDuelist:InvitationDarkSleep","floor":1.0},{"not_picked":["theDuelist:PowerGiant","theDuelist:Kuriboh","theDuelist:EarthEffigy","theDuelist:RockSunrise"],"picked":"theDuelist:PotGreed","floor":5.0},{"not_picked":["theDuelist:SpellShatteringArrow","theDuelist:SpiritHarp","theDuelist:ExodiaLL","theDuelist:LegendaryExodia"],"picked":"theDuelist:InjectionFairy","floor":6.0},{"not_picked":["theDuelist:ClearKuriboh","theDuelist:LightningDarts","theDuelist:SphereKuriboh","theDuelist:Wiretap"],"picked":"theDuelist:InfernoFireBlast+1","floor":8.0},{"not_picked":["Dark Shackles","Dramatic Entrance","The Bomb"],"picked":"Flash of Steel","floor":11.0},{"not_picked":["theDuelist:CrystalOrbCard","theDuelist:DarkOrbCard","theDuelist:AlienOrbCard","theDuelist:SmokeOrbCard","theDuelist:WaterOrbCard"],"picked":"SKIP","floor":14.0},{"not_picked":["theDuelist:ExodiaHead","theDuelist:Wildfire","theDuelist:VoidVanishment","theDuelist:IceQueen"],"picked":"theDuelist:IrisEarthMother","floor":16.0},{"not_picked":["theDuelist:SpellShatteringArrow+1","theDuelist:OnslaughtFireKings","theDuelist:NeoMagic","theDuelist:PowerKaishin","theDuelist:FairyBox"],"picked":"SKIP","floor":18.0},{"not_picked":["theDuelist:InvitationDarkSleep","theDuelist:BlueDragonSummoner","theDuelist:LegendaryExodia","theDuelist:ExodiaHead"],"picked":"theDuelist:IrisEarthMother","floor":23.0},{"not_picked":["theDuelist:SangaEarth","theDuelist:FogKing"],"picked":"theDuelist:RainbowMagician","floor":25.0},{"not_picked":["theDuelist:FairyBox","theDuelist:Graverobber","theDuelist:BadReaction+1","theDuelist:DarkHorizon"],"picked":"theDuelist:IcyCrevasse","floor":27.0},{"not_picked":["theDuelist:ExodiaNecross","theDuelist:LegendaryExodia","theDuelist:ExodiaRL","theDuelist:ExodiaLL","theDuelist:ExodiaHead"],"picked":"SKIP","floor":31.0},{"not_picked":["theDuelist:SangaThunder","theDuelist:InjectionFairy","theDuelist:ExodiaLL","theDuelist:FlyingSaucer+1","theDuelist:LegendaryExodia"],"picked":"SKIP","floor":31.0},{"not_picked":["theDuelist:RainbowDarkDragon","theDuelist:IrisEarthMother","theDuelist:RainbowKuriboh","theDuelist:RainbowOverdragon"],"picked":"theDuelist:RainbowMagician","floor":33},{"not_picked":["theDuelist:NeoMagic","theDuelist:InjectionFairy","theDuelist:LordD","theDuelist:MysticalElf","theDuelist:InfernoFireBlast+1"],"picked":"SKIP","floor":35},{"not_picked":["theDuelist:NeoMagic","theDuelist:OnslaughtFireKings","theDuelist:InjectionFairy","theDuelist:PowerKaishin","theDuelist:BlueDragonSummoner"],"picked":"SKIP","floor":35},{"not_picked":["theDuelist:SangaThunder","theDuelist:DarkMagician+1","theDuelist:GeminiElf","theDuelist:AncientElf","theDuelist:ExodiaLL"],"picked":"SKIP","floor":38},{"not_picked":["theDuelist:ClearKuriboh+1","theDuelist:DestroyerGolem+1","theDuelist:Fissure+1","theDuelist:Sangan","theDuelist:GauntletWarrior+1"],"picked":"SKIP","floor":38},{"not_picked":["theDuelist:DestroyerGolem","theDuelist:EarthEffigy","theDuelist:GemElephant","theDuelist:GraniteLoyalist"],"picked":"theDuelist:BlockGolem","floor":39},{"not_picked":["theDuelist:SangaEarth","theDuelist:FogKing","theDuelist:DoomShaman","theDuelist:SpiritHarp","theDuelist:GeminiElf+1"],"picked":"SKIP","floor":39},{"not_picked":["theDuelist:SangaEarth","theDuelist:FogKing","theDuelist:DoomShaman","theDuelist:SpiritHarp","theDuelist:GeminiElf+1"],"picked":"SKIP","floor":39},{"not_picked":["theDuelist:SpellShatteringArrow","theDuelist:BlizzardWarrior","theDuelist:InjectionFairy","theDuelist:DarkMagician","theDuelist:ExodiaRA"],"picked":"SKIP","floor":40},{"not_picked":["theDuelist:GemArmadillo","theDuelist:MagicHoleGolem+1","theDuelist:MudGolem","theDuelist:RainbowKuriboh","theDuelist:RainbowOverdragon+1"],"picked":"SKIP","floor":45},{"not_picked":["theDuelist:SpellShatteringArrow+1","theDuelist:BlizzardWarrior","theDuelist:SangaThunder","theDuelist:NeoMagic+1","theDuelist:CosmicHorrorGangiel"],"picked":"SKIP","floor":45},{"not_picked":["theDuelist:BlueDragonSummoner","theDuelist:IrisEarthMother","theDuelist:ExodiaHead","theDuelist:ExodiaLL"],"picked":"theDuelist:RainbowMagician","floor":46},{"not_picked":["theDuelist:StatueAnguishPattern","theDuelist:Graverobber","theDuelist:WhiteHowling","theDuelist:DarkHorizon"],"picked":"theDuelist:IcyCrevasse+1","floor":46},{"not_picked":["theDuelist:InariFire+1","theDuelist:TimeWizard","theDuelist:Yami","theDuelist:WonderWand+1"],"picked":"SKIP","floor":48},{"not_picked":["theDuelist:FrontierWiseman+1","theDuelist:BlackPendant+1","theDuelist:PotDichotomy+1","theDuelist:PreventRat+1","theDuelist:BattleOx+1"],"picked":"SKIP","floor":55},{"not_picked":["theDuelist:FrontierWiseman+1","theDuelist:BlackPendant+1","theDuelist:PotDichotomy+1","theDuelist:PreventRat+1","theDuelist:BattleOx+1"],"picked":"SKIP","floor":55}],"player_experience":82458,"relics_obtained":[{"floor":6.0,"key":"Bronze Scales"},{"floor":8.0,"key":"Centennial Puzzle"},{"floor":11.0,"key":"Darkstone Periapt"},{"floor":14.0,"key":"theDuelist:ZombieRelic"},{"floor":22.0,"key":"Turnip"},{"floor":22.0,"key":"Girya"},{"floor":22.0,"key":"Charon\u0027s Ashes"},{"floor":23.0,"key":"Dream Catcher"},{"floor":23.0,"key":"theDuelist:SpellcasterOrb"},{"floor":26.0,"key":"FossilizedHelix"},{"floor":27.0,"key":"theDuelist:MillenniumRing"},{"floor":27.0,"key":"Prayer Wheel"},{"floor":40,"key":"Blood Vial"},{"floor":43,"key":"Blue Candle"},{"floor":48,"key":"Pantograph"},{"floor":48,"key":"theDuelist:DuelistOrichalcum"},{"floor":55,"key":"Happy Flower"},{"floor":55,"key":"Pen Nib"}],"event_choices":[{"damage_healed":0.0,"max_hp_gain":0.0,"max_hp_loss":0.0,"gold_gain":0.0,"event_name":"Egyptian Village","player_choice":"Delta Electro","duelist":true,"floor":2.0,"gold_loss":0.0,"damage_taken":0.0,"cards_obtained":["Delta Electromagnet Warrior"]},{"damage_healed":0.0,"max_hp_gain":0.0,"max_hp_loss":0.0,"gold_gain":150.0,"event_name":"Liars Game","player_choice":"AGREE","floor":3.0,"gold_loss":0.0,"damage_taken":0.0,"cards_obtained":["Doubt"]},{"total_magic_score":25.0,"gold_gain":250.0,"greed_reward":1.0,"duelist":true,"damage_taken":0.0,"relics_obtained":[],"points":3.0,"max_hp_gain":7.0,"max_hp_loss":6.0,"spent_points":{"magic":0.0,"greed":1.0,"war":0.0,"power":1.0,"hunger":1.0},"event_name":"Nameless Tomb","hunger_reward":1.0,"floor":4.0,"gold_loss":0.0,"cards_obtained":["Normality","Writhe","theDuelist:VampireCurse"]},{"damage_healed":0.0,"max_hp_gain":0.0,"max_hp_loss":7.0,"gold_gain":0.0,"event_name":"Golden Idol","player_choice":"Lose Max HP","floor":10.0,"gold_loss":0.0,"damage_taken":0.0,"relics_obtained":["Golden Idol"]},{"damage_healed":0.0,"max_hp_gain":0.0,"max_hp_loss":0.0,"gold_gain":0.0,"event_name":"Millennium Items","player_choice":"Took item - Received: Millennium Necklace","duelist":true,"floor":19.0,"gold_loss":0.0,"damage_taken":0.0},{"damage_healed":0.0,"max_hp_gain":0.0,"max_hp_loss":0.0,"gold_gain":0.0,"event_name":"Drug Dealer","player_choice":"Inject Mutagens","floor":20.0,"gold_loss":0.0,"damage_taken":0.0,"relics_obtained":["MutagenicStrength"]},{"damage_healed":0.0,"max_hp_gain":0.0,"max_hp_loss":0.0,"gold_gain":0.0,"event_name":"Vampires","player_choice":"Ignored","floor":21.0,"gold_loss":0.0,"damage_taken":0.0},{"damage_healed":0.0,"max_hp_gain":0.0,"max_hp_loss":0.0,"gold_gain":0.0,"event_name":"Battle City","player_choice":"Fight","duelist":true,"floor":22.0,"gold_loss":0.0,"damage_taken":0.0},{"cards_removed":["theDuelist:MysticalElf"],"damage_healed":0.0,"max_hp_gain":0.0,"max_hp_loss":0.0,"gold_gain":0.0,"event_name":"Back to Basics","player_choice":"Elegance","floor":28.0,"gold_loss":0.0,"damage_taken":0.0},{"damage_healed":0.0,"max_hp_gain":0.0,"max_hp_loss":0.0,"gold_gain":0.0,"event_name":"Forgotten Altar","player_choice":"Gave Idol","floor":30.0,"relics_lost":["Golden Idol"],"gold_loss":0.0,"damage_taken":0.0,"relics_obtained":["Bloody Idol"]},{"damage_healed":0,"gold_gain":0,"player_choice":"Succumb - +25HP/Cursed Relic","duelist":true,"damage_taken":0,"max_hp_gain":0,"max_hp_loss":0,"event_name":"Tomb of the Nameless","floor":36,"gold_loss":0},{"damage_healed":0,"gold_gain":0,"player_choice":"Traded Yami+ for Guardian Angel","duelist":true,"damage_taken":0,"max_hp_gain":0,"max_hp_loss":0,"event_name":"Card Trader","floor":37,"gold_loss":0},{"damage_healed":0,"gold_gain":0,"player_choice":"Ignored","damage_taken":0,"max_hp_gain":0,"max_hp_loss":0,"event_name":"Tomb of Lord Red Mask","floor":42,"gold_loss":0}],"is_beta":false,"boss_relics":[{"not_picked":["Pandora\u0027s Box","Mark of Pain"],"picked":"Black Star"},{"not_picked":["Runic Dome","Inserter"],"picked":"Coffee Dripper"}],"items_purged_floors":[],"is_endless":false,"potions_floor_spawned":[1,5,8,14,25,27,33,39,46,55],"ascension_level":20}}