{"host":"bpkhhmvsfrvlto2l","time":1611284461,"event":{"mods":["2.2 Compatiblity","AchievementEnabler","Act Like it!","AlwaysNeverKeys","Aspiration","BaseMod","Better Silent Start","Challenge The Spire","Colored Map","Colored Powertips","Custom Start","Energized Spire","Friendly Minions","GifTheSpireLib","Halation","Hubris","Infinite Spire","Ironclad Rager","Mimic Mod","Minty Spire (QoL Compilation)","Permanent Neow","Quick Restart","Random Character Button","Relic Sorter","Replay The Spire","Spikes Relics","StSLib","Stuff the Spire","Swap Starting Deck Mod","Trackpad"],"gold_per_floor":[111,75,86,96,174,200,214,214,214,214,214,239,239,239,250,263,263,368,368,380,399,418,434,434,462,473,473,473,473,508,518,365,393,393,496,496,512,512,542,542,553,579,596,596,629,111,111,126,140,140,140,140],"floor_reached":53,"language":"ENG","playtime":1124,"items_purged":["Slice"],"score":1095,"play_id":"7bcb4065-dd1e-46a0-a080-718407e4fc36","local_time":"20210121220101","is_ascension_mode":true,"campfire_choices":[{"data":"Infinite Blades","floor":8,"key":"SMITH"},{"data":"Finisher","floor":11,"key":"SMITH"},{"floor":17,"key":"REST"},{"data":"Pot Of Greed","floor":27,"key":"SMITH"},{"data":"Pot Of Greed","floor":29,"key":"SMITH"},{"floor":44,"key":"REST"},{"data":"StuffTheSpire:BrainWave","floor":51,"key":"SMITH"}],"circlet_count":0,"master_deck":["Slice","Finisher+1","Cloak And Dagger","Cloak And Dagger+1","Cloak And Dagger","Blade Dance","Infinite Blades+1","Blade Dance","Pot Of Greed+1","Pot Of Greed+1","Blade Dance","Envenom","Infinite Blades+1","StuffTheSpire:BrainWave+1","Backstab+1","Adrenaline","Backstab+1"],"relics":["Ring of the Snake","trackpad:WindUpAutoDealer","swapstartingdeckmod:DeadBlossom","Grinning Jar","infinitespire:Beetle Shell","trackpad:SappingStone","Anchor","Dream Catcher","Empty Cage","SlaversCollar","ReplayTheSpireMod:TigerMarble","halation:AfternoonTea","aspiration:Stabinomicon","StuffTheSpire:ForceGauntlet","hubris:FunFungus","Shuriken","RoseTintedShades","ShockBauble"],"acts_visited":["Exordium","TheCity","TheBeyond"],"potions_floor_usage":[12,12,12,18,26,31,31,31,35,35,42,43,52],"damage_taken":[{"damage":0,"enemies":"infinitespire:Voidling","floor":1,"turns":2},{"damage":0,"enemies":"Jaw Worm","floor":3,"turns":1},{"damage":0,"enemies":"2 Louse","floor":4,"turns":2},{"damage":10,"enemies":"3 Sentries","floor":6,"turns":3},{"damage":0,"enemies":"2 Fungi Beasts","floor":7,"turns":2},{"damage":0,"enemies":"Lagavulin","floor":12,"turns":3},{"damage":0,"enemies":"Lots of Slimes","floor":15,"turns":2},{"damage":0,"enemies":"Blue Slaver","floor":16,"turns":1},{"damage":12,"enemies":"Slime Boss","floor":18,"turns":5},{"damage":0,"enemies":"2 Thieves","floor":20,"turns":2},{"damage":0,"enemies":"Spheric Guardian","floor":21,"turns":2},{"damage":5,"enemies":"Centurion and Healer","floor":22,"turns":3},{"damage":11,"enemies":"Sentry and Sphere","floor":23,"turns":3},{"damage":0,"enemies":"Slavers","floor":25,"turns":3},{"damage":0,"enemies":"Snake Plant","floor":26,"turns":2},{"damage":9,"enemies":"Book of Stabbing","floor":30,"turns":3},{"damage":11,"enemies":"Shelled Parasite and Fungi","floor":31,"turns":3},{"damage":0,"enemies":"Gremlin Leader","floor":33,"turns":3},{"damage":0,"enemies":"Champ","floor":35,"turns":2},{"damage":19,"enemies":"3 Shapes","floor":37,"turns":3},{"damage":0,"enemies":"Orb Walker","floor":39,"turns":2},{"damage":0,"enemies":"Orb Walker","floor":41,"turns":2},{"damage":22,"enemies":"R_Hoarder","floor":42,"turns":3},{"damage":16,"enemies":"4 Shapes","floor":43,"turns":4},{"damage":0,"enemies":"Spire Growth","floor":45,"turns":2},{"damage":0,"enemies":"Spire Growth","floor":48,"turns":2},{"damage":0,"enemies":"Sphere and 2 Shapes","floor":49,"turns":2},{"damage":0,"enemies":"Donu and Deca","floor":52,"turns":2}],"seed_played":"-4539869022226719290","potions_obtained":[{"floor":1,"key":"Block Potion"},{"floor":4,"key":"Dexterity Potion"},{"floor":5,"key":"Weak Potion"},{"floor":6,"key":"Block Potion"},{"floor":12,"key":"Poison Potion"},{"floor":16,"key":"Swift Potion"},{"floor":21,"key":"LiquidMemories"},{"floor":23,"key":"Fire Potion"},{"floor":33,"key":"SpeedPotion"},{"floor":35,"key":"Reflective Coating"},{"floor":41,"key":"AttackPotion"},{"floor":43,"key":"LiquidMemories"},{"floor":49,"key":"Flashbang"}],"is_trial":false,"path_per_floor":["M","$","M","M","?","E","M","R","T","?","R","E","PTL","PTL","M","M","R","B",null,"M","M","M","M","AVR","E","M","R","T","R","E","M","$","E","R_BF","B",null,"M","?","MIM","AVR","M","E","M","R","MIM","$","?","M","M","?","R","B",null],"character_chosen":"THE_SILENT","items_purchased":["Infinite Blades","Regen Potion","CunningPotion","ShockBauble","Elixir","Adrenaline"],"campfire_rested":2,"item_purchase_floors":[2,32,32,46,46,46],"current_hp_per_floor":[70,70,70,70,42,32,32,32,32,32,32,32,32,32,32,32,43,31,66,66,66,61,50,50,50,50,50,50,50,41,30,30,30,41,46,70,51,51,51,51,52,33,19,28,33,33,33,33,33,33,33,35],"gold":140,"neow_bonus":"","is_daily":false,"chose_seed":false,"campfire_upgraded":5,"win_rate":0.0,"timestamp":1611284461,"path_taken":["M","$","?","M","?","E","M","R","T","?","R","E","PTL","PTL","?","M","R","BOSS","M","M","M","M","AVR","E","M","R","T","R","E","M","$","E","R_BF","BOSS","M","?","?","AVR","?","E","M","R","MIM","$","?","M","M","?","R","BOSS"],"items_purchased_type":["Card","Potion","Potion","Relic","Potion","Card"],"build_version":"2020-12-22","purchased_purges":1,"victory":true,"max_hp_per_floor":[70,70,70,70,70,70,70,70,70,70,70,70,70,70,70,70,70,70,70,70,70,70,70,70,70,70,70,70,70,70,70,70,70,70,70,70,70,63,63,63,63,63,63,63,63,63,63,63,63,63,63,63],"card_choices":[{"not_picked":["StuffTheSpire:ClusterCrunch","Tactician"],"picked":"Blade Dance","floor":3},{"not_picked":["Quick Slash","Cloak And Dagger"],"picked":"Blade Dance","floor":7},{"not_picked":["StuffTheSpire:Injection","Slice"],"picked":"Envenom","floor":30},{"not_picked":["hubris:SlightOfHand","StuffTheSpire:Incursion+1","Deflect+1"],"picked":"SKIP","floor":33},{"not_picked":["Hidden Blade+1","StuffTheSpire:ClusterCrunch"],"picked":"Infinite Blades+1","floor":37},{"not_picked":["StuffTheSpire:Injection+1","StuffTheSpire:ClusterCrunch"],"picked":"Backstab+1","floor":43},{"not_picked":["Malaise","Well Laid Plans+1"],"picked":"Backstab+1","floor":48}],"player_experience":93820,"relics_obtained":[{"floor":5,"key":"Grinning Jar"},{"floor":6,"key":"infinitespire:Beetle Shell"},{"floor":9,"key":"trackpad:SappingStone"},{"floor":12,"key":"Dream Catcher"},{"floor":25,"key":"ReplayTheSpireMod:TigerMarble"},{"floor":28,"key":"halation:AfternoonTea"},{"floor":30,"key":"aspiration:Stabinomicon"},{"floor":33,"key":"StuffTheSpire:ForceGauntlet"},{"floor":39,"key":"hubris:FunFungus"},{"floor":42,"key":"RoseTintedShades"},{"floor":45,"key":"trackpad:WindUpAutoDealer"}],"event_choices":[{"cards_removed":["Cloak And Dagger"],"damage_healed":0,"gold_gain":0,"player_choice":"Gave Card","damage_taken":0,"relics_obtained":["Anchor"],"max_hp_gain":0,"max_hp_loss":0,"event_name":"WeMeetAgain","floor":10,"gold_loss":0}],"is_beta":false,"boss_relics":[{"not_picked":["Coffee Dripper","halation:MonkeysPaw"],"picked":"Empty Cage"},{"not_picked":["halation:LoveArrow","Astrolabe","Sandwich"]}],"items_purged_floors":[46],"is_endless":false,"potions_floor_spawned":[1,4,6,12,16,21,23,30,33,35,41,43,49],"ascension_level":3}}