{"host":"cy2xqrw0a4jjdcnp","time":1611327569,"event":{"mods":["AchievementEnabler","BaseMod","Colored Map","Minty Spire (QoL Compilation)","Permanent Neow"],"gold_per_floor":[114,127,127,52,68,102,102,102,175,175,210,234,278,25,25,25,25],"floor_reached":16,"language":"ENG","playtime":701,"items_purged":["Strike_R","Strike_R"],"score":211,"play_id":"0ffb3e1a-3c9a-4962-85a9-7d6c69609508","local_time":"20210122125929","is_ascension_mode":true,"campfire_choices":[{"data":"Fiend Fire","floor":7.0,"key":"SMITH"},{"data":"Anger","floor":10.0,"key":"SMITH"},{"data":"True Grit","floor":15.0,"key":"SMITH"}],"circlet_count":0,"master_deck":["AscendersBane","Strike_R","Strike_R","Strike_R","Defend_R","Defend_R","Defend_R","Defend_R","Bash+1","Anger+1","Clothesline","Feel No Pain","Fiend Fire+1","True Grit+1","Feed","Metallicize"],"relics":["Burning Blood","Gremlin Horn","Matryoshka","Golden Idol","Bag of Preparation","Pear","Odd Mushroom","Bag of Marbles"],"acts_visited":["Exordium"],"potions_floor_usage":[],"damage_taken":[{"damage":1.0,"enemies":"Cultist","floor":1.0,"turns":3.0},{"damage":4.0,"enemies":"Jaw Worm","floor":2.0,"turns":3.0},{"damage":13.0,"enemies":"2 Louse","floor":5.0,"turns":3.0},{"damage":22.0,"enemies":"3 Sentries","floor":6.0,"turns":10.0},{"damage":0.0,"enemies":"The Mushroom Lair","floor":11.0,"turns":2.0},{"damage":0.0,"enemies":"Large Slime","floor":12.0,"turns":3.0},{"damage":6.0,"enemies":"Gremlin Nob","floor":13.0,"turns":3.0},{"damage":48,"enemies":"Slime Boss","floor":16,"turns":6}],"seed_played":"6761669292894218759","potions_obtained":[{"floor":1.0,"key":"ElixirPotion"},{"floor":5.0,"key":"ColorlessPotion"},{"floor":6.0,"key":"Fire Potion"},{"floor":12.0,"key":"PowerPotion"}],"is_trial":false,"path_per_floor":["M","M","T","$","M","E","R","?","T","R","?","M","E","$","R","B"],"character_chosen":"IRONCLAD","items_purchased":["Feed","Metallicize"],"campfire_rested":0,"item_purchase_floors":[14,14],"current_hp_per_floor":[73,75,75,75,68,52,52,26,36,36,42,48,48,48,48,0,0],"gold":25,"neow_bonus":"UPGRADE_CARD","is_daily":false,"chose_seed":false,"campfire_upgraded":3,"win_rate":0.0,"timestamp":1611327569,"path_taken":["M","?","?","?","?","E","R","?","T","R","?","M","E","$","R","BOSS"],"items_purchased_type":["Card","Card"],"build_version":"2020-12-22","purchased_purges":2,"victory":false,"max_hp_per_floor":[75,75,75,75,75,75,75,75,85,85,85,85,85,85,85,85,85],"card_choices":[{"not_picked":["Fire Breathing","Headbutt"],"picked":"Anger","floor":1.0},{"not_picked":["Iron Wave","Reckless Charge"],"picked":"Clothesline","floor":2.0},{"not_picked":["Perfected Strike","Sentinel"],"picked":"Feel No Pain","floor":5.0},{"not_picked":["Body Slam","Armaments"],"picked":"Fiend Fire","floor":6.0},{"not_picked":["Anger","Pommel Strike"],"picked":"True Grit","floor":11.0},{"not_picked":["Havoc","Twin Strike","Cleave"],"picked":"SKIP","floor":12.0},{"not_picked":["Twin Strike","Fire Breathing","Warcry"],"picked":"SKIP","floor":13.0}],"player_experience":1472718,"relics_obtained":[{"floor":3.0,"key":"Gremlin Horn"},{"floor":6.0,"key":"Matryoshka"},{"floor":9.0,"key":"Bag of Preparation"},{"floor":9.0,"key":"Pear"},{"floor":11.0,"key":"Odd Mushroom"},{"floor":13.0,"key":"Bag of Marbles"}],"event_choices":[{"damage_healed":0.0,"max_hp_gain":0.0,"max_hp_loss":0.0,"gold_gain":0.0,"event_name":"Golden Idol","player_choice":"Take Damage","floor":8.0,"gold_loss":0.0,"damage_taken":26.0,"relics_obtained":["Golden Idol"]},{"damage_healed":0.0,"max_hp_gain":0.0,"max_hp_loss":0.0,"gold_gain":0.0,"event_name":"Mushrooms","player_choice":"Fought Mushrooms","floor":11.0,"gold_loss":0.0,"damage_taken":0.0}],"is_beta":false,"boss_relics":[],"items_purged_floors":[4,14],"is_endless":false,"potions_floor_spawned":[1,5,6,12],"killed_by":"Slime Boss","ascension_level":19}}