{"host":"8i58hvcssdezoe94","time":1611335597,"event":{"mods":["Act Like it!","BaseMod","Colored Map","Conspire","Downfall","Gensokyo","Good Game Mod","KinomotoSakuraMod(木之本樱)","Marisa（F雨　魔理沙）","Minty Spire (QoL Compilation)","Quick Restart","Remilia（蕾米莉亚）","Replay The Spire","StSLib","The Bug Knight","The Construct","The Cursed","The Hierophant","The Jungle","The Servant 0.9.4"],"gold_per_floor":[117,133,133,133,133,133,158,168,168,186,201,201,48,67,67,67,67],"floor_reached":16,"language":"ZHS","playtime":771,"items_purged":[],"score":152,"play_id":"4e646b4c-b1d5-4264-9c72-e81b52c17662","local_time":"20210123011317","is_ascension_mode":false,"campfire_choices":[{"floor":6,"key":"RECALL"},{"floor":15,"key":"REST"}],"circlet_count":0,"master_deck":["Strike_R","Strike_R","Strike_R","Strike_R","Defend_R","Defend_R","Defend_R","Defend_R","Bash","Slimebound:MassFeed+1","Headbutt","Uppercut","Pommel Strike","Armaments","Burning Pact","Iron Wave","Sever Soul","Gensokyo:BlemishedSteel","Gensokyo:ScrapIron","Gensokyo:TarnishedGold","Clash"],"relics":["Burning Blood","REME:ComplimentaryCards","NeowsBlessing","conspire:Dentures","Turnip","Mango"],"acts_visited":["Gensokyo:Gensokyo"],"potions_floor_usage":[],"damage_taken":[{"damage":5,"enemies":"Gensokyo:3_Fairies","floor":1,"turns":3},{"damage":0,"enemies":"Gensokyo:Python","floor":2,"turns":1},{"damage":0,"enemies":"Gensokyo:Mamizou","floor":7,"turns":2},{"damage":2,"enemies":"Gensokyo:Gryphon","floor":8,"turns":3},{"damage":24,"enemies":"Gensokyo:LivingMonolith","floor":10,"turns":4},{"damage":12,"enemies":"Gensokyo:CorruptedTreant","floor":11,"turns":3},{"damage":26,"enemies":"Gensokyo:Gryphon_and_Rabbit","floor":14,"turns":7},{"damage":30,"enemies":"Gensokyo:Reimu","floor":16,"turns":2}],"seed_played":"-2782983593486908100","potions_obtained":[{"floor":2,"key":"FearPotion"},{"floor":8,"key":"SkillPotion"}],"is_trial":false,"path_per_floor":["M","M","?","$","?","R","E","M","T","M","M","T","COS","M","R","B"],"character_chosen":"IRONCLAD","items_purchased":[],"campfire_rested":1,"item_purchase_floors":[],"current_hp_per_floor":[80,80,80,80,80,80,80,84,84,70,68,82,82,62,93,63,63],"gold":67,"neow_bonus":"THREE_ENEMY_KILL","is_daily":false,"chose_seed":false,"campfire_upgraded":0,"win_rate":0.0,"timestamp":1611335597,"path_taken":["M","M","?","$","?","R","E","?","T","M","M","?","COS","M","R","BOSS"],"items_purchased_type":[],"build_version":"2020-12-22","purchased_purges":0,"victory":false,"max_hp_per_floor":[80,80,80,80,80,80,80,84,84,88,92,106,106,106,106,106,106],"card_choices":[{"not_picked":["ReplayTheSpireMod:Strike From Hell","Uppercut"],"picked":"Headbutt","floor":1},{"not_picked":["ReplayTheSpireMod:Strike From Hell","Headbutt"],"picked":"Uppercut","floor":1},{"not_picked":["Wild Strike","ReplayTheSpireMod:Limb From Limb"],"picked":"Pommel Strike","floor":2},{"not_picked":["Headbutt","Havoc"],"picked":"Armaments","floor":7},{"not_picked":["Carnage","Defy Death"],"picked":"Burning Pact","floor":8},{"not_picked":["Whirlwind","Pummel"],"picked":"Iron Wave","floor":10},{"not_picked":["Headbutt","Power Through"],"picked":"Sever Soul","floor":11},{"not_picked":["Limit Break","Wild Strike"],"picked":"Clash","floor":14}],"player_experience":82731,"relics_obtained":[{"floor":7,"key":"conspire:Dentures"},{"floor":9,"key":"Turnip"},{"floor":12,"key":"Mango"}],"event_choices":[],"is_beta":false,"boss_relics":[],"items_purged_floors":[],"is_endless":false,"potions_floor_spawned":[2,8],"killed_by":"Gensokyo:Reimu","ascension_level":0}}