{"host":"k7udt7atmcuzf6l0","time":1611310261,"event":{"mods":["AchievementEnabler","BaseMod","Colored Map","Colored Powertips","Highlight Path","Minty Spire (QoL Compilation)","Quick Restart","Rare Cards Sparkle","StSLib","UnlockEverythingMod"],"gold_per_floor":[216,48,123,140,156,156,156,156,156,88,124,138,164,190,190,270,270,299,21,71,99,99,99,99],"floor_reached":23,"language":"ZHT","playtime":479,"items_purged":[],"score":382,"play_id":"c3565bbd-fef0-4d9a-9e99-3e03a5c395a3","local_time":"20210122181101","is_ascension_mode":true,"campfire_choices":[{"data":"Flex","floor":6.0,"key":"SMITH"},{"data":"Clash","floor":8.0,"key":"SMITH"},{"floor":15.0,"key":"DIG"}],"circlet_count":0,"master_deck":["AscendersBane","Strike_R","Strike_R","Strike_R","Strike_R","Strike_R","Defend_R","Defend_R","Defend_R","Defend_R","Bash","Flex+1","Sword Boomerang+1","Clash+1","Battle Trance","Rampage","Iron Wave","Spot Weakness","Offering","Twin Strike","Thunderclap"],"relics":["Burning Blood","Bag of Marbles","Singing Bowl","CeramicFish","Shovel","Bag of Preparation","SacredBark","Bottled Flame"],"acts_visited":["Exordium","TheCity"],"potions_floor_usage":[16,16,16,16,21],"damage_taken":[{"damage":7.0,"enemies":"Cultist","floor":1.0,"turns":4.0},{"damage":9.0,"enemies":"Jaw Worm","floor":4.0,"turns":3.0},{"damage":1.0,"enemies":"2 Louse","floor":5.0,"turns":2.0},{"damage":11.0,"enemies":"Gremlin Nob","floor":11.0,"turns":3.0},{"damage":7.0,"enemies":"Looter","floor":12.0,"turns":3.0},{"damage":0.0,"enemies":"Blue Slaver","floor":13.0,"turns":1.0},{"damage":14.0,"enemies":"3 Louse","floor":14.0,"turns":3.0},{"damage":62,"enemies":"The Guardian","floor":16,"turns":9},{"damage":20,"enemies":"Shell Parasite","floor":18,"turns":3},{"damage":0,"enemies":"2 Thieves","floor":21,"turns":1},{"damage":54,"enemies":"Book of Stabbing","floor":23,"turns":3}],"seed_played":"-7287801546407756611","potions_obtained":[{"floor":5.0,"key":"SteroidPotion"},{"floor":11.0,"key":"BlessingOfTheForge"},{"floor":14.0,"key":"EntropicBrew"},{"floor":16,"key":"Swift Potion"},{"floor":18,"key":"AttackPotion"}],"is_trial":false,"path_per_floor":["M","$","T","M","M","R","?","R","T","$","E","M","M","M","R","B",null,"M","$","?","M","?","E"],"character_chosen":"IRONCLAD","items_purchased":["Bag of Marbles","Battle Trance","Bottled Flame"],"campfire_rested":0,"item_purchase_floors":[2,10,19],"current_hp_per_floor":[67,67,67,64,69,69,69,69,69,69,64,65,71,63,63,7,60,46,46,46,52,52,0,0],"gold":99,"neow_bonus":"HUNDRED_GOLD","is_daily":false,"chose_seed":false,"campfire_upgraded":2,"win_rate":0.0,"timestamp":1611310261,"path_taken":["M","$","?","M","M","R","?","R","T","$","E","M","M","M","R","BOSS","M","$","?","M","?","E"],"items_purchased_type":["Relic","Card","Relic"],"build_version":"2020-12-22","purchased_purges":0,"victory":false,"max_hp_per_floor":[75,75,75,75,75,75,75,75,75,75,75,77,77,77,77,77,77,77,77,77,77,77,77,77],"card_choices":[{"not_picked":["Thunderclap","Blood for Blood"],"picked":"Flex","floor":1.0},{"not_picked":["Havoc","Shrug It Off"],"picked":"Sword Boomerang","floor":4.0},{"not_picked":["Havoc","Heavy Blade"],"picked":"Clash","floor":5.0},{"not_picked":["Clash","Clothesline"],"picked":"Rampage","floor":11.0},{"not_picked":["Dark Embrace","Shrug It Off","Juggernaut"],"picked":"Singing Bowl","floor":12.0},{"not_picked":["Sever Soul","Clash"],"picked":"Iron Wave","floor":13.0},{"not_picked":["Wild Strike","Havoc"],"picked":"Spot Weakness","floor":14.0},{"not_picked":["Barricade","Exhume"],"picked":"Offering","floor":16},{"not_picked":["Flex","Armaments"],"picked":"Twin Strike","floor":18},{"not_picked":["Twin Strike","Clothesline"],"picked":"Thunderclap","floor":21}],"player_experience":100865,"relics_obtained":[{"floor":3.0,"key":"Singing Bowl"},{"floor":9.0,"key":"CeramicFish"},{"floor":11.0,"key":"Shovel"},{"floor":15.0,"key":"Bag of Preparation"}],"event_choices":[{"damage_healed":0.0,"max_hp_gain":0.0,"max_hp_loss":0.0,"gold_gain":0.0,"event_name":"Living Wall","player_choice":"Grow","floor":7.0,"gold_loss":0.0,"damage_taken":0.0,"cards_upgraded":["Sword Boomerang"]},{"damage_healed":0,"gold_gain":50,"player_choice":"Stole From Cult","damage_taken":0,"max_hp_gain":0,"max_hp_loss":0,"event_name":"Nest","floor":20,"gold_loss":0},{"damage_healed":0,"gold_gain":0,"player_choice":"Ignored","damage_taken":0,"max_hp_gain":0,"max_hp_loss":0,"event_name":"Ghosts","floor":22,"gold_loss":0}],"is_beta":false,"boss_relics":[{"not_picked":["Snecko Eye","Velvet Choker"],"picked":"SacredBark"}],"items_purged_floors":[],"is_endless":false,"potions_floor_spawned":[5,11,14,16,18],"killed_by":"Book of Stabbing","ascension_level":20}}