{"host":"41y51qpuw3tri6uv","time":1611303326,"event":{"mods":["AchievementEnabler","BaseMod","Bestiary","Better Altar","Better Match","Better Note","Better Sensory Stone","Better Skull","Better Third Choice","Better Vampires","Colored Map","Colored Powertips","DeckTracker","Minty Spire (QoL Compilation)","Permanent Neow","Quick Restart","Random Character Button","StSLib","SuperFastMode","Synergy Search","Thieving Mod"],"gold_per_floor":[118,118,118,43,54,88,100,159,208,208,208,225,253,253,253,352,352,371,371,371,403,303,303,321,321,321,246,264,264,291,291,291],"floor_reached":31,"language":"ENG","playtime":955,"items_purged":["Strike_R","Regret"],"score":341,"play_id":"b58cf76f-cdef-453f-a5c1-e2a6db957972","local_time":"20210122031526","is_ascension_mode":true,"campfire_choices":[{"data":"Inflame","floor":10.0,"key":"SMITH"},{"data":"Inflame","floor":15.0,"key":"SMITH"},{"data":"Limit Break","floor":23,"key":"SMITH"},{"data":"Strike_R","floor":25,"key":"PURGE"},{"data":"Strike_R","floor":29,"key":"PURGE"}],"circlet_count":0,"master_deck":["Strike_R","Defend_R","Defend_R","Defend_R","Defend_R","Bash","Pommel Strike","Backstab","Inflame+1","Inflame+1","Ghostly Armor","Parasite","Iron Wave","Thunderclap","Limit Break+1","Feel No Pain","Heavy Blade+1","Offering","Whirlwind","Evolve+1","Reckless Charge","Jack Of All Trades","Shockwave"],"relics":["Burning Blood","NeowsBlessing","Blood Vial","Pen Nib","Juzu Bracelet","Pear","Ancient Tea Set","Art of War","Prayer Wheel","SlaversCollar","Red Mask","Peace Pipe","HornCleat","Akabeko"],"acts_visited":["Exordium","TheCity"],"potions_floor_usage":[31],"damage_taken":[{"damage":2.0,"enemies":"2 Louse","floor":1.0,"turns":2.0},{"damage":0.0,"enemies":"Small Slimes","floor":5.0,"turns":1.0},{"damage":0.0,"enemies":"Lagavulin","floor":6.0,"turns":1.0},{"damage":2.0,"enemies":"Jaw Worm","floor":7.0,"turns":3.0},{"damage":32.0,"enemies":"Lagavulin Event","floor":8.0,"turns":5.0},{"damage":9.0,"enemies":"2 Fungi Beasts","floor":12.0,"turns":3.0},{"damage":13.0,"enemies":"3 Sentries","floor":13.0,"turns":7.0},{"damage":65.0,"enemies":"The Guardian","floor":16.0,"turns":10.0},{"damage":24.0,"enemies":"Shell Parasite","floor":18.0,"turns":6.0},{"damage":40.0,"enemies":"Masked Bandits","floor":21.0,"turns":3.0},{"damage":20,"enemies":"Spheric Guardian","floor":24,"turns":4},{"damage":0,"enemies":"3 Cultists","floor":28,"turns":3},{"damage":25,"enemies":"Gremlin Leader","floor":30,"turns":4},{"damage":27,"enemies":"Centurion and Healer","floor":31,"turns":4}],"seed_played":"-4252904177215995692","potions_obtained":[{"floor":1.0,"key":"EntropicBrew"},{"floor":8.0,"key":"Block Potion"},{"floor":18.0,"key":"Explosive Potion"}],"is_trial":false,"path_per_floor":["M","?","?","$","M","E","M","?","T","R","?","M","E","?","R","B",null,"M","?","?","?","$","R","M","R","T","?","M","R","E","M"],"character_chosen":"IRONCLAD","items_purchased":[],"campfire_rested":0,"item_purchase_floors":[],"current_hp_per_floor":[80,68,61,61,69,77,80,64,64,64,86,85,80,80,80,23,90,72,72,72,40,40,40,28,28,28,28,36,36,19,0,0],"gold":291,"neow_bonus":"THREE_ENEMY_KILL","is_daily":false,"chose_seed":false,"campfire_upgraded":3,"win_rate":0.0,"timestamp":1611303326,"path_taken":["M","?","?","?","M","E","M","?","T","R","?","M","E","?","R","BOSS","M","?","?","?","?","R","M","R","T","?","M","R","E","M"],"items_purchased_type":[],"build_version":"2020-12-22","purchased_purges":2,"victory":false,"max_hp_per_floor":[80,80,80,80,80,80,80,90,90,90,90,90,90,90,90,90,90,90,90,90,90,90,90,90,90,90,90,90,90,90,90,90],"card_choices":[{"not_picked":["Battle Trance","Clothesline"],"picked":"Pommel Strike","floor":1.0},{"not_picked":["True Grit","Sentinel"],"picked":"Inflame","floor":5.0},{"not_picked":["Corruption","Sever Soul","Havoc"],"picked":"SKIP","floor":6.0},{"not_picked":["Headbutt","Wild Strike"],"picked":"Inflame","floor":7.0},{"not_picked":["Iron Wave","Berserk"],"picked":"Ghostly Armor","floor":8.0},{"not_picked":["Sword Boomerang","Rupture"],"picked":"Iron Wave","floor":12.0},{"not_picked":["Pummel","Shrug It Off"],"picked":"Thunderclap","floor":13.0},{"not_picked":["Fiend Fire","Double Tap"],"picked":"Limit Break","floor":16.0},{"not_picked":["Intimidate","Pommel Strike+1"],"picked":"Feel No Pain","floor":18.0},{"not_picked":["Sword Boomerang","Bloodletting"],"picked":"Heavy Blade+1","floor":18.0},{"not_picked":["Body Slam","Pummel"],"picked":"Whirlwind","floor":21.0},{"not_picked":["Burning Pact","Flex"],"picked":"Evolve+1","floor":24},{"not_picked":["Thunderclap","Hemokinesis","Dark Embrace"],"picked":"SKIP","floor":24},{"not_picked":["Infernal Blade","Battle Trance"],"picked":"Reckless Charge","floor":27},{"not_picked":["Blind","Discovery"],"picked":"Jack Of All Trades","floor":27},{"not_picked":["Perfected Strike","True Grit"],"picked":"Shockwave","floor":28},{"not_picked":["Body Slam","Anger","Heavy Blade"],"picked":"SKIP","floor":28},{"not_picked":["Feed","Body Slam","Flex"],"picked":"SKIP","floor":30},{"not_picked":["Feed","Body Slam","Flex"],"picked":"SKIP","floor":30}],"player_experience":128611,"relics_obtained":[{"floor":6.0,"key":"Juzu Bracelet"},{"floor":8.0,"key":"Pear"},{"floor":9.0,"key":"Ancient Tea Set"},{"floor":13.0,"key":"Art of War"},{"floor":21.0,"key":"Red Mask"},{"floor":26,"key":"HornCleat"},{"floor":30,"key":"Akabeko"}],"event_choices":[{"cards_removed":["Strike_R"],"damage_healed":0.0,"max_hp_gain":0.0,"max_hp_loss":0.0,"gold_gain":0.0,"event_name":"Golden Wing","player_choice":"Card Removal","floor":3.0,"gold_loss":0.0,"damage_taken":7.0},{"damage_healed":0.0,"max_hp_gain":0.0,"max_hp_loss":0.0,"gold_gain":30.0,"event_name":"Dead Adventurer","player_choice":"Searched \u00273\u0027 times","floor":8.0,"gold_loss":0.0,"damage_taken":0.0},{"damage_healed":22.0,"max_hp_gain":0.0,"max_hp_loss":0.0,"gold_gain":0.0,"event_name":"Mushrooms","player_choice":"Healed and dodged fight","floor":11.0,"gold_loss":0.0,"damage_taken":0.0,"cards_obtained":["Parasite"]},{"damage_healed":0.0,"max_hp_gain":0.0,"max_hp_loss":0.0,"gold_gain":0.0,"event_name":"Big Fish","player_choice":"Box","floor":14.0,"gold_loss":0.0,"damage_taken":0.0,"relics_obtained":["Prayer Wheel"],"cards_obtained":["Regret"]},{"cards_removed":["Strike_R"],"damage_healed":0.0,"max_hp_gain":0.0,"max_hp_loss":0.0,"gold_gain":0.0,"event_name":"betterNote:BetterNote","player_choice":"Give","floor":19.0,"gold_loss":0.0,"damage_taken":0.0,"cards_obtained":["Defend_R"]},{"damage_healed":0.0,"max_hp_gain":0.0,"max_hp_loss":0.0,"gold_gain":0.0,"event_name":"The Library","player_choice":"Read","floor":20.0,"gold_loss":0.0,"damage_taken":0.0,"cards_obtained":["Offering"]},{"damage_healed":0.0,"max_hp_gain":0.0,"max_hp_loss":0.0,"gold_gain":0.0,"event_name":"Masked Bandits","player_choice":"Fought Bandits","floor":21.0,"gold_loss":0.0,"damage_taken":0.0},{"damage_healed":0,"gold_gain":0,"player_choice":"1","damage_taken":0,"max_hp_gain":0,"max_hp_loss":0,"event_name":"betterMatch:BetterMatch","floor":27,"gold_loss":0,"cards_obtained":["betterMatch:UncommonCard","betterMatch:UncommonCard","betterMatch:ColorlessUncommonCard"]}],"is_beta":false,"boss_relics":[{"not_picked":["Black Star","Tiny House"],"picked":"SlaversCollar"}],"items_purged_floors":[4,22],"is_endless":false,"potions_floor_spawned":[1,8,18],"killed_by":"Centurion and Healer","ascension_level":4}}