{"host":"mdbnki27vzqujy5q","time":1611300391,"event":{"mods":["BaseMod","Better Note","Better Skull","Colored Map","Colored Powertips","DeckTracker","Highlight Path","Minty Spire (QoL Compilation)","Quick Restart","Rare Cards Sparkle","StSLib"],"gold_per_floor":[112,130,130,55,72,99,199,231,231,231,231],"floor_reached":10,"language":"ENG","playtime":436,"items_purged":["Defend_G"],"score":87,"play_id":"c350fe3a-639d-44c6-8244-3e2a6fc90081","local_time":"20210121232631","is_ascension_mode":true,"campfire_choices":[],"circlet_count":0,"master_deck":["Strike_G","Strike_G","Strike_G","Strike_G","Strike_G","Defend_G","Defend_G","Defend_G","Defend_G","Survivor","Neutralize","Infinite Blades","Prepared","Distraction","Caltrops","Burst"],"relics":["Runic Dome","Blood Vial","Ninja Scroll","Ancient Tea Set"],"acts_visited":["Exordium"],"potions_floor_usage":[6],"damage_taken":[{"damage":5.0,"enemies":"Small Slimes","floor":1.0,"turns":4.0},{"damage":0.0,"enemies":"Cultist","floor":2.0,"turns":4.0},{"damage":2.0,"enemies":"Jaw Worm","floor":5.0,"turns":4.0},{"damage":27,"enemies":"Lagavulin","floor":6,"turns":8},{"damage":27,"enemies":"3 Sentries","floor":8,"turns":6},{"damage":17,"enemies":"Lagavulin","floor":10,"turns":3}],"seed_played":"-8255653619650106956","potions_obtained":[{"floor":1.0,"key":"Strength Potion"},{"floor":5.0,"key":"SmokeBomb"},{"floor":8,"key":"SteroidPotion"}],"is_trial":false,"path_per_floor":["M","M","?","$","M","E","?","E","T","E"],"character_chosen":"THE_SILENT","items_purchased":[],"campfire_rested":0,"item_purchase_floors":[],"current_hp_per_floor":[65,65,65,65,65,40,40,15,15,0,0],"gold":231,"neow_bonus":"BOSS_RELIC","is_daily":false,"chose_seed":false,"campfire_upgraded":0,"win_rate":0.0,"timestamp":1611300391,"path_taken":["M","M","?","?","M","E","?","E","T","E"],"items_purchased_type":[],"build_version":"2020-12-22","purchased_purges":1,"victory":false,"max_hp_per_floor":[70,70,70,70,70,70,70,70,70,70,70],"card_choices":[{"not_picked":["Slice","Concentrate"],"picked":"Infinite Blades","floor":1.0},{"not_picked":["Dodge and Roll","Bouncing Flask"],"picked":"Prepared","floor":2.0},{"not_picked":["Dagger Throw","Cloak And Dagger"],"picked":"Distraction","floor":5.0},{"not_picked":["Poisoned Stab","Calculated Gamble"],"picked":"Caltrops","floor":6},{"not_picked":["Terror","Quick Slash"],"picked":"Burst","floor":8}],"player_experience":109164,"relics_obtained":[{"floor":3.0,"key":"Blood Vial"},{"floor":6,"key":"Ninja Scroll"},{"floor":8,"key":"Ancient Tea Set"}],"event_choices":[{"damage_healed":0.0,"max_hp_gain":0.0,"max_hp_loss":0.0,"gold_gain":0.0,"event_name":"Wheel of Change","player_choice":"Relic","floor":3.0,"gold_loss":0.0,"damage_taken":0.0},{"damage_healed":0,"gold_gain":100,"player_choice":"Gold","damage_taken":0,"max_hp_gain":0,"max_hp_loss":0,"event_name":"Wheel of Change","floor":7,"gold_loss":0}],"is_beta":false,"boss_relics":[],"items_purged_floors":[4],"is_endless":false,"potions_floor_spawned":[1,5,8],"killed_by":"Lagavulin","ascension_level":3}}