{"host":"xzk9bt2l7avnb6n5","time":1611288496,"event":{"mods":["Aspiration","BaseMod","Conspire","Downfall","Highlight Path","Infinite Spire","Minty Spire (QoL Compilation)","Shop Mod","StSLib","The Wild Card"],"gold_per_floor":[99,118,130,130,147,172,254,268,268,120,20,5,15,26,41,144,144,44,61,161,161,161,172,196,96,125,125,159,14,34,34,53,53,53,53],"floor_reached":33,"language":"ENG","playtime":1635,"items_purged":[],"score":294,"play_id":"23139260-1375-46c3-a6ea-3e5cc46ed8aa","local_time":"20210121210816","is_ascension_mode":false,"campfire_choices":[{"floor":1.0,"key":"RECALL"},{"data":"infinitespire:Oblivion","floor":11.0,"key":"SMITH"},{"data":"Guardian:CompilePackage","floor":18.0,"key":"SMITH"},{"floor":25,"key":"REST"},{"data":"Guardian:ArmoredProtocol","floor":27,"key":"SMITH"}],"circlet_count":0,"master_deck":["Guardian:Strike_Guardian","Guardian:Strike_Guardian","Guardian:Strike_Guardian","Guardian:Strike_Guardian","Guardian:Defend_Guardian","Guardian:Defend_Guardian","Guardian:Defend_Guardian","Guardian:Defend_Guardian","Guardian:CurlUp","Guardian:TwinSlam","Guardian:PiercingHide","infinitespire:Oblivion+1","Guardian:CrystalBeam","Guardian:ChargeUp","Parasite","Guardian:SpikerProtocol","Guardian:EvasiveProtocol","Guardian:TimeBomb","Guardian:Gem_Lightblue","Guardian:CompilePackage+1","Guardian:Incinerate","Guardian:ArmoredProtocol+1","Guardian:GuardianWhirl","Guardian:Gem_Fragmented","expansioncontent:InvincibleStrength+1","Guardian:Gem_Fragmented","Guardian:Gem_Red"],"relics":["Guardian:ModeShifter","downfall:HeartBlessingBlue","downfall:HeartBlessingRed","downfall:RedIOU","CeramicFish","downfall:HeartBlessingGreen","Vajra"],"acts_visited":["Exordium","TheCity"],"potions_floor_usage":[28,32,33,33],"damage_taken":[{"damage":1.0,"enemies":"2 Louse","floor":2.0,"turns":4.0},{"damage":0.0,"enemies":"Jaw Worm","floor":3.0,"turns":6.0},{"damage":0.0,"enemies":"conspire:RoseBush","floor":5.0,"turns":3.0},{"damage":18.0,"enemies":"Gremlin Nob","floor":6.0,"turns":4.0},{"damage":2.0,"enemies":"Blue Slaver","floor":8.0,"turns":4.0},{"damage":0.0,"enemies":"downfall:FleeingMerchant","floor":10.0,"turns":4.0},{"damage":0.0,"enemies":"downfall:FleeingMerchant","floor":12.0,"turns":4.0},{"damage":16.0,"enemies":"Large Slime","floor":13.0,"turns":3.0},{"damage":0.0,"enemies":"2 Fungi Beasts","floor":14.0,"turns":3.0},{"damage":1.0,"enemies":"Red Slaver","floor":15.0,"turns":2.0},{"damage":46.0,"enemies":"IC_STATUS_ARCHETYPE","floor":16.0,"turns":9.0},{"damage":10,"enemies":"3 Byrds","floor":19,"turns":3},{"damage":2,"enemies":"Shell Parasite","floor":23,"turns":4},{"damage":0,"enemies":"Snake Plant","floor":26,"turns":3},{"damage":52,"enemies":"Gremlin Leader","floor":28,"turns":8},{"damage":10,"enemies":"downfall:FleeingMerchant","floor":29,"turns":4},{"damage":0,"enemies":"conspire:HollyBat","floor":30,"turns":8},{"damage":10,"enemies":"Shelled Parasite and Fungi","floor":32,"turns":6},{"damage":26,"enemies":"WA_ARCHETYPE_CALM","floor":33,"turns":8}],"seed_played":"305380883291888114","potions_obtained":[{"floor":3.0,"key":"CultistPotion"},{"floor":6.0,"key":"Regen Potion"},{"floor":8.0,"key":"SkillPotion"},{"floor":13.0,"key":"Guardian:AcceleratePotion"},{"floor":14.0,"key":"Guardian:AcceleratePotion"},{"floor":21,"key":"CultistPotion"},{"floor":23,"key":"SteroidPotion"}],"is_trial":false,"path_per_floor":["R","M","M","?","M","E","T","M","?","$","R","$","M","M","M","B",null,"R","M","?","?","?","M","T","R","M","R","E","$","M","?","M","B"],"character_chosen":"GUARDIAN","items_purchased":["Guardian:Gem_Red","Guardian:Gem_Green","Guardian:EvasiveProtocol","Block Potion","expansioncontent:InvincibleStrength"],"campfire_rested":1,"item_purchase_floors":[10,10,10,29,29],"current_hp_per_floor":[88,87,87,64,64,46,46,44,66,80,90,90,74,74,73,27,98,98,88,88,88,88,86,86,98,98,98,46,36,36,36,26,0,0,0],"gold":53,"neow_bonus":"TEN_PERCENT_HP_BONUS","is_daily":false,"chose_seed":false,"campfire_upgraded":3,"win_rate":0.0,"timestamp":1611288496,"path_taken":["R","M","M","?","M","E","T","M","?","?","R","$","M","M","M","BOSS","R","M","?","?","?","M","T","R","M","R","E","$","M","?","M","BOSS"],"items_purchased_type":["Card","Card","Card","Potion","Card"],"build_version":"2020-12-22","purchased_purges":0,"victory":false,"max_hp_per_floor":[88,88,88,88,88,88,88,88,88,88,98,98,98,98,98,98,98,98,98,98,98,98,98,98,98,98,98,98,98,98,98,98,98,98,98],"card_choices":[{"not_picked":["Guardian:TemporalShield","Guardian:ShieldSpikes"],"picked":"Guardian:PiercingHide","floor":2.0},{"not_picked":["Guardian:Gem_Lightblue","Guardian:FuturePlans"],"picked":"Guardian:Gem_Red","floor":3.0},{"not_picked":["infinitespire:Menacing","infinitespire:UltimateForm"],"picked":"infinitespire:Oblivion","floor":4.0},{"not_picked":["Guardian:TemporalShield","Guardian:Suspension"],"picked":"Guardian:CrystalBeam","floor":5.0},{"not_picked":["Guardian:Suspension","Guardian:Reroute"],"picked":"Guardian:ChargeUp","floor":6.0},{"not_picked":["Guardian:Planning","Guardian:FuturePlans","Guardian:WalkerClaw"],"picked":"SKIP","floor":8.0},{"not_picked":["Guardian:HyperBeam_Guardian","Guardian:TemporalShield"],"picked":"Guardian:SpikerProtocol","floor":10.0},{"not_picked":["Guardian:PrismaticBeam","Guardian:BaubleBeam"],"picked":"Guardian:TimeBomb","floor":12.0},{"not_picked":["Guardian:Planning","Guardian:RefractedBeam"],"picked":"Guardian:Gem_Lightblue","floor":13.0},{"not_picked":["Guardian:ShieldCharger","Guardian:FuturePlans"],"picked":"Guardian:Gem_Fragmented","floor":14.0},{"not_picked":["Guardian:Suspension","Guardian:TemporalStrike"],"picked":"Guardian:Gem_Lightblue","floor":15.0},{"not_picked":["Guardian:GemFire","Guardian:Gem_Orange"],"picked":"Guardian:CompilePackage","floor":16.0},{"not_picked":["Guardian:TemporalStrike","Guardian:FuturePlans"],"picked":"Guardian:Incinerate","floor":19},{"not_picked":["Guardian:RollAttack","Guardian:CrystalBeam"],"picked":"Guardian:ArmoredProtocol","floor":23},{"not_picked":["Guardian:PrismaticBarrier+1","Guardian:BronzeOrb"],"picked":"Guardian:GuardianWhirl","floor":26},{"not_picked":["Guardian:MultiBeam","Guardian:EvasiveProtocol"],"picked":"Guardian:Gem_Fragmented","floor":28},{"not_picked":["Guardian:CrystalBeam","Guardian:StasisEngine","Guardian:RollAttack"],"picked":"SKIP","floor":29},{"not_picked":["Guardian:FuturePlans+1","Guardian:Orbwalk"],"picked":"Guardian:Gem_Fragmented","floor":30},{"not_picked":["Guardian:Suspension","Guardian:Incinerate"],"picked":"Guardian:Gem_Red","floor":32}],"player_experience":485851,"relics_obtained":[{"floor":6.0,"key":"Bag of Marbles"},{"floor":24,"key":"CeramicFish"},{"floor":28,"key":"Vajra"}],"event_choices":[{"damage_healed":22.0,"max_hp_gain":0.0,"max_hp_loss":0.0,"gold_gain":0.0,"event_name":"Mushrooms","player_choice":"Healed and dodged fight","floor":9.0,"gold_loss":0.0,"damage_taken":0.0,"cards_obtained":["Parasite"]}],"is_beta":false,"boss_relics":[{"not_picked":["Astrolabe","conspire:SlowCooker","Empty Cage"]}],"items_purged_floors":[],"is_endless":false,"potions_floor_spawned":[3,6,8,13,14,23,30],"killed_by":"WA_ARCHETYPE_CALM","ascension_level":0}}