{"host":"xh4jtn7krw5slv5y","time":1611280327,"event":{"mods":["BaseMod","Bestiary","Block Reminder","Colored Map","Downfall","Minty Spire (QoL Compilation)","Quick Restart","Relic Sorter","StSLib"],"gold_per_floor":[0,16,27,27,12,67,67,242,4,38,38,67,85,85,102,197,197,197,208,208,220,236,236,261,146,146,176,176,192,192,226,226,226,226],"floor_reached":32,"language":"ENG","playtime":4156,"items_purged":["Doubt","Writhe"],"score":327,"play_id":"7132829f-ab5c-4c29-8d8b-48bd9dfb650d","local_time":"20210121215207","is_ascension_mode":true,"campfire_choices":[{"data":"bronze:SpaghettiCode","floor":1,"key":"SMITH"},{"data":"bronze:BitShift","floor":18,"key":"SMITH"},{"floor":26,"key":"REST"},{"floor":30,"key":"REST"}],"circlet_count":0,"master_deck":["bronze:Strike","bronze:Strike","bronze:Strike","bronze:Defend","bronze:Defend","bronze:Defend","bronze:Defend","bronze:Replicate","bronze:Goto","bronze:SpaghettiCode+1","bronze:Constructor","bronze:Mutator+1","bronze:OilSpill+1","bronze:BitShift+1","bronze:Separator","bronze:Separator","bronze:Overheat","bronze:ForLoop+1","bronze:CloningBeam","bronze:Return","bronze:CutThrough","bronze:Terminator","bronze:FineTuning"],"relics":["bronze:BronzeCore","bronze:ProtectiveGoggles","Pen Nib","Strange Spoon","Regal Pillow","Kunai","SacredBark","bronze:CableSpool","Vajra","Dead Branch","Lantern"],"acts_visited":["Exordium","TheCity"],"potions_floor_usage":[12,27,31,32],"damage_taken":[{"damage":10,"enemies":"Small Slimes","floor":2,"turns":3},{"damage":0,"enemies":"Cultist","floor":3,"turns":2},{"damage":0,"enemies":"downfall:FleeingMerchant","floor":5,"turns":4},{"damage":6,"enemies":"downfall:FleeingMerchant","floor":9,"turns":4},{"damage":0,"enemies":"Lagavulin","floor":10,"turns":7},{"damage":4,"enemies":"3 Sentries","floor":12,"turns":6},{"damage":0,"enemies":"2 Louse","floor":13,"turns":1},{"damage":0,"enemies":"2 Fungi Beasts","floor":15,"turns":2},{"damage":42,"enemies":"IC_STATUS_ARCHETYPE","floor":16,"turns":7},{"damage":10,"enemies":"3 Byrds","floor":19,"turns":3},{"damage":0,"enemies":"Spheric Guardian","floor":21,"turns":3},{"damage":31,"enemies":"Snake Plant","floor":22,"turns":4},{"damage":2,"enemies":"downfall:FleeingMerchant","floor":25,"turns":4},{"damage":8,"enemies":"Slavers","floor":27,"turns":4},{"damage":0,"enemies":"Snecko","floor":29,"turns":3},{"damage":33,"enemies":"Book of Stabbing","floor":31,"turns":5},{"damage":42,"enemies":"3 Cultists","floor":32,"turns":5}],"seed_played":"6678447120127049677","potions_obtained":[{"floor":10,"key":"champ:CounterPotion"},{"floor":12,"key":"DistilledChaos"},{"floor":13,"key":"PowerPotion"},{"floor":15,"key":"BlessingOfTheForge"},{"floor":27,"key":"bronze:BurnAndBuffPotion"},{"floor":31,"key":"bronze:FreeFunctionsPotion"}],"is_trial":false,"path_per_floor":["R","M","M","?","$","T","T","?","$","E","?","E","M","?","M","B",null,"R","M","?","M","M","?","T","$","R","E","?","M","R","E","M"],"character_chosen":"THE_AUTOMATON","items_purchased":["Strange Spoon"],"campfire_rested":2,"item_purchase_floors":[9],"current_hp_per_floor":[70,60,60,60,60,60,60,60,54,54,54,50,50,67,67,25,70,70,60,52,52,21,21,21,19,54,46,46,46,67,34,0,0,0],"gold":226,"neow_bonus":"THREE_RARE_CARDS","is_daily":false,"chose_seed":false,"campfire_upgraded":2,"win_rate":0.0,"timestamp":1611280327,"path_taken":["R","M","M","?","$","?","T","?","$","E","?","E","M","?","M","BOSS","R","M","?","?","?","?","T","$","R","E","?","M","R","E","M"],"items_purchased_type":["Relic"],"build_version":"2020-12-22","purchased_purges":2,"victory":false,"max_hp_per_floor":[70,70,70,70,70,70,70,70,70,70,70,70,70,70,70,70,70,70,70,67,67,67,67,67,67,67,67,67,67,67,67,67,67,67],"card_choices":[{"not_picked":["bronze:CleanCode","bronze:Mutator"],"picked":"bronze:SpaghettiCode","floor":0},{"not_picked":["bronze:BugBarrage","bronze:WildBeam","bronze:ForceShield"],"picked":"SKIP","floor":2},{"not_picked":["bronze:CutThrough","bronze:Virus"],"picked":"bronze:Constructor","floor":3},{"not_picked":["bronze:OilSpill","bronze:Refactor","bronze:Repair"],"picked":"SKIP","floor":5},{"not_picked":["bronze:Overheat","bronze:Fortify"],"picked":"bronze:Mutator","floor":9},{"not_picked":["bronze:Repair","bronze:Refactor"],"picked":"bronze:OilSpill","floor":10},{"not_picked":["bronze:Fortify","bronze:DigitalCarnage"],"picked":"bronze:BitShift","floor":12},{"not_picked":["bronze:Deprecate","bronze:ItsAFeature"],"picked":"bronze:Separator","floor":13},{"not_picked":["bronze:ItsAFeature","bronze:Shell"],"picked":"bronze:Separator","floor":15},{"not_picked":["bronze:Philosophize","bronze:Frontload+1"],"picked":"bronze:Overheat","floor":19},{"not_picked":["bronze:Boost","bronze:Frontload"],"picked":"bronze:ForLoop+1","floor":21},{"not_picked":["bronze:CutThrough","bronze:ChildClass"],"picked":"bronze:CloningBeam","floor":22},{"not_picked":["bronze:FineTuning","bronze:WhirlingStrike+1"],"picked":"bronze:Return","floor":25},{"not_picked":["bronze:ForceShield","bronze:MaxOutput+1"],"picked":"bronze:CutThrough","floor":27},{"not_picked":["bronze:Shield+1","bronze:Fortify","bronze:Turbo"],"picked":"SKIP","floor":29},{"not_picked":["bronze:InfiniteBeams","bronze:CloningBeam"],"picked":"bronze:FineTuning","floor":31}],"player_experience":326000,"relics_obtained":[{"floor":6,"key":"bronze:ProtectiveGoggles"},{"floor":7,"key":"Pen Nib"},{"floor":10,"key":"Regal Pillow"},{"floor":12,"key":"Kunai"},{"floor":24,"key":"Vajra"},{"floor":27,"key":"Dead Branch"},{"floor":31,"key":"Lantern"}],"event_choices":[{"cards_removed":["bronze:Strike"],"damage_healed":0,"gold_gain":0,"player_choice":"Offered Basic","damage_taken":0,"max_hp_gain":0,"max_hp_loss":0,"event_name":"Bonfire Elementals","floor":4,"gold_loss":0},{"damage_healed":0,"gold_gain":0,"player_choice":"Grow","damage_taken":0,"max_hp_gain":0,"max_hp_loss":0,"event_name":"Living Wall","floor":11,"gold_loss":0,"cards_upgraded":["bronze:Mutator"]},{"damage_healed":17,"gold_gain":0,"player_choice":"Healed and dodged fight","damage_taken":0,"max_hp_gain":0,"max_hp_loss":0,"event_name":"Mushrooms","floor":14,"gold_loss":0,"cards_obtained":["Parasite"]},{"damage_healed":0,"gold_gain":0,"player_choice":"Read","damage_taken":0,"max_hp_gain":0,"max_hp_loss":0,"event_name":"The Library","floor":28,"gold_loss":0,"cards_obtained":["bronze:Terminator"]}],"is_beta":false,"boss_relics":[{"not_picked":["bronze:MakeshiftBattery","Pandora\u0027s Box"],"picked":"SacredBark"}],"items_purged_floors":[9,25],"is_endless":false,"potions_floor_spawned":[10,12,13,15,16,19,27,31],"killed_by":"3 Cultists","ascension_level":1}}