{"host":"mhzgc0zma59jtmoj","time":1611283645,"event":{"mods":["BaseMod","BetterRewards","Custom Start","Glutton Mod","Hermit","Ironclad Rager","Koishi","Luminous","Minty Spire (QoL Compilation)","Shade Mod","Somnambulant","StSLib","The Cursed","The Hierophant","The Jungle","The Necromancer","Treasure Hunter"],"gold_per_floor":[332,407,424,441,36,36,36,36,36,55,68,99,116,116,116,214,214,230,10,10,10],"floor_reached":20,"language":"ENG","playtime":870,"items_purged":["TheCursedMod:Strike_TheCursed","TheCursedMod:Defend_TheCursed"],"score":174,"play_id":"4d8764df-3de4-4cd0-b314-dcf62875a209","local_time":"20210121214725","is_ascension_mode":false,"campfire_choices":[{"data":"TheCursedMod:SaltUponWound","floor":6,"key":"SMITH"},{"data":"TheCursedMod:Stigma","floor":8,"key":"SMITH"},{"floor":15,"key":"REST"}],"circlet_count":0,"master_deck":["TheCursedMod:Strike_TheCursed","TheCursedMod:Strike_TheCursed","TheCursedMod:Strike_TheCursed","TheCursedMod:Defend_TheCursed","TheCursedMod:Defend_TheCursed","TheCursedMod:Defend_TheCursed","TheCursedMod:CursedWand","TheCursedMod:CleanUpWorkshop","TheCursedMod:Dregs","TheCursedMod:Stigma+1","TheCursedMod:SaltUponWound+1","TheCursedMod:SaltUponWound+1","TH:CursedSword","TheCursedMod:CursedBlade","TheCursedMod:SurpriseAttack","TH:Mimic","TheCursedMod:SurpriseAttack","TheCursedMod:CollectTribute+1","TheCursedMod:SpitefulStrike","TheCursedMod:SmokeScreen+1","TheCursedMod:SurpriseAttack","TheCursedMod:Stigma"],"relics":["TheCursedMod:BlackMagic101","NeowsBlessing","Toxic Egg 2","Frozen Egg 2","Omamori","Runic Pyramid"],"acts_visited":["Exordium","TheCity"],"potions_floor_usage":[12,13,16,20],"damage_taken":[{"damage":0,"enemies":"Jaw Worm","floor":1,"turns":1},{"damage":0,"enemies":"Cultist","floor":3,"turns":1},{"damage":0,"enemies":"Small Slimes","floor":4,"turns":1},{"damage":15,"enemies":"2 Fungi Beasts","floor":10,"turns":4},{"damage":17,"enemies":"Exordium Thugs","floor":11,"turns":4},{"damage":23,"enemies":"Lagavulin","floor":12,"turns":5},{"damage":8,"enemies":"Gremlin Gang","floor":13,"turns":3},{"damage":16,"enemies":"Hexaghost","floor":16,"turns":6},{"damage":71,"enemies":"Spheric Guardian","floor":18,"turns":7},{"damage":21,"enemies":"Masked Bandits","floor":20,"turns":3}],"seed_played":"-6819103292867201019","potions_obtained":[{"floor":3,"key":"TheCursedMod:DregsPotion"},{"floor":10,"key":"Fire Potion"},{"floor":12,"key":"SneckoOil"},{"floor":13,"key":"Dexterity Potion"},{"floor":18,"key":"Regen Potion"}],"is_trial":false,"path_per_floor":["M","?","M","M","$","R","$","R","T","M","M","E","M","?","R","B",null,"M","$","?"],"character_chosen":"THE_CURSED","items_purchased":["Toxic Egg 2","TheCursedMod:SaltUponWound+1","TheCursedMod:SmokeScreen+1","TheCursedMod:SurpriseAttack","TheCursedMod:Stigma"],"campfire_rested":1,"item_purchase_floors":[5,5,19,19,19],"current_hp_per_floor":[75,68,68,68,68,68,68,68,68,53,36,13,5,5,27,11,75,4,4,0,0],"gold":10,"neow_bonus":"THREE_ENEMY_KILL","is_daily":false,"chose_seed":false,"campfire_upgraded":2,"win_rate":0.0,"timestamp":1611283645,"path_taken":["M","?","?","M","$","R","?","R","T","?","M","E","M","?","R","BOSS","M","$","?"],"items_purchased_type":["Relic","Card","Card","Card","Card"],"build_version":"2020-12-22","purchased_purges":2,"victory":false,"max_hp_per_floor":[75,75,75,75,75,75,75,75,75,75,75,75,75,75,75,75,75,75,75,75,75],"card_choices":[{"not_picked":["TheCursedMod:SpreadPlague","TheCursedMod:CircleOfCorruption"],"picked":"TheCursedMod:Stigma","floor":1},{"not_picked":["TheCursedMod:CursedAmulet","TheCursedMod:WearCloak","TheCursedMod:Torture"],"picked":"SKIP","floor":3},{"not_picked":["TheCursedMod:Stretching","TheCursedMod:CircleOfFlame"],"picked":"TheCursedMod:SaltUponWound","floor":4},{"not_picked":["TH:CopperCoins"],"picked":"TH:CursedSword","floor":9},{"not_picked":["TheCursedMod:Obscuration+1","TheCursedMod:CircleOfCorruption+1"],"picked":"TheCursedMod:CursedBlade","floor":10},{"not_picked":["TheCursedMod:Stretching+1","TheCursedMod:ManaCirculation+1"],"picked":"TheCursedMod:SurpriseAttack","floor":11},{"not_picked":["TH:TreasureMap"],"picked":"TH:Mimic","floor":12},{"not_picked":["TheCursedMod:Grudge+1","TheCursedMod:RavingStaff","TheCursedMod:HellfireBreathing+1"],"picked":"SKIP","floor":12},{"not_picked":["TheCursedMod:VitalStrike","TheCursedMod:Torture+1"],"picked":"TheCursedMod:SurpriseAttack","floor":13},{"not_picked":["TheCursedMod:AntiAging+1","TheCursedMod:NeowsMight+1"],"picked":"TheCursedMod:CollectTribute+1","floor":16},{"not_picked":["TheCursedMod:CircleOfBlood+1","TheCursedMod:Wield"],"picked":"TheCursedMod:SpitefulStrike","floor":18}],"player_experience":217748,"relics_obtained":[{"floor":9,"key":"Frozen Egg 2"},{"floor":12,"key":"Omamori"}],"event_choices":[{"damage_healed":0,"gold_gain":75,"player_choice":"Touch","damage_taken":7,"max_hp_gain":0,"max_hp_loss":0,"event_name":"FaceTrader","floor":2,"gold_loss":0},{"damage_healed":0,"gold_gain":0,"player_choice":"Ignored","damage_taken":0,"max_hp_gain":0,"max_hp_loss":0,"event_name":"Golden Idol","floor":14,"gold_loss":0},{"damage_healed":0,"gold_gain":0,"player_choice":"Fought Bandits","damage_taken":0,"max_hp_gain":0,"max_hp_loss":0,"event_name":"Masked Bandits","floor":20,"gold_loss":0}],"is_beta":false,"boss_relics":[{"not_picked":["Pandora\u0027s Box","SlaversCollar"],"picked":"Runic Pyramid"}],"items_purged_floors":[5,19],"is_endless":false,"potions_floor_spawned":[1,3,10,12,13,18],"killed_by":"Masked Bandits","ascension_level":0}}