{"host":"y76clbnovzmw9ubx","time":1611283595,"event":{"mods":["AchievementEnabler","BaseMod","Minty Spire (QoL Compilation)","Permanent Neow","Relic Stats"],"gold_per_floor":[366,380,397,2,0,0,35,35,108,136,208,208,208],"floor_reached":12,"language":"ENG","playtime":691,"items_purged":["Strike_G"],"score":172,"play_id":"159bb97d-7af1-4d0c-a9f4-354bf7356a6d","local_time":"20210121214635","is_ascension_mode":true,"campfire_choices":[{"data":"Predator","floor":6,"key":"SMITH"},{"floor":8,"key":"REST"}],"circlet_count":0,"master_deck":["AscendersBane","Strike_G","Strike_G","Strike_G","Strike_G","Defend_G","Defend_G","Defend_G","Defend_G","Defend_G","Survivor","Neutralize","Poisoned Stab","Sucker Punch","Predator+1","Infinite Blades","Cloak And Dagger","Blade Dance","Phantasmal Killer","Bouncing Flask+1"],"relics":["Ring of the Snake","Potion Belt","Oddly Smooth Stone","Toxic Egg 2","Pocketwatch","Eternal Feather"],"acts_visited":["Exordium"],"potions_floor_usage":[12],"damage_taken":[{"damage":2,"enemies":"2 Louse","floor":1,"turns":4},{"damage":1,"enemies":"Jaw Worm","floor":2,"turns":6},{"damage":0,"enemies":"Cultist","floor":3,"turns":3},{"damage":30,"enemies":"Gremlin Nob","floor":7,"turns":4},{"damage":17,"enemies":"Lagavulin","floor":10,"turns":10},{"damage":20,"enemies":"3 Sentries","floor":12,"turns":6}],"seed_played":"7641527573870257284","potions_obtained":[{"floor":1,"key":"LiquidBronze"},{"floor":7,"key":"Swift Potion"}],"is_trial":false,"path_per_floor":["M","M","M","$","?","R","E","R","T","E","T","E"],"character_chosen":"THE_SILENT","items_purchased":["Infinite Blades","Cloak And Dagger","Blade Dance","Potion Belt"],"campfire_rested":1,"item_purchase_floors":[4,4,4,4],"current_hp_per_floor":[42,41,41,41,41,41,11,30,30,13,13,0,0],"gold":208,"neow_bonus":"TWO_FIFTY_GOLD","is_daily":false,"chose_seed":false,"campfire_upgraded":1,"win_rate":0.0,"timestamp":1611283595,"path_taken":["M","M","M","$","?","R","E","R","T","E","?","E"],"items_purchased_type":["Card","Card","Card","Relic"],"build_version":"2020-12-22","purchased_purges":1,"victory":false,"max_hp_per_floor":[66,66,66,66,66,66,66,66,66,66,66,66,66],"relic_stats":{"counters":[6,33],"Eternal Feather":0,"obtain_stats":[{"Potion Belt":4,"Oddly Smooth Stone":7,"Eternal Feather":11,"Toxic Egg 2":9,"Ring of the Snake":0,"Pocketwatch":10},{"Potion Belt":3,"Oddly Smooth Stone":4,"Eternal Feather":5,"Toxic Egg 2":4,"Ring of the Snake":0,"Pocketwatch":5},{"Potion Belt":13,"Oddly Smooth Stone":17,"Eternal Feather":27,"Toxic Egg 2":17,"Ring of the Snake":0,"Pocketwatch":27}],"Ring of the Snake":[12],"Pocketwatch":[9]},"card_choices":[{"not_picked":["Deadly Poison","Blade Dance"],"picked":"Poisoned Stab","floor":1},{"not_picked":["Calculated Gamble","Deflect"],"picked":"Sucker Punch","floor":2},{"not_picked":["Bane","Quick Slash"],"picked":"Predator","floor":3},{"not_picked":["Bane","PiercingWail"],"picked":"Phantasmal Killer","floor":7},{"not_picked":["Bane","Slice","Bouncing Flask+1"],"picked":"SKIP","floor":10},{"not_picked":["Bane","Slice"],"picked":"Bouncing Flask+1","floor":10}],"player_experience":3097718,"relics_obtained":[{"floor":7,"key":"Oddly Smooth Stone"},{"floor":9,"key":"Toxic Egg 2"},{"floor":10,"key":"Pocketwatch"},{"floor":11,"key":"Eternal Feather"}],"event_choices":[{"damage_healed":0,"gold_gain":0,"player_choice":"Left Gold","damage_taken":0,"max_hp_gain":0,"max_hp_loss":0,"event_name":"World of Goop","floor":5,"gold_loss":2}],"is_beta":false,"boss_relics":[],"items_purged_floors":[4],"is_endless":false,"potions_floor_spawned":[1,7],"killed_by":"3 Sentries","ascension_level":20}}