{"host":"6p0attdrtjqaih7v","time":1611356457,"event":{"mods":["2.2 Compatiblity","AchievementEnabler","Bard","BaseMod","Better Skull","Better Third Choice","Colored Powertips","Hermit","Highlight Path","Jorbs\u0027s Wanderer Trilogy","Key Reminder","Minty Spire (QoL Compilation)","Permanent Neow","Quick Restart","Random Character Button","Relic Stats","Replay The Spire","Robot Space Explorer","StSLib","The Cursed"],"gold_per_floor":[118,128,148,162,162,162,187,187,210,222,236,565,577,320,320,421,521,531,531,549,566,579,579,614,529,529,529,460,460,475,489,489,587,587,600,600,600,613,630,630,665,665,746,646,671,735,735,766,766,772],"floor_reached":51,"language":"ENG","playtime":2736,"items_purged":["TheCursedMod:Strike_TheCursed","TheCursedMod:Strike_TheCursed"],"score":1106,"play_id":"809e3100-584c-4cf2-964e-9e35c8e14575","local_time":"20210122180057","is_ascension_mode":true,"campfire_choices":[{"data":"TheCursedMod:StingEye","floor":6,"key":"SMITH"},{"data":"TheCursedMod:Torture","floor":8,"key":"SMITH"},{"data":"TheCursedMod:SmokeScreen","floor":15,"key":"SMITH"},{"floor":23,"key":"REST"},{"data":"TheCursedMod:VoidForm","floor":27,"key":"SMITH"},{"data":"TheCursedMod:UltimatePain","floor":32,"key":"SMITH"},{"data":"TheCursedMod:Hemoplague","floor":40,"key":"SMITH"},{"data":"TheCursedMod:SmokeScreen","floor":42,"key":"SMITH"},{"data":"TheCursedMod:VoidForm","floor":49,"key":"SMITH"}],"circlet_count":0,"master_deck":["TheCursedMod:Strike_TheCursed+1","TheCursedMod:Defend_TheCursed","TheCursedMod:Defend_TheCursed","TheCursedMod:Defend_TheCursed","TheCursedMod:CursedWand+1","TheCursedMod:CleanUpWorkshop","TheCursedMod:Dregs","TheCursedMod:StingEye+1","TheCursedMod:Hemoplague+1","TheCursedMod:SoulReap","TheCursedMod:Torture+1","ReplayTheSpireMod:Faulty Equipment","TheCursedMod:CursedAmulet","TheCursedMod:CursedSpellbook","TheCursedMod:CircleOfBlood","TheCursedMod:SmokeScreen+1","TheCursedMod:SaltUponWound","TheCursedMod:SpitefulPlan","TheCursedMod:Stigma","Sickly","TheCursedMod:VoidForm+1","TheCursedMod:WearCloak","TheCursedMod:ManaBullet+1","TheCursedMod:UltimatePain+1","TheCursedMod:SmokeScreen+1","TheCursedMod:Mangle","TheCursedMod:CursedAmulet","TheCursedMod:SurpriseAttack","TheCursedMod:CollectTribute","TheCursedMod:Torture+1","TheCursedMod:SaltUponWound","TheCursedMod:CursedShiv","TheCursedMod:SmokeScreen+1","TheCursedMod:VoidForm+1","TheCursedMod:Hemoplague+1","Dramatic Entrance","TheCursedMod:Obscuration+1"],"relics":["TheCursedMod:BlackMagic101","ReplayTheSpireMod:Ring of Collecting","ReplayTheSpireMod:Ring of Challenge","Whetstone","Boot","Old Coin","keyreminder:keyreminder","TheCursedMod:BloodyHarpoon","ReplayTheSpireMod:CursedCoin","Replay:Wanted Poster","Replay:Rubber Ducky","Blue Candle","Ring of Misfortune","Torii","Honey Jar","Letter Opener","Pear","ReplayTheSpireMod:Ring of Addiction","White Beast Statue","Chameleon Ring","Replay:Bandana","CaptainsWheel"],"acts_visited":["Exordium","TheCity","TheBeyond"],"potions_floor_usage":[11,12,24,46,50,50,50],"damage_taken":[{"damage":0,"enemies":"Cultist","floor":1,"turns":4},{"damage":4,"enemies":"Small Slimes","floor":2,"turns":3},{"damage":0,"enemies":"2 Louse","floor":3,"turns":3},{"damage":9,"enemies":"Large Slime","floor":4,"turns":8},{"damage":29,"enemies":"3 Sentries","floor":7,"turns":11},{"damage":9,"enemies":"2 Fungi Beasts","floor":10,"turns":5},{"damage":10,"enemies":"Exordium Thugs","floor":11,"turns":4},{"damage":18,"enemies":"Replay:BlueRogue","floor":12,"turns":2},{"damage":0,"enemies":"Large Slime","floor":13,"turns":8},{"damage":7,"enemies":"Hexaghost","floor":16,"turns":5},{"damage":2,"enemies":"Shell Parasite","floor":18,"turns":4},{"damage":15,"enemies":"2 Thieves","floor":20,"turns":4},{"damage":25,"enemies":"3 Cultists","floor":21,"turns":7},{"damage":0,"enemies":"Snecko","floor":22,"turns":4},{"damage":28,"enemies":"Gremlin Leader","floor":24,"turns":6},{"damage":0,"enemies":"Chosen and Byrds","floor":30,"turns":5},{"damage":1,"enemies":"Shelled Parasite and Fungi","floor":31,"turns":5},{"damage":1,"enemies":"Champ","floor":33,"turns":9},{"damage":0,"enemies":"3 Shapes","floor":35,"turns":3},{"damage":0,"enemies":"3 Darklings","floor":38,"turns":5},{"damage":0,"enemies":"Sphere and 2 Shapes","floor":39,"turns":4},{"damage":0,"enemies":"R_Hoarder","floor":41,"turns":3},{"damage":0,"enemies":"Reptomancer","floor":45,"turns":4},{"damage":0,"enemies":"2 Orb Walkers","floor":46,"turns":4},{"damage":0,"enemies":"Maw","floor":48,"turns":5},{"damage":1,"enemies":"Time Eater","floor":50,"turns":6}],"seed_played":"185505215696812382","potions_obtained":[{"floor":1,"key":"DistilledChaos"},{"floor":4,"key":"Death Potion"},{"floor":7,"key":"DuplicationPotion"},{"floor":11,"key":"LiquidBronze"},{"floor":18,"key":"Dexterity Potion"},{"floor":24,"key":"Explosive Potion"},{"floor":35,"key":"PowerPotion"},{"floor":38,"key":"DistilledChaos"},{"floor":43,"key":"Adrenaline Potion"},{"floor":43,"key":"Cursed Concoction"},{"floor":43,"key":"DistilledChaos"},{"floor":45,"key":"Weak Potion"},{"floor":46,"key":"EssenceOfSteel"},{"floor":48,"key":"Ancient Potion"}],"is_trial":false,"path_per_floor":["M","M","M","M","?","R","E","R","T","M","M","E","M","$","R","B",null,"M","?","M","M","M","R","E","?","T","R","$","?","M","M","R","B",null,"M","?","?","M","M","R","E","R","T","$","E","?","?","M","R","B",null],"character_chosen":"THE_CURSED","items_purchased":["TheCursedMod:BloodyHarpoon","TheCursedMod:SpitefulPlan","TheCursedMod:Stigma","ReplayTheSpireMod:CursedCoin","TheCursedMod:Mangle"],"campfire_rested":1,"item_purchase_floors":[14,14,14,14,28],"current_hp_per_floor":[68,64,64,59,59,59,35,35,35,31,26,16,25,25,25,29,58,58,46,33,17,21,42,21,21,21,21,21,45,61,73,73,72,73,73,73,73,73,73,73,73,73,83,83,83,83,83,83,83,81],"gold":772,"neow_bonus":"RANDOM_COLORLESS_2","is_daily":false,"chose_seed":false,"campfire_upgraded":8,"win_rate":0.0,"timestamp":1611356457,"path_taken":["M","M","?","M","?","R","E","R","T","M","M","E","M","$","R","BOSS","M","?","M","M","M","R","E","?","T","R","$","?","M","M","R","BOSS","M","?","?","?","M","R","E","R","T","$","E","?","?","M","R","BOSS"],"items_purchased_type":["Relic","Card","Card","Relic","Card"],"build_version":"2020-12-22","purchased_purges":2,"victory":true,"max_hp_per_floor":[68,68,68,68,68,68,68,68,68,68,68,68,68,68,68,68,68,68,73,73,73,73,73,73,73,73,73,73,73,73,73,73,73,73,73,73,73,73,73,73,73,73,83,83,83,83,83,83,83,81],"relic_stats":{"Torii":5,"counters":[26,131],"Blue Candle":[13],"Whetstone":["TheCursedMod:CursedWand","TheCursedMod:Strike_TheCursed"],"Letter Opener":[88],"Boot":[37],"obtain_stats":[{"TheCursedMod:BloodyHarpoon":14,"TheCursedMod:BlackMagic101":0,"Pear":43,"Torii":26,"ReplayTheSpireMod:CursedCoin":14,"Blue Candle":25,"ReplayTheSpireMod:Ring of Addiction":43,"Whetstone":7,"Letter Opener":41,"Boot":9,"White Beast Statue":43,"Old Coin":12,"Replay:Rubber Ducky":24,"keyreminder:keyreminder":12,"Replay:Wanted Poster":17,"Replay:Bandana":45,"CaptainsWheel":46,"Chameleon Ring":43,"ReplayTheSpireMod:Ring of Collecting":5,"Ring of Misfortune":26,"Honey Jar":34,"ReplayTheSpireMod:Ring of Challenge":5},{"TheCursedMod:BloodyHarpoon":9,"TheCursedMod:BlackMagic101":0,"Pear":22,"Torii":15,"ReplayTheSpireMod:CursedCoin":9,"Blue Candle":15,"ReplayTheSpireMod:Ring of Addiction":22,"Whetstone":5,"Letter Opener":22,"Boot":5,"White Beast Statue":22,"Old Coin":8,"Replay:Rubber Ducky":15,"keyreminder:keyreminder":8,"Replay:Wanted Poster":10,"Replay:Bandana":23,"CaptainsWheel":24,"Chameleon Ring":22,"ReplayTheSpireMod:Ring of Collecting":4,"Ring of Misfortune":15,"Honey Jar":18,"ReplayTheSpireMod:Ring of Challenge":4},{"TheCursedMod:BloodyHarpoon":48,"TheCursedMod:BlackMagic101":0,"Pear":112,"Torii":78,"ReplayTheSpireMod:CursedCoin":48,"Blue Candle":78,"ReplayTheSpireMod:Ring of Addiction":112,"Whetstone":29,"Letter Opener":112,"Boot":29,"White Beast Statue":112,"Old Coin":40,"Replay:Rubber Ducky":78,"keyreminder:keyreminder":40,"Replay:Wanted Poster":53,"Replay:Bandana":116,"CaptainsWheel":120,"Chameleon Ring":112,"ReplayTheSpireMod:Ring of Collecting":18,"Ring of Misfortune":78,"Honey Jar":97,"ReplayTheSpireMod:Ring of Challenge":18}]},"card_choices":[{"not_picked":["TheCursedMod:VitalStrike","TheCursedMod:RapidMovement"],"picked":"TheCursedMod:StingEye","floor":1},{"not_picked":["TheCursedMod:BlessingInDisguise","TheCursedMod:ReleasedKnowledge"],"picked":"TheCursedMod:Hemoplague","floor":2},{"not_picked":["TheCursedMod:CircleOfWindfury","TheCursedMod:CursedShiv"],"picked":"TheCursedMod:SoulReap","floor":3},{"not_picked":["TheCursedMod:PrepareRite","TheCursedMod:DoubleShield"],"picked":"TheCursedMod:Torture","floor":4},{"not_picked":["TheCursedMod:ReleasedKnowledge","TheCursedMod:TroublousMinions"],"picked":"TheCursedMod:CursedAmulet","floor":7},{"not_picked":["TheCursedMod:Obscuration","TheCursedMod:CircleOfFocus"],"picked":"TheCursedMod:CursedSpellbook","floor":10},{"not_picked":["TheCursedMod:CursedBlade","TheCursedMod:CursedMace"],"picked":"TheCursedMod:CircleOfBlood","floor":11},{"not_picked":["TheCursedMod:RapidMovement","TheCursedMod:CursedBlade"],"picked":"TheCursedMod:SmokeScreen","floor":12},{"not_picked":["TheCursedMod:CircleOfCorruption","TheCursedMod:Stretching"],"picked":"TheCursedMod:SaltUponWound","floor":13},{"not_picked":["TheCursedMod:ForbiddenAlchemy","TheCursedMod:ShockAndAwe"],"picked":"TheCursedMod:VoidForm","floor":16},{"not_picked":["TheCursedMod:CircleOfFlame","TheCursedMod:Grudge"],"picked":"TheCursedMod:WearCloak","floor":18},{"not_picked":["TheCursedMod:CursedSpellbook","TheCursedMod:RavingStaff"],"picked":"TheCursedMod:ManaBullet+1","floor":20},{"not_picked":["TheCursedMod:SpitefulStrike","TheCursedMod:CursedShiv"],"picked":"TheCursedMod:UltimatePain","floor":21},{"not_picked":["TheCursedMod:HellsGateOpen","TheCursedMod:CircleOfFlame+1"],"picked":"TheCursedMod:SmokeScreen+1","floor":22},{"not_picked":["TheCursedMod:CursedArmor","TheCursedMod:Obscuration","TheCursedMod:Stretching"],"picked":"SKIP","floor":24},{"not_picked":["TheCursedMod:SpitefulStrike","TheCursedMod:RavingStaff"],"picked":"TheCursedMod:CursedAmulet","floor":30},{"not_picked":["TheCursedMod:Stigma","TheCursedMod:CircleOfFlame"],"picked":"TheCursedMod:SurpriseAttack","floor":31},{"not_picked":["TheCursedMod:DarkBarrier","TheCursedMod:StunningStrike"],"picked":"TheCursedMod:CollectTribute","floor":33},{"not_picked":["TheCursedMod:ManaBullet+1","TheCursedMod:Stretching"],"picked":"TheCursedMod:Torture+1","floor":35},{"not_picked":["TheCursedMod:CursedShiv+1","TheCursedMod:RavingStaff"],"picked":"TheCursedMod:SaltUponWound","floor":38},{"not_picked":["TheCursedMod:VitalStrike+1","TheCursedMod:SoulCrush"],"picked":"TheCursedMod:CursedShiv","floor":39},{"not_picked":["TheCursedMod:SpitefulPlan+1","TheCursedMod:TacticalStrike"],"picked":"TheCursedMod:SmokeScreen","floor":41},{"not_picked":["TheCursedMod:SpreadPlague","TheCursedMod:SpitefulStrike+1"],"picked":"TheCursedMod:VoidForm","floor":45},{"not_picked":["TheCursedMod:SmokeScreen","TheCursedMod:Obscuration+1"],"picked":"TheCursedMod:Hemoplague+1","floor":46},{"not_picked":["Swift Strike","Blind"],"picked":"Dramatic Entrance","floor":47},{"not_picked":["TheCursedMod:SmokeScreen","TheCursedMod:FleshFromBone"],"picked":"TheCursedMod:Obscuration+1","floor":48}],"player_experience":973964,"relics_obtained":[{"floor":5,"key":"ReplayTheSpireMod:Ring of Collecting"},{"floor":5,"key":"ReplayTheSpireMod:Ring of Challenge"},{"floor":7,"key":"Whetstone"},{"floor":9,"key":"Boot"},{"floor":12,"key":"Old Coin"},{"floor":24,"key":"Replay:Rubber Ducky"},{"floor":26,"key":"Ring of Misfortune"},{"floor":26,"key":"Torii"},{"floor":41,"key":"Letter Opener"},{"floor":43,"key":"Pear"},{"floor":43,"key":"ReplayTheSpireMod:Ring of Addiction"},{"floor":43,"key":"White Beast Statue"},{"floor":43,"key":"Chameleon Ring"},{"floor":45,"key":"Replay:Bandana"},{"floor":46,"key":"CaptainsWheel"}],"event_choices":[{"damage_healed":0,"gold_gain":0,"player_choice":"Shed Blood","damage_taken":17,"max_hp_gain":5,"max_hp_loss":0,"event_name":"Forgotten Altar","floor":19,"gold_loss":0},{"damage_healed":0,"gold_gain":0,"player_choice":"Obtained Relic","damage_taken":0,"relics_obtained":["Blue Candle"],"max_hp_gain":0,"max_hp_loss":0,"event_name":"Addict","floor":25,"gold_loss":85},{"damage_healed":24,"gold_gain":0,"player_choice":"Heal","damage_taken":0,"max_hp_gain":0,"max_hp_loss":0,"event_name":"The Library","floor":29,"gold_loss":0},{"cards_removed":["TheCursedMod:Defend_TheCursed"],"damage_healed":0,"gold_gain":0,"player_choice":"Removed Skill","damage_taken":0,"max_hp_gain":0,"max_hp_loss":0,"event_name":"Falling","floor":36,"gold_loss":0},{"cards_removed":["TheCursedMod:Strike_TheCursed"],"damage_healed":0,"gold_gain":0,"player_choice":"Purged","damage_taken":0,"max_hp_gain":0,"max_hp_loss":0,"event_name":"Purifier","floor":37,"gold_loss":0},{"damage_healed":0,"gold_gain":0,"player_choice":"Fight","damage_taken":0,"max_hp_gain":0,"max_hp_loss":0,"event_name":"Mysterious Sphere","floor":46,"gold_loss":0},{"damage_healed":0,"gold_gain":0,"player_choice":"Memory 1","damage_taken":0,"max_hp_gain":0,"max_hp_loss":0,"event_name":"SensoryStone","floor":47,"gold_loss":0}],"is_beta":false,"boss_relics":[{"not_picked":["Runic Pyramid","Runic Dome"],"picked":"Replay:Wanted Poster"},{"not_picked":["Painkiller Herb","Snecko Heart"],"picked":"Honey Jar"}],"items_purged_floors":[14,44],"is_endless":false,"potions_floor_spawned":[1,4,7,11,18,22,24,35,38,45,46,48],"ascension_level":7}}