{"host":"1xo5g347e5o4auts","time":1611311122,"event":{"mods":["BaseMod","Minty Spire (QoL Compilation)","Permanent Neow","StSLib"],"gold_per_floor":[117,137,137,137,155,155,185,196,196,214,214,231,256,256,256,335,335,348,368,33,46,96,96,96],"floor_reached":23,"language":"ENG","playtime":684,"items_purged":[],"score":456,"play_id":"92467f62-2acc-4cb0-9054-d724a186c71e","local_time":"20210122122522","is_ascension_mode":true,"campfire_choices":[{"data":"Dash","floor":6.0,"key":"SMITH"},{"data":"Predator","floor":11.0,"key":"SMITH"},{"data":"Bane","floor":15.0,"key":"SMITH"}],"circlet_count":0,"master_deck":["AscendersBane","Strike_G","Strike_G","Strike_G","Strike_G","Strike_G","Defend_G+1","Defend_G+1","Defend_G+1","Defend_G","Defend_G","Survivor","Neutralize","Blade Dance+1","Predator+1","Dash+1","Poisoned Stab","Endless Agony","Bane+1","Noxious Fumes+1","Adrenaline","Finisher","PiercingWail"],"relics":["Ring of the Snake","Blood Vial","Ornamental Fan","War Paint","Bag of Marbles","Cursed Key","Anchor","Frozen Eye"],"acts_visited":["Exordium","TheCity"],"potions_floor_usage":[21,21],"damage_taken":[{"damage":0.0,"enemies":"2 Louse","floor":1.0,"turns":3.0},{"damage":3.0,"enemies":"Small Slimes","floor":2.0,"turns":3.0},{"damage":0.0,"enemies":"Cultist","floor":5.0,"turns":3.0},{"damage":33.0,"enemies":"Lagavulin","floor":7.0,"turns":8.0},{"damage":0.0,"enemies":"Looter","floor":8.0,"turns":2.0},{"damage":0.0,"enemies":"2 Fungi Beasts","floor":10.0,"turns":3.0},{"damage":1.0,"enemies":"Gremlin Gang","floor":12.0,"turns":6.0},{"damage":0.0,"enemies":"Gremlin Nob","floor":13.0,"turns":3.0},{"damage":13.0,"enemies":"Slime Boss","floor":16.0,"turns":6.0},{"damage":7.0,"enemies":"Shell Parasite","floor":18.0,"turns":4.0},{"damage":0.0,"enemies":"3 Byrds","floor":19.0,"turns":4.0},{"damage":8,"enemies":"3 Cultists","floor":21,"turns":4},{"damage":59,"enemies":"Gremlin Leader","floor":23,"turns":8}],"seed_played":"-8495471330458304201","potions_obtained":[{"floor":1.0,"key":"Strength Potion"},{"floor":7.0,"key":"Regen Potion"},{"floor":8.0,"key":"DistilledChaos"},{"floor":12.0,"key":"ColorlessPotion"},{"floor":18.0,"key":"EntropicBrew"}],"is_trial":false,"path_per_floor":["M","M","?","?","M","R","E","M","T","M","R","M","E","?","R","B",null,"M","M","$","M","?","E"],"character_chosen":"THE_SILENT","items_purchased":["Anchor","Frozen Eye"],"campfire_rested":0,"item_purchase_floors":[20,20],"current_hp_per_floor":[59,56,36,36,38,38,7,9,9,11,11,27,29,29,29,18,54,49,51,51,45,45,0,0],"gold":96,"neow_bonus":"THREE_CARDS","is_daily":false,"chose_seed":false,"campfire_upgraded":3,"win_rate":0.0,"timestamp":1611311122,"path_taken":["M","M","?","?","M","R","E","M","T","M","R","?","E","?","R","BOSS","M","M","$","M","?","E"],"items_purchased_type":["Relic","Relic"],"build_version":"2020-12-22","purchased_purges":0,"victory":false,"max_hp_per_floor":[66,66,66,66,66,66,66,66,66,66,66,66,66,66,66,66,66,66,66,66,66,66,66,66],"card_choices":[{"not_picked":["Backstab","Prepared"],"picked":"Blade Dance","floor":0.0},{"not_picked":["Terror","Dagger Throw"],"picked":"Predator","floor":1.0},{"not_picked":["Prepared","Dagger Spray"],"picked":"Dash","floor":2.0},{"not_picked":["Dagger Throw","Prepared"],"picked":"Poisoned Stab","floor":5.0},{"not_picked":["Bullet Time","Backflip"],"picked":"Endless Agony","floor":7.0},{"not_picked":["Escape Plan","Prepared","Acrobatics"],"picked":"SKIP","floor":8.0},{"not_picked":["Flying Knee","Distraction"],"picked":"Bane","floor":10.0},{"not_picked":["Distraction","Deadly Poison"],"picked":"Noxious Fumes","floor":12.0},{"not_picked":["Prepared","Quick Slash","Flechettes"],"picked":"SKIP","floor":13.0},{"not_picked":["Phantasmal Killer","Bullet Time"],"picked":"Adrenaline","floor":16.0},{"not_picked":["Quick Slash","Poisoned Stab"],"picked":"Finisher","floor":18.0},{"not_picked":["Bane","Quick Slash","Distraction"],"picked":"SKIP","floor":19.0},{"not_picked":["Prepared","Underhanded Strike"],"picked":"PiercingWail","floor":21}],"player_experience":1345156,"relics_obtained":[{"floor":7.0,"key":"Ornamental Fan"},{"floor":9.0,"key":"War Paint"},{"floor":13.0,"key":"Bag of Marbles"}],"event_choices":[{"damage_healed":0.0,"max_hp_gain":0.0,"max_hp_loss":0.0,"gold_gain":0.0,"event_name":"Shining Light","player_choice":"Entered Light","floor":3.0,"gold_loss":0.0,"damage_taken":20.0,"cards_upgraded":["Defend_G","Blade Dance"]},{"damage_healed":0.0,"max_hp_gain":0.0,"max_hp_loss":0.0,"gold_gain":0.0,"event_name":"WeMeetAgain","player_choice":"Gave Potion","floor":4.0,"gold_loss":0.0,"damage_taken":0.0,"relics_obtained":["Blood Vial"]},{"damage_healed":0.0,"max_hp_gain":0.0,"max_hp_loss":0.0,"gold_gain":0.0,"event_name":"Living Wall","player_choice":"Grow","floor":14.0,"gold_loss":0.0,"damage_taken":0.0,"cards_upgraded":["Noxious Fumes"]},{"damage_healed":0,"gold_gain":50,"player_choice":"Pray","damage_taken":0,"max_hp_gain":0,"max_hp_loss":0,"event_name":"Golden Shrine","floor":22,"gold_loss":0}],"is_beta":false,"boss_relics":[{"not_picked":["Ring of the Serpent","Philosopher\u0027s Stone"],"picked":"Cursed Key"}],"items_purged_floors":[],"is_endless":false,"potions_floor_spawned":[1,7,8,10,12,18],"killed_by":"Gremlin Leader","ascension_level":20}}