{"host":"w2kjv12xyhtt0cv2","time":1611335209,"event":{"mods":["Act Like it!","BaseMod","Colored Map","Friendly Minions","Gensokyo","Highlight Path","Hubris","Kiyohime（清姬）","Marisa（F雨　魔理沙）","Minty Spire (QoL Compilation)","Quick Restart","Reimu（博丽灵梦）","Relic Stats","Replay The Spire","RumiaBox-露米娅的神秘盒子","Shop Mod","Spicy Shops","StSLib","The Cursed","The Servant 0.9.4","UnlockEverythingMod","Waifu the Spire","[功能]功能增强和修复MOD","vexMod","【功能Mod】Neow奖励","【遗物卡牌】REMEMod","没有小屋子和绿帽子啦"],"gold_per_floor":[13,93,93,108,108,143,143,169,169,169,194,5,5,60,60,162,162,183,183,183,183,200,200,227,25,49,75,75,116,116,134,134,138,138],"floor_reached":33,"playtime":2140,"items_purged":[],"score":367,"play_id":"56db63db-9106-4f3a-9336-765f16aabaa9","local_time":"20210123010649","is_ascension_mode":true,"campfire_choices":[{"data":"Second Wind","floor":7.0,"key":"SMITH"},{"data":"1","floor":13.0,"key":"LIFT"},{"floor":15.0,"key":"DIG"},{"data":"2","floor":23,"key":"LIFT"},{"data":"TheCursedMod:LuckyCharm","floor":28,"key":"SMITH"},{"data":"3","floor":32,"key":"LIFT"}],"circlet_count":0,"master_deck":["TheCursedMod:Strike_TheCursed","TheCursedMod:Strike_TheCursed","TheCursedMod:Strike_TheCursed","TheCursedMod:Strike_TheCursed","TheCursedMod:Defend_TheCursed","TheCursedMod:Defend_TheCursed","TheCursedMod:CursedWand","TheCursedMod:CleanUpWorkshop","TheCursedMod:Dregs","Second Wind+1","TheCursedMod:CursedStaff","TheCursedMod:HellsGateOpen","TheCursedMod:SpitefulPlan","TheCursedMod:WearCloak","TheCursedMod:CircleOfBlood","TheCursedMod:SpitefulPlan","TheCursedMod:CursedSpellbook+1","TheCursedMod:DemonSword","TheCursedMod:SurpriseAttack+1","TheCursedMod:LuckyCharm+1"],"relics":["TheCursedMod:BlackMagic101","REME_ComplimentaryCards","Girya","Mango","Nunchaku","PreservedInsect","Mercury Hourglass","CaptainsWheel","Potion Belt","Replay:Bandana","Tiny Chest","TheCursedMod:MagicCandle","Replay:Drink Me","PrismaticShard","RuthlessExorcism:ReiMu","hubris:TinFlute"],"acts_visited":["Gensokyo:Gensokyo","TheCity"],"potions_floor_usage":[31],"damage_taken":[{"damage":0.0,"enemies":"Gensokyo:Python","floor":1.0,"turns":4.0},{"damage":1.0,"enemies":"Gensokyo:2_Kodama","floor":4.0,"turns":3.0},{"damage":8.0,"enemies":"Gensokyo:Cirno","floor":6.0,"turns":9.0},{"damage":13.0,"enemies":"Gensokyo:Aya","floor":8.0,"turns":7.0},{"damage":0.0,"enemies":"Gensokyo:Mamizou","floor":11.0,"turns":7.0},{"damage":0.0,"enemies":"Gensokyo:Aya","floor":14.0,"turns":2.0},{"damage":18.0,"enemies":"Gensokyo:Yukari","floor":16.0,"turns":9.0},{"damage":0.0,"enemies":"Chosen","floor":18.0,"turns":5.0},{"damage":9,"enemies":"Spheric Guardian","floor":22,"turns":6},{"damage":25,"enemies":"3 Cultists","floor":24,"turns":5},{"damage":34,"enemies":"Slavers","floor":29,"turns":5},{"damage":0,"enemies":"Cultist and Chosen","floor":31,"turns":6},{"damage":30,"enemies":"Collector","floor":33,"turns":5}],"seed_played":"-2362345386233034407","potions_obtained":[{"floor":1.0,"key":"SkillPotion"},{"floor":4.0,"key":"SpeedPotion"},{"floor":8.0,"key":"ColorlessPotion"},{"floor":14.0,"key":"Cursed Concoction"},{"floor":16.0,"key":"Block Potion"},{"floor":29,"key":"Regen Potion"}],"is_trial":false,"path_per_floor":["M","?","?","M","?","E","R","E","T","?","E","$","R","E","R_BF","B",null,"M","?","$","?","M","R","M","$","T","T","R","E","?","M","R","B"],"character_chosen":"THE_CURSED","items_purchased":["Potion Belt","TheCursedMod:SpitefulPlan","Replay:Bandana","TheCursedMod:LuckyCharm","PrismaticShard"],"campfire_rested":0,"item_purchase_floors":[12,12,12,25,25],"current_hp_per_floor":[75,75,68,67,67,59,59,46,46,46,46,46,46,46,46,28,67,67,67,67,67,58,58,37,37,37,37,37,5,5,22,22,0,0],"gold":138,"neow_bonus":"ONE_RARE_RELIC","is_daily":false,"chose_seed":false,"campfire_upgraded":2,"win_rate":0.0,"timestamp":1611335209,"path_taken":["M","?","?","?","?","E","R","E","T","?","E","$","R","E","R_BF","BOSS","M","?","$","?","?","R","M","$","T","?","R","E","?","M","R","BOSS"],"items_purchased_type":["Relic","Card","Relic","Card","Relic"],"build_version":"2020-12-22","purchased_purges":0,"victory":false,"max_hp_per_floor":[75,75,89,89,89,89,89,89,89,89,89,89,89,89,89,89,67,67,67,67,67,67,67,67,67,67,67,67,67,67,67,67,67,67],"relic_stats":{"Nunchaku":[7],"counters":[13,71],"Tiny Chest":1,"PreservedInsect":80,"obtain_stats":[{"Potion Belt":12,"TheCursedMod:BlackMagic101":0,"Girya":0,"Mango":3,"PreservedInsect":8,"TheCursedMod:MagicCandle":15,"PrismaticShard":25,"Mercury Hourglass":9,"Nunchaku":6,"CaptainsWheel":11,"Replay:Bandana":12,"Tiny Chest":14,"Replay:Drink Me":17,"hubris:TinFlute":29,"REME_ComplimentaryCards":0,"RuthlessExorcism:ReiMu":27},{"Potion Belt":5,"TheCursedMod:BlackMagic101":0,"Girya":0,"Mango":1,"PreservedInsect":4,"TheCursedMod:MagicCandle":6,"PrismaticShard":10,"Mercury Hourglass":4,"Nunchaku":3,"CaptainsWheel":5,"Replay:Bandana":5,"Tiny Chest":6,"Replay:Drink Me":7,"hubris:TinFlute":11,"REME_ComplimentaryCards":0,"RuthlessExorcism:ReiMu":10},{"Potion Belt":30,"TheCursedMod:BlackMagic101":0,"Girya":0,"Mango":4,"PreservedInsect":23,"TheCursedMod:MagicCandle":32,"PrismaticShard":56,"Mercury Hourglass":23,"Nunchaku":16,"CaptainsWheel":30,"Replay:Bandana":30,"Tiny Chest":32,"Replay:Drink Me":40,"hubris:TinFlute":60,"REME_ComplimentaryCards":0,"RuthlessExorcism:ReiMu":56}],"Mercury Hourglass":[173]},"card_choices":[{"not_picked":["TheCursedMod:FleshFromBone","TheCursedMod:RavingStaff"],"picked":"TheCursedMod:CursedStaff","floor":1.0},{"not_picked":["TheCursedMod:SurpriseAttack","TheCursedMod:TacticalStrike"],"picked":"TheCursedMod:HellsGateOpen","floor":4.0},{"not_picked":["TheCursedMod:FleshFromBone","TheCursedMod:SmokeScreen"],"picked":"TheCursedMod:SpitefulPlan","floor":5.0},{"not_picked":["TheCursedMod:SpreadPlague","TheCursedMod:ManaBullet"],"picked":"TheCursedMod:WearCloak","floor":5.0},{"not_picked":["TheCursedMod:RavingStaff","TheCursedMod:FuryStrike","TheCursedMod:CircleOfWindfury"],"picked":"SKIP","floor":6.0},{"not_picked":["TheCursedMod:CursedAmulet","TheCursedMod:SpitefulPray","TheCursedMod:SurpriseAttack"],"picked":"SKIP","floor":8.0},{"not_picked":["TheCursedMod:CursedBlade","TheCursedMod:CursedShiv"],"picked":"TheCursedMod:CircleOfBlood","floor":11.0},{"not_picked":["TheCursedMod:Torture","TheCursedMod:OutForBlood"],"picked":"TheCursedMod:CursedSpellbook","floor":14.0},{"not_picked":["TheCursedMod:DemonicPact","TheCursedMod:CursedRelics"],"picked":"TheCursedMod:DemonSword","floor":16.0},{"not_picked":["TheCursedMod:SoulCrush","TheCursedMod:CircleOfWindfury+1","TheCursedMod:CircleOfCorruption+1"],"picked":"SKIP","floor":18.0},{"not_picked":["TheCursedMod:SurpriseAttack+1","TheCursedMod:TacticalStrike","TheCursedMod:ReleasedStrength"],"picked":"SKIP","floor":22},{"not_picked":["TheCursedMod:TacticalStrike","TheCursedMod:ReleasedStrength"],"picked":"TheCursedMod:SurpriseAttack+1","floor":22},{"not_picked":["TheCursedMod:FleshFromBone","TheCursedMod:CursedBlade","TheCursedMod:SurpriseAttack"],"picked":"SKIP","floor":24},{"not_picked":["ReplayTheSpireMod:Shiv Toss+1","Moondial","Havoc"],"picked":"SKIP","floor":29},{"not_picked":["Compile Driver+1","Prostrate","TheCursedMod:SpreadPlague"],"picked":"SKIP","floor":31}],"player_experience":183671,"relics_obtained":[{"floor":6.0,"key":"Nunchaku"},{"floor":8.0,"key":"PreservedInsect"},{"floor":9.0,"key":"Mercury Hourglass"},{"floor":11.0,"key":"CaptainsWheel"},{"floor":14.0,"key":"Tiny Chest"},{"floor":15.0,"key":"TheCursedMod:MagicCandle"},{"floor":27,"key":"RuthlessExorcism:ReiMu"},{"floor":29,"key":"hubris:TinFlute"}],"event_choices":[{"damage_healed":0.0,"max_hp_gain":0.0,"max_hp_loss":0.0,"gold_gain":0.0,"event_name":"Vampires","player_choice":"Ignored","floor":19.0,"gold_loss":0.0,"damage_taken":0.0},{"damage_healed":0,"gold_gain":0,"player_choice":"Upgraded","damage_taken":0,"max_hp_gain":0,"max_hp_loss":0,"event_name":"Upgrade Shrine","floor":30,"gold_loss":0,"cards_upgraded":["TheCursedMod:CursedSpellbook"]}],"is_beta":false,"boss_relics":[{"not_picked":["Runic Dome","ReplayTheSpireMod:DimensionalGlitch"],"picked":"Replay:Drink Me"}],"items_purged_floors":[],"is_endless":false,"potions_floor_spawned":[1,4,8,14,16,29],"killed_by":"Collector","ascension_level":2}}