{"host":"9d9dhukr2jywmy0f","time":1611279605,"event":{"mods":["2.2 Compatiblity","Act Like it!","Alarm Clock","Aspiration","BaseMod","Bestiary","Block Reminder","Challenge The Spire","Colored Map","Colored Powertips","Conspire","Curses Come First","DeckTracker","Energized Spire","Fox Events","GifTheSpireLib","Halation","Highlight Path","Hubris","Infinite Spire","Ironclad Rager","Jedi Mod","Jess\u0027s Bottle","Key Reminder","Minty Spire (QoL Compilation)","Mirrors Mod","Pale of the Ancients","Poem Panic","Poor People Problems","Quarter Circle Forward PUNCH!","Quick Restart","RRrroohrrRGHHhhh!!","Rare Cards Sparkle","RatMod","Relic Sorter","Relic Stats","Replay The Spire","Retaliation","SCP261 Mod","Shop Mod","Spicy Shops","Spikes Relics","Spire Arcade","Spire Birthday Party","StS++","StSLib","Stuff the Spire","SuperFastMode","Swap Starting Deck Mod","Synergy Search","The Blue Laboratory","Thieving Mod","Trackpad","Unceasing Turn Reminder","Unknown Chances","Virulent Crown","vexMod"],"gold_per_floor":[109,159,173,98,109,109,123,142,212,18,18,35,47,78,78,155,155,173,15,15,32,32,32,80,80,80,96,96,110,136,136,136],"floor_reached":31,"language":"ZHS","playtime":1338,"items_purged":["Defend_R","Strike_R"],"score":568,"play_id":"16f2b898-c584-4fe0-a0f7-bc99335bf13b","local_time":"20210122094005","is_ascension_mode":true,"campfire_choices":[{"data":"Perfected Strike","floor":6.0,"key":"SMITH"},{"data":"Apotheosis","floor":11.0,"key":"SMITH"},{"data":"Inflame","floor":15.0,"key":"SMITH"},{"floor":23.0,"key":"RECALL"},{"data":"Pommel Strike","floor":25.0,"key":"SMITH"},{"data":"Perfected Strike","floor":28.0,"key":"SMITH"}],"circlet_count":0,"master_deck":["AscendersBane","Strike_R","Strike_R","Strike_R","Strike_R","Defend_R","Defend_R","Defend_R","Bash","Perfected Strike+1","StSpp:CounterStrike","Thunderclap","Perfected Strike+1","Apotheosis+1","Pommel Strike+1","Inflame+1","Perfected Strike","Impervious","Barricade"],"relics":["Burning Blood","aspiration:Nostalgia","Replay:M_SmolderingBlood","keyreminder:keyreminder","StuffTheSpire:GrapeVine","StSpp:Balance","PreservedInsect","hubris:EmptyBottle","Ring of Chaos","jedi:arcanewood","conspire:Flyswatter","infinitespire:Midas Blood"],"acts_visited":["Exordium","TheCity"],"potions_floor_usage":[30,30],"damage_taken":[{"damage":8.0,"enemies":"FloatingMirror","floor":1.0,"turns":5.0},{"damage":2.0,"enemies":"Cultist","floor":3.0,"turns":4.0},{"damage":7.0,"enemies":"Jaw Worm","floor":5.0,"turns":3.0},{"damage":8.0,"enemies":"Exordium Thugs","floor":7.0,"turns":4.0},{"damage":15.0,"enemies":"Looter","floor":8.0,"turns":4.0},{"damage":0.0,"enemies":"Large Slime","floor":12.0,"turns":4.0},{"damage":10.0,"enemies":"Red Slaver","floor":13.0,"turns":4.0},{"damage":17.0,"enemies":"Replay:BlueRogue","floor":14.0,"turns":5.0},{"damage":51.0,"enemies":"Fading Forest","floor":16.0,"turns":13.0},{"damage":0.0,"enemies":"conspire:FuzzyDice","floor":18.0,"turns":6.0},{"damage":12.0,"enemies":"3 Byrds","floor":21.0,"turns":4.0},{"damage":18.0,"enemies":"Snake Plant","floor":25.0,"turns":5.0},{"damage":16.0,"enemies":"EliteMirrorEncounter","floor":27.0,"turns":5.0},{"damage":12.0,"enemies":"Snake Plant","floor":29.0,"turns":2.0},{"damage":0,"enemies":"Gremlin Leader","floor":30,"turns":3},{"damage":0,"enemies":"Shelled Parasite and Fungi","floor":31,"turns":1}],"seed_played":"-1062312241842153235","potions_obtained":[{"floor":3.0,"key":"blueLaboratory:HummingbirdPotion"},{"floor":5.0,"key":"SkillPotion"},{"floor":13.0,"key":"blueLaboratory:FrostheartPotion"},{"floor":16.0,"key":"Fire Potion"},{"floor":21.0,"key":"Swift Potion"},{"floor":30,"key":"blueLaboratory:TrueEctoplasm"}],"is_trial":false,"path_per_floor":["M","?","M","$","M","R","M","M","T","$","R","M","M","E","R","B",null,"M","$","?","M","AVR","R","T","M","T","E","R","M","E","M"],"character_chosen":"IRONCLAD","items_purchased":["Apotheosis","PreservedInsect"],"campfire_rested":0,"item_purchase_floors":[10,19],"current_hp_per_floor":[66,66,70,70,69,69,67,58,58,58,58,64,60,49,49,18,61,67,67,67,61,61,61,61,49,49,39,39,33,39,39,39],"gold":136,"neow_bonus":"NOSTALGIA","is_daily":false,"chose_seed":false,"campfire_upgraded":5,"win_rate":0.0,"timestamp":1611279605,"path_taken":["M","?","M","$","M","R","M","M","T","$","R","?","M","E","R","BOSS","M","$","?","M","AVR","R","?","?","T","E","R","?","E","M"],"items_purchased_type":["Card","Relic"],"build_version":"2020-11-30","purchased_purges":2,"victory":false,"max_hp_per_floor":[75,75,75,75,75,75,75,75,75,75,75,75,75,75,75,75,75,75,75,75,75,75,75,75,75,75,75,75,75,75,75,75],"relic_stats":{"counters":[16,72],"PreservedInsect":90,"obtain_stats":[{"keyreminder:keyreminder":9,"StSpp:Balance":17,"aspiration:Nostalgia":0,"Replay:M_SmolderingBlood":0,"PreservedInsect":19,"Ring of Chaos":22,"StuffTheSpire:GrapeVine":14,"hubris:EmptyBottle":22,"jedi:arcanewood":24,"Burning Blood":0,"conspire:Flyswatter":26,"infinitespire:Midas Blood":30},{"keyreminder:keyreminder":5,"StSpp:Balance":9,"aspiration:Nostalgia":0,"Replay:M_SmolderingBlood":0,"PreservedInsect":10,"Ring of Chaos":11,"StuffTheSpire:GrapeVine":8,"hubris:EmptyBottle":11,"jedi:arcanewood":11,"Burning Blood":0,"conspire:Flyswatter":12,"infinitespire:Midas Blood":15},{"keyreminder:keyreminder":20,"StSpp:Balance":46,"aspiration:Nostalgia":0,"Replay:M_SmolderingBlood":0,"PreservedInsect":52,"Ring of Chaos":56,"StuffTheSpire:GrapeVine":33,"hubris:EmptyBottle":56,"jedi:arcanewood":56,"Burning Blood":0,"conspire:Flyswatter":61,"infinitespire:Midas Blood":71}],"Burning Blood":90},"card_choices":[{"not_picked":["jedi:fear","ReachHeaven"],"picked":"Perfected Strike","floor":1.0},{"not_picked":["Heavy Blade","StuffTheSpire:Incineration"],"picked":"StSpp:CounterStrike","floor":3.0},{"not_picked":["Iron Wave","hubris:CleavingFinish"],"picked":"Thunderclap","floor":5.0},{"not_picked":["rorgmod:Sentinel","Clothesline","Flex"],"picked":"SKIP","floor":7.0},{"not_picked":["DDmod:EasePowerCard","StuffTheSpire:Resist"],"picked":"Perfected Strike","floor":8.0},{"not_picked":["Flex","Body Slam"],"picked":"Pommel Strike","floor":12.0},{"not_picked":["StuffTheSpire:Pyroclast","Anger"],"picked":"Inflame","floor":13.0},{"not_picked":["ForeignInfluence","Second Wind"],"picked":"Perfected Strike","floor":14.0},{"not_picked":["Brutality","DDmod:GrandUltimatumAttack"],"picked":"Impervious","floor":16.0},{"not_picked":["Heavy Blade","Anger","StSpp:Sprint"],"picked":"SKIP","floor":18.0},{"not_picked":["ReachHeaven","Hemokinesis","Havoc+1"],"picked":"SKIP","floor":21.0},{"not_picked":["BowlingBash","DDmod:UnstoppableAttack+1","hubris:ReadiedAction"],"picked":"SKIP","floor":27.0},{"not_picked":["Clash","Combust","StuffTheSpire:Resist"],"picked":"SKIP","floor":29.0},{"not_picked":["Flex+1","BarbarianYell"],"picked":"Barricade","floor":30}],"player_experience":854800,"relics_obtained":[{"floor":14.0,"key":"StuffTheSpire:GrapeVine"},{"floor":24.0,"key":"jedi:arcanewood"},{"floor":26.0,"key":"conspire:Flyswatter"},{"floor":30,"key":"infinitespire:Midas Blood"}],"event_choices":[{"damage_healed":0.0,"max_hp_gain":0.0,"max_hp_loss":0.0,"gold_gain":50.0,"event_name":"Golden Shrine","player_choice":"Pray","floor":2.0,"gold_loss":0.0,"damage_taken":0.0}],"is_beta":false,"boss_relics":[{"not_picked":["infinitespire:Burning Sword","energizedSpire:RedRose"],"picked":"StSpp:Balance"}],"items_purged_floors":[4,22],"is_endless":false,"potions_floor_spawned":[3,5,13,16,21,25,30],"killed_by":"Shelled Parasite and Fungi","ascension_level":20}}