{"host":"vsgmwxc1n8l4tqfd","time":1611303734,"event":{"mods":["AchievementEnabler","BaseMod","Bestiary","Block Reminder","Colored Map","Colored Powertips","Minty Spire (QoL Compilation)","Quick Restart"],"gold_per_floor":[114,35,50,66,78,78,38,51,51,115,115,115,125,140,140,236,236,248,261,176,194,214,214,228,228,228,228,240,240,240,250,250,354,354,372,391,54,68,16,16,16,16,16],"floor_reached":42,"language":"ENG","playtime":1452,"items_purged":[],"score":444,"play_id":"44e1cb9e-c632-4a24-9fe0-dd439ebb8b5e","local_time":"20210122082214","is_ascension_mode":false,"campfire_choices":[{"data":"Limit Break","floor":6,"key":"SMITH"},{"floor":11,"key":"REST"},{"data":"Inflame","floor":15,"key":"SMITH"},{"floor":23,"key":"REST"},{"data":"Bludgeon","floor":30,"key":"SMITH"},{"floor":32,"key":"REST"},{"floor":40,"key":"REST"}],"circlet_count":0,"master_deck":["Bash","Feed","Inflame+1","Limit Break+1","Uppercut","Whirlwind","Flex","Carnage","Rage","Twin Strike","Warcry","Bludgeon+1","Thunderclap+1","Clothesline","Inflame+1","Juggernaut+1","Whirlwind","Infernal Blade","Offering","Dropkick","Disarm","Whirlwind","Dropkick","Second Wind","Anger+1","Rampage"],"relics":["Burning Blood","Meat on the Bone","Frozen Egg 2","Mark of Pain","Bag of Marbles","Toy Ornithopter","Unceasing Top","Pandora\u0027s Box","Red Skull","Medical Kit"],"acts_visited":["Exordium","TheCity","TheBeyond"],"potions_floor_usage":[5,5,16,16,18,28,33,33,36,38,39],"damage_taken":[{"damage":1,"enemies":"Cultist","floor":1,"turns":4},{"damage":5,"enemies":"Jaw Worm","floor":3,"turns":4},{"damage":12,"enemies":"Small Slimes","floor":4,"turns":4},{"damage":4,"enemies":"Gremlin Gang","floor":5,"turns":3},{"damage":18,"enemies":"Blue Slaver","floor":8,"turns":5},{"damage":27,"enemies":"Gremlin Nob","floor":10,"turns":5},{"damage":0,"enemies":"Large Slime","floor":13,"turns":4},{"damage":11,"enemies":"Looter","floor":14,"turns":3},{"damage":32,"enemies":"The Guardian","floor":16,"turns":7},{"damage":28,"enemies":"Shell Parasite","floor":18,"turns":3},{"damage":0,"enemies":"3 Byrds","floor":19,"turns":5},{"damage":33,"enemies":"Cultist and Chosen","floor":21,"turns":6},{"damage":10,"enemies":"3 Cultists","floor":22,"turns":4},{"damage":2,"enemies":"Centurion and Healer","floor":24,"turns":5},{"damage":5,"enemies":"Chosen and Byrds","floor":28,"turns":4},{"damage":14,"enemies":"3 Cultists","floor":31,"turns":4},{"damage":76,"enemies":"Champ","floor":33,"turns":7},{"damage":28,"enemies":"Orb Walker","floor":35,"turns":3},{"damage":38,"enemies":"3 Darklings","floor":36,"turns":5},{"damage":50,"enemies":"Jaw Worm Horde","floor":38,"turns":4},{"damage":120,"enemies":"Transient","floor":42,"turns":3}],"seed_played":"-4141017404029115094","potions_obtained":[{"floor":1,"key":"EssenceOfSteel"},{"floor":4,"key":"LiquidMemories"},{"floor":5,"key":"EssenceOfSteel"},{"floor":10,"key":"SteroidPotion"},{"floor":16,"key":"AttackPotion"},{"floor":24,"key":"AttackPotion"},{"floor":28,"key":"AttackPotion"},{"floor":31,"key":"FearPotion"},{"floor":33,"key":"FearPotion"},{"floor":35,"key":"AttackPotion"}],"is_trial":false,"path_per_floor":["M","$","M","M","M","R","$","M","T","?","R","?","M","M","R","B",null,"M","M","?","M","M","R","M","?","T","?","M","T","R","M","R","B",null,"M","M","$","M","$","R","?","M"],"character_chosen":"IRONCLAD","items_purchased":["Limit Break","Rupture","Red Skull","Rampage","Medical Kit","BloodPotion"],"campfire_rested":4,"item_purchase_floors":[2,7,37,37,37,39],"current_hp_per_floor":[83,83,86,83,88,88,88,76,76,58,86,86,92,87,87,64,98,76,85,85,61,60,92,96,96,96,96,102,102,102,97,110,52,110,88,73,73,49,76,109,109,0,0],"gold":16,"neow_bonus":"ONE_RANDOM_RARE_CARD","is_daily":false,"chose_seed":false,"campfire_upgraded":3,"win_rate":0.0,"timestamp":1611303734,"path_taken":["M","$","M","M","M","R","?","M","T","?","R","?","M","M","R","BOSS","M","?","?","M","M","R","M","?","T","?","M","?","R","M","R","BOSS","M","?","$","M","$","R","?","M"],"items_purchased_type":["Card","Card","Relic","Card","Relic","Potion"],"build_version":"2020-12-22","purchased_purges":0,"victory":false,"max_hp_per_floor":[83,83,86,89,92,92,92,92,92,95,95,95,95,95,95,98,98,98,101,101,104,107,107,107,107,107,107,107,107,107,110,110,110,110,110,110,110,113,113,113,113,113,113],"card_choices":[{"not_picked":["Bloodletting","Wild Strike"],"picked":"Inflame","floor":1},{"not_picked":["Blood for Blood","Thunderclap"],"picked":"Uppercut","floor":3},{"not_picked":["Shockwave","Armaments"],"picked":"Whirlwind","floor":4},{"not_picked":["Warcry","Hemokinesis"],"picked":"Flex","floor":5},{"not_picked":["Iron Wave","Flex"],"picked":"Carnage","floor":8},{"not_picked":["Clothesline","Flame Barrier"],"picked":"Rage","floor":10},{"not_picked":["Sever Soul","Clash"],"picked":"Twin Strike","floor":13},{"not_picked":["Shrug It Off","Reckless Charge"],"picked":"Warcry","floor":14},{"not_picked":["Limit Break","Corruption+1"],"picked":"Bludgeon","floor":16},{"not_picked":["Iron Wave","Pommel Strike"],"picked":"Thunderclap+1","floor":18},{"not_picked":["Shrug It Off","True Grit"],"picked":"Clothesline","floor":19},{"not_picked":["Body Slam","Intimidate"],"picked":"Inflame+1","floor":21},{"not_picked":["Clothesline","Body Slam","Thunderclap"],"picked":"SKIP","floor":22},{"not_picked":["Body Slam+1","Warcry","Iron Wave"],"picked":"SKIP","floor":24},{"not_picked":["Warcry","Thunderclap","Sword Boomerang"],"picked":"SKIP","floor":28},{"not_picked":["Sword Boomerang","Carnage","Shrug It Off"],"picked":"SKIP","floor":31},{"not_picked":["Corruption+1","Fiend Fire"],"picked":"Juggernaut+1","floor":33},{"not_picked":["Wild Strike","Pummel","Clash"],"picked":"SKIP","floor":35},{"not_picked":["Perfected Strike+1","Headbutt+1"],"picked":"Anger+1","floor":36},{"not_picked":["Thunderclap","Armaments+1","Wild Strike+1"],"picked":"SKIP","floor":38}],"player_experience":58834,"relics_obtained":[{"floor":9,"key":"Meat on the Bone"},{"floor":10,"key":"Frozen Egg 2"},{"floor":26,"key":"Toy Ornithopter"},{"floor":29,"key":"Unceasing Top"}],"event_choices":[{"damage_healed":0,"gold_gain":0,"player_choice":"Searched \u00272\u0027 times","damage_taken":0,"max_hp_gain":0,"max_hp_loss":0,"event_name":"Dead Adventurer","floor":10,"gold_loss":0},{"damage_healed":0,"gold_gain":0,"player_choice":"Ignored","damage_taken":0,"max_hp_gain":0,"max_hp_loss":0,"event_name":"NoteForYourself","floor":12,"gold_loss":0},{"damage_healed":0,"gold_gain":0,"player_choice":"Obtained Relic","damage_taken":0,"relics_obtained":["Bag of Marbles"],"max_hp_gain":0,"max_hp_loss":0,"event_name":"Addict","floor":20,"gold_loss":85},{"cards_removed":["Rupture"],"damage_healed":0,"gold_gain":0,"player_choice":"Elegance","damage_taken":0,"max_hp_gain":0,"max_hp_loss":0,"event_name":"Back to Basics","floor":25,"gold_loss":0},{"damage_healed":0,"gold_gain":0,"player_choice":"Ignored","damage_taken":0,"max_hp_gain":0,"max_hp_loss":0,"event_name":"Ghosts","floor":27,"gold_loss":0},{"cards_removed":["Body Slam"],"damage_healed":0,"gold_gain":0,"player_choice":"Purged","damage_taken":0,"max_hp_gain":0,"max_hp_loss":0,"event_name":"Purifier","floor":41,"gold_loss":0}],"is_beta":false,"boss_relics":[{"not_picked":["Busted Crown","Velvet Choker"],"picked":"Mark of Pain"},{"not_picked":["Runic Dome","Runic Pyramid"],"picked":"Pandora\u0027s Box"}],"items_purged_floors":[],"is_endless":false,"potions_floor_spawned":[1,4,5,10,16,24,28,31,33,35],"killed_by":"Transient","ascension_level":0}}