{"host":"pmmuxs046gii331m","time":1611346290,"event":{"mods":["AchievementEnabler","BaseMod","Colored Powertips","Downfall","Gold Saver","Minty Spire (QoL Compilation)","Permanent Neow","Quick Restart","StSLib"],"gold_per_floor":[1315,1327,1327,577,577,577,601,601,615,191,191,191,209,209,228,323,323,323,323,723,723,723,757,757,782,682,701,701,701,701,728,740,844,844,844,864,1014,821,841,841,841,741,741,678,696,596,78,78,95,95,95,123,100,100,100,100],"floor_reached":57,"language":"ENG","playtime":8886,"items_purged":["Guardian:Strike_Guardian","Guardian:Strike_Guardian","Guardian:Defend_Guardian+1","Guardian:Strike_Guardian+1","Guardian:ShieldCharger"],"score":1365,"play_id":"afbf75ed-0d10-4d38-9952-60425e60705c","local_time":"20210122151130","is_ascension_mode":false,"campfire_choices":[{"data":"Guardian:TwinSlam","floor":1,"key":"SMITH"},{"data":"Guardian:PrismaticBeam","floor":8,"key":"SMITH"},{"data":"Guardian:Orbwalk","floor":12,"key":"SMITH"},{"data":"Guardian:ShieldCharger","floor":18,"key":"SMITH"},{"data":"Guardian:PiercingHide","floor":26,"key":"SMITH"},{"data":"Guardian:FloatingOrbs","floor":28,"key":"SMITH"},{"data":"Guardian:BaubleBeam","floor":35,"key":"SMITH"},{"floor":42,"key":"RECALL"},{"data":"Guardian:StasisStrike","floor":46,"key":"SMITH"},{"data":"Guardian:RollAttack","floor":54,"key":"SMITH"}],"circlet_count":0,"master_deck":["Guardian:CurlUp+1","Guardian:TwinSlam+1","Guardian:Recover+1","Guardian:Reroute+1","Guardian:FloatingOrbs+1","Guardian:PrismaticBeam+1","Guardian:PiercingHide+1","Guardian:ShieldCharger+1","Guardian:ChargeCore","Guardian:Orbwalk+1","Guardian:CrystalBeam","Guardian:TemporalShield","Guardian:StasisStrike+1","Guardian:Suspension","RitualDagger+1","Guardian:Planning","Guardian:Incinerate","Guardian:TemporalStrike","Guardian:BaubleBeam+1","Guardian:BronzeArmor+1","Guardian:Repulse","Guardian:RollAttack+1"],"relics":["Guardian:ModeShifterPlus","Sundial","MealTicket","Strawberry","War Paint","Old Coin","Mercury Hourglass","Orichalcum","Meat on the Bone","Letter Opener","downfall:HeartBlessingGreen","Bag of Preparation","Philosopher\u0027s Stone","downfall:HeartBlessingBlue","Ornamental Fan","downfall:HeartBlessingRed","Vajra","Toy Ornithopter","Shuriken"],"acts_visited":["Exordium","TheCity","TheBeyond","TheEnding"],"potions_floor_usage":[16,16,23,25,33,44,56,56,56],"damage_taken":[{"damage":0,"enemies":"Cultist","floor":2,"turns":4},{"damage":0,"enemies":"downfall:FleeingMerchant","floor":4,"turns":4},{"damage":5,"enemies":"Small Slimes","floor":9,"turns":3},{"damage":0,"enemies":"downfall:FleeingMerchant","floor":10,"turns":4},{"damage":3,"enemies":"Jaw Worm","floor":13,"turns":2},{"damage":9,"enemies":"2 Fungi Beasts","floor":15,"turns":2},{"damage":1,"enemies":"IC_STATUS_ARCHETYPE","floor":16,"turns":6},{"damage":0,"enemies":"SI_SHIV_ARCHETYPE","floor":20,"turns":6},{"damage":25,"enemies":"Slavers","floor":23,"turns":5},{"damage":11,"enemies":"Gremlin Leader","floor":25,"turns":5},{"damage":0,"enemies":"Shell Parasite","floor":27,"turns":4},{"damage":12,"enemies":"Slavers","floor":31,"turns":5},{"damage":0,"enemies":"Centurion and Healer","floor":32,"turns":4},{"damage":38,"enemies":"DF_ARCHETYPE_CLAW","floor":33,"turns":6},{"damage":0,"enemies":"3 Darklings","floor":36,"turns":3},{"damage":0,"enemies":"downfall:FleeingMerchant","floor":38,"turns":4},{"damage":0,"enemies":"3 Shapes","floor":39,"turns":3},{"damage":0,"enemies":"downfall:FleeingMerchant","floor":44,"turns":2},{"damage":3,"enemies":"3 Darklings","floor":45,"turns":3},{"damage":0,"enemies":"Sphere and 2 Shapes","floor":49,"turns":3},{"damage":21,"enemies":"SI_POISON_ARCHETYPE","floor":50,"turns":9},{"damage":28,"enemies":"downfall:CharBossMerchant","floor":52,"turns":8},{"damage":12,"enemies":"downfall:NeowBoss","floor":55,"turns":12},{"damage":48,"enemies":"downfall:NeowBossFinal","floor":56,"turns":9}],"seed_played":"5559202106309868164","potions_obtained":[{"floor":9,"key":"Guardian:DefensiveModePotion"},{"floor":16,"key":"champ:CounterPotion"},{"floor":21,"key":"CultistPotion"},{"floor":23,"key":"EntropicBrew"},{"floor":25,"key":"Swift Potion"},{"floor":32,"key":"Guardian:AcceleratePotion"},{"floor":39,"key":"AttackPotion"}],"is_trial":false,"path_per_floor":["R","M","T","$","?","?","T","R","M","$","?","R","M","?","M","B",null,"R","?","?","?","?","E","T","E","R","M","R","?","?","E","M","B",null,"R","M","?","$","M","?","T","R","?","$","M","R","$","?","M","B",null,"E","$","R","B","B",null],"character_chosen":"GUARDIAN","items_purchased":["MealTicket","Strawberry","Guardian:FloatingOrbs","Guardian:PrismaticBeam","Guardian:Gem_Purple","Guardian:Gem_Cyan","LiquidBronze","champ:CounterPotion","Whetstone","Guardian:Gem_Fragmented","Guardian:ChargeCore","Guardian:Orbwalk","Guardian:Gem_Green","Ornamental Fan","Vajra","Toy Ornithopter","SkillPotion","Guardian:RollAttack"],"campfire_rested":0,"item_purchase_floors":[4,4,4,4,4,4,4,4,10,10,10,10,38,44,47,47,47,53],"current_hp_per_floor":[80,80,80,87,87,87,87,87,82,87,87,87,84,89,80,79,92,92,92,92,92,92,67,67,56,56,56,56,56,56,56,56,30,92,92,92,92,92,92,92,92,102,117,117,114,114,117,117,117,96,117,89,104,104,92,59],"gold":100,"neow_bonus":"REMOVE_CARD","is_daily":false,"chose_seed":false,"campfire_upgraded":9,"win_rate":0.0,"timestamp":1611346290,"path_taken":["R","M","?","$","?","?","T","R","M","?","?","R","?","?","M","BOSS","R","?","?","?","?","E","T","E","R","?","R","?","?","E","M","BOSS","R","M","?","$","?","?","T","R","?","$","M","R","$","?","M","BOSS","E","$","R","BOSS","BOSS"],"items_purchased_type":["Relic","Relic","Card","Card","Card","Card","Potion","Potion","Relic","Card","Card","Card","Card","Relic","Relic","Relic","Potion","Card"],"build_version":"2020-12-22","purchased_purges":5,"victory":true,"max_hp_per_floor":[80,80,80,87,87,87,87,87,87,87,87,87,87,92,92,92,92,92,92,92,92,92,92,92,92,92,92,92,92,92,92,92,92,92,92,92,92,92,92,92,92,102,117,117,117,117,117,117,117,117,117,117,117,117,117,117],"card_choices":[{"not_picked":["Guardian:Suspension","Guardian:WalkerClaw"],"picked":"Guardian:Recover","floor":2},{"not_picked":["Guardian:Planning","Guardian:DecasProtection"],"picked":"Guardian:Reroute","floor":4},{"not_picked":["Guardian:EvasiveProtocol","Guardian:Repulse"],"picked":"Guardian:PiercingHide","floor":9},{"not_picked":["Guardian:Gem_Cyan","Guardian:PiercingHide"],"picked":"Guardian:ShieldCharger","floor":10},{"not_picked":["Guardian:Recover","Guardian:WalkerClaw"],"picked":"Guardian:CrystalBeam","floor":13},{"not_picked":["Guardian:ShieldSpikes","Guardian:FastForward"],"picked":"Guardian:TemporalShield","floor":15},{"not_picked":["Guardian:GemFinder","Guardian:BaubleBeam"],"picked":"Guardian:StasisStrike","floor":16},{"not_picked":["Guardian:Gem_Green","Guardian:WalkerClaw"],"picked":"Guardian:Suspension","floor":20},{"not_picked":["Guardian:Gem_Green","Guardian:Gem_Lightblue"],"picked":"Guardian:Gem_Red","floor":23},{"not_picked":["Guardian:TemporalShield","Guardian:ExploitGems"],"picked":"Guardian:Planning","floor":23},{"not_picked":["Guardian:Gem_Lightblue","Guardian:Gem_Red"],"picked":"Guardian:Gem_Green","floor":25},{"not_picked":["Guardian:RollAttack","Guardian:Reroute"],"picked":"Guardian:Incinerate","floor":25},{"not_picked":["Guardian:Suspension","Guardian:Incinerate+1","Guardian:CrystalBeam"],"picked":"SKIP","floor":27},{"not_picked":["Guardian:RefractedBeam","Guardian:BronzeArmor"],"picked":"Guardian:Gem_Orange","floor":31},{"not_picked":["Guardian:Gem_Cyan","Guardian:Gem_Green"],"picked":"Guardian:Gem_Red","floor":32},{"not_picked":["Guardian:ShieldCharger","Guardian:ChargeCore"],"picked":"Guardian:TemporalStrike","floor":32},{"not_picked":["Guardian:StasisField","Guardian:StasisEngine"],"picked":"Guardian:BaubleBeam","floor":33},{"not_picked":["Guardian:Gem_Green","Guardian:Gem_Cyan"],"picked":"Guardian:Gem_Lightblue","floor":36},{"not_picked":["Guardian:ShieldCharger+1","Guardian:CrystalBeam+1"],"picked":"Guardian:BronzeArmor+1","floor":36},{"not_picked":["Guardian:Clone+1","Guardian:Preprogram+1"],"picked":"Guardian:Gem_Cyan","floor":38},{"not_picked":["Guardian:Gem_Cyan","Guardian:Gem_Green"],"picked":"Guardian:Gem_Red","floor":39},{"not_picked":["Guardian:Orbwalk","Guardian:BronzeArmor"],"picked":"Guardian:Gem_Purple","floor":39},{"not_picked":["Guardian:PolyBeam","Guardian:WalkerClaw","Guardian:Planning"],"picked":"SKIP","floor":44},{"not_picked":["Guardian:Gem_Green","Guardian:Suspension"],"picked":"Guardian:Gem_Cyan","floor":45},{"not_picked":["Guardian:TemporalStrike","Guardian:RollAttack+1"],"picked":"Guardian:Gem_Orange","floor":49},{"not_picked":["Guardian:WalkerClaw","Guardian:Recover"],"picked":"Guardian:Repulse","floor":52}],"player_experience":376672,"relics_obtained":[{"floor":3,"key":"Sundial"},{"floor":7,"key":"War Paint"},{"floor":20,"key":"Old Coin"},{"floor":20,"key":"Mercury Hourglass"},{"floor":23,"key":"Orichalcum"},{"floor":24,"key":"Meat on the Bone"},{"floor":25,"key":"Letter Opener"},{"floor":31,"key":"Bag of Preparation"},{"floor":52,"key":"Shuriken"}],"event_choices":[{"cards_removed":["downfall:Malfunctioning"],"damage_healed":0,"gold_gain":0,"player_choice":"Forget","damage_taken":0,"max_hp_gain":0,"max_hp_loss":0,"event_name":"Living Wall","floor":6,"gold_loss":0},{"damage_healed":0,"gold_gain":0,"player_choice":"Donut","damage_taken":0,"max_hp_gain":5,"max_hp_loss":0,"event_name":"Big Fish","floor":14,"gold_loss":0},{"damage_healed":0,"gold_gain":0,"cards_transformed":["Guardian:Defend_Guardian","Guardian:Strike_Guardian"],"player_choice":"Became Test Subject","damage_taken":0,"max_hp_gain":0,"max_hp_loss":0,"event_name":"Drug Dealer","floor":19,"gold_loss":0,"cards_obtained":["Guardian:GemFinder","Guardian:ShieldCharger"]},{"damage_healed":0,"gold_gain":0,"player_choice":"Ignored","damage_taken":0,"max_hp_gain":0,"max_hp_loss":0,"event_name":"Vampires","floor":29,"gold_loss":0},{"cards_removed":["Guardian:GemFinder"],"damage_healed":0,"gold_gain":0,"player_choice":"Removed Power","damage_taken":0,"max_hp_gain":0,"max_hp_loss":0,"event_name":"Falling","floor":40,"gold_loss":0}],"is_beta":false,"boss_relics":[{"not_picked":["Coffee Dripper","Tiny House"],"picked":"Guardian:ModeShifterPlus"},{"not_picked":["Runic Pyramid","Black Star"],"picked":"Philosopher\u0027s Stone"}],"items_purged_floors":[4,10,38,44,47],"is_endless":false,"potions_floor_spawned":[9,13,15,16,23,25,32,39],"ascension_level":0}}