{"host":"zxd2l8an9de7z7b9","time":1611327324,"event":{"mods":["100% Spire Juice","2.2 Compatiblity","Arknights The Spire","BaseMod","CapriCore","Colored Map","Colored Powertips","GungeonMod","Minty Spire (QoL Compilation)","Rare Cards Sparkle","StSLib","SuperFastMode","The Bug Knight"],"gold_per_floor":[115,115,133,33,49,80,255,86,136,136,152,186,186,196,196,299,299,319,234,79,107,107,107,137,137,137,147,178,193,193,207,207,207,207],"floor_reached":33,"language":"KOR","playtime":2521,"items_purged":["HollowMod:NailStrikeStart","Doubt"],"score":293,"play_id":"3c986fe1-27a4-491d-a56b-4f7f8f38151b","local_time":"20210122235524","is_ascension_mode":false,"campfire_choices":[{"data":"HollowMod:NewLittleFool","floor":10.0,"key":"SMITH"},{"data":"HollowMod:ElderbugsWisdom","floor":13.0,"key":"SMITH"},{"data":"HollowMod:SoulSplash","floor":15.0,"key":"SMITH"},{"data":"HollowMod:MidwifesHunger","floor":23.0,"key":"SMITH"},{"floor":25,"key":"REST"},{"floor":32,"key":"REST"}],"circlet_count":0,"master_deck":["HollowMod:NailStrikeStart","HollowMod:QuickDashStart+1","HollowMod:QuickDashStart","HollowMod:FocusHealStart","HollowMod:PogoStrike","HollowMod:SoulSplash+1","HollowMod:QuirrelsAssistance","HollowMod:GoodIntentions+1","HollowMod:CycloneSlash","HollowMod:DashSlash","HollowMod:CycloneSlash","HollowMod:NewLittleFool+1","HollowMod:ElderbugsWisdom+1","HollowMod:GoodIntentions","HollowMod:ZotesMagnificence","HollowMod:BaldurShell","HollowMod:MidwifesHunger+1","HollowMod:DashSlash","HollowMod:DoubleDash","HollowMod:PureNailStrike","HollowMod:CloakDash","HollowMod:SiblingsSouls"],"relics":["HollowMod:VesselMask","HollowMod:LifeEnderRelic","DemoMod:LamentConfigurum","Tiny Chest","Empty Cage","PreservedInsect","Red Mask","Mango","Bottled Tornado","Omamori","War Paint"],"acts_visited":["Exordium","TheCity"],"potions_floor_usage":[24,28],"damage_taken":[{"damage":0.0,"enemies":"2 Louse","floor":1.0,"turns":3.0},{"damage":0.0,"enemies":"Small Slimes","floor":3.0,"turns":3.0},{"damage":0.0,"enemies":"Jaw Worm","floor":5.0,"turns":4.0},{"damage":1.0,"enemies":"HollowMod:MossKnight","floor":6.0,"turns":7.0},{"damage":1.0,"enemies":"Looter","floor":11.0,"turns":4.0},{"damage":10.0,"enemies":"Lagavulin","floor":12.0,"turns":5.0},{"damage":7.0,"enemies":"Blue Slaver","floor":14.0,"turns":4.0},{"damage":27.0,"enemies":"Slime Boss","floor":16.0,"turns":8.0},{"damage":16.0,"enemies":"Shell Parasite","floor":18.0,"turns":8.0},{"damage":37.0,"enemies":"Masked Bandits","floor":21.0,"turns":5.0},{"damage":22,"enemies":"Slavers","floor":24,"turns":4},{"damage":10,"enemies":"Spheric Guardian","floor":27,"turns":7},{"damage":14,"enemies":"Book of Stabbing","floor":28,"turns":5},{"damage":25,"enemies":"Snecko","floor":29,"turns":8},{"damage":5,"enemies":"Centurion and Healer","floor":31,"turns":6},{"damage":48,"enemies":"Collector","floor":33,"turns":5}],"seed_played":"-5668496974882758337","potions_obtained":[{"floor":3.0,"key":"SkillPotion"},{"floor":11.0,"key":"Swift Potion"},{"floor":12.0,"key":"SteroidPotion"},{"floor":14.0,"key":"SteroidPotion"},{"floor":21.0,"key":"PowerPotion"},{"floor":27,"key":"LiquidMemories"}],"is_trial":false,"path_per_floor":["M","?","M","$","M","E","?","$","T","R","M","E","R","M","R","B",null,"M","?","$","?","T","R","E","R","T","M","E","M","?","M","R","B"],"character_chosen":"THE_BUGKNIGHT","items_purchased":["HollowMod:GoodIntentions","HollowMod:CycloneSlash","HollowMod:NewLittleFool","HollowMod:MidwifesHunger"],"campfire_rested":2,"item_purchase_floors":[4,8,8,20],"current_hp_per_floor":[75,75,75,75,75,74,74,74,74,74,73,63,63,56,56,39,75,69,69,69,38,52,52,36,62,62,58,44,25,25,26,52,4,4],"gold":207,"neow_bonus":"REMOVE_CARD","is_daily":false,"chose_seed":false,"campfire_upgraded":4,"win_rate":0.0,"timestamp":1611327324,"path_taken":["M","?","M","$","M","E","?","$","T","R","M","E","R","?","R","BOSS","M","?","$","?","?","R","E","R","T","M","E","M","?","M","R","BOSS"],"items_purchased_type":["Card","Card","Card","Card"],"build_version":"2020-12-22","purchased_purges":2,"victory":false,"max_hp_per_floor":[75,75,75,75,75,75,75,75,75,75,75,75,75,75,75,75,75,75,75,75,75,89,89,89,89,89,89,89,89,89,89,89,89,89],"card_choices":[{"not_picked":["HollowMod:HeavyBlow","HollowMod:SoulStrike"],"picked":"HollowMod:SoulSplash","floor":1.0},{"not_picked":["HollowMod:VengefulSpirit","HollowMod:ShadowDash"],"picked":"HollowMod:QuirrelsAssistance","floor":3.0},{"not_picked":["HollowMod:InfectedAttack","HollowMod:InfectedCysts"],"picked":"HollowMod:CycloneSlash","floor":5.0},{"not_picked":["HollowMod:NewJinnsSoul","HollowMod:DungDefenderAura"],"picked":"HollowMod:DashSlash","floor":6.0},{"not_picked":["HollowMod:SoulVessel","HollowMod:WraithStrike","HollowMod:SharpenedShadows"],"picked":"SKIP","floor":11.0},{"not_picked":["HollowMod:AbyssShriek","HollowMod:DescendingDark"],"picked":"HollowMod:ElderbugsWisdom","floor":12.0},{"not_picked":["HollowMod:CornifersMapStart","HollowMod:VengefulSpirit"],"picked":"HollowMod:GoodIntentions","floor":14.0},{"not_picked":["HollowMod:SoulMaster","HollowMod:PureVessel"],"picked":"HollowMod:ZotesMagnificence","floor":16.0},{"not_picked":["HollowMod:InfectedCysts","HollowMod:NewJinnsSoul"],"picked":"HollowMod:BaldurShell","floor":18.0},{"not_picked":["HollowMod:SiblingsSouls","HollowMod:MothsMistake+1"],"picked":"HollowMod:DashSlash","floor":21.0},{"not_picked":["HollowMod:LifebloodCocoon","HollowMod:CloakDash"],"picked":"HollowMod:DoubleDash","floor":24},{"not_picked":["HollowMod:SoulVessel","HollowMod:TaintedHusks+1","HollowMod:MawleksShell"],"picked":"SKIP","floor":27},{"not_picked":["HollowMod:CycloneSlash","HollowMod:ChannelNail"],"picked":"HollowMod:PureNailStrike","floor":28},{"not_picked":["HollowMod:TaintedHusks","HollowMod:MawleksShell"],"picked":"HollowMod:CloakDash","floor":29},{"not_picked":["HollowMod:GoodIntentions","HollowMod:CycloneSlash"],"picked":"HollowMod:SiblingsSouls","floor":31}],"player_experience":364832,"relics_obtained":[{"floor":6.0,"key":"HollowMod:LifeEnderRelic"},{"floor":9.0,"key":"DemoMod:LamentConfigurum"},{"floor":12.0,"key":"Tiny Chest"},{"floor":21.0,"key":"Red Mask"},{"floor":22.0,"key":"Mango"},{"floor":24,"key":"Bottled Tornado"},{"floor":26,"key":"Omamori"},{"floor":28,"key":"War Paint"}],"event_choices":[{"cards_removed":["HollowMod:QuickDashStart"],"damage_healed":0.0,"max_hp_gain":0.0,"max_hp_loss":0.0,"gold_gain":0.0,"event_name":"Living Wall","player_choice":"Forget","floor":2.0,"gold_loss":0.0,"damage_taken":0.0},{"damage_healed":0.0,"max_hp_gain":0.0,"max_hp_loss":0.0,"gold_gain":175.0,"event_name":"Liars Game","player_choice":"AGREE","floor":7.0,"gold_loss":0.0,"damage_taken":0.0,"cards_obtained":["Doubt"]},{"damage_healed":0.0,"max_hp_gain":0.0,"max_hp_loss":0.0,"gold_gain":0.0,"event_name":"Addict","player_choice":"Obtained Relic","floor":19.0,"gold_loss":85.0,"damage_taken":0.0,"relics_obtained":["PreservedInsect"]},{"damage_healed":0.0,"max_hp_gain":0.0,"max_hp_loss":0.0,"gold_gain":0.0,"event_name":"Masked Bandits","player_choice":"Fought Bandits","floor":21.0,"gold_loss":0.0,"damage_taken":0.0},{"damage_healed":0,"gold_gain":0,"player_choice":"Ignored","damage_taken":0,"max_hp_gain":0,"max_hp_loss":0,"event_name":"Ghosts","floor":30,"gold_loss":0}],"is_beta":false,"boss_relics":[{"not_picked":["Coffee Dripper","Philosopher\u0027s Stone"],"picked":"Empty Cage"}],"items_purged_floors":[4,8],"is_endless":false,"potions_floor_spawned":[3,11,12,14,21,27],"killed_by":"Collector","ascension_level":0}}