{"host":"nbmmy2ys5j9alw05","time":1611293299,"event":{"mods":["AchievementEnabler","BaseMod","Bestiary","Better Vampires","Colored Map","Colored Powertips","Googly Eyes","Hermit","Minty Spire (QoL Compilation)","Quick Restart","StSLib","The Bug Knight","The Hierophant","The IronCluck","The Servant 0.9.4","everything is the same but u backflip on backflip"],"gold_per_floor":[119,44,44,59,77,77,29,29,29],"floor_reached":8,"language":"ENG","playtime":257,"items_purged":["hermit:Strike_Hermit"],"score":46,"play_id":"76429193-22c5-4541-a37e-7585ca010da5","local_time":"20210121212819","is_ascension_mode":false,"campfire_choices":[{"data":"hermit:Cheat","floor":6,"key":"SMITH"}],"circlet_count":0,"master_deck":["hermit:Strike_Hermit","hermit:Strike_Hermit","hermit:Defend_Hermit","hermit:Defend_Hermit","hermit:Defend_Hermit","hermit:Defend_Hermit","hermit:Snapshot","hermit:Covet","hermit:NoHoldsBarred","hermit:Misfire","hermit:Cheat+1","hermit:Quickdraw"],"relics":["hermit:Momento","NeowsBlessing"],"acts_visited":["Exordium"],"potions_floor_usage":[],"damage_taken":[{"damage":0,"enemies":"2 Louse","floor":1,"turns":1},{"damage":0,"enemies":"Cultist","floor":4,"turns":1},{"damage":0,"enemies":"Small Slimes","floor":5,"turns":1},{"damage":13,"enemies":"Lagavulin","floor":8,"turns":3}],"seed_played":"-7308574668059934552","potions_obtained":[{"floor":4,"key":"hermit:BlackBile"}],"is_trial":false,"path_per_floor":["M","$","?","M","M","R","$","E"],"character_chosen":"HERMIT","items_purchased":["hermit:Quickdraw"],"campfire_rested":0,"item_purchase_floors":[7],"current_hp_per_floor":[75,75,75,75,75,75,75,62,62],"gold":29,"neow_bonus":"THREE_ENEMY_KILL","is_daily":false,"chose_seed":false,"campfire_upgraded":1,"win_rate":0.0,"timestamp":1611293299,"path_taken":["M","$","?","?","?","R","$","E"],"items_purchased_type":["Card"],"build_version":"2020-12-22","purchased_purges":1,"victory":false,"max_hp_per_floor":[75,75,75,75,75,75,75,75,75],"card_choices":[{"not_picked":["hermit:Desperado","hermit:HighCaliber"],"picked":"hermit:NoHoldsBarred","floor":1},{"not_picked":["hermit:Feint","hermit:TrackingShot"],"picked":"hermit:Misfire","floor":4},{"not_picked":["hermit:Combo","hermit:TrackingShot"],"picked":"hermit:Cheat","floor":5}],"player_experience":531573,"relics_obtained":[],"event_choices":[{"cards_removed":["hermit:Strike_Hermit"],"damage_healed":0,"gold_gain":0,"player_choice":"Purged","damage_taken":0,"max_hp_gain":0,"max_hp_loss":0,"event_name":"Purifier","floor":3,"gold_loss":0}],"is_beta":false,"boss_relics":[],"items_purged_floors":[2],"is_endless":false,"potions_floor_spawned":[4],"killed_by":"Lagavulin","ascension_level":0}}