{"host":"8i58hvcssdezoe94","time":1611302154,"event":{"mods":["Act Like it!","BaseMod","Colored Map","Conspire","Gensokyo","KinomotoSakuraMod(木之本樱)","Marisa（F雨　魔理沙）","Minty Spire (QoL Compilation)","Quick Restart","Remilia（蕾米莉亚）","Replay The Spire","StSLib","The Animator","The Bug Knight","The Construct","The Cursed","The Hierophant","The Jungle","The Servant 0.9.4"],"gold_per_floor":[119,136,136,155,15,15,30,64,64,64,35,51,51,63,63,63,63],"floor_reached":16,"language":"ZHS","playtime":468,"items_purged":[],"score":102,"play_id":"83532f9d-a100-41fd-aa67-d19e0607eb0b","local_time":"20210122155554","is_ascension_mode":false,"campfire_choices":[{"data":"Echo Form","floor":15,"key":"SMITH"}],"circlet_count":0,"master_deck":["Strike_B","Strike_B","Strike_B","Strike_B","Defend_B","Defend_B","Defend_B","Defend_B","Zap","Dualcast","Rebound","Conserve Battery","Injury","conspire:SharedLibrary","Echo Form+1","ReplayTheSpireMod:Omega Cannon","FIFO Queue","Gensokyo:TarnishedGold","Sunder","Leap"],"relics":["Cracked Core","NeowsBlessing","Carrot","conspire:GiftBox","Vajra"],"acts_visited":["Gensokyo:Gensokyo"],"potions_floor_usage":[],"damage_taken":[{"damage":0,"enemies":"Gensokyo:Python","floor":1,"turns":1},{"damage":0,"enemies":"Gensokyo:Gryphon","floor":2,"turns":1},{"damage":0,"enemies":"Gensokyo:3_Fairies","floor":4,"turns":1},{"damage":0,"enemies":"Gensokyo:2_Rabbits","floor":7,"turns":3},{"damage":12,"enemies":"Gensokyo:Mamizou","floor":8,"turns":6},{"damage":18,"enemies":"Gensokyo:Gryphon_and_Rabbit","floor":12,"turns":5},{"damage":0,"enemies":"Gensokyo:VengefulSpirit","floor":14,"turns":2},{"damage":54,"enemies":"Gensokyo:Reimu","floor":16,"turns":8}],"seed_played":"6160163736565243335","potions_obtained":[{"floor":4,"key":"DuplicationPotion"},{"floor":8,"key":"Energy Potion"},{"floor":14,"key":"SteroidPotion"}],"is_trial":false,"path_per_floor":["M","M","?","M","?","?","M","E","T","$","COS","M","?","M","R","B"],"character_chosen":"DEFECT","items_purchased":[],"campfire_rested":0,"item_purchase_floors":[],"current_hp_per_floor":[75,75,75,75,75,75,75,63,63,63,63,45,45,45,45,0,0],"gold":63,"neow_bonus":"THREE_ENEMY_KILL","is_daily":false,"chose_seed":false,"campfire_upgraded":1,"win_rate":0.0,"timestamp":1611302154,"path_taken":["M","M","?","?","?","?","M","E","T","?","COS","M","?","M","R","BOSS"],"items_purchased_type":[],"build_version":"2020-12-22","purchased_purges":0,"victory":false,"max_hp_per_floor":[75,75,75,75,75,75,75,75,75,75,75,75,75,75,75,75,75],"card_choices":[{"not_picked":["Hologram","Beam Cell"],"picked":"Rebound","floor":1},{"not_picked":["Beam Cell","Skim"],"picked":"Conserve Battery","floor":2},{"not_picked":["ReplayTheSpireMod:Repulse","Turbo"],"picked":"conspire:SharedLibrary","floor":4},{"not_picked":["Fission","Mirror Shield"],"picked":"Echo Form","floor":5},{"not_picked":["Gash","Ball Lightning"],"picked":"ReplayTheSpireMod:Omega Cannon","floor":7},{"not_picked":["Gash","Steam"],"picked":"FIFO Queue","floor":8},{"not_picked":["Time Bomb","Streamline"],"picked":"Sunder","floor":12},{"not_picked":["Panic Button","conspire:SharedLibrary"],"picked":"Leap","floor":14}],"player_experience":77947,"relics_obtained":[{"floor":8,"key":"Vajra"}],"event_choices":[],"is_beta":false,"boss_relics":[],"items_purged_floors":[],"is_endless":false,"potions_floor_spawned":[4,8,14],"killed_by":"Gensokyo:Reimu","ascension_level":0}}