{"host":"zrg8yzdwi219jxzu","time":1611347140,"event":{"mods":["BaseMod","Minty Spire (QoL Compilation)","StSLib","The Alterego","The Bug Knight","The IronCluck","The Runesmith","slay the spire mod where everything is the same but ironclad has a cowboy hat"],"gold_per_floor":[118,118,138,138,67,67,80,96,96,96,271,300,300,320,320,320,320],"floor_reached":16,"language":"ENG","playtime":719,"items_purged":[],"score":100,"play_id":"1e22da54-bb4e-43e3-bbd5-ee4a45c50f7a","local_time":"20210122152540","is_ascension_mode":false,"campfire_choices":[{"data":"Runesmith:HammerThrow","floor":6.0,"key":"SMITH"},{"data":"Runesmith:Fortify","floor":10,"key":"SMITH"},{"data":"Runesmith:PoweredAnvil","floor":13,"key":"SMITH"},{"floor":15,"key":"REST"}],"circlet_count":0,"master_deck":["Runesmith:Strike_RS","Runesmith:Strike_RS","Runesmith:Strike_RS","Runesmith:Strike_RS","Runesmith:Defend_RS","Runesmith:Defend_RS","Runesmith:Defend_RS","Runesmith:Defend_RS","Runesmith:CraftFirestone","Runesmith:Fortify+1","Runesmith:ElementalConversion","Regret","Runesmith:HammerThrow+1","Runesmith:PoweredAnvil+1","Doubt","Runesmith:UnlimitedPower"],"relics":["Runesmith:BrokenRuby","Mummified Hand","Runesmith:MiniCore","Bottled Lightning"],"acts_visited":["Exordium"],"potions_floor_usage":[12,12,12],"damage_taken":[{"damage":4.0,"enemies":"Small Slimes","floor":1.0,"turns":4.0},{"damage":4.0,"enemies":"Jaw Worm","floor":3.0,"turns":4.0},{"damage":7.0,"enemies":"Cultist","floor":7.0,"turns":4.0},{"damage":15,"enemies":"Exordium Wildlife","floor":8,"turns":7},{"damage":13,"enemies":"3 Sentries","floor":12,"turns":6},{"damage":18,"enemies":"Large Slime","floor":14,"turns":6},{"damage":46,"enemies":"Slime Boss","floor":16,"turns":9}],"seed_played":"-5812563443888827352","potions_obtained":[{"floor":1.0,"key":"Block Potion"},{"floor":4.0,"key":"LiquidBronze"},{"floor":4.0,"key":"LiquidMemories"},{"floor":4.0,"key":"Swift Potion"},{"floor":8,"key":"Fruit Juice"}],"is_trial":false,"path_per_floor":["M","?","M","?","$","R","M","M","T","R","?","E","R","M","R","B"],"character_chosen":"RUNESMITH_CLASS","items_purchased":["Runesmith:PoweredAnvil"],"campfire_rested":1,"item_purchase_floors":[5],"current_hp_per_floor":[73,73,69,69,69,69,62,47,47,47,47,39,39,21,45,0,0],"gold":320,"neow_bonus":"TEN_PERCENT_HP_BONUS","is_daily":false,"chose_seed":false,"campfire_upgraded":3,"win_rate":0.0,"timestamp":1611347140,"path_taken":["M","?","M","?","$","R","?","M","T","R","?","E","R","M","R","BOSS"],"items_purchased_type":["Card"],"build_version":"2020-12-22","purchased_purges":0,"victory":false,"max_hp_per_floor":[77,77,77,77,77,77,77,77,77,77,77,82,82,82,82,82,82],"card_choices":[{"not_picked":["Runesmith:Attraction","Runesmith:RuneHurl"],"picked":"Runesmith:ElementalConversion","floor":1.0},{"not_picked":["Runesmith:Terraform","Runesmith:HeatExchange"],"picked":"Runesmith:HammerThrow","floor":3.0},{"not_picked":["Runesmith:FrozenChisel","Runesmith:Firewall","Runesmith:EnergizedChisel"],"picked":"SKIP","floor":7.0},{"not_picked":["Runesmith:HeatExchange","Runesmith:HeatedChisel","Runesmith:Overpower"],"picked":"SKIP","floor":8},{"not_picked":["Runesmith:EnergizedChisel","Runesmith:HeatExchange","Runesmith:Malloc"],"picked":"SKIP","floor":12},{"not_picked":["Runesmith:MakeshiftArmor","Runesmith:CraftMagma"],"picked":"Runesmith:UnlimitedPower","floor":14}],"player_experience":127453,"relics_obtained":[{"floor":9,"key":"Runesmith:MiniCore"},{"floor":12,"key":"Bottled Lightning"}],"event_choices":[{"damage_healed":0.0,"max_hp_gain":0.0,"max_hp_loss":0.0,"gold_gain":0.0,"event_name":"Big Fish","player_choice":"Box","floor":2.0,"gold_loss":0.0,"damage_taken":0.0,"relics_obtained":["Mummified Hand"],"cards_obtained":["Regret"]},{"damage_healed":0.0,"max_hp_gain":0.0,"max_hp_loss":0.0,"gold_gain":0.0,"event_name":"Lab","player_choice":"Got Potions","floor":4.0,"gold_loss":0.0,"damage_taken":0.0},{"damage_healed":0,"gold_gain":175,"player_choice":"AGREE","damage_taken":0,"max_hp_gain":0,"max_hp_loss":0,"event_name":"Liars Game","floor":11,"gold_loss":0,"cards_obtained":["Doubt"]}],"is_beta":false,"boss_relics":[],"items_purged_floors":[],"is_endless":false,"potions_floor_spawned":[1,8],"killed_by":"Slime Boss","ascension_level":0}}