{"host":"dm4yvegl9um2tlqd","time":1611355532,"event":{"mods":["2.2 Compatiblity","AchievementEnabler","BaseMod","Colored Map","DeckTracker","Highlight Path","KOR Keyword Fix","Keyboard Shortcuts","Minty Spire (QoL Compilation)","Permanent Neow","Quick Restart","Random Character Button","StSLib","SuperFastMode","everything is the same but u backflip on backflip"],"gold_per_floor":[118,136,68,143,143,143,143,143,191,208,85,85,85,118,118,213,213,233,8,25,124,142,142,167,167,167,167,167,183,183,214,214,214,214],"floor_reached":33,"language":"KOR","playtime":787,"items_purged":["Strike_R"],"score":388,"play_id":"bf0c7d38-0b3b-4944-88b8-d98043ec829f","local_time":"20210123074532","is_ascension_mode":true,"campfire_choices":[{"data":"Fire Breathing","floor":6.0,"key":"SMITH"},{"data":"Armaments","floor":8.0,"key":"SMITH"},{"data":"Bash","floor":13.0,"key":"SMITH"},{"data":"Corruption","floor":15.0,"key":"SMITH"},{"data":"Immolate","floor":23.0,"key":"SMITH"},{"data":"Power Through","floor":25.0,"key":"SMITH"},{"data":"Ghostly","floor":30,"key":"SMITH"},{"data":"Ghostly","floor":32,"key":"SMITH"}],"circlet_count":0,"master_deck":["Strike_R","Strike_R","Strike_R","Defend_R","Defend_R","Defend_R","Defend_R","Bash+1","Twin Strike","Fire Breathing+1","Armaments+1","Body Slam+1","Corruption+1","Immolate+1","Power Through+1","Second Wind","Dual Wield+1","Power Through","Ghostly","Ghostly","Ghostly","Ghostly+1","Ghostly+1"],"relics":["Black Blood","NeowsBlessing","Potion Belt","Tiny Chest","Anchor","Orichalcum","Singing Bowl","Magic Flower","Eternal Feather","Red Mask"],"acts_visited":["Exordium","TheCity"],"potions_floor_usage":[29,31],"damage_taken":[{"damage":0.0,"enemies":"2 Louse","floor":1.0,"turns":1.0},{"damage":0.0,"enemies":"Jaw Worm","floor":2.0,"turns":1.0},{"damage":1.0,"enemies":"Small Slimes","floor":10.0,"turns":2.0},{"damage":34.0,"enemies":"Gremlin Nob","floor":14.0,"turns":5.0},{"damage":41.0,"enemies":"Hexaghost","floor":16.0,"turns":9.0},{"damage":2.0,"enemies":"Chosen","floor":18.0,"turns":5.0},{"damage":30.0,"enemies":"3 Byrds","floor":20.0,"turns":6.0},{"damage":26.0,"enemies":"Shelled Parasite and Fungi","floor":22.0,"turns":7.0},{"damage":26.0,"enemies":"Slavers","floor":24.0,"turns":4.0},{"damage":0,"enemies":"Snake Plant","floor":29,"turns":6},{"damage":0,"enemies":"Masked Bandits","floor":31,"turns":2},{"damage":44,"enemies":"Champ","floor":33,"turns":16}],"seed_played":"8077046286221100474","potions_obtained":[{"floor":1.0,"key":"BloodPotion"},{"floor":16.0,"key":"Fire Potion"},{"floor":18.0,"key":"SpeedPotion"},{"floor":24.0,"key":"PowerPotion"},{"floor":29,"key":"DistilledChaos"}],"is_trial":false,"path_per_floor":["M","M","$","?","T","R","?","R","T","M","$","?","R","E","R","B",null,"M","$","M","?","M","R","E","R","T","T","?","M","R","?","R","B"],"character_chosen":"IRONCLAD","items_purchased":["Fire Breathing","Body Slam","Second Wind","Orichalcum"],"campfire_rested":0,"item_purchase_floors":[3,11,19,19],"current_hp_per_floor":[78,80,80,69,69,69,69,69,69,74,74,74,74,46,46,27,67,77,77,59,59,45,45,31,31,31,31,31,42,42,44,44,0,0],"gold":214,"neow_bonus":"THREE_ENEMY_KILL","is_daily":false,"chose_seed":false,"campfire_upgraded":8,"win_rate":0.0,"timestamp":1611355532,"path_taken":["M","M","$","?","?","R","?","R","T","M","$","?","R","E","R","BOSS","M","$","?","?","M","R","E","R","T","?","?","M","R","?","R","BOSS"],"items_purchased_type":["Card","Card","Card","Relic"],"build_version":"2020-12-22","purchased_purges":1,"victory":false,"max_hp_per_floor":[80,80,80,80,80,80,80,80,80,80,80,80,80,80,80,80,80,80,80,80,80,80,80,80,80,80,80,40,42,42,44,44,44,44],"card_choices":[{"not_picked":["Rupture","Iron Wave"],"picked":"Twin Strike","floor":1.0},{"not_picked":["Havoc","Heavy Blade","Headbutt"],"picked":"SKIP","floor":2.0},{"not_picked":["Berserk","Thunderclap","Burning Pact"],"picked":"SKIP","floor":10.0},{"not_picked":["True Grit","Sever Soul"],"picked":"Corruption","floor":14.0},{"not_picked":["Feed","Bludgeon"],"picked":"Immolate","floor":16.0},{"not_picked":["Cleave+1","Perfected Strike"],"picked":"Power Through","floor":18.0},{"not_picked":["Iron Wave","Clothesline","Clash"],"picked":"SKIP","floor":20.0},{"not_picked":["Iron Wave","Clash+1"],"picked":"Dual Wield+1","floor":22.0},{"not_picked":["Clash","Ghostly Armor"],"picked":"Power Through","floor":24.0},{"not_picked":["Twin Strike+1","Spot Weakness","Juggernaut"],"picked":"Singing Bowl","floor":29},{"not_picked":["Sword Boomerang","Anger","Body Slam"],"picked":"Singing Bowl","floor":31}],"player_experience":79379,"relics_obtained":[{"floor":5.0,"key":"Potion Belt"},{"floor":9.0,"key":"Tiny Chest"},{"floor":14.0,"key":"Anchor"},{"floor":24.0,"key":"Singing Bowl"},{"floor":26.0,"key":"Magic Flower"},{"floor":27.0,"key":"Eternal Feather"},{"floor":31,"key":"Red Mask"}],"event_choices":[{"damage_healed":0.0,"max_hp_gain":0.0,"max_hp_loss":0.0,"gold_gain":75.0,"event_name":"World of Goop","player_choice":"Gather Gold","floor":4.0,"gold_loss":0.0,"damage_taken":11.0},{"damage_healed":0.0,"max_hp_gain":0.0,"max_hp_loss":0.0,"gold_gain":0.0,"cards_transformed":["Strike_R"],"event_name":"Living Wall","player_choice":"Change","floor":7.0,"gold_loss":0.0,"damage_taken":0.0,"cards_obtained":["Armaments"]},{"damage_healed":0.0,"max_hp_gain":0.0,"max_hp_loss":0.0,"gold_gain":0.0,"event_name":"Upgrade Shrine","player_choice":"Upgraded","floor":12.0,"gold_loss":0.0,"damage_taken":0.0,"cards_upgraded":["Body Slam"]},{"damage_healed":0.0,"max_hp_gain":0.0,"max_hp_loss":0.0,"gold_gain":99.0,"event_name":"Nest","player_choice":"Stole From Cult","floor":21.0,"gold_loss":0.0,"damage_taken":0.0},{"damage_healed":0.0,"max_hp_gain":0.0,"max_hp_loss":40.0,"gold_gain":0.0,"event_name":"Ghosts","player_choice":"Became a Ghost","floor":28.0,"gold_loss":0.0,"damage_taken":0.0,"cards_obtained":["Ghostly","Ghostly","Ghostly","Ghostly","Ghostly"]},{"damage_healed":0,"gold_gain":0,"player_choice":"Fought Bandits","damage_taken":0,"max_hp_gain":0,"max_hp_loss":0,"event_name":"Masked Bandits","floor":31,"gold_loss":0}],"is_beta":false,"boss_relics":[{"not_picked":["SlaversCollar","Runic Cube"],"picked":"Black Blood"}],"items_purged_floors":[11],"is_endless":false,"potions_floor_spawned":[1,16,18,24,29],"killed_by":"Champ","ascension_level":8}}