{"host":"aqomsbzss4fdoc3i","time":1611356657,"event":{"mods":["AchievementEnabler","BaseMod","Better Altar","Better Skull","Better Third Choice","Colored Powertips","Displayed Cursed Tome","Downfall","Minty Spire (QoL Compilation)","Relic Stats","StSLib","The Hierophant","Waifu the Spire"],"gold_per_floor":[119,119,337,349,123,123,141,141,219,219,241,259,294,304,304,300,300],"floor_reached":16,"language":"ENG","playtime":852,"items_purged":[],"score":102,"play_id":"6f1b400c-0f77-4254-9f02-e0758b26339d","local_time":"20210122180417","is_ascension_mode":false,"campfire_choices":[{"floor":6,"key":"REST"},{"floor":8,"key":"REST"},{"floor":15,"key":"REST"}],"circlet_count":0,"master_deck":["hierophant:Strike_Hierophant","hierophant:Strike_Hierophant","hierophant:Strike_Hierophant","hierophant:Strike_Hierophant","hierophant:Punish","hierophant:Defend_Hierophant","hierophant:Defend_Hierophant","hierophant:Defend_Hierophant","hierophant:ChurchCoffers","hierophant:Sermon","hierophant:Exaltation","hierophant:MorningPrayer","hierophant:Zeal","hierophant:Blessing","hierophant:HolyVerse","hierophant:OrnateBuckler","hierophant:FaithHealing","hierophant:HammerAndAnvil","hierophant:RustyCrate","hierophant:Doubloon","hierophant:Doubloon","hierophant:Doomsaying","hierophant:DisplayOfPower"],"relics":["hierophant:PropheticMaskRelic","NeowsBlessing","Dream Catcher","Omamori","Toolbox","Bottled Lightning","Singing Bowl"],"acts_visited":["Exordium"],"potions_floor_usage":[13,13],"damage_taken":[{"damage":0,"enemies":"2 Louse","floor":1,"turns":1},{"damage":0,"enemies":"Jaw Worm","floor":4,"turns":1},{"damage":0,"enemies":"Cultist","floor":7,"turns":1},{"damage":6,"enemies":"3 Louse","floor":11,"turns":2},{"damage":0,"enemies":"2 Fungi Beasts","floor":12,"turns":2},{"damage":58,"enemies":"Lagavulin","floor":13,"turns":9},{"damage":3,"enemies":"Large Slime","floor":14,"turns":10},{"damage":32,"enemies":"The Guardian","floor":16,"turns":4}],"seed_played":"-2900392098912651196","potions_obtained":[{"floor":4,"key":"Energy Potion"},{"floor":12,"key":"PowerPotion"}],"is_trial":false,"path_per_floor":["M","?","?","M","$","R","M","R","T","?","M","M","E","M","R","B"],"character_chosen":"HIEROPHANT","items_purchased":["Toolbox","hierophant:MorningPrayer","hierophant:Zeal"],"campfire_rested":3,"item_purchase_floors":[5,5,5],"current_hp_per_floor":[75,80,28,28,28,52,52,76,76,69,63,63,12,16,40,15,15],"gold":300,"neow_bonus":"THREE_ENEMY_KILL","is_daily":false,"chose_seed":false,"campfire_upgraded":0,"win_rate":0.0,"timestamp":1611356657,"path_taken":["M","?","?","?","$","R","M","R","T","?","M","M","E","M","R","BOSS"],"items_purchased_type":["Relic","Card","Card"],"build_version":"2020-12-22","purchased_purges":0,"victory":false,"max_hp_per_floor":[75,80,80,80,80,80,80,80,80,80,80,80,80,80,80,80,80],"relic_stats":{"Dream Catcher":3,"Singing Bowl":0,"counters":[8,30],"obtain_stats":[{"Dream Catcher":3,"NeowsBlessing":0,"Singing Bowl":13,"hierophant:PropheticMaskRelic":0,"Toolbox":5,"Omamori":3,"Bottled Lightning":9},{"Dream Catcher":1,"NeowsBlessing":0,"Singing Bowl":6,"hierophant:PropheticMaskRelic":0,"Toolbox":2,"Omamori":1,"Bottled Lightning":3},{"Dream Catcher":1,"NeowsBlessing":0,"Singing Bowl":16,"hierophant:PropheticMaskRelic":0,"Toolbox":2,"Omamori":1,"Bottled Lightning":3}]},"card_choices":[{"not_picked":["hierophant:Remorse","hierophant:OrnateJavelin"],"picked":"hierophant:Sermon","floor":1},{"not_picked":["hierophant:OrnateBuckler","hierophant:SealAway"],"picked":"hierophant:Exaltation","floor":4},{"not_picked":["hierophant:Community","hierophant:FlamingChariot"],"picked":"hierophant:Blessing","floor":6},{"not_picked":["hierophant:SealAway","hierophant:EyeForCoin"],"picked":"hierophant:HolyVerse","floor":7},{"not_picked":["hierophant:Encroach","hierophant:Remorse"],"picked":"hierophant:OrnateBuckler","floor":8},{"not_picked":["hierophant:Purify","hierophant:WrathOfGod"],"picked":"hierophant:FaithHealing","floor":11},{"not_picked":["hierophant:Remorse","hierophant:AuricBeam"],"picked":"hierophant:HammerAndAnvil","floor":12},{"not_picked":["hierophant:OrnateJavelin","hierophant:HolyVerse"],"picked":"hierophant:RustyCrate","floor":13},{"not_picked":["hierophant:HammerAndAnvil","hierophant:SolarFlare"],"picked":"hierophant:Doomsaying","floor":14},{"not_picked":["hierophant:Purify","hierophant:FaithHealing"],"picked":"hierophant:DisplayOfPower","floor":15}],"player_experience":254625,"relics_obtained":[{"floor":9,"key":"Bottled Lightning"},{"floor":13,"key":"Singing Bowl"}],"event_choices":[{"damage_healed":0,"gold_gain":0,"player_choice":"Donut","damage_taken":0,"max_hp_gain":5,"max_hp_loss":0,"event_name":"Big Fish","floor":2,"gold_loss":0},{"damage_healed":0,"gold_gain":218,"player_choice":"RE GO GO RE ","damage_taken":58,"relics_obtained":["Dream Catcher","Omamori"],"max_hp_gain":0,"max_hp_loss":0,"event_name":"betterSkull:BetterSkull","floor":3,"gold_loss":0,"cards_upgraded":[]},{"cards_removed":["hierophant:Defend_Hierophant"],"damage_healed":0,"gold_gain":0,"player_choice":"Card Removal","damage_taken":7,"max_hp_gain":0,"max_hp_loss":0,"event_name":"Golden Wing","floor":10,"gold_loss":0}],"is_beta":false,"boss_relics":[],"items_purged_floors":[],"is_endless":false,"potions_floor_spawned":[4,12],"killed_by":"The Guardian","ascension_level":0}}