{"host":"j36qkj20jqndbw01","time":1611324131,"event":{"mods":["AchievementEnabler","BaseMod","Colored Map","DeckTracker","Highlight Path","Keyboard Shortcuts","Minty Spire (QoL Compilation)","Quick Restart","Relic Stats","StSLib","SuperFastMode","everything is the same but u backflip on backflip"],"gold_per_floor":[112,128,143,143,143,182,182,221,221,221,371,50,50,71,71,71,71],"floor_reached":16,"language":"KOR","playtime":436,"items_purged":["Doubt"],"score":205,"play_id":"3d964656-2035-4c3b-9dc5-227091722268","local_time":"20210122230211","is_ascension_mode":true,"campfire_choices":[{"data":"Zap","floor":7,"key":"SMITH"},{"data":"Fission","floor":10,"key":"SMITH"},{"data":"Static Discharge","floor":13,"key":"SMITH"},{"data":"White Noise","floor":15,"key":"SMITH"}],"circlet_count":0,"master_deck":["AscendersBane","Strike_B","Strike_B","Strike_B","Defend_B","Defend_B","Defend_B","Defend_B","Zap+1","Dualcast","Rebound","White Noise+1","Coolheaded","Streamline","Fission+1","Static Discharge+1","Hello World"],"relics":["Cracked Core","Golden Idol","Letter Opener","Emotion Chip","Turnip","MealTicket"],"acts_visited":["Exordium"],"potions_floor_usage":[6],"damage_taken":[{"damage":2,"enemies":"Cultist","floor":1,"turns":4},{"damage":0,"enemies":"Small Slimes","floor":2,"turns":2},{"damage":2,"enemies":"Jaw Worm","floor":3,"turns":3},{"damage":39,"enemies":"Gremlin Nob","floor":6,"turns":4},{"damage":16,"enemies":"Lagavulin","floor":8,"turns":7},{"damage":6,"enemies":"Exordium Thugs","floor":14,"turns":3},{"damage":17,"enemies":"Slime Boss","floor":16,"turns":3}],"seed_played":"-8030337854799734917","potions_obtained":[{"floor":1,"key":"Explosive Potion"},{"floor":14,"key":"SteroidPotion"}],"is_trial":false,"path_per_floor":["M","M","M","?","?","E","R","E","T","R","?","$","R","M","R","B"],"character_chosen":"DEFECT","items_purchased":["MealTicket","Static Discharge"],"campfire_rested":0,"item_purchase_floors":[12,12],"current_hp_per_floor":[62,62,60,65,65,26,26,10,10,10,10,10,10,4,4,0,0],"gold":71,"neow_bonus":"REMOVE_CARD","is_daily":false,"chose_seed":false,"campfire_upgraded":4,"win_rate":0.0,"timestamp":1611324131,"path_taken":["M","M","M","?","?","E","R","E","T","R","?","$","R","M","R","BOSS"],"items_purchased_type":["Relic","Card"],"build_version":"2020-12-22","purchased_purges":1,"victory":false,"max_hp_per_floor":[71,71,71,76,69,69,69,69,69,69,69,69,69,69,69,69,69],"relic_stats":{"Emotion Chip":[5,5,0,0,0],"counters":[7,26],"Golden Idol":20,"MealTicket":0,"Turnip":[0],"Letter Opener":[30],"obtain_stats":[{"Emotion Chip":8,"Golden Idol":5,"MealTicket":12,"Turnip":9,"Letter Opener":6,"Cracked Core":0},{"Emotion Chip":5,"Golden Idol":3,"MealTicket":5,"Turnip":5,"Letter Opener":4,"Cracked Core":0},{"Emotion Chip":20,"Golden Idol":9,"MealTicket":20,"Turnip":20,"Letter Opener":13,"Cracked Core":0}]},"card_choices":[{"not_picked":["Scrape","Redo"],"picked":"Rebound","floor":1},{"not_picked":["Cold Snap","Lockon"],"picked":"White Noise","floor":2},{"not_picked":["Scrape","Conserve Battery"],"picked":"Coolheaded","floor":3},{"not_picked":["Streamline","Melter","Coolheaded"],"picked":"SKIP","floor":6},{"not_picked":["Melter","Coolheaded"],"picked":"Streamline","floor":6},{"not_picked":["Barrage","Rebound"],"picked":"Fission","floor":8},{"not_picked":["Conserve Battery","Consume"],"picked":"Hello World","floor":14}],"player_experience":1744817,"relics_obtained":[{"floor":6,"key":"Letter Opener"},{"floor":8,"key":"Emotion Chip"},{"floor":9,"key":"Turnip"}],"event_choices":[{"damage_healed":0,"gold_gain":0,"player_choice":"Donut","damage_taken":0,"max_hp_gain":5,"max_hp_loss":0,"event_name":"Big Fish","floor":4,"gold_loss":0},{"damage_healed":0,"gold_gain":0,"player_choice":"Lose Max HP","damage_taken":0,"relics_obtained":["Golden Idol"],"max_hp_gain":0,"max_hp_loss":7,"event_name":"Golden Idol","floor":5,"gold_loss":0},{"damage_healed":0,"gold_gain":150,"player_choice":"AGREE","damage_taken":0,"max_hp_gain":0,"max_hp_loss":0,"event_name":"Liars Game","floor":11,"gold_loss":0,"cards_obtained":["Doubt"]}],"is_beta":false,"boss_relics":[],"items_purged_floors":[12],"is_endless":false,"potions_floor_spawned":[1,14],"killed_by":"Slime Boss","ascension_level":18}}