{"host":"b4vwm7jq6jdk6nca","time":1611327204,"event":{"mods":["BaseMod","Downfall","Minty Spire (QoL Compilation)","Quick Restart","StSLib"],"gold_per_floor":[99,117,127,139,158,58,58,86,105,124,137,137,88,108,124,124,124,124],"floor_reached":16,"language":"ZHS","playtime":1165,"items_purged":[],"score":108,"play_id":"c9b96e59-a00e-4388-84ba-c0e7d2de56b2","local_time":"20210122225324","is_ascension_mode":false,"campfire_choices":[{"floor":1.0,"key":"RECALL"},{"data":"bronze:Overheat","floor":6.0,"key":"SMITH"},{"data":"bronze:ForLoop","floor":12,"key":"SMITH"}],"circlet_count":0,"master_deck":["bronze:Strike","bronze:Strike","bronze:Strike","bronze:Strike","bronze:Defend","bronze:Defend","bronze:Defend","bronze:Defend","bronze:Replicate","bronze:Goto","bronze:ForLoop+1","bronze:Overheat+1","bronze:DarkDash","bronze:FollowUp","bronze:Repair","bronze:Repair","bronze:MaxOutput","bronze:Turbo"],"relics":["bronze:BronzeCore","downfall:HeartBlessingRed","Lizard Tail","Torii"],"acts_visited":["Exordium"],"potions_floor_usage":[16],"damage_taken":[{"damage":5.0,"enemies":"Cultist","floor":2.0,"turns":4.0},{"damage":1.0,"enemies":"2 Louse","floor":3.0,"turns":3.0},{"damage":4.0,"enemies":"Small Slimes","floor":4.0,"turns":5.0},{"damage":2.0,"enemies":"Blue Slaver","floor":5.0,"turns":3.0},{"damage":19.0,"enemies":"Gremlin Nob","floor":8.0,"turns":4.0},{"damage":12.0,"enemies":"Exordium Wildlife","floor":9.0,"turns":4.0},{"damage":1.0,"enemies":"Gremlin Gang","floor":10.0,"turns":4.0},{"damage":0,"enemies":"2 Fungi Beasts","floor":11,"turns":2},{"damage":0,"enemies":"downfall:FleeingMerchant","floor":13,"turns":4},{"damage":8,"enemies":"Blue Slaver","floor":14,"turns":3},{"damage":1,"enemies":"Large Slime","floor":15,"turns":6},{"damage":85,"enemies":"WA_ARCHETYPE_RETAIN","floor":16,"turns":14}],"seed_played":"-7928772460774754801","potions_obtained":[{"floor":2.0,"key":"SteroidPotion"},{"floor":4.0,"key":"Swift Potion"},{"floor":8.0,"key":"Ancient Potion"},{"floor":14,"key":"bronze:FreeFunctionsPotion"}],"is_trial":false,"path_per_floor":["R","M","M","M","M","R","T","E","M","M","M","R","$","M","M","B"],"character_chosen":"THE_AUTOMATON","items_purchased":["bronze:MaxOutput"],"campfire_rested":0,"item_purchase_floors":[13],"current_hp_per_floor":[77,72,71,67,65,65,65,46,34,33,33,33,47,53,66,38,38,38],"gold":124,"neow_bonus":"TEN_PERCENT_HP_BONUS","is_daily":false,"chose_seed":false,"campfire_upgraded":2,"win_rate":0.0,"timestamp":1611327204,"path_taken":["R","M","?","M","M","R","T","E","M","M","M","R","$","M","M","BOSS"],"items_purchased_type":["Card"],"build_version":"2020-12-22","purchased_purges":0,"victory":false,"max_hp_per_floor":[77,77,77,77,77,77,77,77,77,77,77,77,77,77,77,77,77,77],"card_choices":[{"not_picked":["bronze:Shield","bronze:DelayedSlice"],"picked":"bronze:ForLoop","floor":2.0},{"not_picked":["bronze:Turbo","bronze:Shield"],"picked":"bronze:Overheat","floor":3.0},{"not_picked":["bronze:Branch","bronze:Backtrace"],"picked":"bronze:DarkDash","floor":4.0},{"not_picked":["bronze:DigitalCarnage","bronze:DelayedSlice"],"picked":"bronze:FollowUp","floor":5.0},{"not_picked":["bronze:Frontload","bronze:WhirlingStrike","bronze:BugBarrage"],"picked":"SKIP","floor":8.0},{"not_picked":["bronze:Turbo","bronze:OilSpill","bronze:BitShift"],"picked":"SKIP","floor":9.0},{"not_picked":["bronze:DigitalCarnage","bronze:BuggyMess"],"picked":"bronze:Repair","floor":10.0},{"not_picked":["bronze:CloningBeam","bronze:ChosenStrike"],"picked":"bronze:Repair","floor":11},{"not_picked":["bronze:BitShift","bronze:BugBarrage","bronze:CloningBeam"],"picked":"SKIP","floor":13},{"not_picked":["bronze:FineTuning","bronze:Invalidate","bronze:OilSpill"],"picked":"SKIP","floor":14},{"not_picked":["bronze:DelayedSlice","bronze:ChildClass"],"picked":"bronze:Turbo","floor":15}],"player_experience":202966,"relics_obtained":[{"floor":7.0,"key":"Lizard Tail"},{"floor":8.0,"key":"Torii"}],"event_choices":[],"is_beta":false,"boss_relics":[],"items_purged_floors":[],"is_endless":false,"potions_floor_spawned":[2,4,8,14],"killed_by":"WA_ARCHETYPE_RETAIN","ascension_level":0}}