{"host":"7s9cy3ihj997zbmc","time":1611296602,"event":{"mods":["2.2 Compatiblity","ATMod(°¢èªMod)","Act Like it!","Ascension Unlocker","Aspiration","BaseMod","Bestiary","Colored Powertips","DeckTracker","Dota2Spire","Hubris","Minty Spire (QoL Compilation)","MostiFishMod","Practice Mode","Quarter Circle Forward PUNCH!","Quick Restart","Rare Cards Sparkle","Relic Stats","Replay The Spire","StSLib","TestMod","Uncapped","vexMod","¡¾¹¦ÄÜMod¡¿»ìãçÖ®»·ÐÞ¸´²¹¶¡","¡¾ÒÅÎï¿¨ÅÆ¡¿REMEMod"],"gold_per_floor":[99999,99999,99881,99881,99615,99615,99649,99649,99649,99718,99729,99741,99252,99264,99264,99338,99338,99311,98600,98618,98629,98710,98710,98723,98773,98773,98773,98804,98873,98899,98918,98918,98994,98994,99004,99021,98362,98379,98393,98425,98425,98459,98459,98459,98509,98559,98572,98622,98622,98622,98622,98622,98622,98253,98286,98286],"floor_reached":57,"language":"ZHS","playtime":3963,"items_purged":["Strike_R","Strike_R","Strike_R","Strike_R","Defend_R","Defend_R"],"score":2529,"play_id":"eb7e1ed5-63dc-4833-9903-bf948f2cc848","local_time":"20210122142322","is_ascension_mode":true,"campfire_choices":[{"data":"Body Slam","floor":6.0,"key":"SMITH"},{"data":"ReplayTheSpireMod:Strike From Hell","floor":15.0,"key":"SMITH"},{"data":"Burning Pact","floor":23.0,"key":"SMITH"},{"data":"Feel No Pain","floor":27.0,"key":"SMITH"},{"data":"MostiFishMod:WingOfPhoenix","floor":32.0,"key":"SMITH"},{"floor":41.0,"key":"RECALL"},{"data":"REME_Fury","floor":44.0,"key":"SMITH"},{"floor":49.0,"key":"DIG"},{"data":"Exhume","floor":53.0,"key":"SMITH"}],"circlet_count":0,"master_deck":["AscendersBane","Strike_R","Defend_R","Defend_R","Bash","testmod-VirtualReality","Body Slam+1","Burning Pact+1","Exhume+1","ReplayTheSpireMod:Strike From Hell+1","Shockwave","REME_SingleHolding","REME_Fury","Entrench+1","Feel No Pain+1","Shrug It Off+1","Defy Death","Evolve+1","REME_Fury+1","MostiFishMod:WingOfPhoenix+1","Dark Embrace+1","Barricade+1"],"relics":["Burning Blood","testmod-TestBox","DaveBox","REME_ComplimentaryCards","AT_ATBox","hubris:Towel","REME_CardOfGreed","Pantograph","SsserpentHead","Replay:Baseball","vexMod:CursedCompass","TheAbacus","hubris:Reverence","Red Mask","Gremlin Horn","Self Forming Clay","Replay:Mystery Machine","Runic Pyramid","Ice Cream","Technique","qcfpunch:Army_Boots","AT_ChloranthyRing","Dota2Spire:AghanimScepter","hubris:Icosahedron","AT_ImmortalShieldbow","qcfpunch:Red_Beret","SynthV:C4"],"acts_visited":["Exordium","TheCity","TheBeyond","TheEnding"],"potions_floor_usage":[56,56],"damage_taken":[{"damage":4.0,"enemies":"Small Slimes","floor":1.0,"turns":5.0},{"damage":8.0,"enemies":"Gremlin Nob","floor":7.0,"turns":3.0},{"damage":5.0,"enemies":"2 Louse","floor":10.0,"turns":3.0},{"damage":1.0,"enemies":"Cultist","floor":11.0,"turns":3.0},{"damage":0.0,"enemies":"Red Slaver","floor":12.0,"turns":4.0},{"damage":12.0,"enemies":"Lots of Slimes","floor":14.0,"turns":5.0},{"damage":28.0,"enemies":"Slime Boss","floor":16.0,"turns":4.0},{"damage":6.0,"enemies":"2 Thieves","floor":18.0,"turns":4.0},{"damage":2.0,"enemies":"Shell Parasite","floor":20.0,"turns":4.0},{"damage":4.0,"enemies":"Chosen and Byrds","floor":21.0,"turns":8.0},{"damage":21.0,"enemies":"Masked Bandits","floor":22.0,"turns":6.0},{"damage":3.0,"enemies":"Shelled Parasite and Fungi","floor":24.0,"turns":5.0},{"damage":0.0,"enemies":"REME_1_Revenger","floor":28.0,"turns":6.0},{"damage":0.0,"enemies":"Centurion and Healer","floor":29.0,"turns":5.0},{"damage":0.0,"enemies":"Gremlin Leader","floor":30.0,"turns":4.0},{"damage":0.0,"enemies":"Snake Plant","floor":31.0,"turns":3.0},{"damage":5.0,"enemies":"Automaton","floor":33.0,"turns":4.0},{"damage":1.0,"enemies":"3 Shapes","floor":35.0,"turns":5.0},{"damage":0.0,"enemies":"Orb Walker","floor":36.0,"turns":5.0},{"damage":0.0,"enemies":"Jaw Worm Horde","floor":38.0,"turns":4.0},{"damage":0.0,"enemies":"Writhing Mass","floor":39.0,"turns":6.0},{"damage":0.0,"enemies":"Reptomancer","floor":40.0,"turns":4.0},{"damage":0.0,"enemies":"R_Hoarder","floor":42.0,"turns":5.0},{"damage":0.0,"enemies":"Maw","floor":47.0,"turns":3.0},{"damage":0.0,"enemies":"Replay:Hell Engine","floor":50.0,"turns":4.0},{"damage":5.0,"enemies":"hubris:GrandSnecko","floor":51.0,"turns":3.0},{"damage":0.0,"enemies":"Shield and Spear","floor":55.0,"turns":4.0},{"damage":12,"enemies":"The Heart","floor":56,"turns":6}],"seed_played":"2022596531384242075","potions_obtained":[{"floor":1.0,"key":"testmod-SpacePotion"},{"floor":12.0,"key":"Swift Potion"},{"floor":14.0,"key":"Fire Potion"},{"floor":18.0,"key":"Dexterity Potion"},{"floor":36.0,"key":"Adrenaline Potion"},{"floor":42.0,"key":"LiquidMemories"},{"floor":45.0,"key":"Adrenaline Potion"}],"is_trial":false,"path_per_floor":["M","?","$","?","$","R","E","?","T","M","M","M","$","M","R","B",null,"M","$","M","M","?","R","M","?","T","R","E","M","E","M","R","B",null,"M","M","$","M","M","E","R","E","T","R","?","?","M","?","R","B","B",null,"R","$","E","B",null],"character_chosen":"IRONCLAD","items_purchased":["Burning Pact","REME_CardOfGreed","REME_SingleHolding","Replay:Baseball","REME_Fury","Feel No Pain","TheAbacus","hubris:Reverence","Shrug It Off+1","Ice Cream","Technique","qcfpunch:Red_Beret"],"campfire_rested":0,"item_purchase_floors":[3,5,13,13,13,19,19,19,19,37,37,54],"current_hp_per_floor":[68,68,68,68,68,68,66,66,66,67,68,68,68,62,62,46,63,63,63,67,68,53,53,56,56,56,56,62,68,68,68,68,68,68,68,68,68,68,68,68,68,68,68,68,68,68,68,68,68,68,68,68,68,68,68,62],"gold":98286,"neow_bonus":"RANDOM_COLORLESS_2","is_daily":false,"chose_seed":false,"campfire_upgraded":7,"win_rate":0.0,"timestamp":1611296602,"path_taken":["M","?","$","?","$","R","E","?","T","?","M","M","?","M","R","BOSS","M","$","M","M","?","R","M","?","T","R","E","?","E","M","R","BOSS","M","M","$","M","M","E","R","E","T","R","?","?","M","?","R","BOSS","BOSS","R","$","E","BOSS"],"items_purchased_type":["Card","Relic","Card","Relic","Card","Card","Relic","Relic","Card","Relic","Relic","Relic"],"build_version":"2020-12-22","purchased_purges":6,"victory":true,"max_hp_per_floor":[68,68,68,68,68,68,68,68,68,68,68,68,68,68,68,68,68,68,68,68,68,68,68,68,68,68,68,68,68,68,68,68,68,68,68,68,68,68,68,68,68,68,68,68,68,68,68,68,68,68,68,68,68,68,68,68],"relic_stats":{"SsserpentHead":400,"TheAbacus":[234],"Gremlin Horn":[11,17],"counters":[28,125],"Self Forming Clay":[27],"Pantograph":6,"obtain_stats":[{"Ice Cream":37,"AT_ATBox":0,"DaveBox":0,"Gremlin Horn":26,"qcfpunch:Red_Beret":54,"Replay:Mystery Machine":30,"Burning Blood":0,"SynthV:C4":55,"SsserpentHead":8,"TheAbacus":19,"hubris:Icosahedron":46,"Pantograph":7,"Red Mask":22,"Runic Pyramid":34,"AT_ChloranthyRing":42,"qcfpunch:Army_Boots":40,"testmod-TestBox":0,"Self Forming Clay":28,"hubris:Towel":4,"AT_ImmortalShieldbow":49,"Replay:Baseball":13,"Dota2Spire:AghanimScepter":43,"vexMod:CursedCompass":17,"REME_CardOfGreed":5,"Technique":37,"REME_ComplimentaryCards":0,"hubris:Reverence":19},{"Ice Cream":19,"AT_ATBox":0,"DaveBox":0,"Gremlin Horn":12,"qcfpunch:Red_Beret":26,"Replay:Mystery Machine":15,"Burning Blood":0,"SynthV:C4":27,"SsserpentHead":2,"TheAbacus":8,"hubris:Icosahedron":23,"Pantograph":2,"Red Mask":11,"Runic Pyramid":17,"AT_ChloranthyRing":23,"qcfpunch:Army_Boots":22,"testmod-TestBox":0,"Self Forming Clay":13,"hubris:Towel":1,"AT_ImmortalShieldbow":24,"Replay:Baseball":5,"Dota2Spire:AghanimScepter":23,"vexMod:CursedCompass":7,"REME_CardOfGreed":1,"Technique":19,"REME_ComplimentaryCards":0,"hubris:Reverence":8},{"Ice Cream":86,"AT_ATBox":0,"DaveBox":0,"Gremlin Horn":54,"qcfpunch:Red_Beret":115,"Replay:Mystery Machine":69,"Burning Blood":0,"SynthV:C4":119,"SsserpentHead":8,"TheAbacus":31,"hubris:Icosahedron":105,"Pantograph":8,"Red Mask":49,"Runic Pyramid":76,"AT_ChloranthyRing":105,"qcfpunch:Army_Boots":100,"testmod-TestBox":0,"Self Forming Clay":60,"hubris:Towel":5,"AT_ImmortalShieldbow":108,"Replay:Baseball":18,"Dota2Spire:AghanimScepter":105,"vexMod:CursedCompass":27,"REME_CardOfGreed":5,"Technique":86,"REME_ComplimentaryCards":0,"hubris:Reverence":31}],"Burning Blood":88},"card_choices":[{"not_picked":["vexMod:StairwayStrike","MostiFishMod:TheLastGuard"],"picked":"testmod-VirtualReality","floor":0.0},{"not_picked":["AT_ShrugMaster","Headbutt"],"picked":"Body Slam","floor":1.0},{"not_picked":["REME_Cut","Armaments"],"picked":"Exhume","floor":7.0},{"not_picked":["AT_DiedThrough","Infernal Blade"],"picked":"ReplayTheSpireMod:Strike From Hell","floor":10.0},{"not_picked":["Defy Death","Intimidate"],"picked":"Shockwave","floor":11.0},{"not_picked":["Warcry","Flex","Sword Boomerang"],"picked":"SKIP","floor":12.0},{"not_picked":["Dropkick","Double Tap","Flame Barrier"],"picked":"SKIP","floor":14.0},{"not_picked":["Cleave","Seeing Red"],"picked":"Entrench","floor":18.0},{"not_picked":["Flex+1","MostiFishMod:#F4004","Warcry"],"picked":"SKIP","floor":20.0},{"not_picked":["Flex+1","MostiFishMod:#F4004","Warcry"],"picked":"SKIP","floor":20.0},{"not_picked":["Shrug It Off","Armaments","MostiFishMod:#F4004+1"],"picked":"SKIP","floor":21.0},{"not_picked":["AT_IchimonjiDouble","Shrug It Off"],"picked":"Defy Death","floor":22.0},{"not_picked":["Perfected Strike+1","hubris:ReadiedAction"],"picked":"Evolve+1","floor":24.0},{"not_picked":["Infernal Blade","Perfected Strike"],"picked":"MostiFishMod:WingOfPhoenix","floor":28.0},{"not_picked":["Replay:Undeath\u0027s Touch","Combust","Bloodletting"],"picked":"SKIP","floor":29.0},{"not_picked":["Headbutt","Uppercut+1","ReplayTheSpireMod:LeadingStrike"],"picked":"SKIP","floor":30.0},{"not_picked":["Headbutt","Iron Wave","True Grit"],"picked":"SKIP","floor":31.0},{"not_picked":["Abandon+1","Wild Strike"],"picked":"Dark Embrace+1","floor":35.0},{"not_picked":["Iron Wave","Shrug It Off"],"picked":"Barricade","floor":36.0},{"not_picked":["Shrug It Off+1","Flex","MostiFishMod:NewArrival"],"picked":"SKIP","floor":38.0},{"not_picked":["Iron Wave","Perfected Strike","Dark Embrace"],"picked":"SKIP","floor":39.0},{"not_picked":["Battle Trance+1","Warcry","Twin Strike"],"picked":"SKIP","floor":40.0},{"not_picked":["Infernal Blade","Flex","Warcry"],"picked":"SKIP","floor":42.0},{"not_picked":["Heavy Blade","Headbutt","Brutality"],"picked":"SKIP","floor":47.0},{"not_picked":["Heavy Blade","Pommel Strike","MostiFishMod:UltimateDefense"],"picked":"SKIP","floor":55.0}],"player_experience":158561,"relics_obtained":[{"floor":7.0,"key":"Pantograph"},{"floor":22.0,"key":"Red Mask"},{"floor":26.0,"key":"Gremlin Horn"},{"floor":28.0,"key":"Self Forming Clay"},{"floor":30.0,"key":"Replay:Mystery Machine"},{"floor":40.0,"key":"qcfpunch:Army_Boots"},{"floor":42.0,"key":"AT_ChloranthyRing"},{"floor":43.0,"key":"Dota2Spire:AghanimScepter"},{"floor":49.0,"key":"AT_ImmortalShieldbow"},{"floor":55.0,"key":"SynthV:C4"}],"event_choices":[{"damage_healed":0.0,"max_hp_gain":0.0,"max_hp_loss":0.0,"gold_gain":0.0,"event_name":"Shining Light","player_choice":"Ignored","floor":2.0,"gold_loss":0.0,"damage_taken":0.0},{"damage_healed":0.0,"max_hp_gain":0.0,"max_hp_loss":0.0,"gold_gain":0.0,"event_name":"FaceTrader","player_choice":"Trade","floor":8.0,"gold_loss":0.0,"damage_taken":0.0,"relics_obtained":["SsserpentHead"]},{"damage_healed":0.0,"max_hp_gain":0.0,"max_hp_loss":0.0,"gold_gain":0.0,"event_name":"Masked Bandits","player_choice":"Fought Bandits","floor":22.0,"gold_loss":0.0,"damage_taken":0.0},{"damage_healed":0.0,"max_hp_gain":0.0,"max_hp_loss":0.0,"gold_gain":0.0,"event_name":"Duplicator","player_choice":"Copied","floor":25.0,"gold_loss":0.0,"damage_taken":0.0,"cards_obtained":["REME_Fury"]},{"damage_healed":0.0,"max_hp_gain":0.0,"max_hp_loss":0.0,"gold_gain":0.0,"event_name":"SecretPortal","player_choice":"Ignored","floor":48.0,"gold_loss":0.0,"damage_taken":0.0}],"is_beta":false,"boss_relics":[{"not_picked":["Dota2Spire:Bloodstone","aspiration:FutureDiary"],"picked":"vexMod:CursedCompass"},{"not_picked":["Transparent","aspiration:RunicSpoon"],"picked":"Runic Pyramid"}],"items_purged_floors":[3,5,13,19,37,54],"is_endless":false,"potions_floor_spawned":[1,12,14,18,20,29,30,36,40,42],"ascension_level":20}}