{"host":"srk2drlvga69hbot","time":1611307306,"event":{"mods":["BaseMod","Colored Map","Colored Powertips","Highlight Path","Minty Spire (QoL Compilation)","Quick Restart","Rare Cards Sparkle","Relic Stats"],"gold_per_floor":[118,49,49,49,59,59,86,86,86,118,218,237,237,237,237,333,333,347,347,43,43,142,142,142,159,159,175,185,31,43,58,58,160,160,176,230,230,240,240,240,267,317,317,216,216,216],"floor_reached":45,"language":"ZHS","playtime":2243,"items_purged":["Defend_G"],"score":517,"play_id":"4ccd062e-eaf5-4157-8ace-e50616d3456c","local_time":"20210122172146","is_ascension_mode":true,"campfire_choices":[{"floor":6.0,"key":"REST"},{"data":"Tactician","floor":8.0,"key":"SMITH"},{"floor":15,"key":"REST"},{"data":"Envenom","floor":23,"key":"SMITH"},{"floor":32,"key":"REST"}],"circlet_count":0,"master_deck":["Strike_G","Strike_G","Defend_G","Defend_G","Defend_G","Survivor","Neutralize+1","Dagger Throw","Tactician+1","Bane","Deadly Poison","Envenom+1","Crippling Poison","Terror+1","Slice+1","Poisoned Stab+1","Slice","Tools of the Trade","Cloak And Dagger+1","Tactician+1","Cloak And Dagger","Footwork","Backflip"],"relics":["Ring of the Snake","Snake Skull","Pantograph","InkBottle","Bottled Flame","Sozu","MutagenicStrength","Tough Bandages","Meat on the Bone","TwistedFunnel","HoveringKite","Girya","Shuriken","Pocketwatch","Paper Crane"],"acts_visited":["Exordium","TheCity","TheBeyond"],"potions_floor_usage":[10,33,33],"damage_taken":[{"damage":4.0,"enemies":"Jaw Worm","floor":1.0,"turns":5.0},{"damage":0.0,"enemies":"Small Slimes","floor":5.0,"turns":4.0},{"damage":30.0,"enemies":"3 Sentries","floor":7.0,"turns":14.0},{"damage":20,"enemies":"Gremlin Nob","floor":10,"turns":4},{"damage":0,"enemies":"Cultist","floor":12,"turns":2},{"damage":58,"enemies":"Hexaghost","floor":16,"turns":12},{"damage":15,"enemies":"Shell Parasite","floor":18,"turns":5},{"damage":13,"enemies":"Spheric Guardian","floor":25,"turns":5},{"damage":10,"enemies":"Centurion and Healer","floor":27,"turns":5},{"damage":0,"enemies":"Snecko","floor":28,"turns":3},{"damage":2,"enemies":"Snake Plant","floor":30,"turns":3},{"damage":1,"enemies":"Cultist and Chosen","floor":31,"turns":3},{"damage":29,"enemies":"Collector","floor":33,"turns":5},{"damage":7,"enemies":"3 Shapes","floor":35,"turns":3},{"damage":19,"enemies":"2 Orb Walkers","floor":36,"turns":4},{"damage":7,"enemies":"3 Darklings","floor":38,"turns":3},{"damage":27,"enemies":"Giant Head","floor":41,"turns":8},{"damage":13,"enemies":"Mind Bloom Boss Battle","floor":42,"turns":5},{"damage":38,"enemies":"Nemesis","floor":45,"turns":5}],"seed_played":"7079403938764487852","potions_obtained":[{"floor":7.0,"key":"FearPotion"},{"floor":10,"key":"Explosive Potion"},{"floor":16,"key":"DuplicationPotion"}],"is_trial":false,"path_per_floor":["M","$","?","?","M","R","E","R","T","E","?","M","?","?","R","B",null,"M","?","$","?","?","R","?","M","T","M","M","$","M","M","R","B",null,"M","?","?","M","?","?","E","?","T","$","E"],"character_chosen":"THE_SILENT","items_purchased":["Tactician","Tough Bandages","TwistedFunnel","Backflip"],"campfire_rested":3,"item_purchase_floors":[2,20,29,44],"current_hp_per_floor":[66,66,41,34,34,55,25,25,25,5,5,5,5,28,49,12,70,55,55,55,55,55,55,55,42,42,44,44,44,42,41,62,41,70,63,44,44,37,37,37,22,34,34,34,0,0],"gold":216,"neow_bonus":"REMOVE_CARD","is_daily":false,"chose_seed":false,"campfire_upgraded":2,"win_rate":0.0,"timestamp":1611307306,"path_taken":["M","$","?","?","M","R","E","R","T","E","?","?","?","?","R","BOSS","M","?","$","?","?","R","?","M","T","?","M","?","?","?","R","BOSS","M","?","?","?","?","?","E","?","T","$","E"],"items_purchased_type":["Card","Relic","Relic","Card"],"build_version":"2020-12-22","purchased_purges":1,"victory":false,"max_hp_per_floor":[70,70,70,70,70,70,70,70,70,70,70,70,70,70,70,70,70,70,70,70,70,70,70,70,70,70,70,70,70,70,70,70,70,70,70,70,70,70,70,66,66,66,66,66,66,66],"relic_stats":{"Sozu":6,"Tough Bandages":[141],"counters":[19,98],"Shuriken":[6],"Pantograph":54,"HoveringKite":[22],"Snake Skull":[170],"obtain_stats":[{"TwistedFunnel":29,"Girya":36,"HoveringKite":34,"Snake Skull":3,"Paper Crane":43,"Sozu":17,"Bottled Flame":10,"Tough Bandages":20,"Shuriken":41,"Pantograph":7,"MutagenicStrength":19,"InkBottle":9,"Ring of the Snake":0,"Meat on the Bone":26,"Pocketwatch":42},{"TwistedFunnel":10,"Girya":15,"HoveringKite":13,"Snake Skull":1,"Paper Crane":18,"Sozu":6,"Bottled Flame":4,"Tough Bandages":7,"Shuriken":17,"Pantograph":3,"MutagenicStrength":7,"InkBottle":3,"Ring of the Snake":0,"Meat on the Bone":8,"Pocketwatch":18},{"TwistedFunnel":59,"Girya":77,"HoveringKite":70,"Snake Skull":5,"Paper Crane":93,"Sozu":41,"Bottled Flame":27,"Tough Bandages":46,"Shuriken":88,"Pantograph":23,"MutagenicStrength":46,"InkBottle":23,"Ring of the Snake":0,"Meat on the Bone":51,"Pocketwatch":93}],"InkBottle":[33],"Ring of the Snake":[38],"Meat on the Bone":24,"Pocketwatch":[0]},"card_choices":[{"not_picked":["Sucker Punch","PiercingWail"],"picked":"Dagger Throw","floor":1.0},{"not_picked":["Grand Finale","Dagger Throw"],"picked":"Bane","floor":5.0},{"not_picked":["Heel Hook","Escape Plan"],"picked":"Deadly Poison","floor":7.0},{"not_picked":["Bane","PiercingWail"],"picked":"Acrobatics","floor":10},{"not_picked":["Bane","Blade Dance","Dagger Throw"],"picked":"SKIP","floor":12},{"not_picked":["Doppelganger","Storm of Steel"],"picked":"Envenom","floor":16},{"not_picked":["Acrobatics","Choke+1"],"picked":"Crippling Poison","floor":18},{"not_picked":["Acrobatics","Dodge and Roll+1","Masterful Stab"],"picked":"SKIP","floor":25},{"not_picked":["Poisoned Stab+1","Well Laid Plans"],"picked":"Terror+1","floor":27},{"not_picked":["All Out Attack","Bouncing Flask"],"picked":"Slice+1","floor":28},{"not_picked":["Backflip","Deadly Poison+1"],"picked":"Poisoned Stab+1","floor":30},{"not_picked":["Escape Plan","Backflip"],"picked":"Slice","floor":31},{"not_picked":["Phantasmal Killer","Storm of Steel"],"picked":"Tools of the Trade","floor":33},{"not_picked":["Riddle With Holes","Slice+1"],"picked":"Cloak And Dagger+1","floor":35},{"not_picked":["Flying Knee+1","Deadly Poison+1","Dagger Spray"],"picked":"SKIP","floor":38},{"not_picked":["Poisoned Stab+1","Expertise"],"picked":"Cloak And Dagger","floor":41},{"not_picked":["Well Laid Plans+1","Dagger Throw+1"],"picked":"Footwork","floor":42}],"player_experience":132189,"relics_obtained":[{"floor":7.0,"key":"Pantograph"},{"floor":9.0,"key":"InkBottle"},{"floor":10,"key":"Bottled Flame"},{"floor":26,"key":"Meat on the Bone"},{"floor":36,"key":"Girya"},{"floor":41,"key":"Shuriken"},{"floor":42,"key":"Pocketwatch"},{"floor":43,"key":"Paper Crane"}],"event_choices":[{"damage_healed":0.0,"max_hp_gain":0.0,"max_hp_loss":0.0,"gold_gain":0.0,"event_name":"Scrap Ooze","player_choice":"Success","floor":3.0,"gold_loss":0.0,"damage_taken":25.0,"relics_obtained":["Snake Skull"]},{"cards_removed":["Strike_G"],"damage_healed":0.0,"max_hp_gain":0.0,"max_hp_loss":0.0,"gold_gain":0.0,"event_name":"Golden Wing","player_choice":"Card Removal","floor":4.0,"gold_loss":0.0,"damage_taken":7.0},{"damage_healed":0,"gold_gain":100,"player_choice":"Pray","damage_taken":0,"max_hp_gain":0,"max_hp_loss":0,"event_name":"Golden Shrine","floor":11,"gold_loss":0},{"cards_removed":["Strike_G"],"damage_healed":0,"gold_gain":0,"player_choice":"Forget","damage_taken":0,"max_hp_gain":0,"max_hp_loss":0,"event_name":"Living Wall","floor":13,"gold_loss":0},{"damage_healed":23,"gold_gain":0,"player_choice":"Banana","damage_taken":0,"max_hp_gain":0,"max_hp_loss":0,"event_name":"Big Fish","floor":14,"gold_loss":0},{"damage_healed":0,"gold_gain":0,"player_choice":"Inject Mutagens","damage_taken":0,"relics_obtained":["MutagenicStrength"],"max_hp_gain":0,"max_hp_loss":0,"event_name":"Drug Dealer","floor":19,"gold_loss":0},{"cards_removed":["Defend_G"],"damage_healed":0,"gold_gain":0,"player_choice":"Elegance","damage_taken":0,"max_hp_gain":0,"max_hp_loss":0,"event_name":"Back to Basics","floor":21,"gold_loss":0},{"damage_healed":0,"gold_gain":99,"player_choice":"Stole From Cult","damage_taken":0,"max_hp_gain":0,"max_hp_loss":0,"event_name":"Nest","floor":22,"gold_loss":0},{"damage_healed":0,"gold_gain":0,"player_choice":"Forge","damage_taken":0,"max_hp_gain":0,"max_hp_loss":0,"event_name":"Accursed Blacksmith","floor":24,"gold_loss":0,"cards_upgraded":["Neutralize"]},{"damage_healed":0,"gold_gain":0,"player_choice":"Fight","damage_taken":0,"max_hp_gain":0,"max_hp_loss":0,"event_name":"Mysterious Sphere","floor":36,"gold_loss":0},{"damage_healed":0,"gold_gain":0,"player_choice":"Copied","damage_taken":0,"max_hp_gain":0,"max_hp_loss":0,"event_name":"Duplicator","floor":37,"gold_loss":0,"cards_obtained":["Tactician"]},{"cards_removed":["Acrobatics"],"damage_healed":0,"gold_gain":0,"player_choice":"Removed Skill","damage_taken":0,"max_hp_gain":0,"max_hp_loss":0,"event_name":"Falling","floor":39,"gold_loss":0},{"damage_healed":0,"gold_gain":0,"player_choice":"Max HP","damage_taken":0,"max_hp_gain":0,"max_hp_loss":4,"event_name":"Winding Halls","floor":40,"gold_loss":0},{"damage_healed":0,"gold_gain":0,"player_choice":"Fight","damage_taken":0,"max_hp_gain":0,"max_hp_loss":0,"event_name":"MindBloom","floor":42,"gold_loss":0}],"is_beta":false,"boss_relics":[{"not_picked":["WristBlade","Snecko Eye"],"picked":"Sozu"},{"not_picked":["Fusion Hammer","Calling Bell"],"picked":"HoveringKite"}],"items_purged_floors":[44],"is_endless":false,"potions_floor_spawned":[7,10,16,28,31,33,35,41,42],"killed_by":"Nemesis","ascension_level":2}}