{"host":"a0d98l75j0h1o085","time":1611288890,"event":{"mods":["AlwaysNeverKeys","BaseMod","Downfall","Highlight Path","Minty Spire (QoL Compilation)","StSLib"],"gold_per_floor":[99,109,121,139,139,171,197,197,230,560,560,574,599,610,627,732,732,732,746,846,860,870,900,900,900,542,553,553,319,319,338,348,446,446,446,463,473,473,485,485,510,510,510,520,646,672,686,241,260,260],"floor_reached":51,"language":"ENG","playtime":12665,"items_purged":["Guardian:Strike_Guardian","Guardian:Defend_Guardian","Guardian:Defend_Guardian","Guardian:Gem_Green"],"score":745,"play_id":"e0343a53-a0e6-4ef0-81b9-ffb1e76df633","local_time":"20210122041450","is_ascension_mode":true,"campfire_choices":[{"data":"Guardian:CurlUp","floor":1.0,"key":"SMITH"},{"data":"Guardian:DonusPower","floor":8.0,"key":"SMITH"},{"data":"Guardian:StasisStrike","floor":18.0,"key":"SMITH"},{"floor":25.0,"key":"REST"},{"data":"Apotheosis","floor":30.0,"key":"SMITH"}],"circlet_count":0,"master_deck":["Guardian:Strike_Guardian+1","Guardian:Strike_Guardian+1","Guardian:Defend_Guardian+1","Guardian:CurlUp+1","Guardian:TwinSlam","Guardian:Reroute","Guardian:DonusPower+1","Guardian:StasisStrike+1","Guardian:TimeCapacitor","Guardian:SpikerProtocol","Guardian:BaubleBeam","Guardian:SentryBeam","Guardian:AncientConstruct","Guardian:Reroute+1","Guardian:Planning","Guardian:Suspension","Guardian:Suspension","Apotheosis+1","Guardian:Repulse","Guardian:TemporalShield+1","Guardian:ConstructionForm","Guardian:Gem_Purple","Guardian:ShieldSpikes+1","Guardian:TemporalShield+1","Guardian:ArmoredProtocol+1","Guardian:Gem_Fragmented","Guardian:Gem_White","Guardian:Recover+1"],"relics":["SacredBark","Smiling Mask","Dream Catcher","Gremlin Horn","Old Coin","Guardian:PickAxe","Runic Pyramid","MutagenicStrength","PreservedInsect","StrikeDummy","Guardian:BottledStasis","Blood Vial","Fusion Hammer","Bag of Marbles","Bottled Tornado","Lantern","Vajra","Bag of Preparation","Kunai","Lee\u0027s Waffle"],"acts_visited":["Exordium","TheCity","TheBeyond"],"potions_floor_usage":[50,50,50],"damage_taken":[{"damage":7.0,"enemies":"Jaw Worm","floor":2.0,"turns":5.0},{"damage":1.0,"enemies":"2 Louse","floor":3.0,"turns":3.0},{"damage":1.0,"enemies":"Cultist","floor":4.0,"turns":3.0},{"damage":9.0,"enemies":"3 Sentries","floor":6.0,"turns":10.0},{"damage":8.0,"enemies":"Gremlin Nob","floor":9.0,"turns":4.0},{"damage":0.0,"enemies":"Blue Slaver","floor":12.0,"turns":3.0},{"damage":0.0,"enemies":"Large Slime","floor":14.0,"turns":4.0},{"damage":11.0,"enemies":"Exordium Wildlife","floor":15.0,"turns":3.0},{"damage":39.0,"enemies":"WA_ARCHETYPE_RETAIN","floor":16.0,"turns":9.0},{"damage":9.0,"enemies":"Chosen","floor":19.0,"turns":5.0},{"damage":36.0,"enemies":"downfall:Augmenter","floor":20.0,"turns":8.0},{"damage":9.0,"enemies":"3 Cultists","floor":21.0,"turns":6.0},{"damage":10.0,"enemies":"Chosen and Byrds","floor":22.0,"turns":4.0},{"damage":9.0,"enemies":"Gremlin Leader","floor":23.0,"turns":4.0},{"damage":0.0,"enemies":"downfall:FleeingMerchant","floor":26.0,"turns":4.0},{"damage":12.0,"enemies":"Sentry and Sphere","floor":27.0,"turns":4.0},{"damage":2.0,"enemies":"downfall:FleeingMerchant","floor":29.0,"turns":4.0},{"damage":0.0,"enemies":"Snecko","floor":31.0,"turns":4.0},{"damage":2.0,"enemies":"Cultist and Chosen","floor":32.0,"turns":5.0},{"damage":29.0,"enemies":"DF_ARCHETYPE_CLAW","floor":33.0,"turns":6.0},{"damage":15.0,"enemies":"Orb Walker","floor":36.0,"turns":4.0},{"damage":0.0,"enemies":"3 Shapes","floor":37.0,"turns":6.0},{"damage":5.0,"enemies":"3 Darklings","floor":39.0,"turns":6.0},{"damage":0.0,"enemies":"Sphere and 2 Shapes","floor":44.0,"turns":4.0},{"damage":0.0,"enemies":"downfall:FleeingMerchant","floor":45.0,"turns":3.0},{"damage":0.0,"enemies":"Nemesis","floor":46.0,"turns":3.0},{"damage":0.0,"enemies":"Transient","floor":47.0,"turns":5.0},{"damage":0,"enemies":"Writhing Mass","floor":49,"turns":6},{"damage":41,"enemies":"IC_BLOCK_ARCHETYPE","floor":50,"turns":9}],"seed_played":"-3872716110238953078","potions_obtained":[{"floor":2.0,"key":"Ancient Potion"},{"floor":6.0,"key":"Guardian:AcceleratePotion"},{"floor":9.0,"key":"LiquidMemories"},{"floor":19.0,"key":"bronze:BurnAndBuffPotion"},{"floor":27.0,"key":"PowerPotion"},{"floor":31.0,"key":"AttackPotion"},{"floor":33.0,"key":"ColorlessPotion"},{"floor":36.0,"key":"Guardian:StasisDiscoveryPotion"}],"is_trial":false,"path_per_floor":["R","M","M","M","?","E","T","R","E","?","?","M","T","M","M","B",null,"R","M","?","M","M","E","T","R","$","M","?","$","R","M","M","B",null,"R","M","M","?","M","?","T","R","?","M","$","E","M","$","M","B",null],"character_chosen":"GUARDIAN","items_purchased":["Guardian:BottledStasis","Blood Vial","Apotheosis","Vajra","Kunai","Lee\u0027s Waffle"],"campfire_rested":1,"item_purchase_floors":[26,26,29,45,48,48],"current_hp_per_floor":[80,73,72,71,71,62,62,62,54,54,54,54,54,54,43,4,80,80,71,35,26,16,7,7,31,31,21,47,47,47,49,49,22,80,80,65,67,67,64,64,64,64,64,66,68,70,72,87,87,46],"gold":260,"neow_bonus":"BOSS_RELIC","is_daily":false,"chose_seed":false,"campfire_upgraded":4,"win_rate":0.0,"timestamp":1611288890,"path_taken":["R","M","M","M","?","E","T","R","E","?","?","M","?","?","M","BOSS","R","M","?","M","M","E","T","R","$","M","?","?","R","M","M","BOSS","R","M","M","?","?","?","T","R","?","M","$","E","M","$","M","BOSS"],"items_purchased_type":["Relic","Relic","Card","Relic","Relic","Relic"],"build_version":"2020-12-22","purchased_purges":4,"victory":true,"max_hp_per_floor":[80,80,80,80,80,80,80,80,80,80,80,80,80,80,80,80,80,80,80,80,80,80,80,80,80,80,80,80,80,80,80,80,80,80,80,80,80,80,80,80,80,80,80,80,80,80,80,87,87,87],"card_choices":[{"not_picked":["Guardian:GuardianWhirl","Guardian:Incinerate"],"picked":"Guardian:Gem_Fragmented","floor":2.0},{"not_picked":["Guardian:Suspension","Guardian:BronzeArmor"],"picked":"Guardian:Gem_Fragmented","floor":3.0},{"not_picked":["Guardian:Gem_Lightblue","Guardian:PrismaticBeam"],"picked":"Guardian:Reroute","floor":4.0},{"not_picked":["Guardian:TemporalShield","Guardian:Gem_Blue"],"picked":"Guardian:DonusPower","floor":6.0},{"not_picked":["Guardian:BronzeOrb","Guardian:PiercingHide"],"picked":"Guardian:StasisStrike","floor":9.0},{"not_picked":["Guardian:VentSteam","Guardian:Gem_Red"],"picked":"Guardian:TimeCapacitor","floor":12.0},{"not_picked":["Guardian:CrystalBeam","Guardian:BronzeArmor"],"picked":"Guardian:SpikerProtocol","floor":14.0},{"not_picked":["Guardian:PolyBeam","Guardian:SpikerProtocol"],"picked":"Guardian:Gem_Yellow","floor":15.0},{"not_picked":["Guardian:GatlingBeam","Guardian:StasisStrike"],"picked":"Guardian:BaubleBeam","floor":16.0},{"not_picked":["Guardian:GuardianWhirl","Guardian:TemporalShield"],"picked":"Guardian:Gem_Green","floor":19.0},{"not_picked":["Guardian:RefractedBeam+1","Guardian:ChargeCore"],"picked":"Guardian:AncientConstruct","floor":20.0},{"not_picked":["Guardian:Gem_Green","Guardian:RollAttack+1"],"picked":"Guardian:Reroute+1","floor":21.0},{"not_picked":["Guardian:VentSteam+1","Guardian:CrystalBeam","Guardian:RollAttack"],"picked":"SKIP","floor":22.0},{"not_picked":["Guardian:TemporalStrike","Guardian:WalkerClaw"],"picked":"Guardian:Planning","floor":23.0},{"not_picked":["Guardian:ShieldSpikes","Guardian:Gem_Lightblue"],"picked":"Guardian:Suspension","floor":25.0},{"not_picked":["Guardian:Gem_Lightblue","Guardian:PrismaticBarrier"],"picked":"Guardian:Suspension","floor":26.0},{"not_picked":["Guardian:RollAttack","Guardian:MultiBeam+1","Guardian:Recover"],"picked":"SKIP","floor":27.0},{"not_picked":["Guardian:Incinerate","Guardian:TemporalShield"],"picked":"Guardian:Gem_Synthetic","floor":29.0},{"not_picked":["Guardian:MultiBeam+1","Guardian:BodySlam"],"picked":"Guardian:Repulse","floor":31.0},{"not_picked":["Guardian:PrismaticBeam","Guardian:ShieldCharger+1"],"picked":"Guardian:TemporalShield+1","floor":32.0},{"not_picked":["Guardian:ExploitGems","Guardian:Gem_Orange"],"picked":"Guardian:ConstructionForm","floor":33.0},{"not_picked":["Guardian:VentSteam+1","Guardian:ChargeCore+1"],"picked":"Guardian:ShieldSpikes+1","floor":36.0},{"not_picked":["Guardian:Gem_Lightblue","Guardian:Reroute"],"picked":"Guardian:TemporalShield+1","floor":37.0},{"not_picked":["Guardian:Recover","Guardian:PrismaticBeam"],"picked":"Guardian:ArmoredProtocol+1","floor":39.0},{"not_picked":["Guardian:PrimingBeam","Guardian:WalkerClaw"],"picked":"Guardian:Gem_White","floor":44.0},{"not_picked":["Guardian:Gem_Purple","Guardian:SpikerProtocol"],"picked":"Guardian:Recover+1","floor":45.0},{"not_picked":["Guardian:Harden+1","Guardian:TemporalShield","Guardian:Gem_Synthetic"],"picked":"SKIP","floor":46.0},{"not_picked":["Guardian:TemporalStrike+1","Guardian:Recover","Guardian:Gem_Purple"],"picked":"SKIP","floor":47.0},{"not_picked":["Guardian:Gem_Green","Guardian:Preprogram+1","Guardian:CrystalBeam+1"],"picked":"SKIP","floor":49}],"player_experience":789399,"relics_obtained":[{"floor":6.0,"key":"Smiling Mask"},{"floor":7.0,"key":"Dream Catcher"},{"floor":9.0,"key":"Gremlin Horn"},{"floor":13.0,"key":"Guardian:PickAxe"},{"floor":20.0,"key":"MutagenicStrength"},{"floor":23.0,"key":"PreservedInsect"},{"floor":24.0,"key":"StrikeDummy"},{"floor":38.0,"key":"Bag of Marbles"},{"floor":40.0,"key":"Bottled Tornado"},{"floor":41.0,"key":"Lantern"},{"floor":46.0,"key":"Bag of Preparation"}],"event_choices":[{"damage_healed":26.0,"max_hp_gain":0.0,"max_hp_loss":0.0,"gold_gain":0.0,"event_name":"The Library","player_choice":"Heal","floor":28.0,"gold_loss":0.0,"damage_taken":0.0},{"damage_healed":0.0,"max_hp_gain":0.0,"max_hp_loss":0.0,"gold_gain":0.0,"event_name":"Wheel of Change","player_choice":"Relic","floor":38.0,"gold_loss":0.0,"damage_taken":0.0}],"is_beta":false,"boss_relics":[{"not_picked":["Tiny House","Guardian:StasisSlotReductionRelic"],"picked":"Runic Pyramid"},{"not_picked":["Black Star","Calling Bell"],"picked":"Fusion Hammer"}],"items_purged_floors":[26,29,45,48],"is_endless":false,"potions_floor_spawned":[2,6,9,19,20,27,31,33,36,44,46,49],"ascension_level":1}}