{"host":"5wf60zc4jjt9ov65","time":1611330606,"event":{"mods":["AchievementEnabler","BaseMod","Beaked The Cultist","Better Altar","Better Match","Better Note","Better Sensory Stone","Better Skull","Better Third Choice","BetterRewards","Colored Map","Colored Powertips","Downfall","Googly Eyes","Halation","Highlight Path","Hubris","Infinite Spire","Minty Spire (QoL Compilation)","Permanent Neow","Quick Restart","Replay The Spire","StSLib","The Bug Knight","The Construct"],"gold_per_floor":[109,109,109,198,198,230,262,284,296,308,320,347,359,371,383,395,395],"floor_reached":16,"language":"ENG","playtime":1079,"items_purged":[],"score":98,"play_id":"a8568c99-7b18-4c9b-82bd-049e2f41ffaa","local_time":"20210122105006","is_ascension_mode":false,"campfire_choices":[{"data":"Bandage Up","floor":10,"key":"SMITH"},{"floor":13,"key":"REST"},{"data":"CutThroughFate","floor":15,"key":"SMITH"}],"circlet_count":0,"master_deck":["beaked:AwakenedForm+1","Strike_P","Strike_P","Strike_P","Defend_P","Defend_P","Defend_P","Defend_P","Eruption+1","Vigilance","Bandage Up+1","LikeWater","PathToVictory","ThirdEye","Nirvana","Vault+1","EmptyFist","PathToVictory","Adaptation","CutThroughFate+1"],"relics":["PureWater","Pear","MawBank","Anchor"],"acts_visited":["Exordium"],"potions_floor_usage":[],"damage_taken":[{"damage":5,"enemies":"Jaw Worm","floor":1,"turns":5},{"damage":15,"enemies":"Replay:BlueRogue","floor":6,"turns":8},{"damage":0,"enemies":"Small Slimes","floor":7,"turns":4},{"damage":0,"enemies":"Cultist","floor":8,"turns":2},{"damage":2,"enemies":"3 Louse","floor":12,"turns":5},{"damage":90,"enemies":"Fading Forest","floor":16,"turns":10}],"seed_played":"-9122930476318041669","potions_obtained":[{"floor":1,"key":"Ancient Potion"},{"floor":7,"key":"EssenceOfSteel"},{"floor":12,"key":"Reflective Coating"}],"is_trial":false,"path_per_floor":["M","?","?","?","?","E","M","M","T","R","?","M","R","$","R","B"],"character_chosen":"WATCHER","items_purchased":[],"campfire_rested":1,"item_purchase_floors":[],"current_hp_per_floor":[71,81,81,49,49,38,42,42,42,42,35,39,63,63,63,0,0],"gold":395,"neow_bonus":"RANDOM_COLORLESS","is_daily":false,"chose_seed":false,"campfire_upgraded":2,"win_rate":0.0,"timestamp":1611330606,"path_taken":["M","?","?","?","?","E","M","M","T","R","?","?","R","?","R","BOSS"],"items_purchased_type":[],"build_version":"2020-12-22","purchased_purges":0,"victory":false,"max_hp_per_floor":[72,82,82,82,82,82,82,82,82,82,82,82,82,82,82,82,82],"card_choices":[{"not_picked":["Finesse","Purity"],"picked":"Bandage Up","floor":0},{"not_picked":["Replay:BluntJabs","ReachHeaven"],"picked":"LikeWater","floor":1},{"not_picked":["Replay:AtTheReady","Tantrum"],"picked":"PathToVictory","floor":4},{"not_picked":["Study","Replay:ManipulateFuture"],"picked":"ThirdEye","floor":4},{"not_picked":["FearNoEvil","Replay:Hum"],"picked":"Nirvana","floor":4},{"not_picked":["Scrawl+1","Replay:LoomingThreat+1"],"picked":"Vault+1","floor":5},{"not_picked":["WheelKick","LikeWater"],"picked":"EmptyFist","floor":6},{"not_picked":["Evaluate","Replay:DivineShield"],"picked":"PathToVictory","floor":7},{"not_picked":["Meditate","JustLucky"],"picked":"Adaptation","floor":8},{"not_picked":["ThirdEye","Replay:BluntJabs"],"picked":"CutThroughFate","floor":12}],"player_experience":106204,"relics_obtained":[{"floor":2,"key":"Pear"},{"floor":6,"key":"MawBank"},{"floor":9,"key":"Anchor"}],"event_choices":[{"damage_healed":0,"gold_gain":0,"player_choice":"Grow","damage_taken":0,"max_hp_gain":0,"max_hp_loss":0,"event_name":"Living Wall","floor":3,"gold_loss":0,"cards_upgraded":["Eruption"]},{"damage_healed":0,"gold_gain":0,"player_choice":"2","damage_taken":0,"max_hp_gain":0,"max_hp_loss":0,"event_name":"betterMatch:BetterMatch","floor":5,"gold_loss":0,"cards_obtained":["betterMatch:RareCard"]},{"cards_removed":["Strike_P"],"damage_healed":0,"gold_gain":0,"player_choice":"Card Removal","damage_taken":7,"max_hp_gain":0,"max_hp_loss":0,"event_name":"Golden Wing","floor":11,"gold_loss":0}],"is_beta":false,"boss_relics":[],"items_purged_floors":[],"is_endless":false,"potions_floor_spawned":[1,7,12],"killed_by":"Fading Forest","ascension_level":0}}