{"host":"sav7uxregyirlf69","time":1611318181,"event":{"mods":["AchievementEnabler","BaseMod","Colored Map","DeckTracker","Keyboard Shortcuts","Minty Spire (QoL Compilation)","READ ME - Guardian Mod","StSLib","SuperFastMode"],"gold_per_floor":[116,191,209,209,221,221,221,237,260,260,123,152,180,208,220,307,319,344,356,381,393,417,429,475,487,499,511,523,523],"floor_reached":28,"language":"KOR","playtime":451,"items_purged":["Strike_R"],"score":476,"play_id":"0a8d22f6-7c8e-4e0d-8a6c-08c8f4f4cbeb","local_time":"20210122212301","is_ascension_mode":true,"campfire_choices":[{"data":"Blood for Blood","floor":6,"key":"SMITH"},{"data":"Body Slam","floor":15,"key":"SMITH"},{"data":"Fire Breathing","floor":23,"key":"SMITH"},{"data":"Evolve","floor":25,"key":"SMITH"}],"circlet_count":0,"master_deck":["AscendersBane","Strike_R","Strike_R","Strike_R","Strike_R","Defend_R","Defend_R","Defend_R","Defend_R","Bash","Blood for Blood+1","Power Through","Carnage","Evolve+1","Body Slam+1","Dual Wield","Offering","Pommel Strike+1","Fire Breathing+1","Shrug It Off"],"relics":["Burning Blood","WarpedTongs","Vajra","Smiling Mask","MawBank","Coffee Dripper","Juzu Bracelet","Oddly Smooth Stone"],"acts_visited":["Exordium","TheCity"],"potions_floor_usage":[13,16,24,28],"damage_taken":[{"damage":2,"enemies":"2 Louse","floor":1,"turns":3},{"damage":6,"enemies":"Cultist","floor":3,"turns":3},{"damage":3,"enemies":"Jaw Worm","floor":5,"turns":3},{"damage":2,"enemies":"3 Louse","floor":8,"turns":3},{"damage":14,"enemies":"3 Sentries","floor":12,"turns":6},{"damage":10,"enemies":"Gremlin Gang","floor":13,"turns":3},{"damage":6,"enemies":"Looter","floor":14,"turns":2},{"damage":28,"enemies":"Slime Boss","floor":16,"turns":8},{"damage":6,"enemies":"Spheric Guardian","floor":18,"turns":3},{"damage":6,"enemies":"Chosen","floor":20,"turns":3},{"damage":6,"enemies":"Centurion and Healer","floor":22,"turns":4},{"damage":43,"enemies":"Gremlin Leader","floor":24,"turns":5},{"damage":24,"enemies":"Snake Plant","floor":28,"turns":1}],"seed_played":"2286697439129924117","potions_obtained":[{"floor":1,"key":"SkillPotion"},{"floor":3,"key":"Explosive Potion"},{"floor":16,"key":"Regen Potion"},{"floor":18,"key":"Swift Potion"}],"is_trial":false,"path_per_floor":["M","?","M","?","M","R","?","M","T","?","$","E","M","M","R","B",null,"M","?","M","?","M","R","E","R","T","?","M"],"character_chosen":"IRONCLAD","items_purchased":["Evolve"],"campfire_rested":0,"item_purchase_floors":[11],"current_hp_per_floor":[79,68,68,68,71,71,53,57,57,57,57,49,45,45,45,23,67,67,55,55,55,55,55,18,18,18,18,0,0],"gold":523,"neow_bonus":"TEN_PERCENT_HP_BONUS","is_daily":false,"chose_seed":false,"campfire_upgraded":4,"win_rate":0.0,"timestamp":1611318181,"path_taken":["M","?","M","?","?","R","?","M","T","?","$","E","M","M","R","BOSS","M","?","?","?","M","R","E","R","T","?","M"],"items_purchased_type":["Card"],"build_version":"2020-12-22","purchased_purges":1,"victory":false,"max_hp_per_floor":[82,82,82,82,82,82,82,82,82,82,82,82,82,82,82,82,82,82,82,82,82,82,82,82,82,82,82,82,82],"card_choices":[{"not_picked":["Burning Pact","Dark Embrace","Clash"],"picked":"SKIP","floor":1},{"not_picked":["Wild Strike","Twin Strike"],"picked":"Blood for Blood","floor":3},{"not_picked":["Sentinel","Anger"],"picked":"Power Through","floor":5},{"not_picked":["Clothesline","Pummel"],"picked":"Carnage","floor":8},{"not_picked":["Carnage","Searing Blow"],"picked":"Body Slam","floor":12},{"not_picked":["Evolve","Blood for Blood"],"picked":"Dual Wield","floor":13},{"not_picked":["Dropkick","Perfected Strike","Warcry"],"picked":"SKIP","floor":14},{"not_picked":["Bludgeon","Feed"],"picked":"Offering","floor":16},{"not_picked":["Armaments","Rupture","Anger"],"picked":"SKIP","floor":18},{"not_picked":["Rage","Metallicize"],"picked":"Pommel Strike+1","floor":20},{"not_picked":["Body Slam+1","Limit Break"],"picked":"Shrug It Off","floor":22},{"not_picked":["Perfected Strike","Sword Boomerang","Anger"],"picked":"SKIP","floor":24}],"player_experience":1353975,"relics_obtained":[{"floor":9,"key":"Smiling Mask"},{"floor":12,"key":"MawBank"},{"floor":24,"key":"Juzu Bracelet"},{"floor":26,"key":"Oddly Smooth Stone"}],"event_choices":[{"damage_healed":0,"gold_gain":75,"player_choice":"Gather Gold","damage_taken":11,"max_hp_gain":0,"max_hp_loss":0,"event_name":"World of Goop","floor":2,"gold_loss":0},{"damage_healed":0,"gold_gain":0,"player_choice":"Rummage","damage_taken":0,"relics_obtained":["WarpedTongs"],"max_hp_gain":0,"max_hp_loss":0,"event_name":"Accursed Blacksmith","floor":4,"gold_loss":0,"cards_obtained":["Pain"]},{"damage_healed":0,"gold_gain":0,"player_choice":"Success","damage_taken":18,"relics_obtained":["Vajra"],"max_hp_gain":0,"max_hp_loss":0,"event_name":"Scrap Ooze","floor":7,"gold_loss":0},{"cards_removed":["Pain"],"damage_healed":0,"gold_gain":0,"player_choice":"Forget","damage_taken":0,"max_hp_gain":0,"max_hp_loss":0,"event_name":"Living Wall","floor":10,"gold_loss":0},{"damage_healed":0,"gold_gain":0,"player_choice":"Damaged","damage_taken":12,"max_hp_gain":0,"max_hp_loss":0,"event_name":"Wheel of Change","floor":19,"gold_loss":0},{"damage_healed":0,"gold_gain":0,"player_choice":"Read","damage_taken":0,"max_hp_gain":0,"max_hp_loss":0,"event_name":"The Library","floor":21,"gold_loss":0,"cards_obtained":["Fire Breathing"]},{"damage_healed":0,"gold_gain":0,"player_choice":"Ignored","damage_taken":0,"max_hp_gain":0,"max_hp_loss":0,"event_name":"Cursed Tome","floor":27,"gold_loss":0}],"is_beta":false,"boss_relics":[{"not_picked":["Black Blood","Snecko Eye"],"picked":"Coffee Dripper"}],"items_purged_floors":[11],"is_endless":false,"potions_floor_spawned":[1,3,12,16,18,22],"killed_by":"Snake Plant","ascension_level":20}}