{"host":"c3lc60y5x60jlt1y","time":1611324788,"event":{"mods":["AchievementEnabler","BaseMod","Bestiary","Colored Map","Minty Spire (QoL Compilation)","Quick Restart","StSLib","ojb\u0027s Info Mod"],"gold_per_floor":[112,112,158,158,47,47,82,102,157,177,204,221,247,172,172,248,248,264,264,189,189,189,215,233,253,253,253,24,49,49,21,21,94,94,110,122,139,139,139],"floor_reached":38,"language":"ENG","playtime":8638,"items_purged":["Defend_B"],"score":844,"play_id":"cea04e6f-f860-4eb9-a56b-b257fd7cdf36","local_time":"20210122161308","is_ascension_mode":true,"campfire_choices":[{"data":"Beam Cell","floor":6.0,"key":"SMITH"},{"data":"Creative AI","floor":15.0,"key":"SMITH"},{"floor":27.0,"key":"REST"},{"data":"Go for the Eyes","floor":30.0,"key":"SMITH"},{"floor":32.0,"key":"REST"}],"circlet_count":0,"master_deck":["AscendersBane","Defend_B","Defend_B","Defend_B","Zap","Dualcast","BootSequence+1","Beam Cell+1","Cold Snap","Coolheaded","Gash","Compile Driver","Ball Lightning","Creative AI+1","Go for the Eyes+1","All For One","Coolheaded","RitualDagger","Bite","Bite","Bite","Bite","Bite","Capacitor","Biased Cognition","Sweeping Beam","Rebound+1","Turbo","Rainbow+1","Echo Form"],"relics":["Cracked Core","NeowsBlessing","Shuriken","Bronze Scales","Pear","Art of War","Pen Nib","Symbiotic Virus","Torii","Nuclear Battery","Ice Cream","Blue Candle","Membership Card","War Paint","Inserter"],"acts_visited":["Exordium","TheCity","TheBeyond"],"potions_floor_usage":[33,35],"damage_taken":[{"damage":0.0,"enemies":"Small Slimes","floor":1.0,"turns":1.0},{"damage":0.0,"enemies":"Gremlin Nob","floor":7.0,"turns":1.0},{"damage":0.0,"enemies":"Jaw Worm","floor":8.0,"turns":1.0},{"damage":0.0,"enemies":"Cultist","floor":10.0,"turns":3.0},{"damage":4.0,"enemies":"3 Sentries","floor":11.0,"turns":7.0},{"damage":1.0,"enemies":"Looter","floor":12.0,"turns":2.0},{"damage":8.0,"enemies":"Lagavulin","floor":13.0,"turns":5.0},{"damage":13.0,"enemies":"Slime Boss","floor":16.0,"turns":7.0},{"damage":7.0,"enemies":"Chosen","floor":18.0,"turns":6.0},{"damage":51.0,"enemies":"Slavers","floor":23.0,"turns":5.0},{"damage":8.0,"enemies":"Shell Parasite","floor":24.0,"turns":3.0},{"damage":11.0,"enemies":"Centurion and Healer","floor":25.0,"turns":5.0},{"damage":21.0,"enemies":"Book of Stabbing","floor":29.0,"turns":3.0},{"damage":44,"enemies":"Automaton","floor":33,"turns":8},{"damage":3,"enemies":"3 Darklings","floor":35,"turns":5},{"damage":2,"enemies":"3 Shapes","floor":36,"turns":5},{"damage":55,"enemies":"3 Darklings","floor":37,"turns":5},{"damage":26,"enemies":"Spire Growth","floor":38,"turns":2}],"seed_played":"477553381435934855","potions_obtained":[{"floor":1.0,"key":"PowerPotion"},{"floor":10.0,"key":"SneckoOil"},{"floor":16.0,"key":"Weak Potion"},{"floor":24.0,"key":"Strength Potion"},{"floor":29.0,"key":"Fruit Juice"},{"floor":37,"key":"CultistPotion"}],"is_trial":false,"path_per_floor":["M","?","T","?","$","R","E","M","T","M","E","M","E","?","R","B",null,"M","?","?","?","?","E","M","M","T","R","$","E","R","$","R","B",null,"M","M","M","M"],"character_chosen":"DEFECT","items_purchased":["Beam Cell","Cold Snap","Membership Card","Turbo","Fire Potion"],"campfire_rested":2,"item_purchase_floors":[5,5,28,28,31],"current_hp_per_floor":[64,53,53,63,63,63,63,63,63,63,59,58,50,50,50,37,70,63,57,57,56,56,13,13,10,10,26,26,13,13,18,36,8,48,55,59,16,0,0],"gold":139,"neow_bonus":"THREE_ENEMY_KILL","is_daily":false,"chose_seed":false,"campfire_upgraded":3,"win_rate":0.0,"timestamp":1611324788,"path_taken":["M","?","?","?","$","R","E","?","T","M","E","M","E","?","R","BOSS","M","?","?","?","?","E","M","M","T","R","$","E","R","?","R","BOSS","M","?","M","M"],"items_purchased_type":["Card","Card","Relic","Card","Potion"],"build_version":"2020-12-22","purchased_purges":1,"victory":false,"max_hp_per_floor":[71,71,71,81,81,81,81,81,81,81,81,81,81,81,81,81,81,81,81,81,56,56,56,56,56,56,56,56,56,56,61,61,61,61,61,61,61,61,61],"card_choices":[{"not_picked":["Consume","Force Field"],"picked":"BootSequence","floor":1.0},{"not_picked":["Compile Driver","Aggregate"],"picked":"Coolheaded","floor":7.0},{"not_picked":["Stack","Ball Lightning"],"picked":"Gash","floor":8.0},{"not_picked":["Beam Cell","Steam Power"],"picked":"Compile Driver","floor":10.0},{"not_picked":["Stack","Static Discharge"],"picked":"Ball Lightning","floor":11.0},{"not_picked":["Recycle","Coolheaded"],"picked":"Creative AI","floor":12.0},{"not_picked":["Aggregate","Steam"],"picked":"Go for the Eyes","floor":13.0},{"not_picked":["Seek","Core Surge"],"picked":"All For One","floor":16.0},{"not_picked":["Compile Driver","Leap"],"picked":"Coolheaded","floor":18.0},{"not_picked":["Steam","Leap"],"picked":"Biased Cognition","floor":23.0},{"not_picked":["Stack","Leap"],"picked":"Sweeping Beam","floor":24.0},{"not_picked":["Steam","Leap"],"picked":"Rebound+1","floor":25.0},{"not_picked":["Gash","Hologram"],"picked":"Rainbow","floor":29.0},{"not_picked":["Meteor Strike","Seek"],"picked":"Echo Form","floor":33},{"not_picked":["Ball Lightning+1","Go for the Eyes","Cold Snap"],"picked":"SKIP","floor":35},{"not_picked":["Rip and Tear","Hologram","Gash"],"picked":"SKIP","floor":36},{"not_picked":["Gash+1","Cold Snap+1","Steam Power"],"picked":"SKIP","floor":37}],"player_experience":8346420,"relics_obtained":[{"floor":3.0,"key":"Bronze Scales"},{"floor":4.0,"key":"Pear"},{"floor":7.0,"key":"Art of War"},{"floor":9.0,"key":"Pen Nib"},{"floor":11.0,"key":"Symbiotic Virus"},{"floor":13.0,"key":"Torii"},{"floor":23.0,"key":"Ice Cream"},{"floor":26.0,"key":"Blue Candle"},{"floor":29.0,"key":"War Paint"}],"event_choices":[{"damage_healed":0.0,"max_hp_gain":0.0,"max_hp_loss":0.0,"gold_gain":0.0,"event_name":"Scrap Ooze","player_choice":"Success","floor":2.0,"gold_loss":0.0,"damage_taken":11.0,"relics_obtained":["Shuriken"]},{"damage_healed":0.0,"max_hp_gain":0.0,"max_hp_loss":0.0,"gold_gain":0.0,"event_name":"Wheel of Change","player_choice":"Relic","floor":4.0,"gold_loss":0.0,"damage_taken":0.0},{"cards_removed":["Strike_B"],"damage_healed":0.0,"max_hp_gain":0.0,"max_hp_loss":0.0,"gold_gain":0.0,"event_name":"The Cleric","player_choice":"Card Removal","floor":14.0,"gold_loss":75.0,"damage_taken":0.0},{"damage_healed":0.0,"max_hp_gain":0.0,"max_hp_loss":0.0,"gold_gain":0.0,"event_name":"Nest","player_choice":"Joined the Cult","floor":19.0,"gold_loss":0.0,"damage_taken":6.0,"cards_obtained":["RitualDagger"]},{"cards_removed":["Strike_B"],"damage_healed":0.0,"max_hp_gain":0.0,"max_hp_loss":0.0,"gold_gain":0.0,"event_name":"Beggar","player_choice":"Gave Gold","floor":20.0,"gold_loss":75.0,"damage_taken":0.0},{"damage_healed":0.0,"max_hp_gain":0.0,"max_hp_loss":25.0,"gold_gain":0.0,"event_name":"Vampires","player_choice":"Became a vampire","floor":21.0,"gold_loss":0.0,"damage_taken":0.0,"cards_obtained":["Bite","Bite","Bite","Bite","Bite"]},{"damage_healed":0.0,"max_hp_gain":0.0,"max_hp_loss":0.0,"gold_gain":0.0,"event_name":"The Library","player_choice":"Read","floor":22.0,"gold_loss":0.0,"damage_taken":0.0,"cards_obtained":["Capacitor"]}],"is_beta":false,"boss_relics":[{"not_picked":["Astrolabe","FrozenCore"],"picked":"Nuclear Battery"},{"not_picked":["Runic Pyramid","SacredBark"],"picked":"Inserter"}],"items_purged_floors":[28],"is_endless":false,"potions_floor_spawned":[1,10,16,24,29,37],"killed_by":"Spire Growth","ascension_level":16}}