{"host":"dowi7cgbhepuzvpj","time":1611281760,"event":{"mods":["AchievementEnabler","BaseMod","Keyboard Shortcuts","Minty Spire (QoL Compilation)","Permanent Neow","Quick Restart","StSLib","SuperFastMode"],"gold_per_floor":[119,131,81,5,5,5,34,34,82,93,93,111,131,148,148,250,250,260,47,47,79,79,79,103,115,140,140,158,158,172,97,97,196,196,208,225,124,124,124,124,153,153,153,171,181,403,71,86,86,86],"floor_reached":51,"language":"KOR","playtime":1601,"items_purged":["Power Through+1","Sever Soul+1","Finesse"],"score":775,"play_id":"36fa5b6e-6775-4d5e-b2b5-2c9916be5245","local_time":"20210122111600","is_ascension_mode":false,"campfire_choices":[{"data":"Perfected Strike","floor":6.0,"key":"SMITH"},{"data":"Limit Break","floor":15.0,"key":"SMITH"},{"data":"Rupture","floor":23.0,"key":"SMITH"},{"floor":27.0,"key":"REST"},{"data":"Limit Break","floor":29.0,"key":"SMITH"},{"floor":32.0,"key":"REST"},{"data":"Metallicize","floor":40.0,"key":"SMITH"},{"data":"Offering","floor":42.0,"key":"SMITH"},{"data":"Disarm","floor":49,"key":"SMITH"}],"circlet_count":0,"master_deck":["Defend_R","Defend_R","Defend_R","Defend_R","Bash","Rupture+1","Ghostly Armor","Inflame","Bloodletting","Pommel Strike","Limit Break+1","Hemokinesis","Heavy Blade","Brutality","Impervious+1","Metallicize+1","Limit Break+1","Bite","Bite","Bite","Bite","Bite","Ghostly Armor+1","Headbutt","Disarm+1","Shrug It Off","Offering+1","Flame Barrier","Flex","Bandage Up","Flash of Steel","Shrug It Off+1","Sword Boomerang+1","Evolve","Combust+1"],"relics":["Black Blood","InkBottle","Mummified Hand","Smiling Mask","Astrolabe","Red Mask","Blood Vial","Juzu Bracelet","Molten Egg 2","Eternal Feather","CaptainsWheel","Orichalcum"],"acts_visited":["Exordium","TheCity","TheBeyond"],"potions_floor_usage":[50,50,50],"damage_taken":[{"damage":0.0,"enemies":"Cultist","floor":1.0,"turns":2.0},{"damage":3.0,"enemies":"Jaw Worm","floor":2.0,"turns":4.0},{"damage":22.0,"enemies":"3 Sentries","floor":7.0,"turns":7.0},{"damage":0.0,"enemies":"2 Louse","floor":10.0,"turns":2.0},{"damage":0.0,"enemies":"Exordium Wildlife","floor":12.0,"turns":4.0},{"damage":3.0,"enemies":"Large Slime","floor":13.0,"turns":4.0},{"damage":2.0,"enemies":"2 Fungi Beasts","floor":14.0,"turns":4.0},{"damage":39.0,"enemies":"The Guardian","floor":16.0,"turns":8.0},{"damage":22.0,"enemies":"Shell Parasite","floor":18.0,"turns":6.0},{"damage":58.0,"enemies":"Masked Bandits","floor":21.0,"turns":5.0},{"damage":13.0,"enemies":"Spheric Guardian","floor":25.0,"turns":5.0},{"damage":26.0,"enemies":"Shelled Parasite and Fungi","floor":28.0,"turns":4.0},{"damage":16.0,"enemies":"Snake Plant","floor":30.0,"turns":6.0},{"damage":57.0,"enemies":"Collector","floor":33.0,"turns":6.0},{"damage":9.0,"enemies":"3 Shapes","floor":35.0,"turns":6.0},{"damage":13.0,"enemies":"3 Darklings","floor":36.0,"turns":3.0},{"damage":46.0,"enemies":"Nemesis","floor":41.0,"turns":7.0},{"damage":32.0,"enemies":"Maw","floor":44.0,"turns":7.0},{"damage":26.0,"enemies":"4 Shapes","floor":45.0,"turns":5.0},{"damage":22,"enemies":"Writhing Mass","floor":48,"turns":4},{"damage":36,"enemies":"Time Eater","floor":50,"turns":5}],"seed_played":"6886628590245890218","potions_obtained":[{"floor":1.0,"key":"Ancient Potion"},{"floor":10.0,"key":"AttackPotion"},{"floor":14.0,"key":"Ancient Potion"},{"floor":21.0,"key":"SpeedPotion"},{"floor":25.0,"key":"FairyPotion"},{"floor":30.0,"key":"AttackPotion"},{"floor":36.0,"key":"HeartOfIron"},{"floor":44.0,"key":"PowerPotion"},{"floor":45.0,"key":"SkillPotion"}],"is_trial":false,"path_per_floor":["M","M","?","$","?","R","E","$","T","M","?","M","M","M","R","B",null,"M","$","?","?","?","R","T","M","T","R","M","R","M","?","R","B",null,"M","M","$","?","T","R","E","R","T","M","M","?","$","M","R","B",null],"character_chosen":"IRONCLAD","items_purchased":["Inflame","Limit Break","Flex","Evolve","Orichalcum","SteroidPotion"],"campfire_rested":2,"item_purchase_floors":[4,19,37,47,47,47],"current_hp_per_floor":[80,80,80,80,73,73,57,57,57,63,63,69,72,76,76,43,80,64,64,56,10,10,10,10,11,11,27,15,15,17,17,33,25,56,56,56,56,46,46,46,30,48,48,44,50,50,50,52,56,40],"gold":86,"neow_bonus":"THREE_CARDS","is_daily":false,"chose_seed":false,"campfire_upgraded":7,"win_rate":0.0,"timestamp":1611281760,"path_taken":["M","?","?","$","?","R","E","?","T","M","?","M","?","M","R","BOSS","M","$","?","?","?","R","?","?","T","R","M","R","M","?","R","BOSS","M","M","$","?","?","R","E","R","T","M","M","?","?","M","R","BOSS"],"items_purchased_type":["Card","Card","Card","Card","Relic","Potion"],"build_version":"2020-12-22","purchased_purges":3,"victory":true,"max_hp_per_floor":[80,80,80,80,80,80,80,80,80,80,80,80,80,80,80,80,80,80,80,56,56,56,56,56,56,56,56,56,56,56,56,56,56,56,56,56,56,56,56,56,56,56,56,56,56,56,56,56,56,56],"card_choices":[{"not_picked":["Heavy Blade","Thunderclap"],"picked":"Perfected Strike","floor":0.0},{"not_picked":["Flame Barrier","Rampage"],"picked":"Rupture","floor":1.0},{"not_picked":["Thunderclap","Bloodletting"],"picked":"Ghostly Armor","floor":2.0},{"not_picked":["Entrench","Flex"],"picked":"Bloodletting","floor":7.0},{"not_picked":["Clothesline","Iron Wave"],"picked":"Pommel Strike","floor":10.0},{"not_picked":["Cleave","Blood for Blood"],"picked":"Limit Break","floor":12.0},{"not_picked":["Anger","Flex"],"picked":"Hemokinesis","floor":13.0},{"not_picked":["Armaments","Pommel Strike"],"picked":"Heavy Blade","floor":14.0},{"not_picked":["Berserk","Feed"],"picked":"Brutality","floor":16.0},{"not_picked":["Perfected Strike","Entrench+1"],"picked":"Metallicize","floor":18.0},{"not_picked":["Searing Blow","Armaments+1"],"picked":"Ghostly Armor+1","floor":21.0},{"not_picked":["Thunderclap","Iron Wave"],"picked":"Headbutt","floor":25.0},{"not_picked":["Anger","Bloodletting"],"picked":"Disarm","floor":28.0},{"not_picked":["True Grit","Ghostly Armor"],"picked":"Shrug It Off","floor":30.0},{"not_picked":["Fiend Fire","Immolate"],"picked":"Offering","floor":33.0},{"not_picked":["Rampage+1","Reckless Charge+1","Havoc+1"],"picked":"SKIP","floor":35.0},{"not_picked":["True Grit","Entrench"],"picked":"Flame Barrier","floor":36.0},{"not_picked":["Blind","Chrysalis"],"picked":"Bandage Up","floor":38.0},{"not_picked":["Metamorphosis","Purity"],"picked":"Finesse","floor":38.0},{"not_picked":["Trip","Dramatic Entrance"],"picked":"Flash of Steel","floor":38.0},{"not_picked":["Fire Breathing+1","Clash+1","Dropkick+1"],"picked":"SKIP","floor":41.0},{"not_picked":["Blood for Blood+1","Heavy Blade+1"],"picked":"Shrug It Off+1","floor":44.0},{"not_picked":["Perfected Strike+1","Havoc"],"picked":"Sword Boomerang+1","floor":45.0},{"not_picked":["Searing Blow+1","Feel No Pain+1"],"picked":"Combust+1","floor":48}],"player_experience":838294,"relics_obtained":[{"floor":7.0,"key":"Mummified Hand"},{"floor":9.0,"key":"Smiling Mask"},{"floor":21.0,"key":"Red Mask"},{"floor":26.0,"key":"Juzu Bracelet"},{"floor":39.0,"key":"Molten Egg 2"},{"floor":41.0,"key":"Eternal Feather"},{"floor":43.0,"key":"CaptainsWheel"}],"event_choices":[{"cards_removed":["Strike_R"],"damage_healed":0.0,"max_hp_gain":0.0,"max_hp_loss":0.0,"gold_gain":0.0,"event_name":"The Cleric","player_choice":"Card Removal","floor":3.0,"gold_loss":50.0,"damage_taken":0.0},{"damage_healed":0.0,"max_hp_gain":0.0,"max_hp_loss":0.0,"gold_gain":0.0,"event_name":"Scrap Ooze","player_choice":"Success","floor":5.0,"gold_loss":0.0,"damage_taken":7.0,"relics_obtained":["InkBottle"]},{"damage_healed":0.0,"max_hp_gain":0.0,"max_hp_loss":0.0,"gold_gain":0.0,"cards_transformed":["Strike_R"],"event_name":"Living Wall","player_choice":"Change","floor":11.0,"gold_loss":0.0,"damage_taken":0.0,"cards_obtained":["Searing Blow"]},{"damage_healed":0.0,"max_hp_gain":0.0,"max_hp_loss":24.0,"gold_gain":0.0,"event_name":"Vampires","player_choice":"Became a vampire","floor":20.0,"gold_loss":0.0,"damage_taken":0.0,"cards_obtained":["Bite","Bite","Bite","Bite","Bite"]},{"damage_healed":0.0,"max_hp_gain":0.0,"max_hp_loss":0.0,"gold_gain":0.0,"event_name":"Masked Bandits","player_choice":"Fought Bandits","floor":21.0,"gold_loss":0.0,"damage_taken":0.0},{"damage_healed":0.0,"max_hp_gain":0.0,"max_hp_loss":0.0,"gold_gain":0.0,"event_name":"The Mausoleum","player_choice":"Opened","floor":22.0,"gold_loss":0.0,"damage_taken":0.0,"relics_obtained":["Blood Vial"],"cards_obtained":["Writhe"]},{"cards_removed":["Writhe"],"damage_healed":0.0,"max_hp_gain":0.0,"max_hp_loss":0.0,"gold_gain":0.0,"event_name":"Beggar","player_choice":"Gave Gold","floor":31.0,"gold_loss":75.0,"damage_taken":0.0},{"damage_healed":0.0,"max_hp_gain":0.0,"max_hp_loss":0.0,"gold_gain":0.0,"event_name":"SensoryStone","player_choice":"Memory 3","floor":38.0,"gold_loss":0.0,"damage_taken":10.0},{"damage_healed":0.0,"max_hp_gain":0.0,"max_hp_loss":0.0,"gold_gain":222.0,"event_name":"Tomb of Lord Red Mask","player_choice":"Wore Mask","floor":46.0,"gold_loss":0.0,"damage_taken":0.0}],"is_beta":false,"boss_relics":[{"not_picked":["Coffee Dripper","Black Star"],"picked":"Astrolabe"},{"not_picked":["Runic Cube","Cursed Key"],"picked":"Black Blood"}],"items_purged_floors":[19,37,47],"is_endless":false,"potions_floor_spawned":[1,10,14,21,25,30,36,44,45],"ascension_level":0}}