{"host":"qmnyg5dk1o6rw6mz","time":1611342638,"event":{"mods":["100% Spire Juice","2.2 Compatiblity","AchievementEnabler","Act Like it!","Arknights The Spire","Aspiration","Astrologer","BaseMod","Better Third Choice","CapriCore","Challenge The Spire","ChefMod","Colored Map","Colored Powertips","Conjunction","Conspire","Decade(王小明)","DeckTracker","Defuse TimeMaze Blight","Disable Question Mark Monsters","Energized Spire","Friendly Minions","Gensokyo","GifTheSpireLib","Hermit","Highlight Path","HololiveMod","HornydragonMod","Hubris","Infinite Spire","Jedi Mod","Koishi","KomeijiMod","Lobotomy","LobotomyExtend","Marisa（霧雨　魔理沙）","Minty Spire (QoL Compilation)","Pale of the Ancients","Permanent Neow","Prisma Mod","Quick Restart","Reimu（博???）","Robot Space Explorer","SIMod","StSLib","Stuff the Spire","The Alterego","The Cursed","The Dragon Tamer","The Gatherer","The Immortal","The Marked","The Mystic","The Poker Player","The Runesmith","The Senshi","The Showman","Unceasing Turn Reminder","WarShipGirlsR/??少女R mod","Wide Potions","Youmu（魂魄妖?）","Yuri Mod","Yuyuko","vexMod"],"gold_per_floor":[116,31,31,31,51,81,81,111,111,111,131,131,145,161,161,257,257,238,238,251,161,174,174,174],"floor_reached":23,"language":"ZHS","playtime":1037,"items_purged":[],"score":201,"play_id":"dc814adc-b889-4309-b918-aa3fc4c6538d","local_time":"20210123031038","is_ascension_mode":false,"campfire_choices":[{"data":"RobotSpaceExplorer:Accelerator","floor":7,"key":"SMITH"},{"floor":10,"key":"REST"},{"data":"RobotSpaceExplorer:BigMissile","floor":15,"key":"SMITH"}],"circlet_count":0,"master_deck":["RobotSpaceExplorer:Strike","RobotSpaceExplorer:Strike","RobotSpaceExplorer:Defend","RobotSpaceExplorer:Defend","RobotSpaceExplorer:Defend","RobotSpaceExplorer:Defend","RobotSpaceExplorer:Scan","RobotSpaceExplorer:MiniLasers","RobotSpaceExplorer:LaserBurst+1","RobotSpaceExplorer:GlueShot","RobotSpaceExplorer:PlasmaMissile+1","RobotSpaceExplorer:ScrapToss","RobotSpaceExplorer:Accelerator+1","RobotSpaceExplorer:FreezeRay","RobotSpaceExplorer:FranticSearch","RobotSpaceExplorer:BigMissile+1","RobotSpaceExplorer:ImprovisedAttack","RobotSpaceExplorer:Multitool","RobotSpaceExplorer:MakeshiftVolley","RobotSpaceExplorer:ScrapShield+1","RobotSpaceExplorer:Wormhole"],"relics":["RobotSpaceExplorer:RoboCore","aspiration:Nostalgia","MiniHakkero","infinitespire:Bottled Soul","aspiration:HiddenCompartment","hubris:BottledRain","RobotSpaceExplorer:Reprocessor"],"acts_visited":["Exordium","TheCity"],"potions_floor_usage":[6,16,22],"damage_taken":[{"damage":1,"enemies":"Cultist","floor":1,"turns":4},{"damage":6,"enemies":"Jaw Worm","floor":5,"turns":3},{"damage":29,"enemies":"Lagavulin","floor":6,"turns":5},{"damage":23,"enemies":"Gremlin Nob","floor":8,"turns":4},{"damage":3,"enemies":"conspire:RoseBush","floor":11,"turns":2},{"damage":0,"enemies":"3 Louse","floor":13,"turns":2},{"damage":5,"enemies":"Looter","floor":14,"turns":3},{"damage":18,"enemies":"Slime Boss","floor":16,"turns":10},{"damage":15,"enemies":"2 Thieves","floor":18,"turns":4},{"damage":13,"enemies":"Chosen","floor":20,"turns":4},{"damage":33,"enemies":"Snecko","floor":22,"turns":5},{"damage":18,"enemies":"conspire:Head Lice","floor":23,"turns":3}],"seed_played":"9175360542433461083","potions_obtained":[{"floor":5,"key":"LiquidMemories"},{"floor":6,"key":"Dexterity Potion"},{"floor":8,"key":"jedi:wingpotion"},{"floor":18,"key":"Ancient Potion"},{"floor":20,"key":"Strength Potion"}],"is_trial":false,"path_per_floor":["M","$","?","?","M","E","R","E","T","R","M","?","M","M","R","B",null,"M","?","M","?","M","E"],"character_chosen":"RobotSpaceExplorer","items_purchased":["RobotSpaceExplorer:GlueShot","RobotSpaceExplorer:PlasmaMissile"],"campfire_rested":1,"item_purchase_floors":[2,2],"current_hp_per_floor":[74,74,74,74,68,39,39,16,16,38,35,35,35,30,30,12,75,60,60,47,47,14,0,0],"gold":174,"neow_bonus":"NOSTALGIA","is_daily":false,"chose_seed":false,"campfire_upgraded":2,"win_rate":0.0,"timestamp":1611342638,"path_taken":["M","?","?","?","M","E","R","E","T","R","M","?","?","M","R","BOSS","M","?","?","?","M","E"],"items_purchased_type":["Card","Card"],"build_version":"2020-12-22","purchased_purges":0,"victory":false,"max_hp_per_floor":[75,75,75,75,75,75,75,75,75,75,75,75,75,75,75,75,75,75,75,75,75,75,75,75],"card_choices":[{"not_picked":["RobotSpaceExplorer:GlueShot","RobotSpaceExplorer:ShovelStrike"],"picked":"RobotSpaceExplorer:LaserBurst","floor":1},{"not_picked":["RobotSpaceExplorer:FranticSearch","RobotSpaceExplorer:DoubleBlock"],"picked":"RobotSpaceExplorer:ScrapToss","floor":5},{"not_picked":["RobotSpaceExplorer:ImprovisedAttack","RobotSpaceExplorer:Electropulse"],"picked":"RobotSpaceExplorer:Accelerator","floor":6},{"not_picked":["RobotSpaceExplorer:SwiftStep","RobotSpaceExplorer:PlasmaMissile"],"picked":"RobotSpaceExplorer:FreezeRay","floor":8},{"not_picked":["RobotSpaceExplorer:Fix","RobotSpaceExplorer:MetalStrike"],"picked":"RobotSpaceExplorer:FranticSearch","floor":11},{"not_picked":["RobotSpaceExplorer:SwiftStep","RobotSpaceExplorer:ToxicBomb"],"picked":"RobotSpaceExplorer:BigMissile","floor":13},{"not_picked":["RobotSpaceExplorer:Probe","RobotSpaceExplorer:Fix"],"picked":"RobotSpaceExplorer:ImprovisedAttack","floor":14},{"not_picked":["RobotSpaceExplorer:Exploration","RobotSpaceExplorer:DroneSwarm"],"picked":"RobotSpaceExplorer:Multitool","floor":16},{"not_picked":["RobotSpaceExplorer:Pulsar","RobotSpaceExplorer:MetalStrike"],"picked":"RobotSpaceExplorer:MakeshiftVolley","floor":18},{"not_picked":["RobotSpaceExplorer:FrostMissile+1","RobotSpaceExplorer:Counterblock+1","RobotSpaceExplorer:SwiftStep"],"picked":"SKIP","floor":20},{"not_picked":["RobotSpaceExplorer:ShovelStrike","RobotSpaceExplorer:FrostMissile"],"picked":"RobotSpaceExplorer:Wormhole","floor":22}],"player_experience":211781,"relics_obtained":[{"floor":6,"key":"infinitespire:Bottled Soul"},{"floor":8,"key":"aspiration:HiddenCompartment"},{"floor":9,"key":"hubris:BottledRain"}],"event_choices":[{"damage_healed":0,"gold_gain":0,"player_choice":"Leave","damage_taken":0,"max_hp_gain":0,"max_hp_loss":0,"event_name":"conspire:Investor","floor":4,"gold_loss":0},{"damage_healed":0,"gold_gain":0,"player_choice":"Grow","damage_taken":0,"max_hp_gain":0,"max_hp_loss":0,"event_name":"Living Wall","floor":12,"gold_loss":0,"cards_upgraded":["RobotSpaceExplorer:LaserBurst"]},{"damage_healed":0,"gold_gain":0,"cards_transformed":["RobotSpaceExplorer:Strike"],"player_choice":"Transformed","damage_taken":0,"max_hp_gain":0,"max_hp_loss":0,"event_name":"Transmorgrifier","floor":19,"gold_loss":0,"cards_obtained":["RobotSpaceExplorer:ScrapShield"]},{"cards_removed":["RobotSpaceExplorer:Strike"],"damage_healed":0,"gold_gain":0,"player_choice":"Upgrade and Remove","damage_taken":0,"max_hp_gain":0,"max_hp_loss":0,"event_name":"Designer","floor":21,"gold_loss":90,"cards_upgraded":["RobotSpaceExplorer:ScrapShield"]}],"is_beta":false,"boss_relics":[{"not_picked":["aspiration:FutureDiary","aspiration:SilentSkillbook"],"picked":"RobotSpaceExplorer:Reprocessor"}],"items_purged_floors":[],"is_endless":false,"potions_floor_spawned":[5,6,8,18,20],"killed_by":"conspire:Head Lice","ascension_level":0}}