{"host":"u7y9frlpoazak2mn","time":1611286591,"event":{"mods":["AchievementEnabler","Act Like it!","Alarm Clock","Aspiration","Astrologer","BaseMod","Beaked The Cultist","Better Altar","Better Match","Better Note","Better Sensory Stone","Better Skull","Better Third Choice","CCEM","Chen","Colored Map","Colored Powertips","Conspire","Curses Come First","Displayed Cursed Tome","Energized Spire","Fox Events","Friendly Minions","Gensokyo","GifTheSpireLib","Glutton Mod","Halation","Hallownest","Hermit","Hubris","Infinite Spire","Jedi Mod","KinomotoSakuraMod(????)","Koishi","Marisa????????","Mimic Mod","Minty Spire (QoL Compilation)","Pale of the Ancients","Prisma Mod","Quarter Circle Forward PUNCH!","Quick Restart","Random Character Button","Rare Cards Sparkle","Relic Stats","Remilia??????","Replay The Spire","Retaliation","Spicy Shops","Spikes Relics","StS++","StSLib","Stuff the Spire","TestMod","The Administrix","The Blue Laboratory","The Bug Knight","The Construct","The Cursed","The Factory","The Forsaken","The Juggle","The Jungle","The Marked","The Servant 0.9.4","Trackpad","Waifu the Spire","Wandering Minibosses","Wide Potions","Yuri Mod","vexMod"],"gold_per_floor":[116,127,73,93,108,136,136,152,189,208,158,170,69,84,84,180,180,180,180],"floor_reached":18,"language":"ENG","playtime":944,"items_purged":[],"score":166,"play_id":"d7463816-9f7b-48b2-ada1-844e8a495b67","local_time":"20210121223631","is_ascension_mode":false,"campfire_choices":[{"floor":7,"key":"REST"},{"floor":15,"key":"DIG"}],"circlet_count":0,"master_deck":["Strike_P+1","Strike_P+1","Strike_P+1","Strike_P+1","Defend_P","Eruption","Vigilance","ClearTheMind","Prostrate","Crescendo","WaveOfTheHand","ForeignInfluence","SignatureMove","FlurryOfBlows","Adaptation","Replay:AtTheReady","Omniscience"],"relics":["PureWater","testmod-TestBox","Replay:Bottled Eggs","theForsaken:Gavel","Lantern","Painkiller Herb"],"acts_visited":["Exordium","TheCity"],"potions_floor_usage":[5,6,16,16],"damage_taken":[{"damage":7,"enemies":"Cultist","floor":1,"turns":3},{"damage":0,"enemies":"2 Louse","floor":2,"turns":2},{"damage":1,"enemies":"Small Slimes","floor":4,"turns":4},{"damage":13,"enemies":"3 Louse","floor":5,"turns":4},{"damage":22,"enemies":"Lagavulin","floor":6,"turns":4},{"damage":3,"enemies":"Red Slaver","floor":8,"turns":3},{"damage":3,"enemies":"Exordium Wildlife","floor":9,"turns":3},{"damage":6,"enemies":"Exordium Wildlife","floor":10,"turns":2},{"damage":0,"enemies":"Large Slime","floor":12,"turns":1},{"damage":12,"enemies":"3 Louse","floor":14,"turns":2},{"damage":12,"enemies":"Hexaghost","floor":16,"turns":5},{"damage":72,"enemies":"Shell Parasite","floor":18,"turns":4}],"seed_played":"-8988759578867652232","potions_obtained":[{"floor":1,"key":"Reflective Coating"},{"floor":4,"key":"Fire Potion"},{"floor":8,"key":"BottledMiracle"},{"floor":14,"key":"blueLaboratory:HorrorPotion"}],"is_trial":false,"path_per_floor":["M","M","$","M","M","E","R","M","MIM","M","?","M","?","M","R_BF","B",null,"?"],"character_chosen":"WATCHER","items_purchased":["Crescendo"],"campfire_rested":1,"item_purchase_floors":[3],"current_hp_per_floor":[58,58,58,57,44,22,41,38,35,29,29,29,29,17,17,5,65,0,0],"gold":180,"neow_bonus":"REMOVE_TWO","is_daily":false,"chose_seed":false,"campfire_upgraded":0,"win_rate":0.0,"timestamp":1611286591,"path_taken":["M","M","$","M","M","E","R","M","MIM","M","?","M","?","M","R_BF","BOSS","?"],"items_purchased_type":["Card"],"build_version":"2020-12-22","purchased_purges":0,"victory":false,"max_hp_per_floor":[65,65,65,65,65,65,65,65,65,65,65,65,65,65,65,65,65,65,65],"relic_stats":{"counters":[12,37],"obtain_stats":[{"Lantern":15,"testmod-TestBox":0,"Painkiller Herb":17,"PureWater":0,"Replay:Bottled Eggs":6,"theForsaken:Gavel":13},{"Lantern":10,"testmod-TestBox":0,"Painkiller Herb":11,"PureWater":0,"Replay:Bottled Eggs":5,"theForsaken:Gavel":9},{"Lantern":28,"testmod-TestBox":0,"Painkiller Herb":33,"PureWater":0,"Replay:Bottled Eggs":17,"theForsaken:Gavel":26}]},"card_choices":[{"not_picked":["EmptyFist","ThirdEye"],"picked":"ClearTheMind","floor":1},{"not_picked":["Replay:ManipulateFuture","Halt"],"picked":"Prostrate","floor":2},{"not_picked":["FearNoEvil","Replay:BluntJabs"],"picked":"WaveOfTheHand","floor":4},{"not_picked":["EmptyMind","Indignation"],"picked":"ForeignInfluence","floor":5},{"not_picked":["MasterReality","BattleHymn","PathToVictory"],"picked":"SKIP","floor":6},{"not_picked":["InnerPeace","Replay:BluntJabs"],"picked":"SignatureMove","floor":8},{"not_picked":["Consecrate","CutThroughFate"],"picked":"FlurryOfBlows","floor":9},{"not_picked":["Meditate","WreathOfFlame","JustLucky"],"picked":"SKIP","floor":10},{"not_picked":["Meditate","Swivel"],"picked":"Adaptation","floor":12},{"not_picked":["WheelKick","Perseverance"],"picked":"Replay:AtTheReady","floor":14},{"not_picked":["StSpp:VitalPoint","jedi:nirvanicrebirth"],"picked":"Omniscience","floor":16}],"player_experience":343784,"relics_obtained":[{"floor":6,"key":"Replay:Bottled Eggs"},{"floor":15,"key":"Lantern"}],"event_choices":[{"cards_removed":["Defend_P"],"damage_healed":0,"gold_gain":0,"player_choice":"Card Removal","damage_taken":0,"max_hp_gain":0,"max_hp_loss":0,"event_name":"The Cleric","floor":11,"gold_loss":50},{"damage_healed":0,"gold_gain":0,"player_choice":"Paid Gold","damage_taken":0,"relics_obtained":["theForsaken:Gavel"],"max_hp_gain":0,"max_hp_loss":0,"event_name":"WeMeetAgain","floor":13,"gold_loss":101}],"is_beta":false,"boss_relics":[{"not_picked":["StuffTheSpire:RunicConfusion","testmod-Recursion"],"picked":"Painkiller Herb"}],"items_purged_floors":[],"is_endless":false,"potions_floor_spawned":[1,4,8,14],"killed_by":"Shell Parasite","ascension_level":0}}