{"host":"agbyy69nq62afhwx","time":1611350843,"event":{"mods":["BaseMod","Colored Map","DeckTracker","Highlight Path","Keyboard Shortcuts","Minty Spire (QoL Compilation)","Quick Restart","StSLib","SuperFastMode","everything is the same but u backflip on backflip"],"gold_per_floor":[359,27,42,42,58,58,58,58,83,95,111,111,127,138,138,138,138],"floor_reached":16,"language":"KOR","playtime":310,"items_purged":["Strike_B"],"score":177,"play_id":"5e260ff6-677c-471c-af85-e0f5ecc5d6e8","local_time":"20210123062723","is_ascension_mode":true,"campfire_choices":[{"data":"Magnetism","floor":6,"key":"SMITH"},{"data":"Beam Cell","floor":12,"key":"SMITH"},{"floor":15,"key":"REST"}],"circlet_count":0,"master_deck":["AscendersBane","Strike_B","Strike_B","Defend_B","Defend_B","Defend_B","Defend_B","Zap","Dualcast","Conserve Battery","Magnetism+1","Defragment","Aggregate","Reinforced Body","Cold Snap","Beam Cell+1","Gash"],"relics":["Cracked Core","Omamori"],"acts_visited":["Exordium"],"potions_floor_usage":[7],"damage_taken":[{"damage":3,"enemies":"Jaw Worm","floor":1,"turns":4},{"damage":2,"enemies":"Small Slimes","floor":3,"turns":4},{"damage":7,"enemies":"2 Louse","floor":5,"turns":3},{"damage":0,"enemies":"Gremlin Nob","floor":7,"turns":2},{"damage":0,"enemies":"Red Slaver","floor":10,"turns":4},{"damage":0,"enemies":"2 Fungi Beasts","floor":11,"turns":5},{"damage":20,"enemies":"Exordium Thugs","floor":13,"turns":5},{"damage":1,"enemies":"Blue Slaver","floor":14,"turns":4},{"damage":0,"enemies":"The Guardian","floor":16,"turns":2}],"seed_played":"3226100006107544038","potions_obtained":[{"floor":3,"key":"SmokeBomb"},{"floor":13,"key":"EssenceOfSteel"},{"floor":14,"key":"FearPotion"}],"is_trial":false,"path_per_floor":["M","$","M","?","M","R","E","?","T","M","M","R","M","M","R","B"],"character_chosen":"DEFECT","items_purchased":["Magnetism","Defragment"],"campfire_rested":1,"item_purchase_floors":[2,2],"current_hp_per_floor":[43,43,41,46,39,39,39,32,32,32,32,32,12,11,33,33,33],"gold":138,"neow_bonus":"TWO_FIFTY_GOLD","is_daily":false,"chose_seed":false,"campfire_upgraded":2,"win_rate":0.0,"timestamp":1611350843,"path_taken":["M","$","M","?","M","R","E","?","T","M","M","R","M","M","R","BOSS"],"items_purchased_type":["Card","Card"],"build_version":"2020-12-22","purchased_purges":1,"victory":false,"max_hp_per_floor":[71,71,71,76,76,76,76,76,76,76,76,76,76,76,76,76,76],"card_choices":[{"not_picked":["Redo","Aggregate"],"picked":"Conserve Battery","floor":1},{"not_picked":["Steam","Compile Driver"],"picked":"Aggregate","floor":3},{"not_picked":["Go for the Eyes","Capacitor"],"picked":"Reinforced Body","floor":5},{"not_picked":["Barrage","All For One"],"picked":"Cold Snap","floor":10},{"not_picked":["Redo","Streamline"],"picked":"Beam Cell","floor":11},{"not_picked":["Barrage","Conserve Battery","Redo"],"picked":"SKIP","floor":13},{"not_picked":["Beam Cell","Sunder"],"picked":"Gash","floor":14}],"player_experience":441010,"relics_obtained":[{"floor":9,"key":"Omamori"}],"event_choices":[{"damage_healed":0,"gold_gain":0,"player_choice":"Donut","damage_taken":0,"max_hp_gain":5,"max_hp_loss":0,"event_name":"Big Fish","floor":4,"gold_loss":0},{"cards_removed":["Strike_B"],"damage_healed":0,"gold_gain":0,"player_choice":"Card Removal","damage_taken":7,"max_hp_gain":0,"max_hp_loss":0,"event_name":"Golden Wing","floor":8,"gold_loss":0}],"is_beta":false,"boss_relics":[],"items_purged_floors":[2],"is_endless":false,"potions_floor_spawned":[3,7,13,14],"killed_by":"The Guardian","ascension_level":14}}