{"host":"4rvakrj1idbgia3f","time":1611295427,"event":{"mods":["BaseMod","Colored Map","Colored Powertips","DeckTracker","Highlight Path","Minty Spire (QoL Compilation)","Random Character Button","StSLib"],"gold_per_floor":[365,375,375,391,49,49,74,90,90,111,111,152,152,175,175,175,175],"floor_reached":16,"language":"JPN","playtime":624,"items_purged":["Defend_G"],"score":208,"play_id":"ad58c31f-73bb-401a-80af-336f01710729","local_time":"20210122150347","is_ascension_mode":true,"campfire_choices":[{"data":"Quick Slash","floor":6,"key":"SMITH"},{"data":"Footwork","floor":11,"key":"SMITH"},{"data":"Footwork","floor":13,"key":"SMITH"},{"data":"Dagger Spray","floor":15,"key":"SMITH"}],"circlet_count":0,"master_deck":["AscendersBane","Strike_G","Strike_G","Strike_G","Strike_G","Strike_G","Defend_G","Defend_G","Defend_G","Defend_G","Survivor","Neutralize","Quick Slash+1","Dodge and Roll","Deadly Poison","Footwork+1","Escape Plan","Blind","Blade Dance","Noxious Fumes","Footwork+1","Accuracy","Dagger Spray+1"],"relics":["Ring of the Snake","Golden Idol","Bottled Tornado","WingedGreaves"],"acts_visited":["Exordium"],"potions_floor_usage":[10,10,14],"damage_taken":[{"damage":0,"enemies":"2 Louse","floor":1,"turns":4},{"damage":4,"enemies":"Jaw Worm","floor":2,"turns":6},{"damage":0,"enemies":"Cultist","floor":4,"turns":4},{"damage":6,"enemies":"2 Fungi Beasts","floor":7,"turns":4},{"damage":13,"enemies":"Large Slime","floor":8,"turns":9},{"damage":1,"enemies":"Exordium Thugs","floor":10,"turns":4},{"damage":9,"enemies":"Lagavulin","floor":12,"turns":7},{"damage":2,"enemies":"Blue Slaver","floor":14,"turns":5},{"damage":28,"enemies":"Slime Boss","floor":16,"turns":3}],"seed_played":"-7379334879742510757","potions_obtained":[{"floor":4,"key":"CunningPotion"},{"floor":8,"key":"AttackPotion"},{"floor":12,"key":"Swift Potion"}],"is_trial":false,"path_per_floor":["M","M","?","M","$","R","M","M","T","M","R","E","R","M","R","B"],"character_chosen":"THE_SILENT","items_purchased":["Footwork","Escape Plan","Blind"],"campfire_rested":0,"item_purchase_floors":[5,5,5],"current_hp_per_floor":[44,40,40,40,40,40,34,21,21,20,20,11,11,9,9,0,0],"gold":175,"neow_bonus":"TWO_FIFTY_GOLD","is_daily":false,"chose_seed":false,"campfire_upgraded":4,"win_rate":0.0,"timestamp":1611295427,"path_taken":["M","M","?","M","$","R","M","M","T","M","R","E","R","M","R","BOSS"],"items_purchased_type":["Card","Card","Card"],"build_version":"2020-12-22","purchased_purges":1,"victory":false,"max_hp_per_floor":[66,66,60,60,60,60,60,60,60,60,60,60,60,60,60,60,60],"card_choices":[{"not_picked":["Riddle With Holes","Backflip"],"picked":"Quick Slash","floor":1},{"not_picked":["Prepared","Acrobatics"],"picked":"Dodge and Roll","floor":2},{"not_picked":["Calculated Gamble","Flying Knee"],"picked":"Deadly Poison","floor":4},{"not_picked":["Dagger Throw","All Out Attack"],"picked":"Blade Dance","floor":7},{"not_picked":["PiercingWail","Finisher"],"picked":"Noxious Fumes","floor":8},{"not_picked":["Finisher","Infinite Blades"],"picked":"Footwork","floor":10},{"not_picked":["Quick Slash","Sucker Punch"],"picked":"Accuracy","floor":12},{"not_picked":["Outmaneuver","Acrobatics"],"picked":"Dagger Spray","floor":14}],"player_experience":2065055,"relics_obtained":[{"floor":9,"key":"Bottled Tornado"},{"floor":12,"key":"WingedGreaves"}],"event_choices":[{"damage_healed":0,"gold_gain":0,"player_choice":"Lose Max HP","damage_taken":0,"relics_obtained":["Golden Idol"],"max_hp_gain":0,"max_hp_loss":6,"event_name":"Golden Idol","floor":3,"gold_loss":0}],"is_beta":false,"boss_relics":[],"items_purged_floors":[5],"is_endless":false,"potions_floor_spawned":[4,8,12],"killed_by":"Slime Boss","ascension_level":20}}