{"host":"3a1ypf1irl30q4k8","time":1611331708,"event":{"mods":["AchievementEnabler","BaseMod","Bestiary","Colored Map","Minty Spire (QoL Compilation)","Relic Stats"],"gold_per_floor":[20,32,49,59,78,78,110,120,120,132,147,162,178,31,31,129,129,139,139,150,5,5,331,331,356,407,192,207,221,235,253,253,355,355,366,366,186,186,203,233,233,283,283,298,312,312,312,324,324,324,324],"floor_reached":50,"language":"ENG","playtime":3519,"items_purged":["Strike_G","Strike_G","Strike_G"],"score":733,"play_id":"9587ec23-3bf8-443c-a853-13be1320f87a","local_time":"20210122160828","is_ascension_mode":true,"campfire_choices":[{"data":"Sadistic Nature","floor":6.0,"key":"SMITH"},{"floor":15.0,"key":"REST"},{"floor":24.0,"key":"REST"},{"floor":32.0,"key":"REST"},{"floor":41,"key":"REST"},{"floor":49,"key":"RECALL"}],"circlet_count":0,"master_deck":["Strike_G","Strike_G","Defend_G","Defend_G","Defend_G","Defend_G","Survivor","Neutralize","Sadistic Nature+1","Crippling Poison","PiercingWail","Cloak And Dagger","Poisoned Stab","Footwork","Noxious Fumes","Deadly Poison","Deflect","Backflip","Dagger Throw","Noxious Fumes","Envenom","Noxious Fumes","Underhanded Strike","Neutralize","Decay","RitualDagger","Crippling Poison","Noxious Fumes","Backflip","PiercingWail","Bullet Time","Poisoned Stab","Trip","PanicButton","PiercingWail","Clumsy","Well Laid Plans","DevaForm"],"relics":["Ring of the Snake","Anchor","FossilizedHelix","Black Star","ClockworkSouvenir","Bag of Preparation","Old Coin","InkBottle","Art of War","MealTicket","Membership Card","Cursed Key","Oddly Smooth Stone","Darkstone Periapt","Snake Skull","Girya"],"acts_visited":["Exordium","TheCity","TheBeyond"],"potions_floor_usage":[40,40],"damage_taken":[{"damage":2.0,"enemies":"Cultist","floor":1.0,"turns":4.0},{"damage":0.0,"enemies":"Jaw Worm","floor":2.0,"turns":4.0},{"damage":0.0,"enemies":"2 Louse","floor":3.0,"turns":3.0},{"damage":9.0,"enemies":"Exordium Wildlife","floor":4.0,"turns":5.0},{"damage":7.0,"enemies":"Gremlin Gang","floor":5.0,"turns":5.0},{"damage":24.0,"enemies":"Gremlin Nob","floor":7.0,"turns":4.0},{"damage":0.0,"enemies":"Looter","floor":8.0,"turns":4.0},{"damage":3.0,"enemies":"Exordium Thugs","floor":10.0,"turns":5.0},{"damage":0.0,"enemies":"Large Slime","floor":11.0,"turns":3.0},{"damage":0.0,"enemies":"2 Fungi Beasts","floor":12.0,"turns":3.0},{"damage":0.0,"enemies":"Red Slaver","floor":13.0,"turns":4.0},{"damage":0.0,"enemies":"Slime Boss","floor":16.0,"turns":6.0},{"damage":8.0,"enemies":"Shell Parasite","floor":18.0,"turns":6.0},{"damage":0.0,"enemies":"Chosen","floor":20.0,"turns":4.0},{"damage":23.0,"enemies":"Slavers","floor":23.0,"turns":6.0},{"damage":14.0,"enemies":"Gremlin Leader","floor":25.0,"turns":5.0},{"damage":2.0,"enemies":"Centurion and Healer","floor":28.0,"turns":5.0},{"damage":0.0,"enemies":"Snecko","floor":29.0,"turns":4.0},{"damage":17.0,"enemies":"Cultist and Chosen","floor":30.0,"turns":5.0},{"damage":20.0,"enemies":"3 Cultists","floor":31.0,"turns":5.0},{"damage":15.0,"enemies":"Automaton","floor":33.0,"turns":9.0},{"damage":2.0,"enemies":"3 Shapes","floor":35.0,"turns":5.0},{"damage":0,"enemies":"3 Darklings","floor":39,"turns":3},{"damage":19,"enemies":"Reptomancer","floor":40,"turns":7},{"damage":23,"enemies":"Mind Bloom Boss Battle","floor":42,"turns":6},{"damage":0,"enemies":"4 Shapes","floor":44,"turns":3},{"damage":9,"enemies":"Spire Growth","floor":45,"turns":5},{"damage":19,"enemies":"Jaw Worm Horde","floor":48,"turns":5},{"damage":23,"enemies":"Awakened One","floor":50,"turns":3}],"seed_played":"5634218266231809907","potions_obtained":[{"floor":5.0,"key":"Poison Potion"},{"floor":10.0,"key":"GamblersBrew"},{"floor":11.0,"key":"Energy Potion"},{"floor":13.0,"key":"AttackPotion"},{"floor":16.0,"key":"ColorlessPotion"},{"floor":20.0,"key":"Weak Potion"},{"floor":23.0,"key":"SpeedPotion"},{"floor":25.0,"key":"LiquidMemories"},{"floor":31.0,"key":"FearPotion"},{"floor":48,"key":"Dexterity Potion"}],"is_trial":false,"path_per_floor":["M","M","M","M","M","R","E","M","T","M","M","M","M","$","R","B",null,"M","?","M","$","?","E","R","E","T","$","M","M","M","M","R","B",null,"M","?","$","?","M","E","R","?","T","M","M","?","?","M","R","B"],"character_chosen":"THE_SILENT","items_purchased":["Noxious Fumes","ClockworkSouvenir","Membership Card","Noxious Fumes","Oddly Smooth Stone","PowerPotion","Poisoned Stab"],"campfire_rested":4,"item_purchase_floors":[14,21,27,27,37,37,37],"current_hp_per_floor":[68,68,68,59,52,52,28,28,28,25,25,25,25,25,46,46,70,62,62,62,62,56,33,54,40,40,55,53,53,36,16,37,22,70,68,68,70,65,65,46,67,44,50,50,41,41,41,22,22,0,0],"gold":324,"neow_bonus":"RANDOM_COLORLESS_2","is_daily":false,"chose_seed":false,"campfire_upgraded":1,"win_rate":0.0,"timestamp":1611331708,"path_taken":["M","M","M","M","M","R","E","M","T","M","M","M","?","$","R","BOSS","M","?","M","?","?","E","R","E","T","$","M","M","?","?","R","BOSS","M","?","$","?","M","E","R","?","T","M","M","?","?","?","R","BOSS"],"items_purchased_type":["Card","Relic","Relic","Card","Relic","Potion","Card"],"build_version":"2020-12-22","purchased_purges":3,"victory":false,"max_hp_per_floor":[70,70,70,70,70,70,70,70,70,70,70,70,70,70,70,70,70,70,70,70,70,70,70,70,70,70,70,70,70,70,70,70,70,70,70,70,70,70,70,70,70,70,76,76,76,76,76,76,76,76,76],"relic_stats":{"Darkstone Periapt":6,"counters":[29,136],"MealTicket":17,"Snake Skull":[55],"Black Star":3,"Bag of Preparation":[28],"Art of War":[12],"Cursed Key":1,"obtain_stats":[{"Darkstone Periapt":40,"Girya":42,"Oddly Smooth Stone":37,"Snake Skull":40,"Bag of Preparation":23,"Cursed Key":34,"ClockworkSouvenir":21,"Old Coin":23,"Anchor":7,"MealTicket":26,"Black Star":17,"Art of War":25,"Membership Card":27,"FossilizedHelix":9,"InkBottle":25,"Ring of the Snake":0},{"Darkstone Periapt":24,"Girya":25,"Oddly Smooth Stone":22,"Snake Skull":24,"Bag of Preparation":15,"Cursed Key":21,"ClockworkSouvenir":14,"Old Coin":15,"Anchor":6,"MealTicket":16,"Black Star":12,"Art of War":16,"Membership Card":16,"FossilizedHelix":7,"InkBottle":16,"Ring of the Snake":0},{"Darkstone Periapt":114,"Girya":120,"Oddly Smooth Stone":104,"Snake Skull":114,"Bag of Preparation":66,"Cursed Key":99,"ClockworkSouvenir":60,"Old Coin":66,"Anchor":25,"MealTicket":71,"Black Star":50,"Art of War":71,"Membership Card":71,"FossilizedHelix":29,"InkBottle":71,"Ring of the Snake":0}],"InkBottle":[25],"Ring of the Snake":[58]},"card_choices":[{"not_picked":["Chrysalis","Metamorphosis"],"picked":"Sadistic Nature","floor":0.0},{"not_picked":["Flying Knee","Acrobatics"],"picked":"Crippling Poison","floor":1.0},{"not_picked":["Skewer","Acrobatics"],"picked":"PiercingWail","floor":2.0},{"not_picked":["Calculated Gamble","Choke"],"picked":"Cloak And Dagger","floor":3.0},{"not_picked":["Cloak And Dagger","Setup"],"picked":"PiercingWail","floor":4.0},{"not_picked":["Quick Slash","Setup"],"picked":"Poisoned Stab","floor":5.0},{"not_picked":["Grand Finale","Tactician"],"picked":"Footwork","floor":7.0},{"not_picked":["Riddle With Holes","Prepared"],"picked":"Noxious Fumes","floor":8.0},{"not_picked":["Footwork","Catalyst"],"picked":"Deadly Poison","floor":10.0},{"not_picked":["Prepared","Dodge and Roll"],"picked":"Deflect","floor":11.0},{"not_picked":["Dagger Spray","Underhanded Strike"],"picked":"Backflip","floor":12.0},{"not_picked":["Flechettes","Calculated Gamble"],"picked":"Dagger Throw","floor":13.0},{"not_picked":["Phantasmal Killer","Wraith Form v2"],"picked":"Envenom","floor":16.0},{"not_picked":["Cloak And Dagger","Quick Slash"],"picked":"Noxious Fumes","floor":18.0},{"not_picked":["Expertise","Heel Hook","Setup+1"],"picked":"SKIP","floor":20.0},{"not_picked":["Dagger Spray+1","Well Laid Plans"],"picked":"Crippling Poison","floor":23.0},{"not_picked":["Deadly Poison","Phantasmal Killer","Quick Slash"],"picked":"SKIP","floor":25.0},{"not_picked":["Poisoned Stab","Slice"],"picked":"Backflip","floor":28.0},{"not_picked":["Dagger Throw","Expertise+1","Dagger Spray+1"],"picked":"SKIP","floor":29.0},{"not_picked":["Choke+1","Infinite Blades","Bane"],"picked":"SKIP","floor":30.0},{"not_picked":["Doppelganger","Quick Slash+1"],"picked":"PiercingWail","floor":31.0},{"not_picked":["Doppelganger","Burst"],"picked":"Bullet Time","floor":33.0},{"not_picked":["Calculated Gamble+1","Deflect","Underhanded Strike"],"picked":"SKIP","floor":35.0},{"not_picked":["Magnetism","Dramatic Entrance"],"picked":"Trip","floor":38},{"not_picked":["Bandage Up","Purity"],"picked":"PanicButton","floor":38},{"not_picked":["Outmaneuver+1","Reflex+1","Eviscerate+1"],"picked":"SKIP","floor":39},{"not_picked":["Blade Dance","Outmaneuver+1","Masterful Stab"],"picked":"SKIP","floor":40},{"not_picked":["Blade Dance+1","Underhanded Strike"],"picked":"PiercingWail","floor":42},{"not_picked":["Infinite Blades","Deflect"],"picked":"Well Laid Plans","floor":44},{"not_picked":["Infinite Blades","A Thousand Cuts","PiercingWail"],"picked":"SKIP","floor":45},{"not_picked":["Bane","Flying Knee","Underhanded Strike+1"],"picked":"SKIP","floor":48}],"player_experience":1162929,"relics_obtained":[{"floor":7.0,"key":"Anchor"},{"floor":9.0,"key":"FossilizedHelix"},{"floor":23.0,"key":"Bag of Preparation"},{"floor":23.0,"key":"Old Coin"},{"floor":25.0,"key":"InkBottle"},{"floor":25.0,"key":"Art of War"},{"floor":26.0,"key":"MealTicket"},{"floor":40,"key":"Darkstone Periapt"},{"floor":40,"key":"Snake Skull"},{"floor":42,"key":"Girya"}],"event_choices":[{"damage_healed":0.0,"max_hp_gain":0.0,"max_hp_loss":0.0,"gold_gain":0.0,"event_name":"Match and Keep!","player_choice":"3 cards matched","floor":19.0,"gold_loss":0.0,"damage_taken":0.0,"cards_obtained":["Underhanded Strike","Neutralize","Decay"]},{"damage_healed":0.0,"max_hp_gain":0.0,"max_hp_loss":0.0,"gold_gain":0.0,"event_name":"Nest","player_choice":"Joined the Cult","floor":22.0,"gold_loss":0.0,"damage_taken":6.0,"cards_obtained":["RitualDagger"]},{"damage_healed":0,"gold_gain":0,"player_choice":"Ignored","damage_taken":0,"max_hp_gain":0,"max_hp_loss":0,"event_name":"Tomb of Lord Red Mask","floor":36,"gold_loss":0},{"damage_healed":0,"gold_gain":0,"player_choice":"Memory 2","damage_taken":5,"max_hp_gain":0,"max_hp_loss":0,"event_name":"SensoryStone","floor":38,"gold_loss":0},{"damage_healed":0,"gold_gain":0,"player_choice":"Fight","damage_taken":0,"max_hp_gain":0,"max_hp_loss":0,"event_name":"MindBloom","floor":42,"gold_loss":0},{"cards_removed":["Defend_G"],"damage_healed":0,"gold_gain":0,"player_choice":"Removed Skill","damage_taken":0,"max_hp_gain":0,"max_hp_loss":0,"event_name":"Falling","floor":46,"gold_loss":0},{"cards_removed":["PiercingWail"],"damage_healed":0,"gold_gain":0,"player_choice":"Took Card","damage_taken":0,"max_hp_gain":0,"max_hp_loss":0,"event_name":"NoteForYourself","floor":47,"gold_loss":0,"cards_obtained":["DevaForm"]}],"is_beta":false,"boss_relics":[{"not_picked":["Runic Dome","Snecko Eye"],"picked":"Black Star"},{"not_picked":["Busted Crown","SacredBark"],"picked":"Cursed Key"}],"items_purged_floors":[14,27,37],"is_endless":false,"potions_floor_spawned":[5,10,11,13,16,20,23,25,31,39,48],"killed_by":"Awakened One","ascension_level":3}}