{"host":"g01l53quoe6lrer0","time":1611339952,"event":{"mods":["2.2 Compatiblity","AchievementEnabler","BaseMod","Colored Map","Highlight Path","Keyboard Shortcuts","Minty Spire (QoL Compilation)","Permanent Neow","StSLib","SuperFastMode","everything is the same but u backflip on backflip"],"gold_per_floor":[19,38,57,76,90,90,109,109,177,177,177,194,119,129,129,234,234,251,251,262,281,281,281],"floor_reached":22,"language":"KOR","playtime":660,"items_purged":["Strike_G"],"score":273,"play_id":"3296a24a-893e-41b4-9669-7a9283b3c046","local_time":"20210123032552","is_ascension_mode":true,"campfire_choices":[{"floor":6.0,"key":"REST"},{"floor":8.0,"key":"REST"},{"data":"Deadly Poison","floor":10.0,"key":"SMITH"},{"data":"Catalyst","floor":15.0,"key":"SMITH"}],"circlet_count":0,"master_deck":["AscendersBane","Strike_G+1","Strike_G+1","Strike_G+1","Defend_G+1","Defend_G+1","Defend_G+1","Defend_G+1","Survivor","Neutralize","Reflex","Flechettes","Catalyst+1","Noxious Fumes","Deadly Poison+1","Cloak And Dagger","Venomology","Bullet Time","Quick Slash","Expertise+1","Leg Sweep"],"relics":["Ring of the Snake","Ornamental Fan","Ice Cream","SlaversCollar"],"acts_visited":["Exordium","TheCity"],"potions_floor_usage":[22,22],"damage_taken":[{"damage":5.0,"enemies":"Small Slimes","floor":1.0,"turns":5.0},{"damage":0.0,"enemies":"2 Louse","floor":2.0,"turns":5.0},{"damage":0.0,"enemies":"Jaw Worm","floor":3.0,"turns":4.0},{"damage":15.0,"enemies":"3 Louse","floor":4.0,"turns":3.0},{"damage":12.0,"enemies":"Gremlin Gang","floor":5.0,"turns":6.0},{"damage":14.0,"enemies":"Looter","floor":7.0,"turns":4.0},{"damage":0.0,"enemies":"2 Fungi Beasts","floor":12.0,"turns":3.0},{"damage":7.0,"enemies":"3 Louse","floor":14.0,"turns":4.0},{"damage":6.0,"enemies":"Hexaghost","floor":16.0,"turns":6.0},{"damage":14.0,"enemies":"Spheric Guardian","floor":18.0,"turns":5.0},{"damage":24.0,"enemies":"Chosen","floor":20.0,"turns":5.0},{"damage":11.0,"enemies":"Centurion and Healer","floor":21.0,"turns":8.0},{"damage":14,"enemies":"Snake Plant","floor":22,"turns":4}],"seed_played":"-3896890625210502482","potions_obtained":[{"floor":1.0,"key":"Swift Potion"},{"floor":3.0,"key":"GamblersBrew"},{"floor":4.0,"key":"FearPotion"},{"floor":20.0,"key":"PowerPotion"}],"is_trial":false,"path_per_floor":["M","M","M","M","M","R","M","R","T","R","?","M","$","M","R","B",null,"M","?","M","M","M"],"character_chosen":"THE_SILENT","items_purchased":[],"campfire_rested":2,"item_purchase_floors":[],"current_hp_per_floor":[58,58,58,43,31,52,38,59,59,59,47,47,47,40,40,34,61,47,47,23,12,0,0],"gold":281,"neow_bonus":"REMOVE_TWO","is_daily":false,"chose_seed":false,"campfire_upgraded":2,"win_rate":0.0,"timestamp":1611339952,"path_taken":["M","M","M","M","M","R","M","R","T","R","?","M","$","M","R","BOSS","M","?","M","M","M"],"items_purchased_type":[],"build_version":"2020-12-22","purchased_purges":1,"victory":false,"max_hp_per_floor":[70,70,70,70,70,70,70,70,70,70,70,70,70,70,70,70,70,70,70,70,70,70,70],"card_choices":[{"not_picked":["All Out Attack","Dodge and Roll"],"picked":"Reflex","floor":1.0},{"not_picked":["Acrobatics","Backstab"],"picked":"Flechettes","floor":2.0},{"not_picked":["Riddle With Holes","Dash"],"picked":"Catalyst","floor":3.0},{"not_picked":["Caltrops","PiercingWail"],"picked":"Noxious Fumes","floor":4.0},{"not_picked":["PiercingWail","Finisher"],"picked":"Deadly Poison","floor":5.0},{"not_picked":["Finisher","Flying Knee","Predator"],"picked":"SKIP","floor":7.0},{"not_picked":["PiercingWail","Slice"],"picked":"Cloak And Dagger","floor":12.0},{"not_picked":["PiercingWail","Flying Knee"],"picked":"Venomology","floor":14.0},{"not_picked":["Grand Finale","Phantasmal Killer"],"picked":"Bullet Time","floor":16.0},{"not_picked":["Blade Dance","Dodge and Roll"],"picked":"Quick Slash","floor":18.0},{"not_picked":["Terror","Choke"],"picked":"Expertise+1","floor":20.0},{"not_picked":["Distraction+1","Slice"],"picked":"Leg Sweep","floor":21.0}],"player_experience":246079,"relics_obtained":[{"floor":9.0,"key":"Ornamental Fan"}],"event_choices":[{"damage_healed":0.0,"max_hp_gain":0.0,"max_hp_loss":0.0,"gold_gain":0.0,"event_name":"Scrap Ooze","player_choice":"Success","floor":11.0,"gold_loss":0.0,"damage_taken":12.0,"relics_obtained":["Ice Cream"]},{"damage_healed":0.0,"max_hp_gain":0.0,"max_hp_loss":0.0,"gold_gain":0.0,"event_name":"Back to Basics","player_choice":"Simplicity","floor":19.0,"gold_loss":0.0,"damage_taken":0.0,"cards_upgraded":["Strike_G","Strike_G","Strike_G","Defend_G","Defend_G","Defend_G","Defend_G"]}],"is_beta":false,"boss_relics":[{"not_picked":["Cursed Key","Coffee Dripper"],"picked":"SlaversCollar"}],"items_purged_floors":[13],"is_endless":false,"potions_floor_spawned":[1,3,4,12,20],"killed_by":"Snake Plant","ascension_level":10}}