{"host":"ojme7g6xlqwffsso","time":1611312956,"event":{"mods":["Act Like it!","BaseMod","Better Third Choice","Hallownest","Hermit","Infinite Spire","MarisaÅiñ∂âJÅ@ñÇóùçπÅj","Minty Spire (QoL Compilation)","Replay The Spire","Shade Mod","Shop Mod","StSLib","The Bug Knight","The Cursed","The Disciple","The Hierophant","The Marked","The Mystic","The Servant 0.9.4"],"gold_per_floor":[114,114,132,150,219,248,266,266,266],"floor_reached":8,"language":"ENG","playtime":536,"items_purged":[],"score":63,"play_id":"f81ba995-c2b0-4ea7-bb17-477a4ae8fd9b","local_time":"20210122195556","is_ascension_mode":true,"campfire_choices":[],"circlet_count":0,"master_deck":["hermit:Strike_Hermit","hermit:Strike_Hermit","hermit:Strike_Hermit","hermit:Strike_Hermit","hermit:Defend_Hermit","hermit:Defend_Hermit","hermit:Defend_Hermit","hermit:Defend_Hermit","hermit:Snapshot","hermit:Covet","hermit:Spite","hermit:LuckOfTheDraw","hermit:Quickdraw","ReplayTheSpireMod:Splinters","hermit:Cheat","hermit:Manifest","hermit:Roulette","hermit:Vantage"],"relics":["hermit:Momento","Hallownest:DreamNailRelic","Toy Ornithopter","hermit:CharredGlove"],"acts_visited":["Exordium"],"potions_floor_usage":[6],"damage_taken":[{"damage":0,"enemies":"Hallownest:monsterHuskWarrior","floor":1,"turns":3},{"damage":13,"enemies":"Hallownest:monsterHuskGuard","floor":3,"turns":4},{"damage":2,"enemies":"Hallownest:2_MossCreeps","floor":4,"turns":4},{"damage":26,"enemies":"Hallownest:eliteCrystalGuardian","floor":6,"turns":6},{"damage":0,"enemies":"Hallownest:MossCreep_and_Mosskin","floor":7,"turns":4},{"damage":39,"enemies":"Hallownest:eliteVengeflyKing","floor":8,"turns":12}],"seed_played":"-3070516101310743808","potions_obtained":[{"floor":4,"key":"Weak Potion"},{"floor":7,"key":"Strength Potion"}],"is_trial":false,"path_per_floor":["M","?","M","M","?","E","M","E"],"character_chosen":"HERMIT","items_purchased":[],"campfire_rested":0,"item_purchase_floors":[],"current_hp_per_floor":[75,75,62,60,60,39,39,0,0],"gold":266,"neow_bonus":"THREE_CARDS","is_daily":false,"chose_seed":false,"campfire_upgraded":0,"win_rate":0.0,"timestamp":1611312956,"path_taken":["M","?","?","M","?","E","M","E"],"items_purchased_type":[],"build_version":"2020-12-22","purchased_purges":0,"victory":false,"max_hp_per_floor":[75,75,75,75,75,75,75,75,75],"card_choices":[{"not_picked":["hermit:LowProfile","hermit:WideOpen"],"picked":"hermit:Spite","floor":0},{"not_picked":["hermit:EyeOfTheStorm","hermit:LoneWolf"],"picked":"hermit:LuckOfTheDraw","floor":1},{"not_picked":["hermit:Horror","hermit:HighCaliber"],"picked":"hermit:Quickdraw","floor":3},{"not_picked":["hermit:WideOpen","hermit:Virtue","hermit:Coalescence"],"picked":"SKIP","floor":4},{"not_picked":["hermit:Coalescence","hermit:LuckOfTheDraw"],"picked":"hermit:Cheat","floor":5},{"not_picked":["hermit:TrackingShot","hermit:Quickdraw"],"picked":"hermit:Manifest","floor":5},{"not_picked":["hermit:TakeCover","hermit:SprayPray"],"picked":"hermit:Roulette","floor":6},{"not_picked":["hermit:Snipe","hermit:TakeAim"],"picked":"hermit:Vantage","floor":7}],"player_experience":916483,"relics_obtained":[{"floor":5,"key":"Toy Ornithopter"},{"floor":6,"key":"hermit:CharredGlove"}],"event_choices":[],"is_beta":false,"boss_relics":[],"items_purged_floors":[],"is_endless":false,"potions_floor_spawned":[4,7],"killed_by":"Hallownest:eliteVengeflyKing","ascension_level":2}}