{"host":"vm3f1ccwgbs4oygt","time":1611359804,"event":{"mods":["BaseMod","BetterRewards","Colored Powertips","Minty Spire (QoL Compilation)","Permanent Neow","Shop Mod","StSLib"],"gold_per_floor":[116,116,136,61,81,81,111,111,111,11,11,29,29,29],"floor_reached":13,"language":"ENG","playtime":734,"items_purged":["Defend_R","Strike_R"],"score":83,"play_id":"dbecc516-6696-4c98-a49c-abe08846e8a9","local_time":"20210123005644","is_ascension_mode":false,"campfire_choices":[{"data":"Spot Weakness","floor":6,"key":"SMITH"}],"circlet_count":0,"master_deck":["Strike_R","Strike_R","Strike_R","Strike_R","Defend_R","Defend_R","Defend_R","Bash","Spot Weakness+1","True Grit","Shockwave","Carnage"],"relics":["Philosopher\u0027s Stone","Frozen Egg 2","Pen Nib","Centennial Puzzle"],"acts_visited":["Exordium"],"potions_floor_usage":[13],"damage_taken":[{"damage":2,"enemies":"Cultist","floor":1,"turns":3},{"damage":3,"enemies":"Small Slimes","floor":3,"turns":2},{"damage":0,"enemies":"Jaw Worm","floor":5,"turns":3},{"damage":26,"enemies":"Lagavulin","floor":7,"turns":6},{"damage":10,"enemies":"Large Slime","floor":12,"turns":9},{"damage":37,"enemies":"Gremlin Nob","floor":13,"turns":3}],"seed_played":"3481663059495298186","potions_obtained":[{"floor":12,"key":"ColorlessPotion"}],"is_trial":false,"path_per_floor":["M","?","M","$","M","R","E","?","T","$","?","M","E"],"character_chosen":"IRONCLAD","items_purchased":[],"campfire_rested":0,"item_purchase_floors":[],"current_hp_per_floor":[78,78,75,75,75,75,49,49,49,49,31,21,0,0],"gold":29,"neow_bonus":"BOSS_RELIC","is_daily":false,"chose_seed":false,"campfire_upgraded":1,"win_rate":0.0,"timestamp":1611359804,"path_taken":["M","?","M","$","M","R","E","?","T","$","?","M","E"],"items_purchased_type":[],"build_version":"2020-12-22","purchased_purges":2,"victory":false,"max_hp_per_floor":[80,80,80,80,80,80,80,80,80,80,80,80,80,80],"card_choices":[{"not_picked":["Clash","Wild Strike"],"picked":"Spot Weakness","floor":1},{"not_picked":["Dropkick","Cleave"],"picked":"True Grit","floor":3},{"not_picked":["Wild Strike","Sword Boomerang","Twin Strike"],"picked":"SKIP","floor":5},{"not_picked":["Disarm","Rupture+1"],"picked":"Shockwave","floor":7},{"not_picked":["Feel No Pain+1","Burning Pact"],"picked":"Carnage","floor":12}],"player_experience":732501,"relics_obtained":[{"floor":7,"key":"Frozen Egg 2"},{"floor":9,"key":"Pen Nib"}],"event_choices":[{"damage_healed":0,"gold_gain":0,"player_choice":"Ignored","damage_taken":0,"max_hp_gain":0,"max_hp_loss":0,"event_name":"Shining Light","floor":2,"gold_loss":0},{"damage_healed":0,"gold_gain":0,"player_choice":"Ignored","damage_taken":0,"max_hp_gain":0,"max_hp_loss":0,"event_name":"Liars Game","floor":8,"gold_loss":0},{"damage_healed":0,"gold_gain":0,"player_choice":"Success","damage_taken":18,"relics_obtained":["Centennial Puzzle"],"max_hp_gain":0,"max_hp_loss":0,"event_name":"Scrap Ooze","floor":11,"gold_loss":0}],"is_beta":false,"boss_relics":[],"items_purged_floors":[4,10],"is_endless":false,"potions_floor_spawned":[12],"killed_by":"Gremlin Nob","ascension_level":0}}