{"host":"mal0jdk4f6ubgyb8","time":1611345132,"event":{"mods":["100% Spire Juice","Act Like it!","Arknights The Spire","Aspiration","BaseMod","Gensokyo","Hallownest","Koishi","Luminous","Marisa£®ÏF”Í°°ƒß¿Ì…≥£©","Minty Spire (QoL Compilation)","Quick Restart","Reimu£®≤©¿ˆ¡È√Œ£©","Relic Stats","Remilia£®¿Ÿ√◊¿Ú—«£©","StSLib","The Bug Knight","WarShipGirlsR/’ΩΩ¢…Ÿ≈ÆR mod","Yakumo Yukari mod","Youmu£®ªÍ∆«—˝√Œ£©","Yuri Mod","Yuyuko"],"gold_per_floor":[116,2,14,14,29,63,63,94,94,94,94,94,94],"floor_reached":12,"language":"ZHS","playtime":309,"items_purged":[],"score":99,"play_id":"04417fa5-1dd1-461b-8ec6-b8969796480e","local_time":"20210123035212","is_ascension_mode":true,"campfire_choices":[{"data":"ScarletImprint","floor":10.0,"key":"SMITH"}],"circlet_count":0,"master_deck":["Strike_RM","Strike_RM","Strike_RM","Strike_RM","Defend_RM","Defend_RM","Defend_RM","Defend_RM","RedMoon","ScarletShoot","Gensokyo:BlemishedSteel","RedRainbow","NightDance","ScarletImprint+1","ScarletImprint"],"relics":["ScarletHat","NeowsBlessing","Lantern","Pantograph","Mummified Hand"],"acts_visited":["Exordium"],"potions_floor_usage":[],"damage_taken":[{"damage":0.0,"enemies":"Gensokyo:Python","floor":1.0,"turns":1.0},{"damage":0.0,"enemies":"Gensokyo:3_Fairies","floor":3.0,"turns":3.0},{"damage":0.0,"enemies":"Gensokyo:Gryphon","floor":5.0,"turns":1.0},{"damage":6.0,"enemies":"Gensokyo:Mamizou","floor":6.0,"turns":12.0},{"damage":33.0,"enemies":"Gensokyo:Aya","floor":8.0,"turns":6.0},{"damage":0,"enemies":"Gensokyo:Mamizou","floor":12,"turns":1}],"seed_played":"183725293456486129","potions_obtained":[{"floor":1.0,"key":"Explosive Potion"},{"floor":5.0,"key":"SteroidPotion"},{"floor":6.0,"key":"Energy Potion"}],"is_trial":false,"path_per_floor":["M","COS","M","?","M","E","?","E","T","R","?","E"],"character_chosen":"REMILIA","items_purchased":[],"campfire_rested":0,"item_purchase_floors":[],"current_hp_per_floor":[75,75,75,75,75,69,69,39,39,39,39,39,39],"gold":94,"neow_bonus":"THREE_ENEMY_KILL","is_daily":false,"chose_seed":false,"campfire_upgraded":1,"win_rate":0.0,"timestamp":1611345132,"path_taken":["M","COS","M","?","?","E","?","E","T","R","?","E"],"items_purchased_type":[],"build_version":"2020-12-22","purchased_purges":0,"victory":false,"max_hp_per_floor":[75,75,75,75,75,75,75,75,75,75,75,75,75],"relic_stats":{"counters":[6,24],"Mummified Hand":[0],"Pantograph":0,"obtain_stats":[{"Lantern":6,"NeowsBlessing":0,"Mummified Hand":8,"Pantograph":6,"ScarletHat":0},{"Lantern":4,"NeowsBlessing":0,"Mummified Hand":5,"Pantograph":4,"ScarletHat":0},{"Lantern":7,"NeowsBlessing":0,"Mummified Hand":23,"Pantograph":17,"ScarletHat":0}]},"card_choices":[{"not_picked":["ForbiddenFruit","MillenniumVampire","BloodHunter"],"picked":"SKIP","floor":1.0},{"not_picked":["ScarletGensokyo","BombardNight"],"picked":"RedRainbow","floor":3.0},{"not_picked":["BombardNight","DiffusionOfMisfortune"],"picked":"NightDance","floor":5.0},{"not_picked":["VampireKiss","MastersStateliness"],"picked":"ScarletImprint","floor":6.0},{"not_picked":["Stigmanizer","EndlessAdversity","FavorOfDestiny"],"picked":"SKIP","floor":8.0},{"not_picked":["StarOfDavid","VampireKiss"],"picked":"ScarletImprint","floor":11.0}],"player_experience":335417,"relics_obtained":[{"floor":6.0,"key":"Pantograph"},{"floor":8.0,"key":"Mummified Hand"}],"event_choices":[],"is_beta":false,"boss_relics":[],"items_purged_floors":[],"is_endless":false,"potions_floor_spawned":[1,5,6],"killed_by":"Gensokyo:Mamizou","ascension_level":4}}