{"host":"v4tuy5ykrbdcm9o9","time":1611293476,"event":{"mods":["BaseMod","Duelist Mod","Minty Spire (QoL Compilation)","Replay The Spire","StSLib"],"gold_per_floor":[110,110,122,140,151,151,181,181,181,181,217,21,44,82,94,217,229,260,104,124,124,151,193,193,232,279,239,268,296,67,111,111,215,215,239,239,259,291,115,115,115],"floor_reached":40,"language":"ENG","playtime":5917,"items_purged":["Parasite"],"score":761,"play_id":"cbb20981-d9b8-4aa8-b5ac-65e5a29a1815","local_time":"20210122003116","is_ascension_mode":true,"campfire_choices":[{"data":"ReplayTheSpireMod:Tripwire","floor":6,"key":"SMITH"},{"floor":8,"key":"RECALL"},{"floor":10,"key":"REST"},{"data":"Adrenaline","floor":15,"key":"SMITH"},{"data":"Well Laid Plans","floor":24,"key":"SMITH"},{"floor":32,"key":"REST"}],"circlet_count":0,"master_deck":["Strike_G","Strike_G","Strike_G","Strike_G","Defend_G","Defend_G","Defend_G","Defend_G","Defend_G","Survivor","Neutralize","Flying Knee","Dagger Spray","Flying Knee","ReplayTheSpireMod:Tripwire+1","Deflect","Backflip","Noxious Fumes","Sneak Up","Grand Finale","Adrenaline+1","ReplayTheSpireMod:Speed Training","Tools of the Trade+1","Well Laid Plans+1","Endless Agony+1","Concentrate","Prepared","Underhanded Strike","Blur","Dagger Throw","Underhanded Strike","ReplayTheSpireMod:Scrap Shanks","ReplayTheSpireMod:Speed Training","ReplayTheSpireMod:Speed Training","Glass Knife","A Thousand Cuts","Endless Agony+1","Deflect","Dodge and Roll+1"],"relics":["Ring of the Snake","ReplayTheSpireMod:TigerMarble","Tough Bandages","Gremlin Horn","CeramicFish","MawBank","Philosopher\u0027s Stone","Peace Pipe","Sundial","Replay:Kaleidoscope","MealTicket","HoveringKite"],"acts_visited":["Exordium","TheCity","TheBeyond"],"potions_floor_usage":[3,5,5,7,11,11,11,14,20,20,22,23,31,31,33,37,37,38,38,40,40],"damage_taken":[{"damage":0,"enemies":"Small Slimes","floor":1,"turns":4},{"damage":0,"enemies":"2 Louse","floor":3,"turns":2},{"damage":0,"enemies":"Jaw Worm","floor":4,"turns":4},{"damage":4,"enemies":"Looter","floor":5,"turns":3},{"damage":8,"enemies":"Gremlin Nob","floor":7,"turns":4},{"damage":16,"enemies":"Replay:BlueRogue","floor":11,"turns":9},{"damage":6,"enemies":"Red Slaver","floor":13,"turns":7},{"damage":0,"enemies":"Gremlin Nob","floor":14,"turns":4},{"damage":52,"enemies":"Slime Boss","floor":16,"turns":13},{"damage":0,"enemies":"Chosen","floor":18,"turns":8},{"damage":0,"enemies":"2 Thieves","floor":20,"turns":4},{"damage":0,"enemies":"3 Cultists","floor":22,"turns":8},{"damage":0,"enemies":"Slavers","floor":23,"turns":6},{"damage":21,"enemies":"theDuelist:KaibaA2","floor":25,"turns":5},{"damage":6,"enemies":"Centurion and Healer","floor":28,"turns":9},{"damage":10,"enemies":"Chosen and Byrds","floor":29,"turns":7},{"damage":0,"enemies":"Gremlin Leader","floor":31,"turns":5},{"damage":4,"enemies":"Champ","floor":33,"turns":11},{"damage":12,"enemies":"Orb Walker","floor":35,"turns":4},{"damage":2,"enemies":"3 Darklings","floor":37,"turns":6},{"damage":35,"enemies":"Writhing Mass","floor":38,"turns":12},{"damage":52,"enemies":"Giant Head","floor":40,"turns":7}],"seed_played":"-1346406939686315390","potions_obtained":[{"floor":3,"key":"ColorlessPotion"},{"floor":4,"key":"EntropicBrew"},{"floor":7,"key":"Swift Potion"},{"floor":13,"key":"GhostInAJar"},{"floor":18,"key":"Doom Potion"},{"floor":20,"key":"FearPotion"},{"floor":22,"key":"SteroidPotion"},{"floor":31,"key":"Explosive Potion"},{"floor":33,"key":"AttackPotion"},{"floor":35,"key":"Elixir"},{"floor":37,"key":"Death Potion"}],"is_trial":false,"path_per_floor":["M","?","M","M","M","R","E","R","T","R","E","$","M","E","R","B",null,"M","$","M","?","M","E","R","E","T","?","M","M","$","E","R","B",null,"M","?","M","M","$","E"],"character_chosen":"THE_SILENT","items_purchased":["Noxious Fumes","Sneak Up","Grand Finale","Endless Agony+1","Adrenaline Potion","DistilledChaos","ReplayTheSpireMod:Scrap Shanks","Regen Potion","Swift Potion","ReplayTheSpireMod:Speed Training","SteroidPotion","SkillPotion"],"campfire_rested":2,"item_purchase_floors":[12,12,12,19,19,19,30,30,30,30,39,39],"current_hp_per_floor":[70,67,67,67,63,63,55,55,55,77,61,61,55,55,55,3,59,59,59,59,59,59,59,59,38,38,38,32,22,22,36,59,55,72,60,60,58,23,38,0,0],"gold":115,"neow_bonus":"TEN_PERCENT_HP_BONUS","is_daily":false,"chose_seed":false,"campfire_upgraded":3,"win_rate":0.0,"timestamp":1611293476,"path_taken":["M","?","M","M","M","R","E","R","T","R","E","$","M","E","R","BOSS","M","$","M","?","M","E","R","E","T","?","?","M","?","E","R","BOSS","M","?","M","M","$","E"],"items_purchased_type":["Card","Card","Card","Card","Potion","Potion","Card","Potion","Potion","Card","Potion","Potion"],"build_version":"2020-12-22","purchased_purges":1,"victory":false,"max_hp_per_floor":[77,77,77,77,77,77,77,77,77,77,77,77,77,77,77,77,77,77,77,77,77,77,77,77,77,77,77,77,77,77,77,77,77,77,77,77,77,77,74,74,74],"card_choices":[{"not_picked":["Underhanded Strike","Deadly Poison"],"picked":"Flying Knee","floor":1},{"not_picked":["Quick Slash","Riddle With Holes"],"picked":"Dagger Spray","floor":3},{"not_picked":["Dagger Spray","Slice"],"picked":"Flying Knee","floor":4},{"not_picked":["ReplayTheSpireMod:Exploit Weakness","Dagger Throw"],"picked":"ReplayTheSpireMod:Tripwire","floor":5},{"not_picked":["Cloak And Dagger","Noxious Fumes"],"picked":"Deflect","floor":7},{"not_picked":["Dodge and Roll","ReplayTheSpireMod:Shiv Toss"],"picked":"Backflip","floor":11},{"not_picked":["Fluid Movement","Deflect"],"picked":"Adrenaline","floor":13},{"not_picked":["Flying Knee","Cloak And Dagger"],"picked":"ReplayTheSpireMod:Speed Training","floor":14},{"not_picked":["Bullet Time","Wraith Form v2"],"picked":"Tools of the Trade","floor":16},{"not_picked":["Skewer","Sucker Punch"],"picked":"Well Laid Plans","floor":18},{"not_picked":["Deflect","Deadly Poison"],"picked":"Concentrate","floor":20},{"not_picked":["Slice","Crippling Poison"],"picked":"Prepared","floor":22},{"not_picked":["Prepared+1","ReplayTheSpireMod:From All Sides"],"picked":"Underhanded Strike","floor":23},{"not_picked":["Replay:Poison Smokescreen","Slice"],"picked":"Blur","floor":25},{"not_picked":["Poisoned Stab+1","ReplayTheSpireMod:Speed Training"],"picked":"Dagger Throw","floor":28},{"not_picked":["Backflip+1","Skewer+1"],"picked":"Underhanded Strike","floor":29},{"not_picked":["Dodge and Roll","Dagger Spray+1"],"picked":"Glass Knife","floor":31},{"not_picked":["Die Die Die","Adrenaline"],"picked":"A Thousand Cuts","floor":33},{"not_picked":["Slice+1","Outmaneuver"],"picked":"Endless Agony+1","floor":35},{"not_picked":["PiercingWail","Backflip"],"picked":"Deflect","floor":37},{"not_picked":["Outmaneuver","Noxious Fumes"],"picked":"Dodge and Roll+1","floor":38}],"player_experience":635873,"relics_obtained":[{"floor":7,"key":"Tough Bandages"},{"floor":9,"key":"Gremlin Horn"},{"floor":11,"key":"CeramicFish"},{"floor":14,"key":"MawBank"},{"floor":23,"key":"Sundial"},{"floor":25,"key":"Replay:Kaleidoscope"},{"floor":31,"key":"MealTicket"}],"event_choices":[{"damage_healed":0,"gold_gain":0,"player_choice":"Success","damage_taken":3,"relics_obtained":["ReplayTheSpireMod:TigerMarble"],"max_hp_gain":0,"max_hp_loss":0,"event_name":"Scrap Ooze","floor":2,"gold_loss":0},{"damage_healed":0,"gold_gain":0,"player_choice":"Opened","damage_taken":0,"relics_obtained":["Peace Pipe"],"max_hp_gain":0,"max_hp_loss":0,"event_name":"The Mausoleum","floor":21,"gold_loss":0},{"damage_healed":0,"gold_gain":0,"player_choice":"Upgrade","damage_taken":0,"max_hp_gain":0,"max_hp_loss":0,"event_name":"Designer","floor":27,"gold_loss":40,"cards_upgraded":["Tools of the Trade"]},{"cards_removed":["Strike_G"],"damage_healed":0,"gold_gain":0,"player_choice":"Removed Attack","damage_taken":0,"max_hp_gain":0,"max_hp_loss":0,"event_name":"Falling","floor":36,"gold_loss":0}],"is_beta":false,"boss_relics":[{"not_picked":["Busted Crown","Ectoplasm"],"picked":"Philosopher\u0027s Stone"},{"not_picked":["SacredBark","Sozu"],"picked":"HoveringKite"}],"items_purged_floors":[39],"is_endless":false,"potions_floor_spawned":[3,4,7,13,18,20,22,31,33,35,37],"killed_by":"Giant Head","ascension_level":6}}