{"host":"vzkpoqyw8ea6g4k2","time":1611326389,"event":{"mods":["AchievementEnabler","BaseMod","Colored Map","Colored Powertips","Dark Map","Infinite Spire","Minty Spire (QoL Compilation)","Permanent Neow","Quick Restart","StSLib","SuperFastMode"],"gold_per_floor":[116,131,306,83,100,130,130,130,180,194,194,194,194,231,231,335,335,359,386,386,414,514,553,553,579,603,603,603],"floor_reached":27,"language":"KOR","playtime":663,"items_purged":["Doubt"],"score":379,"play_id":"b35034f8-4504-4247-854b-415f629c4fa4","local_time":"20210122233949","is_ascension_mode":true,"campfire_choices":[{"data":"Eruption","floor":8,"key":"SMITH"},{"data":"FlyingSleeves","floor":13,"key":"SMITH"},{"data":"Ragnarok","floor":15,"key":"SMITH"},{"floor":24,"key":"RECALL"}],"circlet_count":0,"master_deck":["Strike_P","Strike_P","Strike_P","Strike_P","Defend_P","Defend_P","Defend_P","Defend_P","Eruption+1","Vigilance","DevaForm","FollowUp","FlyingSleeves+1","Adaptation","Ragnarok+1","DeceiveReality+1","CutThroughFate+1","BowlingBash","Scrawl","Crescendo"],"relics":["PureWater","Vajra","PreservedInsect","Strawberry","Turnip","CeramicFish","SlaversCollar","Bottled Tornado","Oddly Smooth Stone"],"acts_visited":["Exordium","TheCity"],"potions_floor_usage":[2,23],"damage_taken":[{"damage":7,"enemies":"Jaw Worm","floor":1,"turns":6},{"damage":0,"enemies":"Small Slimes","floor":2,"turns":1},{"damage":0,"enemies":"2 Louse","floor":5,"turns":2},{"damage":60,"enemies":"3 Sentries","floor":6,"turns":7},{"damage":11,"enemies":"Red Slaver","floor":10,"turns":6},{"damage":0,"enemies":"Gremlin Nob","floor":14,"turns":2},{"damage":0,"enemies":"Slime Boss","floor":16,"turns":6},{"damage":9,"enemies":"3 Byrds","floor":18,"turns":3},{"damage":11,"enemies":"Shell Parasite","floor":19,"turns":4},{"damage":27,"enemies":"3 Cultists","floor":21,"turns":4},{"damage":14,"enemies":"Slavers","floor":23,"turns":2},{"damage":12,"enemies":"Chosen and Byrds","floor":25,"turns":6},{"damage":18,"enemies":"Nightmare","floor":27,"turns":6}],"seed_played":"-1527339267166014256","potions_obtained":[{"floor":1,"key":"Fire Potion"},{"floor":14,"key":"Energy Potion"},{"floor":18,"key":"DuplicationPotion"},{"floor":25,"key":"DistilledChaos"}],"is_trial":false,"path_per_floor":["M","M","?","$","M","E","?","R","T","M","?","T","R","E","R","B",null,"M","M","AVR","M","?","E","R","M","T","NM"],"character_chosen":"WATCHER","items_purchased":["Vajra"],"campfire_rested":0,"item_purchase_floors":[4],"current_hp_per_floor":[65,65,65,65,65,5,26,26,33,22,48,48,48,48,48,48,79,70,59,59,32,32,18,18,6,6,0,0],"gold":603,"neow_bonus":"ONE_RANDOM_RARE_CARD","is_daily":false,"chose_seed":false,"campfire_upgraded":3,"win_rate":0.0,"timestamp":1611326389,"path_taken":["M","M","?","$","M","E","?","R","T","M","?","?","R","E","R","BOSS","M","M","AVR","M","?","E","R","M","T","NM"],"items_purchased_type":["Relic"],"build_version":"2020-12-22","purchased_purges":1,"victory":false,"max_hp_per_floor":[72,72,72,72,72,72,72,72,79,79,79,79,79,79,79,79,79,79,79,79,79,79,79,79,79,79,79,79],"card_choices":[{"not_picked":["Pray","ThirdEye"],"picked":"FollowUp","floor":1},{"not_picked":["BattleHymn","CutThroughFate"],"picked":"FlyingSleeves","floor":2},{"not_picked":["Evaluate","TalkToTheHand"],"picked":"Adaptation","floor":5},{"not_picked":["WreathOfFlame","PathToVictory","DeusExMachina"],"picked":"SKIP","floor":6},{"not_picked":["Wallop","Perseverance","Prostrate"],"picked":"SKIP","floor":10},{"not_picked":["Weave","ForeignInfluence"],"picked":"Ragnarok","floor":14},{"not_picked":["WaveOfTheHand+1","Wireheading"],"picked":"DeceiveReality+1","floor":18},{"not_picked":["LikeWater","Evaluate"],"picked":"CutThroughFate+1","floor":19},{"not_picked":["Halt","Consecrate"],"picked":"BowlingBash","floor":21},{"not_picked":["FearNoEvil","Protect"],"picked":"Scrawl","floor":23},{"not_picked":["FlyingSleeves+1","InnerPeace"],"picked":"Crescendo","floor":25}],"player_experience":22349,"relics_obtained":[{"floor":6,"key":"PreservedInsect"},{"floor":9,"key":"Strawberry"},{"floor":12,"key":"Turnip"},{"floor":14,"key":"CeramicFish"},{"floor":23,"key":"Bottled Tornado"},{"floor":26,"key":"Oddly Smooth Stone"}],"event_choices":[{"damage_healed":0,"gold_gain":175,"player_choice":"AGREE","damage_taken":0,"max_hp_gain":0,"max_hp_loss":0,"event_name":"Liars Game","floor":3,"gold_loss":0,"cards_obtained":["Doubt"]},{"damage_healed":26,"gold_gain":0,"player_choice":"Banana","damage_taken":0,"max_hp_gain":0,"max_hp_loss":0,"event_name":"Big Fish","floor":11,"gold_loss":0},{"damage_healed":0,"gold_gain":100,"player_choice":"Pray","damage_taken":0,"max_hp_gain":0,"max_hp_loss":0,"event_name":"Golden Shrine","floor":22,"gold_loss":0}],"is_beta":false,"boss_relics":[{"not_picked":["Cursed Key","Runic Dome"],"picked":"SlaversCollar"}],"items_purged_floors":[4],"is_endless":false,"potions_floor_spawned":[1,14,18,25],"killed_by":"Nightmare","ascension_level":4}}