{"host":"yqveedbda5h7irme","time":1611325109,"event":{"mods":["AchievementEnabler","Aspiration","BaseMod","BetterRewards","Colored Powertips","Conspire","Downfall","GifTheSpireLib","Hermit","Hubris","Infinite Spire","Marked Mod","Minty Spire (QoL Compilation)","Replay The Spire","StSLib","Stuff the Spire","The Jungle","The Necromancer","The Servant 0.9.4"],"gold_per_floor":[116,66,66,86,120,120,174,174,174,174,253,258,258],"floor_reached":12,"language":"ENG","playtime":582,"items_purged":[],"score":101,"play_id":"8920bad1-dd6e-4019-8d41-22975982c2c7","local_time":"20210122151829","is_ascension_mode":false,"campfire_choices":[{"floor":6,"key":"REST"},{"floor":8,"key":"REST"}],"circlet_count":0,"master_deck":["conspire:GhostlyStrike","conspire:GhostlyStrike","conspire:GhostlyStrike","conspire:GhostlyDefend","conspire:GhostlyDefend","conspire:GhostlyDefend","conspire:GhostlyDefend","hermit:Snapshot","hermit:Covet","hermit:Cheat","hermit:BigShot","hermit:PistolWhip","conspire:SpireCoStock","hermit:Quickdraw","hermit:Misfire","hermit:Horror","hermit:CursedWeapon","hermit:Brawl"],"relics":["hermit:Momento","Incense Burner","Regal Pillow","Du-Vu Doll","Replay:Ringing Soul"],"acts_visited":["Exordium"],"potions_floor_usage":[12],"damage_taken":[{"damage":0,"enemies":"Small Slimes","floor":1,"turns":3},{"damage":3,"enemies":"Jaw Worm","floor":4,"turns":4},{"damage":5,"enemies":"Cultist","floor":5,"turns":4},{"damage":18,"enemies":"Replay:BlueRogue","floor":7,"turns":4},{"damage":46,"enemies":"3 Sentries","floor":11,"turns":10},{"damage":32,"enemies":"3 Sentries","floor":12,"turns":6}],"seed_played":"-5402134366916027304","potions_obtained":[{"floor":1,"key":"sneckomod:MuddlingPotion"},{"floor":4,"key":"SteroidPotion"},{"floor":11,"key":"AttackPotion"}],"is_trial":false,"path_per_floor":["M","?","?","M","M","R","E","R","T","?","?","E"],"character_chosen":"HERMIT","items_purchased":["hermit:BigShot"],"campfire_rested":2,"item_purchase_floors":[0],"current_hp_per_floor":[52,52,52,49,44,66,48,75,75,75,32,0,0],"gold":258,"neow_bonus":"","is_daily":false,"chose_seed":false,"campfire_upgraded":0,"win_rate":0.0,"timestamp":1611325109,"path_taken":["M","?","?","M","?","R","E","R","T","?","?","E"],"items_purchased_type":["Card"],"build_version":"2020-12-22","purchased_purges":0,"victory":false,"max_hp_per_floor":[75,75,75,75,75,75,75,75,75,75,78,78,78],"card_choices":[{"not_picked":["hermit:FlashPowder","hermit:TrackingShot"],"picked":"hermit:PistolWhip","floor":1},{"not_picked":["hermit:Coalescence","hermit:Determination"],"picked":"hermit:Misfire","floor":4},{"not_picked":["hermit:BigShot","hermit:TakeCover"],"picked":"hermit:Horror","floor":5},{"not_picked":["hermit:Showdown","hermit:LuckOfTheDraw"],"picked":"hermit:CursedWeapon","floor":7},{"not_picked":["hermit:FullyLoaded","hermit:LowProfile"],"picked":"hermit:Brawl","floor":11}],"player_experience":136539,"relics_obtained":[{"floor":7,"key":"Regal Pillow"},{"floor":9,"key":"Du-Vu Doll"}],"event_choices":[{"damage_healed":0,"gold_gain":0,"player_choice":"Invest 1","damage_taken":0,"max_hp_gain":0,"max_hp_loss":0,"event_name":"conspire:Investor","floor":2,"gold_loss":0},{"damage_healed":0,"gold_gain":0,"cards_transformed":["hermit:Strike_Hermit"],"player_choice":"Transformed","damage_taken":0,"max_hp_gain":0,"max_hp_loss":0,"event_name":"Transmorgrifier","floor":3,"gold_loss":0,"cards_obtained":["hermit:Quickdraw"]},{"damage_healed":0,"gold_gain":0,"player_choice":"Agree","damage_taken":0,"max_hp_gain":0,"max_hp_loss":0,"event_name":"conspire:LoneGhost","floor":10,"gold_loss":0},{"damage_healed":0,"gold_gain":30,"player_choice":"Searched \u00273\u0027 times","damage_taken":0,"relics_obtained":["Replay:Ringing Soul"],"max_hp_gain":0,"max_hp_loss":0,"event_name":"Dead Adventurer","floor":11,"gold_loss":0}],"is_beta":false,"boss_relics":[],"items_purged_floors":[],"is_endless":false,"potions_floor_spawned":[1,4,11],"killed_by":"3 Sentries","ascension_level":0}}