{"host":"8fuipfsvjht9cgcs","time":1611289263,"event":{"mods":["AchievementEnabler","BaseMod","Colored Map","Colored Powertips","DeckTracker","Friendly Minions","Kiyohime£¨?ýï£©","Marisa£¨Ùöéë¡¡Øª×âÞÞ£©","Minty Spire (QoL Compilation)","Prisma Mod","StSLib","SuperFastMode","The Cursed","The Gatherer"],"gold_per_floor":[109,124,124,138,313,313,313,313,336,346,362,287,313,327,327,432,432,448,448,146,56,68,68,83,96,96,120,120,120,120,130,130,130,130],"floor_reached":33,"language":"KOR","playtime":1146,"items_purged":["Strike_R","Strike_R"],"score":395,"play_id":"a930cd07-ad43-49a2-bc6a-1d68960806ad","local_time":"20210122172103","is_ascension_mode":true,"campfire_choices":[{"data":"Apotheosis","floor":6.0,"key":"SMITH"},{"data":"Dropkick","floor":8.0,"key":"SMITH"},{"data":"True Grit","floor":15.0,"key":"SMITH"},{"data":"True Grit","floor":23.0,"key":"SMITH"},{"data":"Shrug It Off","floor":28.0,"key":"SMITH"},{"data":"Battle Trance","floor":30.0,"key":"SMITH"},{"floor":32.0,"key":"REST"}],"circlet_count":0,"master_deck":["AscendersBane","Strike_R+1","Defend_R","Defend_R","Defend_R","Defend_R","Bash","Apotheosis+1","Sword Boomerang","Dropkick+1","Thunderclap","True Grit+1","Shrug It Off+1","Sever Soul","True Grit+1","Power Through","Battle Trance+1"],"relics":["Burning Blood","Boot","Blue Candle","Sozu","Oddly Smooth Stone","Self Forming Clay","Orichalcum"],"acts_visited":["Exordium","TheCity"],"potions_floor_usage":[],"damage_taken":[{"damage":2.0,"enemies":"Cultist","floor":1.0,"turns":4.0},{"damage":2.0,"enemies":"Jaw Worm","floor":2.0,"turns":4.0},{"damage":3.0,"enemies":"2 Louse","floor":4.0,"turns":3.0},{"damage":17.0,"enemies":"Lots of Slimes","floor":10.0,"turns":4.0},{"damage":12.0,"enemies":"Looter","floor":11.0,"turns":3.0},{"damage":24.0,"enemies":"Lagavulin","floor":13.0,"turns":7.0},{"damage":13.0,"enemies":"Large Slime","floor":14.0,"turns":5.0},{"damage":37.0,"enemies":"Hexaghost","floor":16.0,"turns":9.0},{"damage":19.0,"enemies":"3 Byrds","floor":18.0,"turns":4.0},{"damage":2.0,"enemies":"2 Thieves","floor":22.0,"turns":4.0},{"damage":19.0,"enemies":"Snake Plant","floor":24.0,"turns":5.0},{"damage":3.0,"enemies":"Shelled Parasite and Fungi","floor":25.0,"turns":5.0},{"damage":0.0,"enemies":"Chosen and Byrds","floor":31.0,"turns":5.0},{"damage":68,"enemies":"Champ","floor":33,"turns":11}],"seed_played":"5848525268767663050","potions_obtained":[{"floor":2.0,"key":"BloodPotion"},{"floor":4.0,"key":"BloodPotion"},{"floor":11.0,"key":"SteroidPotion"},{"floor":14.0,"key":"Explosive Potion"}],"is_trial":false,"path_per_floor":["M","M","?","M","?","R","?","R","T","M","M","$","E","M","R","B",null,"M","?","$","?","M","R","M","M","T","T","R","?","R","M","R","B"],"character_chosen":"IRONCLAD","items_purchased":["Oddly Smooth Stone","True Grit"],"campfire_rested":1,"item_purchase_floors":[20,20],"current_hp_per_floor":[72,72,65,68,68,68,68,68,68,57,65,65,47,54,54,23,60,47,47,47,47,51,51,38,41,41,41,41,41,41,47,68,0,0],"gold":130,"neow_bonus":"RANDOM_COLORLESS_2","is_daily":false,"chose_seed":false,"campfire_upgraded":6,"win_rate":0.0,"timestamp":1611289263,"path_taken":["M","?","?","M","?","R","?","R","T","M","?","$","E","?","R","BOSS","M","?","$","?","M","R","M","?","T","?","R","?","R","M","R","BOSS"],"items_purchased_type":["Relic","Card"],"build_version":"2020-12-22","purchased_purges":2,"victory":false,"max_hp_per_floor":[72,72,72,72,72,72,72,72,72,72,72,72,72,72,72,72,72,72,72,72,72,72,72,72,72,72,72,72,72,72,72,72,72,72],"card_choices":[{"not_picked":["Thinking Ahead","Secret Technique"],"picked":"Apotheosis","floor":0.0},{"not_picked":["Rampage","Perfected Strike"],"picked":"Sword Boomerang","floor":1.0},{"not_picked":["Reckless Charge","Sentinel"],"picked":"Dropkick","floor":2.0},{"not_picked":["Reckless Charge","Uppercut"],"picked":"Thunderclap","floor":4.0},{"not_picked":["Metallicize","Clash","Fire Breathing"],"picked":"SKIP","floor":10.0},{"not_picked":["Sword Boomerang","Clash"],"picked":"True Grit","floor":11.0},{"not_picked":["Infernal Blade","Flex","Headbutt"],"picked":"SKIP","floor":13.0},{"not_picked":["Power Through","Clothesline"],"picked":"Shrug It Off","floor":14.0},{"not_picked":["Sentinel","Body Slam"],"picked":"Sever Soul","floor":18.0},{"not_picked":["Thunderclap","Twin Strike"],"picked":"Power Through","floor":22.0},{"not_picked":["Flex","Reckless Charge","Thunderclap"],"picked":"SKIP","floor":24.0},{"not_picked":["Barricade","Blood for Blood","Havoc"],"picked":"SKIP","floor":25.0},{"not_picked":["Cleave","Iron Wave","Metallicize"],"picked":"SKIP","floor":31.0}],"player_experience":435586,"relics_obtained":[{"floor":9.0,"key":"Boot"},{"floor":13.0,"key":"Blue Candle"},{"floor":26.0,"key":"Self Forming Clay"},{"floor":27.0,"key":"Orichalcum"}],"event_choices":[{"cards_removed":["Strike_R"],"damage_healed":0.0,"max_hp_gain":0.0,"max_hp_loss":0.0,"gold_gain":0.0,"event_name":"Golden Wing","player_choice":"Card Removal","floor":3.0,"gold_loss":0.0,"damage_taken":7.0},{"damage_healed":0.0,"max_hp_gain":0.0,"max_hp_loss":0.0,"gold_gain":175.0,"event_name":"Liars Game","player_choice":"AGREE","floor":5.0,"gold_loss":0.0,"damage_taken":0.0,"cards_obtained":["Doubt"]},{"cards_removed":["Doubt"],"damage_healed":0.0,"max_hp_gain":0.0,"max_hp_loss":0.0,"gold_gain":0.0,"event_name":"Fountain of Cleansing","player_choice":"Removed Curses","floor":7.0,"gold_loss":0.0,"damage_taken":0.0},{"damage_healed":0.0,"max_hp_gain":0.0,"max_hp_loss":0.0,"gold_gain":0.0,"event_name":"Vampires","player_choice":"Ignored","floor":19.0,"gold_loss":0.0,"damage_taken":0.0},{"cards_removed":["Strike_R"],"damage_healed":0.0,"max_hp_gain":0.0,"max_hp_loss":0.0,"gold_gain":0.0,"event_name":"Designer","player_choice":"Upgrade and Remove","floor":21.0,"gold_loss":90.0,"damage_taken":0.0,"cards_upgraded":["Strike_R"]},{"damage_healed":0.0,"max_hp_gain":0.0,"max_hp_loss":0.0,"gold_gain":0.0,"event_name":"The Library","player_choice":"Read","floor":29.0,"gold_loss":0.0,"damage_taken":0.0,"cards_obtained":["Battle Trance"]}],"is_beta":false,"boss_relics":[{"not_picked":["SacredBark","Mark of Pain"],"picked":"Sozu"}],"items_purged_floors":[12,20],"is_endless":false,"potions_floor_spawned":[2,4,11,14,24],"killed_by":"Champ","ascension_level":12}}