{"host":"sboty77psj7t2cnn","time":1611350514,"event":{"mods":["Aspiration","BaseMod","Better Match","Better Vampires","Colored Map","Conspire","Downfall","Hubris","Infinite Spire","Minty Spire (QoL Compilation)","StSLib","The Problem Sleuth"],"gold_per_floor":[99,99,32,48,33,68,68,78,94,108,119,133,148,177,190,289,289,189,205,216,232,47,47,47,67,81,96,126,144,179,196,213,313,313,213,70,84,84,99,124,124,143,171,190,224,224,257,287,316,427,439,451,489,518,540,568,580,616,628,656,568,580,608,620,643,665,775,787,799,830,842,873,904,558,589,589,589,589],"floor_reached":76,"language":"SPA","playtime":6931,"items_purged":["Slimebound:CorrosiveSpit","Slimebound:Defend_Slimebound","Slimebound:OozeBath","Slimebound:Tackle"],"score":1373,"play_id":"73e34fff-c0c6-4a6d-b557-09f735498285","local_time":"20210122152154","is_ascension_mode":false,"campfire_choices":[{"data":"Slimebound:Split","floor":1.0,"key":"SMITH"},{"data":"Slimebound:MassRepurpose","floor":18.0,"key":"SMITH"},{"data":"expansioncontent:StudyTheSpire","floor":35.0,"key":"SMITH"},{"floor":59,"key":"RECALL"},{"data":"Slimebound:LivingWall","floor":61,"key":"SMITH"},{"data":"infinitespire:OneForAll","floor":69,"key":"SMITH"}],"circlet_count":0,"master_deck":["Slimebound:Strike_Slimebound","Slimebound:Strike_Slimebound","Slimebound:Defend_Slimebound","Slimebound:Defend_Slimebound","Slimebound:Split+1","Slimebound:Teamwork","Slimebound:LeechEnergy","Slimebound:RollThrough","Slimebound:SplitMire+1","Slimebound:LivingWall+1","Slimebound:GoopSpray","Slimebound:OozeBath","Slimebound:SplitMire","Slimebound:SamplingLick","Slimebound:LeechEnergy","Slimebound:MassRepurpose+1","Slimebound:SplitAcid","Slimebound:LivingWall","Slimebound:HauntingLick+1","expansioncontent:StudyTheSpire+1","Slimebound:LevelUp","Intimidate+1","Disarm+1","hubris:Fate","Slimebound:MassRepurpose","Slimebound:SplitLeeching","infinitespire:TheBestDefense","Slimebound:Equalize+1","Slimebound:SplitLeeching+1","Slimebound:Nibble+1","Slimebound:HauntingLick+1","Slimebound:LeechingTouch","Slimebound:Prepare","infinitespire:DeathsTouch","infinitespire:OneForAll+1","infinitespire:Starlight","Offering","Slimebound:GrowthPunch","expansioncontent:DashGenerateEvil","Metallicize+1"],"relics":["Slimebound:AbsorbEndCombatUpgraded","Bronze Scales","hubris:PeanutButter","aspiration:IroncladSkillbook","downfall:HeartBlessingGreen","hubris:TinFlute","Mercury Hourglass","Black Star","downfall:HeartBlessingBlue","Frozen Egg 2","infinitespire:Bottled Soul","Oddly Smooth Stone","infinitespire:FocusingShard","infinitespire:Satchel","Bottled Tornado","aspiration:ArtOfWarUpgrade","conspire:Flyswatter","MawBank","hubris:GrandSneckoEye","hubris:64BitClover","downfall:HeartBlessingRed","Blue Candle","Omamori","PreservedInsect","Ice Cream"],"acts_visited":["Exordium","TheCity","TheBeyond","Exordium","TheCity"],"potions_floor_usage":[42,42,48,50,64,73,73,73],"damage_taken":[{"damage":11.0,"enemies":"downfall:FleeingMerchant","floor":3.0,"turns":4.0},{"damage":4.0,"enemies":"Jaw Worm","floor":4.0,"turns":3.0},{"damage":5.0,"enemies":"downfall:FleeingMerchant","floor":5.0,"turns":4.0},{"damage":30.0,"enemies":"Gremlin Nob","floor":6.0,"turns":4.0},{"damage":0.0,"enemies":"Cultist","floor":8.0,"turns":3.0},{"damage":0.0,"enemies":"Small Slimes","floor":9.0,"turns":2.0},{"damage":0.0,"enemies":"Blue Slaver","floor":10.0,"turns":4.0},{"damage":8.0,"enemies":"Lots of Slimes","floor":11.0,"turns":3.0},{"damage":0.0,"enemies":"2 Fungi Beasts","floor":12.0,"turns":3.0},{"damage":0.0,"enemies":"3 Louse","floor":13.0,"turns":2.0},{"damage":0.0,"enemies":"Lagavulin","floor":14.0,"turns":6.0},{"damage":0.0,"enemies":"Red Slaver","floor":15.0,"turns":3.0},{"damage":31.0,"enemies":"WA_ARCHETYPE_RETAIN","floor":16.0,"turns":8.0},{"damage":16.0,"enemies":"Chosen","floor":19.0,"turns":5.0},{"damage":6.0,"enemies":"conspire:HollyBat","floor":20.0,"turns":6.0},{"damage":14.0,"enemies":"Sentry and Sphere","floor":21.0,"turns":5.0},{"damage":0.0,"enemies":"downfall:FleeingMerchant","floor":22.0,"turns":4.0},{"damage":13.0,"enemies":"Centurion and Healer","floor":25.0,"turns":6.0},{"damage":27.0,"enemies":"Snake Plant","floor":26.0,"turns":4.0},{"damage":0.0,"enemies":"Shelled Parasite and Fungi","floor":27.0,"turns":5.0},{"damage":23.0,"enemies":"Slavers","floor":28.0,"turns":5.0},{"damage":33.0,"enemies":"Snecko","floor":29.0,"turns":6.0},{"damage":8.0,"enemies":"Nightmare","floor":30.0,"turns":7.0},{"damage":19.0,"enemies":"Centurion and Healer","floor":31.0,"turns":5.0},{"damage":30.0,"enemies":"Snake Plant","floor":32.0,"turns":5.0},{"damage":17.0,"enemies":"IC_MUSHROOM_ARCHETYPE","floor":33.0,"turns":7.0},{"damage":1.0,"enemies":"downfall:FleeingMerchant","floor":36.0,"turns":4.0},{"damage":48.0,"enemies":"3 Darklings","floor":37.0,"turns":6.0},{"damage":0.0,"enemies":"3 Shapes","floor":39.0,"turns":4.0},{"damage":55.0,"enemies":"Nightmare","floor":40.0,"turns":9.0},{"damage":28,"enemies":"3 Darklings","floor":42,"turns":6},{"damage":47,"enemies":"Reptomancer","floor":43,"turns":6},{"damage":10,"enemies":"Transient","floor":44,"turns":5},{"damage":9,"enemies":"Giant Head","floor":45,"turns":10},{"damage":0,"enemies":"Nemesis","floor":47,"turns":7},{"damage":11,"enemies":"Sphere and 2 Shapes","floor":48,"turns":4},{"damage":6,"enemies":"3 Darklings","floor":49,"turns":3},{"damage":60,"enemies":"DF_ARCHETYPE_ORBS","floor":50,"turns":15},{"damage":44,"enemies":"conspire:MimicChest","floor":53,"turns":5},{"damage":0,"enemies":"2 Louse","floor":54,"turns":2},{"damage":0,"enemies":"Cultist","floor":55,"turns":3},{"damage":0,"enemies":"Small Slimes","floor":56,"turns":2},{"damage":0,"enemies":"2 Fungi Beasts","floor":60,"turns":3},{"damage":0,"enemies":"Blue Slaver","floor":63,"turns":1},{"damage":0,"enemies":"3 Louse","floor":64,"turns":1},{"damage":0,"enemies":"Exordium Thugs","floor":65,"turns":3},{"damage":5,"enemies":"Red Slaver","floor":66,"turns":3},{"damage":0,"enemies":"Hexaghost","floor":67,"turns":7},{"damage":7,"enemies":"3 Byrds","floor":70,"turns":2},{"damage":0,"enemies":"Snecko","floor":72,"turns":1},{"damage":6,"enemies":"Chosen and Byrds","floor":73,"turns":6},{"damage":20,"enemies":"downfall:FleeingMerchant","floor":74,"turns":3},{"damage":49,"enemies":"Book of Stabbing","floor":75,"turns":4},{"damage":54,"enemies":"Nightmare","floor":76,"turns":2}],"seed_played":"-2442143608904022931","potions_obtained":[{"floor":8.0,"key":"Swift Potion"},{"floor":9.0,"key":"DuplicationPotion"},{"floor":12.0,"key":"LiquidBronze"},{"floor":13.0,"key":"FearPotion"},{"floor":14.0,"key":"FairyPotion"},{"floor":19.0,"key":"infinitespire:BlackPotion"},{"floor":25.0,"key":"EssenceOfSteel"},{"floor":28.0,"key":"conspire:TimeTravelPotion"},{"floor":30.0,"key":"infinitespire:BlackPotion"},{"floor":32.0,"key":"BlessingOfTheForge"},{"floor":37.0,"key":"FearPotion"},{"floor":40.0,"key":"Explosive Potion"},{"floor":45,"key":"Energy Potion"},{"floor":47,"key":"SmokeBomb"},{"floor":48,"key":"SpeedPotion"},{"floor":50,"key":"PowerPotion"},{"floor":56,"key":"AttackPotion"},{"floor":67,"key":"ColorlessPotion"},{"floor":73,"key":"Slimebound:SlimedPotion"}],"is_trial":false,"path_per_floor":["R","?","$","M","$","E","T","M","M","M","M","M","M","E","M","B",null,"R","M","M","M","$","?","T","M","M","M","E","M","NM","M","M","B",null,"R","$","M","AVR","M","NM","T","M","E","M","E","?","E","M","M","B",null,"R","?","M","M","M","R","T","R","M","R","AVR","M","M","M","M","B",null,"R","M","AVR","M","M","$","E","NM"],"character_chosen":"SLIMEBOUND","items_purchased":["Slimebound:LeechEnergy","expansioncontent:StudyTheSpire","Slimebound:SplitLeeching","PreservedInsect","Ice Cream","expansioncontent:DashGenerateEvil"],"campfire_rested":0,"item_purchase_floors":[3,22,36,74,74,74],"current_hp_per_floor":[71,71,66,66,63,39,39,43,49,53,45,49,57,63,65,41,71,71,63,69,65,71,63,63,60,39,51,40,39,43,34,12,7,71,81,81,60,60,66,23,23,17,27,33,36,36,75,74,80,37,81,81,53,57,65,75,75,75,75,81,81,81,81,81,81,80,81,81,81,78,78,81,81,71,45,0,0,0],"gold":589,"neow_bonus":"TEN_PERCENT_HP_BONUS","is_daily":false,"chose_seed":false,"campfire_upgraded":5,"win_rate":0.0,"timestamp":1611350514,"path_taken":["R","?","?","M","$","E","T","M","M","M","M","M","M","E","M","BOSS","R","M","M","M","$","?","T","M","M","M","E","?","NM","M","M","BOSS","R","$","M","AVR","M","NM","T","M","E","M","E","?","E","M","M","BOSS","R","?","M","M","M","R","T","R","M","R","AVR","M","M","M","M","BOSS","R","M","AVR","M","M","?","E","NM"],"items_purchased_type":["Card","Card","Card","Relic","Relic","Card"],"build_version":"2020-12-22","purchased_purges":4,"victory":false,"max_hp_per_floor":[71,71,71,71,71,71,71,71,71,71,71,71,71,71,71,71,71,71,71,71,71,71,71,71,71,71,71,71,71,71,71,71,71,71,81,81,81,81,81,81,81,81,81,81,81,81,81,81,81,81,81,81,81,81,81,81,81,81,81,81,81,81,81,81,81,81,81,81,81,81,81,81,81,81,81,81,81,81],"card_choices":[{"not_picked":["Slimebound:LeechingTouch","Slimebound:AcidTongue"],"picked":"Slimebound:Teamwork","floor":3.0},{"not_picked":["Slimebound:Prepare","Slimebound:HauntingLick"],"picked":"Slimebound:RollThrough","floor":4.0},{"not_picked":["Slimebound:Equalize","Slimebound:TongueLash"],"picked":"Slimebound:SplitMire","floor":5.0},{"not_picked":["Slimebound:LeechEnergy","Slimebound:MinionMaster"],"picked":"Slimebound:LivingWall","floor":6.0},{"not_picked":["Slimebound:ComboTackle","Slimebound:SamplingLick"],"picked":"Slimebound:GoopSpray","floor":8.0},{"not_picked":["Slimebound:Prepare","Slimebound:SplitMire"],"picked":"Slimebound:OozeBath","floor":9.0},{"not_picked":["Slimebound:ForwardTackle","Slimebound:Schlurp","Slimebound:PressTheAttack"],"picked":"SKIP","floor":10.0},{"not_picked":["Slimebound:ItLooksTasty","Slimebound:GoopSpray"],"picked":"Slimebound:SplitMire","floor":11.0},{"not_picked":["Slimebound:PrepareCrush","Slimebound:RollThrough"],"picked":"Slimebound:SamplingLick","floor":12.0},{"not_picked":["Slimebound:HauntingLick","Slimebound:Schlurp"],"picked":"Slimebound:LeechEnergy","floor":13.0},{"not_picked":["Slimebound:Dissolve","Slimebound:Repurpose"],"picked":"Slimebound:MassRepurpose","floor":14.0},{"not_picked":["Slimebound:GoopSpray","Slimebound:SplitBruiser","Slimebound:ComboTackle"],"picked":"SKIP","floor":15.0},{"not_picked":["Slimebound:OneTwoCombo","Slimebound:PrepareCrush"],"picked":"Slimebound:OozeBath","floor":16.0},{"not_picked":["Slimebound:ItLooksTasty","Perfected Strike","Twin Strike"],"picked":"Slimebound:SplitAcid","floor":19.0},{"not_picked":["Cleave","Slimebound:LeechEnergy","Slimebound:GoopTackle","Slimebound:SamplingLick"],"picked":"SKIP","floor":20.0},{"not_picked":["Brutality","Slimebound:TongueLash","Dark Embrace"],"picked":"Slimebound:LivingWall","floor":21.0},{"not_picked":["Slimebound:SplitAcid","Twin Strike","Battle Trance"],"picked":"Slimebound:HauntingLick+1","floor":22.0},{"not_picked":["Slimebound:SpikyOuterGoop","Shrug It Off","Sword Boomerang"],"picked":"Slimebound:LevelUp","floor":25.0},{"not_picked":["Sword Boomerang","Slimebound:PrepareCrush","Slimebound:SlimeBrawl"],"picked":"Intimidate+1","floor":26.0},{"not_picked":["Slimebound:SamplingLick","Slimebound:LeechingTouch","Clash","True Grit"],"picked":"SKIP","floor":27.0},{"not_picked":["Flex","Juggernaut","Uppercut"],"picked":"Disarm+1","floor":28.0},{"not_picked":["Body Slam","Combust","Slimebound:ItLooksTasty","Heavy Blade"],"picked":"SKIP","floor":29.0},{"not_picked":["infinitespire:TheBestDefense","infinitespire:Gouge"],"picked":"hubris:Fate","floor":30.0},{"not_picked":["Slimebound:SlimeTap","Second Wind+1","Sentinel","Slimebound:SplitBruiser+1"],"picked":"SKIP","floor":30.0},{"not_picked":["Evolve+1","Slimebound:RainOfGoop+1","Rupture","Slimebound:ComboTackle"],"picked":"SKIP","floor":31.0},{"not_picked":["Slimebound:MinionMaster","hubris:ReadiedAction+1","hubris:SharpeningStone+1","Havoc"],"picked":"SKIP","floor":32.0},{"not_picked":["Barricade","Slimebound:RallyTheTroops","Slimebound:DuplicatedForm"],"picked":"Slimebound:MassRepurpose","floor":33.0},{"not_picked":["Exhume","Twin Strike","Slimebound:Gluttony","Seeing Red"],"picked":"SKIP","floor":36.0},{"not_picked":["Armaments","Iron Wave","Slimebound:ItLooksTasty","Headbutt"],"picked":"SKIP","floor":37.0},{"not_picked":["Slimebound:PressTheAttack+1","Burning Pact+1","Clash+1","Perfected Strike"],"picked":"SKIP","floor":39.0},{"not_picked":["Armaments","Slimebound:BestDefense+1","Slimebound:SlimeSpikes"],"picked":"Slimebound:Equalize+1","floor":40.0},{"not_picked":["infinitespire:OneForAll+1","Slimebound:AcidTongue+1","Clash"],"picked":"Slimebound:SplitLeeching+1","floor":42},{"not_picked":["Thunderclap+1","Slimebound:ProtectTheBoss+1","Heavy Blade","Seeing Red"],"picked":"SKIP","floor":43},{"not_picked":["Shrug It Off+1","Slimebound:SplitBruiser+1","Disarm+1"],"picked":"Slimebound:Nibble+1","floor":44},{"not_picked":["Power Through","Slimebound:LivingWall","hubris:StunningStrike"],"picked":"Slimebound:HauntingLick+1","floor":45},{"not_picked":["Flex","Slimebound:SplitAcid","Slimebound:SlimeBrawl","Pommel Strike"],"picked":"SKIP","floor":47},{"not_picked":["Pummel","Power Through+1","Pommel Strike","Cleave+1"],"picked":"SKIP","floor":48},{"not_picked":["Wild Strike+1","Dropkick","Pommel Strike","Seeing Red"],"picked":"SKIP","floor":49},{"not_picked":["True Grit","Cleave","Perfected Strike"],"picked":"Slimebound:LeechingTouch","floor":54},{"not_picked":["Slimebound:ItLooksTasty","Whirlwind","Body Slam","Anger"],"picked":"SKIP","floor":55},{"not_picked":["Slimebound:SlimeSpikes","Heavy Blade","Slimebound:SplitMire","Headbutt"],"picked":"SKIP","floor":56},{"not_picked":["Slimebound:SplitBruiser","Wild Strike","Fiend Fire"],"picked":"Slimebound:Prepare","floor":60},{"not_picked":["Slimebound:SplitAcid","True Grit","Shrug It Off","Slimebound:GoopSpray"],"picked":"SKIP","floor":63},{"not_picked":["Slimebound:SlimeSlap","Slimebound:RollThrough","Slimebound:ViciousTackle"],"picked":"infinitespire:OneForAll","floor":65},{"not_picked":["Headbutt","Rampage","Infernal Blade","hubris:ReadiedAction"],"picked":"SKIP","floor":66},{"not_picked":["infinitespire:Fortify","infinitespire:DeathsTouch"],"picked":"infinitespire:Starlight","floor":67},{"not_picked":["Slimebound:MassRepurpose","Berserk+1","Corruption+1"],"picked":"Offering","floor":67},{"not_picked":["Feel No Pain+1","Slimebound:SplitAcid","Slimebound:ForwardTackle","Slimebound:HauntingLick+1"],"picked":"SKIP","floor":70},{"not_picked":["Slimebound:LeechEnergy","Pommel Strike","Slimebound:Equalize","Slimebound:BestDefense+1"],"picked":"SKIP","floor":72},{"not_picked":["Slimebound:SplitAcid","Slimebound:LeechEnergy","Slimebound:Schlurp","Heavy Blade"],"picked":"SKIP","floor":73},{"not_picked":["Corruption+1","hubris:StunningStrike","Infernal Blade"],"picked":"Slimebound:GrowthPunch","floor":74},{"not_picked":["Havoc","Slimebound:SplitLeeching","Slimebound:LivingWall"],"picked":"Metallicize+1","floor":75}],"player_experience":340840,"relics_obtained":[{"floor":6.0,"key":"Bronze Scales"},{"floor":7.0,"key":"hubris:PeanutButter"},{"floor":28.0,"key":"hubris:TinFlute"},{"floor":30.0,"key":"Mercury Hourglass"},{"floor":40.0,"key":"infinitespire:Bottled Soul"},{"floor":40.0,"key":"Oddly Smooth Stone"},{"floor":41.0,"key":"infinitespire:FocusingShard"},{"floor":43,"key":"infinitespire:Satchel"},{"floor":43,"key":"Bottled Tornado"},{"floor":45,"key":"Art of War"},{"floor":47,"key":"conspire:Flyswatter"},{"floor":47,"key":"MawBank"},{"floor":53,"key":"hubris:64BitClover"},{"floor":65,"key":"Blue Candle"}],"event_choices":[{"cards_removed":["Slimebound:Defend_Slimebound"],"damage_healed":0.0,"max_hp_gain":0.0,"max_hp_loss":0.0,"gold_gain":0.0,"event_name":"Bonfire Elementals","player_choice":"Offered Basic","floor":2.0,"gold_loss":0.0,"damage_taken":0.0},{"damage_healed":0,"gold_gain":0,"player_choice":"Leave","damage_taken":0,"max_hp_gain":0,"max_hp_loss":0,"event_name":"conspire:Investor","floor":46,"gold_loss":0}],"is_beta":false,"boss_relics":[{"not_picked":["hubris:HollowSoul","conspire:RoyalGoblet"],"picked":"aspiration:IroncladSkillbook"},{"not_picked":["Slimebound:TarBlob","hubris:RunicObelisk"],"picked":"Black Star"},{"not_picked":["conspire:SeveredTorchhead","aspiration:FutureDiary"],"picked":"hubris:GrandSneckoEye"},{"not_picked":["aspiration:RitualDagger","Pandora\u0027s Box"],"picked":"Slimebound:AbsorbEndCombatUpgraded"}],"items_purged_floors":[36,38,71,74],"is_endless":true,"potions_floor_spawned":[8,9,12,13,14,16,19,25,27,28,30,32,37,40,45,47,48,50,56,63,64,67,70,73],"killed_by":"Nightmare","ascension_level":0}}