{"host":"Qube","time":1611345924,"event":{"mods":["AchievementEnabler","BaseMod","Colored Map","Colored Powertips","Highlight Path","Minty Spire (QoL Compilation)","Permanent Neow","Quick Restart","Random Character Button","StSLib"],"gold_per_floor":[114,128,128,128,152,152,52,52,52,71,114,114,128,151,151,250,250,275,275,275,294,209,209,252,277,277,277,277],"floor_reached":27,"language":"ENG","playtime":1013,"items_purged":[],"score":491,"play_id":"3a6f9b04-c1ac-4735-8b47-deab1c51aba1","local_time":"20210122120524","is_ascension_mode":true,"campfire_choices":[{"floor":6.0,"key":"REST"},{"floor":8.0,"key":"REST"},{"data":"Phantasmal Killer","floor":12.0,"key":"SMITH"},{"data":"Terror","floor":15.0,"key":"SMITH"},{"data":"Dash","floor":23,"key":"SMITH"}],"circlet_count":0,"master_deck":["AscendersBane","Defend_G","Defend_G","Defend_G+1","Defend_G","Defend_G","Survivor","Neutralize","Distraction","Riddle With Holes+1","Terror+1","Dash+1","Poisoned Stab","Predator","Phantasmal Killer+1","Infinite Blades","Malaise","Underhanded Strike","Bite","Bite","Bite","Bite","Bite","Leg Sweep","Deadly Poison","Dash"],"relics":["Philosopher\u0027s Stone","Golden Idol","StoneCalendar","Snecko Eye","Art of War","Bottled Lightning","Bottled Flame"],"acts_visited":["Exordium","TheCity"],"potions_floor_usage":[16,18,24,24,25],"damage_taken":[{"damage":3.0,"enemies":"2 Louse","floor":1.0,"turns":3.0},{"damage":0.0,"enemies":"Small Slimes","floor":2.0,"turns":5.0},{"damage":0.0,"enemies":"Jaw Worm","floor":5.0,"turns":3.0},{"damage":2.0,"enemies":"Looter","floor":10.0,"turns":3.0},{"damage":12.0,"enemies":"3 Sentries","floor":11.0,"turns":7.0},{"damage":0.0,"enemies":"Blue Slaver","floor":13.0,"turns":2.0},{"damage":0.0,"enemies":"Large Slime","floor":14.0,"turns":4.0},{"damage":34,"enemies":"Hexaghost","floor":16,"turns":6},{"damage":8,"enemies":"Spheric Guardian","floor":18,"turns":4},{"damage":12,"enemies":"Shell Parasite","floor":21,"turns":5},{"damage":20,"enemies":"Gremlin Leader","floor":24,"turns":5},{"damage":22,"enemies":"Centurion and Healer","floor":25,"turns":5},{"damage":19,"enemies":"Slavers","floor":27,"turns":1}],"seed_played":"8336632084400959831","potions_obtained":[{"floor":1.0,"key":"Energy Potion"},{"floor":11.0,"key":"Explosive Potion"},{"floor":13.0,"key":"SpeedPotion"},{"floor":14.0,"key":"CultistPotion"},{"floor":16,"key":"SpeedPotion"},{"floor":18,"key":"Poison Potion"},{"floor":21,"key":"Strength Potion"},{"floor":24,"key":"SkillPotion"}],"is_trial":false,"path_per_floor":["M","M","?","?","M","R","$","R","T","M","E","R","M","M","R","B",null,"M","?","?","M","?","R","E","M","T","E"],"character_chosen":"THE_SILENT","items_purchased":["Dash","Poisoned Stab"],"campfire_rested":2,"item_purchase_floors":[7,7],"current_hp_per_floor":[56,56,36,13,13,32,32,51,51,49,37,37,39,41,41,9,52,46,46,46,44,44,44,28,8,8,0,0],"gold":277,"neow_bonus":"BOSS_RELIC","is_daily":false,"chose_seed":false,"campfire_upgraded":3,"win_rate":0.0,"timestamp":1611345924,"path_taken":["M","M","?","?","M","R","?","R","T","M","E","R","M","M","R","BOSS","M","?","?","M","?","R","E","M","T","E"],"items_purchased_type":["Card","Card"],"build_version":"2020-12-18","purchased_purges":0,"victory":false,"max_hp_per_floor":[66,66,66,66,66,66,66,66,66,66,66,66,66,66,66,66,66,66,66,66,66,66,66,66,66,66,66,66],"card_choices":[{"not_picked":["Flechettes","Prepared"],"picked":"Distraction","floor":1.0},{"not_picked":["Terror","Acrobatics"],"picked":"Riddle With Holes","floor":2.0},{"not_picked":["Underhanded Strike","Heel Hook"],"picked":"Terror","floor":5.0},{"not_picked":["Slice","PiercingWail"],"picked":"Predator","floor":10.0},{"not_picked":["Backflip","Blade Dance"],"picked":"Phantasmal Killer","floor":11.0},{"not_picked":["Dagger Spray","Deadly Poison","Blade Dance"],"picked":"SKIP","floor":13.0},{"not_picked":["Dagger Throw","Quick Slash"],"picked":"Infinite Blades","floor":14.0},{"not_picked":["Phantasmal Killer","Burst"],"picked":"Malaise","floor":16},{"not_picked":["Concentrate","PiercingWail"],"picked":"Underhanded Strike","floor":18},{"not_picked":["Cloak And Dagger","Backflip"],"picked":"Deadly Poison","floor":21},{"not_picked":["Bane","Expertise"],"picked":"Dash","floor":24},{"not_picked":["Setup","Outmaneuver","Dodge and Roll"],"picked":"SKIP","floor":25}],"player_experience":955066,"relics_obtained":[{"floor":9.0,"key":"StoneCalendar"},{"floor":11.0,"key":"Blood Vial"},{"floor":24,"key":"Bottled Lightning"},{"floor":26,"key":"Bottled Flame"}],"event_choices":[{"damage_healed":0.0,"max_hp_gain":0.0,"max_hp_loss":0.0,"gold_gain":0.0,"event_name":"Shining Light","player_choice":"Entered Light","floor":3.0,"gold_loss":0.0,"damage_taken":20.0,"cards_upgraded":["Riddle With Holes","Defend_G"]},{"damage_healed":0.0,"max_hp_gain":0.0,"max_hp_loss":0.0,"gold_gain":0.0,"event_name":"Golden Idol","player_choice":"Take Damage","floor":4.0,"gold_loss":0.0,"damage_taken":23.0,"relics_obtained":["Golden Idol"]},{"damage_healed":0,"gold_gain":0,"player_choice":"Became a vampire (Vial)","damage_taken":0,"max_hp_gain":0,"max_hp_loss":0,"event_name":"Vampires","floor":19,"relics_lost":["Blood Vial"],"gold_loss":0,"cards_obtained":["Bite","Bite","Bite","Bite","Bite"]},{"damage_healed":0,"gold_gain":0,"player_choice":"Read","damage_taken":0,"max_hp_gain":0,"max_hp_loss":0,"event_name":"The Library","floor":20,"gold_loss":0,"cards_obtained":["Leg Sweep"]},{"damage_healed":0,"gold_gain":0,"player_choice":"Obtained Relic","damage_taken":0,"relics_obtained":["Art of War"],"max_hp_gain":0,"max_hp_loss":0,"event_name":"Addict","floor":22,"gold_loss":85}],"is_beta":true,"boss_relics":[{"not_picked":["WristBlade","Sozu"],"picked":"Snecko Eye"}],"items_purged_floors":[],"is_endless":false,"potions_floor_spawned":[1,11,13,14,16,18,21,24],"killed_by":"Slavers","ascension_level":20}}