{"host":"flfr45pgjq2ffr5f","time":1611279308,"event":{"mods":["Act Like it!","BaseMod","Colored Map","Gensokyo","Hermit","Highlight Path","Marisa????????","Minty Spire (QoL Compilation)","Remilia??????","Robot Space Explorer","StSLib","The Bug Knight","The Cursed","The Jungle","The Marked","The Senshi","The Servant 0.9.4"],"gold_per_floor":[17,17,17,17,17,17,47,47,116,116,37,2,2,36,36,36,36],"floor_reached":16,"language":"ENG","playtime":1413,"items_purged":[],"score":102,"play_id":"3a64dc27-bcb9-4fed-820a-ebe738380654","local_time":"20210121193508","is_ascension_mode":false,"campfire_choices":[{"data":"Regret","floor":6,"key":"PURGE"},{"floor":10,"key":"REST"},{"floor":15,"key":"REST"}],"circlet_count":0,"master_deck":["Strike_R","Strike_R","Strike_R","Strike_R+1","Strike_R","Defend_R+1","Defend_R","Defend_R","Defend_R","Bash","Warcry+1","Blood for Blood","Dark Embrace","Inflame"],"relics":["Burning Blood","Peace Pipe","Juzu Bracelet","ScarletDevilRocket","Darkstone Periapt","Blood Vial"],"acts_visited":["Exordium"],"potions_floor_usage":[16],"damage_taken":[{"damage":3,"enemies":"Small Slimes","floor":1,"turns":4},{"damage":54,"enemies":"Lagavulin","floor":7,"turns":11},{"damage":41,"enemies":"Gremlin Nob","floor":14,"turns":5},{"damage":59,"enemies":"Slime Boss","floor":16,"turns":8}],"seed_played":"-7266039521619543887","potions_obtained":[{"floor":7,"key":"ColorlessPotion"}],"is_trial":false,"path_per_floor":["M","?","?","?","$","R","E","$","T","R","$","?","$","E","R","B"],"character_chosen":"IRONCLAD","items_purchased":["Dark Embrace"],"campfire_rested":2,"item_purchase_floors":[11],"current_hp_per_floor":[80,80,80,64,64,64,16,16,16,40,40,60,60,25,49,0,0],"gold":36,"neow_bonus":"ONE_RARE_RELIC","is_daily":false,"chose_seed":false,"campfire_upgraded":0,"win_rate":0.0,"timestamp":1611279308,"path_taken":["M","?","?","?","$","R","E","$","T","R","?","?","$","E","R","BOSS"],"items_purchased_type":["Card"],"build_version":"2020-12-22","purchased_purges":0,"victory":false,"max_hp_per_floor":[80,80,80,80,80,80,80,80,80,80,80,80,80,80,80,80,80],"card_choices":[{"not_picked":["Twin Strike","Disarm"],"picked":"Warcry","floor":1},{"not_picked":["Anger","Inflame"],"picked":"Blood for Blood","floor":7},{"not_picked":["Twin Strike","Bloodletting"],"picked":"Inflame","floor":14}],"player_experience":17911,"relics_obtained":[{"floor":7,"key":"ScarletDevilRocket"},{"floor":9,"key":"Darkstone Periapt"},{"floor":14,"key":"Blood Vial"}],"event_choices":[{"damage_healed":0,"gold_gain":0,"player_choice":"Grow","damage_taken":0,"max_hp_gain":0,"max_hp_loss":0,"event_name":"Living Wall","floor":2,"gold_loss":0,"cards_upgraded":["Warcry"]},{"damage_healed":0,"gold_gain":0,"player_choice":"Box","damage_taken":0,"relics_obtained":["Juzu Bracelet"],"max_hp_gain":0,"max_hp_loss":0,"event_name":"Big Fish","floor":3,"gold_loss":0,"cards_obtained":["Regret"]},{"damage_healed":0,"gold_gain":0,"player_choice":"Entered Light","damage_taken":16,"max_hp_gain":0,"max_hp_loss":0,"event_name":"Shining Light","floor":4,"gold_loss":0,"cards_upgraded":["Defend_R","Strike_R"]},{"damage_healed":20,"gold_gain":0,"player_choice":"Healed","damage_taken":0,"max_hp_gain":0,"max_hp_loss":0,"event_name":"The Cleric","floor":12,"gold_loss":35}],"is_beta":false,"boss_relics":[],"items_purged_floors":[],"is_endless":false,"potions_floor_spawned":[7],"killed_by":"Slime Boss","ascension_level":0}}