{"host":"9n6i2vl93jt4o42q","time":1611284607,"event":{"mods":["BaseMod","Minty Spire (QoL Compilation)","Relic Stats"],"gold_per_floor":[119,130,5,23,39,39,69,41,41,116,116,38,54,66,66,144,144,144,144,18,18,18,18,18,18,18,18,18,18,18,18,18,18,18,18,18,18,18,18,18,18,18,18,18,18,18,18,18,18,18,18,18,18,18,18,18,18],"floor_reached":56,"language":"ENG","playtime":9315,"items_purged":["Decay"],"score":2170,"play_id":"26ee3c61-ab23-4112-88fb-1025b213b31e","local_time":"20210122040327","is_ascension_mode":true,"campfire_choices":[{"data":"Calculated Gamble","floor":6.0,"key":"SMITH"},{"floor":15.0,"key":"REST"},{"data":"After Image","floor":23.0,"key":"SMITH"},{"data":"Burst","floor":27.0,"key":"SMITH"},{"data":"Malaise","floor":32.0,"key":"SMITH"},{"floor":49.0,"key":"RECALL"},{"data":"The Bomb","floor":53,"key":"SMITH"}],"circlet_count":0,"master_deck":["AscendersBane","Defend_G","Defend_G","Defend_G","Defend_G","Defend_G+1","Survivor","Neutralize","The Bomb+1","Backflip","Calculated Gamble+1","Slice","Cloak And Dagger","Flying Knee","Blade Dance+1","Leg Sweep","PiercingWail","After Image+1","Burst+1","Bite","Bite","Bite","Bite","Bite","Outmaneuver","Flash of Steel","Dodge and Roll","Acrobatics","Escape Plan","Malaise+1","Footwork+1","Burst","Blur+1","Heel Hook+1","Deflect+1","Distraction+1","PiercingWail","Finisher"],"relics":["Ring of the Snake","HornCleat","Kunai","Ectoplasm","NlothsMask","Gremlin Horn","Frozen Egg 2","Runic Pyramid","Ancient Tea Set","Lantern","Mango","Lizard Tail","Pen Nib"],"acts_visited":["Exordium","TheCity","TheBeyond","TheEnding"],"potions_floor_usage":[50],"damage_taken":[{"damage":0.0,"enemies":"Cultist","floor":1.0,"turns":3.0},{"damage":0.0,"enemies":"2 Louse","floor":2.0,"turns":3.0},{"damage":5.0,"enemies":"Small Slimes","floor":4.0,"turns":4.0},{"damage":5.0,"enemies":"Blue Slaver","floor":5.0,"turns":3.0},{"damage":10.0,"enemies":"Lagavulin","floor":7.0,"turns":5.0},{"damage":7.0,"enemies":"Exordium Wildlife","floor":13.0,"turns":6.0},{"damage":0.0,"enemies":"Looter","floor":14.0,"turns":3.0},{"damage":3.0,"enemies":"The Guardian","floor":16.0,"turns":16.0},{"damage":9.0,"enemies":"Spheric Guardian","floor":18.0,"turns":5.0},{"damage":0.0,"enemies":"3 Byrds","floor":22.0,"turns":6.0},{"damage":12.0,"enemies":"Centurion and Healer","floor":24.0,"turns":8.0},{"damage":0.0,"enemies":"Slavers","floor":25.0,"turns":7.0},{"damage":4.0,"enemies":"3 Cultists","floor":28.0,"turns":5.0},{"damage":0.0,"enemies":"Shelled Parasite and Fungi","floor":29.0,"turns":6.0},{"damage":0.0,"enemies":"Book of Stabbing","floor":31.0,"turns":9.0},{"damage":13.0,"enemies":"Collector","floor":33.0,"turns":19.0},{"damage":1.0,"enemies":"Orb Walker","floor":35.0,"turns":4.0},{"damage":8.0,"enemies":"3 Darklings","floor":36.0,"turns":7.0},{"damage":0.0,"enemies":"Maw","floor":37.0,"turns":14.0},{"damage":0.0,"enemies":"4 Shapes","floor":38.0,"turns":7.0},{"damage":0.0,"enemies":"3 Darklings","floor":39.0,"turns":4.0},{"damage":0.0,"enemies":"Nemesis","floor":40.0,"turns":13.0},{"damage":3.0,"enemies":"Sphere and 2 Shapes","floor":41.0,"turns":7.0},{"damage":25.0,"enemies":"Giant Head","floor":42.0,"turns":17.0},{"damage":0.0,"enemies":"Nemesis","floor":44.0,"turns":11.0},{"damage":23.0,"enemies":"Transient","floor":45.0,"turns":6.0},{"damage":6.0,"enemies":"Spire Growth","floor":46.0,"turns":8.0},{"damage":0.0,"enemies":"3 Darklings","floor":47.0,"turns":7.0},{"damage":0.0,"enemies":"Mind Bloom Boss Battle","floor":48.0,"turns":14.0},{"damage":14,"enemies":"Donu and Deca","floor":50,"turns":18},{"damage":10,"enemies":"Awakened One","floor":51,"turns":44},{"damage":33,"enemies":"Shield and Spear","floor":55,"turns":17},{"damage":89,"enemies":"The Heart","floor":56,"turns":6}],"seed_played":"3118523930472153596","potions_obtained":[{"floor":1.0,"key":"Ancient Potion"},{"floor":5.0,"key":"SneckoOil"},{"floor":7.0,"key":"Block Potion"},{"floor":13.0,"key":"CunningPotion"},{"floor":16.0,"key":"PowerPotion"},{"floor":22.0,"key":"Dexterity Potion"},{"floor":25.0,"key":"BlessingOfTheForge"},{"floor":30.0,"key":"CultistPotion"},{"floor":42.0,"key":"PowerPotion"},{"floor":45.0,"key":"DistilledChaos"},{"floor":47.0,"key":"FearPotion"}],"is_trial":false,"path_per_floor":["M","M","$","M","M","R","E","$","T","?","?","$","M","M","R","B",null,"M","?","$","?","M","R","M","E","T","R","M","M","?","E","R","B",null,"M","M","M","M","M","E","M","E","T","E","M","M","M","?","R","B","B",null,"R","$","E","B"],"character_chosen":"THE_SILENT","items_purchased":["Slice","Blade Dance","Leg Sweep","Outmaneuver","Flash of Steel"],"campfire_rested":1,"item_purchase_floors":[3,8,12,20,20],"current_hp_per_floor":[59,59,59,54,49,49,39,39,39,28,8,8,1,1,20,17,54,45,45,45,45,46,46,42,46,46,46,46,46,46,46,46,46,46,46,46,46,46,46,46,46,46,46,60,39,45,55,60,60,54,60,60,60,60,47,0,0],"gold":18,"neow_bonus":"RANDOM_COLORLESS_2","is_daily":false,"chose_seed":false,"campfire_upgraded":5,"win_rate":0.0,"timestamp":1611284607,"path_taken":["M","M","$","?","M","R","E","?","T","?","?","?","M","M","R","BOSS","M","?","$","?","M","R","M","E","T","R","M","?","?","E","R","BOSS","M","?","M","M","M","E","M","E","T","E","M","M","M","?","R","BOSS","BOSS","R","$","E","BOSS"],"items_purchased_type":["Card","Card","Card","Card","Card"],"build_version":"2020-12-22","purchased_purges":1,"victory":false,"max_hp_per_floor":[66,66,66,66,66,66,66,66,66,66,66,66,66,66,66,66,66,66,46,46,46,46,46,46,46,46,46,46,46,46,46,46,46,46,46,46,46,46,46,46,46,46,46,60,60,60,60,60,60,60,60,60,60,60,60,60,60],"relic_stats":{"Lizard Tail":30,"Gremlin Horn":[18,18],"counters":[33,312],"Ectoplasm":514,"Pen Nib":[1],"Kunai":[201],"obtain_stats":[{"Lantern":42,"Gremlin Horn":25,"Mango":44,"Pen Nib":55,"Frozen Egg 2":31,"Ancient Tea Set":40,"Lizard Tail":48,"HornCleat":7,"Ectoplasm":17,"Kunai":9,"Ring of the Snake":0,"NlothsMask":21,"Runic Pyramid":34},{"Lantern":24,"Gremlin Horn":12,"Mango":25,"Pen Nib":32,"Frozen Egg 2":15,"Ancient Tea Set":22,"Lizard Tail":29,"HornCleat":5,"Ectoplasm":8,"Kunai":5,"Ring of the Snake":0,"NlothsMask":9,"Runic Pyramid":16},{"Lantern":181,"Gremlin Horn":69,"Mango":192,"Pen Nib":306,"Frozen Egg 2":89,"Ancient Tea Set":157,"Lizard Tail":227,"HornCleat":18,"Ectoplasm":43,"Kunai":18,"Ring of the Snake":0,"NlothsMask":48,"Runic Pyramid":108}],"Ring of the Snake":[66]},"card_choices":[{"not_picked":["Metamorphosis","Mayhem"],"picked":"The Bomb","floor":0.0},{"not_picked":["Quick Slash","Expertise"],"picked":"Backflip","floor":1.0},{"not_picked":["Dagger Spray","Deadly Poison"],"picked":"Calculated Gamble","floor":2.0},{"not_picked":["Dagger Throw","Prepared"],"picked":"Cloak And Dagger","floor":4.0},{"not_picked":["Calculated Gamble","Backflip","Dodge and Roll"],"picked":"SKIP","floor":5.0},{"not_picked":["Die Die Die","Quick Slash"],"picked":"Flying Knee","floor":7.0},{"not_picked":["Noxious Fumes","Dagger Spray"],"picked":"PiercingWail","floor":13.0},{"not_picked":["Deflect","Noxious Fumes"],"picked":"After Image","floor":14.0},{"not_picked":["Phantasmal Killer","Tools of the Trade"],"picked":"Burst","floor":16.0},{"not_picked":["Dash","Dagger Throw","Poisoned Stab"],"picked":"SKIP","floor":18.0},{"not_picked":["Slice","Heel Hook","Cloak And Dagger"],"picked":"SKIP","floor":22.0},{"not_picked":["Quick Slash","Flying Knee"],"picked":"Dodge and Roll","floor":24.0},{"not_picked":["Dagger Spray","Poisoned Stab"],"picked":"Acrobatics","floor":25.0},{"not_picked":["Riddle With Holes","Quick Slash"],"picked":"Escape Plan","floor":28.0},{"not_picked":["Acrobatics+1","All Out Attack+1"],"picked":"Malaise","floor":29.0},{"not_picked":["Sucker Punch","Cloak And Dagger"],"picked":"Footwork+1","floor":31.0},{"not_picked":["Venomology","Glass Knife"],"picked":"Burst","floor":33.0},{"not_picked":["Eviscerate","Leg Sweep"],"picked":"Blur+1","floor":35.0},{"not_picked":["Dodge and Roll","Acrobatics+1"],"picked":"Heel Hook+1","floor":36.0},{"not_picked":["Poisoned Stab+1","Well Laid Plans+1","Crippling Poison"],"picked":"SKIP","floor":37.0},{"not_picked":["Dagger Throw+1","Flechettes"],"picked":"Deflect+1","floor":38.0},{"not_picked":["Flying Knee","Dodge and Roll+1"],"picked":"Distraction+1","floor":39.0},{"not_picked":["Cloak And Dagger","All Out Attack","Catalyst+1"],"picked":"SKIP","floor":40.0},{"not_picked":["Outmaneuver","Slice"],"picked":"PiercingWail","floor":41.0},{"not_picked":["Predator+1","Burst","Dagger Throw+1"],"picked":"SKIP","floor":42.0},{"not_picked":["PiercingWail+1","Bane+1"],"picked":"Finisher","floor":44.0},{"not_picked":["Distraction","Dagger Throw+1","Outmaneuver+1"],"picked":"SKIP","floor":45.0},{"not_picked":["Flying Knee","Deadly Poison","Slice"],"picked":"SKIP","floor":46.0},{"not_picked":["Slice+1","Flying Knee","Backflip"],"picked":"SKIP","floor":47.0},{"not_picked":["Poisoned Stab","Die Die Die","Slice"],"picked":"SKIP","floor":55}],"player_experience":2226429,"relics_obtained":[{"floor":7.0,"key":"HornCleat"},{"floor":9.0,"key":"Kunai"},{"floor":25.0,"key":"Gremlin Horn"},{"floor":31.0,"key":"Frozen Egg 2"},{"floor":40.0,"key":"Ancient Tea Set"},{"floor":42.0,"key":"Lantern"},{"floor":44.0,"key":"Mango"},{"floor":48.0,"key":"Lizard Tail"},{"floor":55,"key":"Pen Nib"}],"event_choices":[{"damage_healed":0.0,"max_hp_gain":0.0,"max_hp_loss":0.0,"gold_gain":75.0,"event_name":"World of Goop","player_choice":"Gather Gold","floor":10.0,"gold_loss":0.0,"damage_taken":11.0},{"damage_healed":0.0,"max_hp_gain":0.0,"max_hp_loss":0.0,"gold_gain":0.0,"event_name":"Shining Light","player_choice":"Entered Light","floor":11.0,"gold_loss":0.0,"damage_taken":20.0,"cards_upgraded":["Blade Dance","Defend_G"]},{"damage_healed":0.0,"max_hp_gain":0.0,"max_hp_loss":20.0,"gold_gain":0.0,"event_name":"Vampires","player_choice":"Became a vampire","floor":19.0,"gold_loss":0.0,"damage_taken":0.0,"cards_obtained":["Bite","Bite","Bite","Bite","Bite"]},{"damage_healed":0.0,"max_hp_gain":0.0,"max_hp_loss":0.0,"gold_gain":0.0,"event_name":"FaceTrader","player_choice":"Trade","floor":21.0,"gold_loss":0.0,"damage_taken":0.0,"relics_obtained":["NlothsMask"]},{"damage_healed":0.0,"max_hp_gain":0.0,"max_hp_loss":0.0,"gold_gain":0.0,"event_name":"Lab","player_choice":"Got Potions","floor":30.0,"gold_loss":0.0,"damage_taken":0.0},{"damage_healed":0.0,"max_hp_gain":0.0,"max_hp_loss":0.0,"gold_gain":0.0,"event_name":"MindBloom","player_choice":"Fight","floor":48.0,"gold_loss":0.0,"damage_taken":0.0}],"is_beta":false,"boss_relics":[{"not_picked":["Astrolabe","Velvet Choker"],"picked":"Ectoplasm"},{"not_picked":["Black Star","Empty Cage"],"picked":"Runic Pyramid"}],"items_purged_floors":[3],"is_endless":false,"potions_floor_spawned":[1,5,7,13,16,22,24,25,33,36,38,42,45,47,48],"killed_by":"The Heart","ascension_level":20}}