{"host":"ak97kadm4gobvh6l","time":1611351662,"event":{"mods":["BaseMod","Colored Map","Downfall","Minty Spire (QoL Compilation)","StSLib"],"gold_per_floor":[99,112,124,140,158,193,216,228,259,59,59,59,59,94,108,210,210,210,222,241,259,272,306,331,359,371,371,391,291,362,397,414,515,515,515,528,84,132,143,178,224,237,253,373,373,373,373,393,413,413,413,447,168,168,168,168],"floor_reached":57,"language":"ENG","playtime":7153,"items_purged":["downfall:Bewildered","bronze:Defend","bronze:Defend"],"score":1585,"play_id":"368010ba-bd94-46b0-8ed9-f0906678f0d5","local_time":"20210122224102","is_ascension_mode":true,"campfire_choices":[{"data":"bronze:Goto","floor":1,"key":"SMITH"},{"data":"bronze:Library","floor":10,"key":"SMITH"},{"floor":13,"key":"REST"},{"data":"bronze:Library","floor":18,"key":"SMITH"},{"floor":27,"key":"RECALL"},{"floor":29,"key":"REST"},{"data":"bronze:Library","floor":35,"key":"SMITH"},{"data":"bronze:Terminator","floor":45,"key":"SMITH"},{"data":"bronze:Replicate","floor":47,"key":"SMITH"},{"data":"bronze:HardenedForm","floor":54,"key":"SMITH"}],"circlet_count":0,"master_deck":["bronze:Strike+1","bronze:Defend+1","bronze:Defend+1","bronze:Replicate+1","bronze:Goto+1","bronze:Safeguard+1","bronze:ForLoop","bronze:Library+1","bronze:Branch","bronze:Shell+1","bronze:Terminator+1","bronze:SpaghettiCode","bronze:Safeguard","bronze:Library+1","bronze:ClassDefault","bronze:BronzeOrb","bronze:InfiniteBeams+1","bronze:Library+1","CurseOfTheBell","bronze:FunctionCard","bronze:HardenedForm+1","bronze:Refactor"],"relics":["bronze:BronzeCore","Oddly Smooth Stone","Tiny Chest","downfall:HeartBlessingGreen","downfall:HeartBlessingBlue","StrikeDummy","sneckomod:SneckoTalon","Calipers","Juzu Bracelet","Meat on the Bone","downfall:HeartBlessingRed","Mummified Hand","Art of War","Calling Bell","War Paint","Shuriken","Incense Burner","Ice Cream","MealTicket","bronze:Timepiece","Boot","Ginger"],"acts_visited":["Exordium","TheCity","TheBeyond","TheEnding"],"potions_floor_usage":[6,16,16,21,23,25,33,33,44,44,52,55,55],"damage_taken":[{"damage":0,"enemies":"Cultist","floor":2,"turns":4},{"damage":3,"enemies":"2 Louse","floor":3,"turns":3},{"damage":0,"enemies":"Jaw Worm","floor":4,"turns":3},{"damage":6,"enemies":"2 Fungi Beasts","floor":5,"turns":5},{"damage":39,"enemies":"Gremlin Nob","floor":6,"turns":5},{"damage":0,"enemies":"Red Slaver","floor":8,"turns":5},{"damage":0,"enemies":"Lagavulin","floor":9,"turns":5},{"damage":33,"enemies":"Gremlin Nob","floor":14,"turns":6},{"damage":8,"enemies":"Large Slime","floor":15,"turns":6},{"damage":5,"enemies":"IC_STATUS_ARCHETYPE","floor":16,"turns":14},{"damage":0,"enemies":"Shell Parasite","floor":19,"turns":5},{"damage":0,"enemies":"Spheric Guardian","floor":20,"turns":8},{"damage":16,"enemies":"Snake Plant","floor":21,"turns":5},{"damage":20,"enemies":"Cultist and Chosen","floor":22,"turns":8},{"damage":13,"enemies":"Book of Stabbing","floor":23,"turns":8},{"damage":15,"enemies":"Gremlin Leader","floor":25,"turns":8},{"damage":2,"enemies":"Centurion and Healer","floor":26,"turns":8},{"damage":9,"enemies":"Snecko","floor":28,"turns":7},{"damage":17,"enemies":"Slavers","floor":31,"turns":6},{"damage":0,"enemies":"Snake Plant","floor":32,"turns":5},{"damage":0,"enemies":"DF_ARCHETYPE_CLAW","floor":33,"turns":6},{"damage":26,"enemies":"3 Darklings","floor":36,"turns":7},{"damage":0,"enemies":"downfall:FleeingMerchant","floor":37,"turns":4},{"damage":0,"enemies":"3 Shapes","floor":39,"turns":4},{"damage":2,"enemies":"Giant Head","floor":40,"turns":7},{"damage":1,"enemies":"Sphere and 2 Shapes","floor":42,"turns":4},{"damage":4,"enemies":"3 Darklings","floor":43,"turns":3},{"damage":0,"enemies":"downfall:FleeingMerchant","floor":44,"turns":3},{"damage":3,"enemies":"Jaw Worm Horde","floor":48,"turns":5},{"damage":0,"enemies":"Sphere and 2 Shapes","floor":49,"turns":4},{"damage":8,"enemies":"SI_POISON_ARCHETYPE","floor":50,"turns":5},{"damage":62,"enemies":"downfall:CharBossMerchant","floor":52,"turns":8},{"damage":4,"enemies":"downfall:NeowBoss","floor":55,"turns":10},{"damage":10,"enemies":"downfall:NeowBossFinal","floor":56,"turns":10}],"seed_played":"3026244837267253012","potions_obtained":[{"floor":2,"key":"FairyPotion"},{"floor":4,"key":"SteroidPotion"},{"floor":6,"key":"Fruit Juice"},{"floor":9,"key":"LiquidMemories"},{"floor":15,"key":"DistilledChaos"},{"floor":20,"key":"AttackPotion"},{"floor":22,"key":"Weak Potion"},{"floor":23,"key":"Energy Potion"},{"floor":26,"key":"Dexterity Potion"},{"floor":28,"key":"BlessingOfTheForge"},{"floor":32,"key":"SkillPotion"},{"floor":39,"key":"Swift Potion"},{"floor":48,"key":"Energy Potion"}],"is_trial":false,"path_per_floor":["R","M","M","M","M","E","T","M","E","R","?","?","R","E","M","B",null,"R","M","M","M","M","E","T","E","M","R","M","R","T","E","M","B",null,"R","M","$","T","M","E","T","M","M","$","R","?","R","M","M","B",null,"E","$","R","B","B",null],"character_chosen":"THE_AUTOMATON","items_purchased":["Strength Potion","Ice Cream","CultistPotion","EssenceOfSteel","bronze:Refactor"],"campfire_rested":2,"item_purchase_floors":[37,37,44,53,53],"current_hp_per_floor":[70,70,67,67,61,27,27,27,27,37,37,37,62,29,21,16,85,85,85,85,69,49,36,36,21,31,31,34,59,59,54,54,54,85,85,59,59,59,59,57,57,56,52,67,67,67,67,64,64,56,85,35,50,50,46,48],"gold":168,"neow_bonus":"TRANSFORM_CARD","is_daily":false,"chose_seed":false,"campfire_upgraded":7,"win_rate":0.0,"timestamp":1611351662,"path_taken":["R","M","M","M","M","E","T","M","E","R","?","?","R","E","M","BOSS","R","M","M","M","M","E","T","E","M","R","M","R","?","E","M","BOSS","R","M","$","?","M","E","T","M","M","$","R","?","R","M","M","BOSS","E","$","R","BOSS","BOSS"],"items_purchased_type":["Potion","Relic","Potion","Potion","Card"],"build_version":"2020-12-22","purchased_purges":3,"victory":true,"max_hp_per_floor":[70,70,70,70,70,75,75,75,75,85,85,85,85,85,85,85,85,85,85,85,85,85,85,85,85,85,85,85,85,85,85,85,85,85,85,85,85,85,85,85,85,85,85,85,85,85,85,85,85,85,85,85,85,85,85,85],"card_choices":[{"not_picked":["bronze:DelayedGuard","bronze:Deprecate"],"picked":"bronze:ForLoop","floor":2},{"not_picked":["bronze:BitShift","bronze:BuggyMess","bronze:Separator"],"picked":"SKIP","floor":3},{"not_picked":["bronze:ForLoop","bronze:Shell"],"picked":"bronze:Library","floor":4},{"not_picked":["bronze:Frontload","bronze:Optimize"],"picked":"bronze:Branch","floor":5},{"not_picked":["bronze:CloningBeam","bronze:Constructor","bronze:Philosophize"],"picked":"SKIP","floor":6},{"not_picked":["bronze:Overload","bronze:FineTuning"],"picked":"bronze:Shell","floor":8},{"not_picked":["bronze:Shield","bronze:BuggyMess"],"picked":"bronze:Terminator","floor":9},{"not_picked":["bronze:CutThrough","bronze:ForceShield"],"picked":"bronze:SpaghettiCode","floor":14},{"not_picked":["bronze:BuggyMess","bronze:OilSpill"],"picked":"bronze:Safeguard","floor":15},{"not_picked":["bronze:RecursiveStrike","bronze:Virus"],"picked":"bronze:Library","floor":16},{"not_picked":["bronze:Frontload","bronze:Deprecate+1","bronze:Separator+1"],"picked":"SKIP","floor":19},{"not_picked":["bronze:Invalidate","bronze:Frontload","bronze:DelayedSlice"],"picked":"SKIP","floor":20},{"not_picked":["bronze:Assembly","bronze:Fortify","bronze:OilSpill"],"picked":"SKIP","floor":21},{"not_picked":["bronze:BugBarrage","bronze:Refactor"],"picked":"bronze:ClassDefault","floor":22},{"not_picked":["bronze:BitShift","bronze:MaxOutput"],"picked":"bronze:BronzeOrb","floor":23},{"not_picked":["bronze:Virus","bronze:BuggyMess","bronze:DelayedSlice+1"],"picked":"SKIP","floor":25},{"not_picked":["bronze:FineTuning","bronze:Invalidate","bronze:DarkDash"],"picked":"SKIP","floor":26},{"not_picked":["bronze:BugBarrage","bronze:Deprecate+1","bronze:Return"],"picked":"SKIP","floor":28},{"not_picked":["bronze:Deprecate","bronze:Turbo+1"],"picked":"bronze:InfiniteBeams+1","floor":31},{"not_picked":["bronze:Constructor+1","bronze:Invalidate"],"picked":"bronze:Library","floor":32},{"not_picked":["bronze:Assembly","bronze:BurnOut"],"picked":"bronze:Hardcode","floor":33},{"not_picked":["bronze:FineTuning","bronze:Flail","bronze:Separator+1"],"picked":"SKIP","floor":36},{"not_picked":["bronze:SpaghettiCode","bronze:Frontload","bronze:BugBarrage"],"picked":"SKIP","floor":37},{"not_picked":["bronze:BugBarrage+1","bronze:ForLoop+1","bronze:Frontload"],"picked":"SKIP","floor":39},{"not_picked":["bronze:Fortify","bronze:GetLatest+1","bronze:Constructor+1"],"picked":"SKIP","floor":40},{"not_picked":["bronze:DelayedSlice","bronze:ClassDefault","bronze:Allocate"],"picked":"SKIP","floor":42},{"not_picked":["bronze:BugBarrage","bronze:FineTuning","bronze:DelayedSlice"],"picked":"SKIP","floor":43},{"not_picked":["bronze:FineTuning+1","bronze:BugBarrage+1","bronze:SpaghettiCode"],"picked":"SKIP","floor":44},{"not_picked":["bronze:Separator","bronze:Flail","bronze:FineTuning"],"picked":"SKIP","floor":48},{"not_picked":["bronze:WildBeam+1","bronze:WhirlingStrike+1","bronze:FineTuning+1"],"picked":"SKIP","floor":49},{"not_picked":["bronze:Frontload","bronze:BronzeOrb"],"picked":"bronze:HardenedForm","floor":52}],"player_experience":1050271,"relics_obtained":[{"floor":6,"key":"Oddly Smooth Stone"},{"floor":9,"key":"Tiny Chest"},{"floor":14,"key":"StrikeDummy"},{"floor":23,"key":"Calipers"},{"floor":24,"key":"Juzu Bracelet"},{"floor":25,"key":"Meat on the Bone"},{"floor":30,"key":"Mummified Hand"},{"floor":31,"key":"Art of War"},{"floor":34,"key":"War Paint"},{"floor":34,"key":"Shuriken"},{"floor":34,"key":"Incense Burner"},{"floor":38,"key":"MealTicket"},{"floor":40,"key":"bronze:Timepiece"},{"floor":41,"key":"Boot"},{"floor":52,"key":"Ginger"}],"event_choices":[],"is_beta":false,"boss_relics":[{"not_picked":["expansioncontent:StudyCardRelic","Runic Dome"],"picked":"sneckomod:SneckoTalon"},{"not_picked":["Velvet Choker","bronze:MakeshiftBattery"],"picked":"Calling Bell"}],"items_purged_floors":[37,44,53],"is_endless":false,"potions_floor_spawned":[2,4,6,9,15,20,22,23,26,28,32,39,43,48],"ascension_level":2}}