{"host":"17uzppmr1r5fe5jj","time":1611333256,"event":{"mods":["BaseMod","Minty Spire (QoL Compilation)","Quick Restart","Relic Stats","StSLib","TestMod","[IsaacMod]以撒尖塔"],"gold_per_floor":[111,111,111,130,155,199,199,212,212,148,169,169,169,72,72,192,192,210,224,25,43,67,67,110,110,192,192,192,38,438,482,482,482,482],"floor_reached":33,"language":"ZHS","playtime":1962,"items_purged":["Strike_R","Strike_R","Strike_R","Strike_R"],"score":311,"play_id":"f3bb826f-bb30-4ca0-8bff-43720f04a020","local_time":"20210123003416","is_ascension_mode":true,"campfire_choices":[{"data":"Body Slam","floor":7.0,"key":"SMITH"},{"data":"Armaments","floor":12.0,"key":"SMITH"},{"data":"testmod-ConditionedReflex","floor":15.0,"key":"SMITH"},{"data":"Rupture","floor":23.0,"key":"SMITH"},{"data":"Second Wind","floor":25.0,"key":"SMITH"},{"data":"Shrug It Off","floor":27.0,"key":"SMITH"},{"floor":32,"key":"REST"}],"circlet_count":0,"master_deck":["Defend_R","Defend_R","Defend_R","Bash","Carnage","Body Slam+1","Corruption","Rupture+1","Armaments+1","Second Wind+1","Pummel","testmod-HeadAttack","testmod-ConditionedReflex+1","Limit Break","Anger","Battle Trance","Shrug It Off+1","Havoc+1","Pommel Strike","Bloodletting"],"relics":["Burning Blood","HushsDoor","testmod-BouquetWithThorns","SteamSale","Golden Idol","Gremlin Horn","Kunai","testmod-EnergyCheck","testmod-Antiphasic","testmod-LifeArmor","Singing Bowl","Nunchaku","testmod-Maize"],"acts_visited":["Exordium","TheCity"],"potions_floor_usage":[31,31],"damage_taken":[{"damage":5.0,"enemies":"Cultist","floor":1.0,"turns":4.0},{"damage":5.0,"enemies":"Small Slimes","floor":4.0,"turns":3.0},{"damage":0.0,"enemies":"2 Louse","floor":5.0,"turns":2.0},{"damage":39.0,"enemies":"3 Sentries","floor":6.0,"turns":7.0},{"damage":7.0,"enemies":"Exordium Thugs","floor":8.0,"turns":4.0},{"damage":0.0,"enemies":"Large Slime","floor":11.0,"turns":5.0},{"damage":19.0,"enemies":"The Guardian","floor":16.0,"turns":8.0},{"damage":22.0,"enemies":"2 Thieves","floor":18.0,"turns":4.0},{"damage":20.0,"enemies":"Shell Parasite","floor":19.0,"turns":4.0},{"damage":6.0,"enemies":"Chosen and Byrds","floor":21.0,"turns":4.0},{"damage":20.0,"enemies":"Snecko","floor":22.0,"turns":3.0},{"damage":3.0,"enemies":"Gremlin Leader","floor":24.0,"turns":8.0},{"damage":17,"enemies":"Slavers","floor":31,"turns":3},{"damage":61,"enemies":"Collector","floor":33,"turns":6}],"seed_played":"204743949513534854","potions_obtained":[{"floor":1.0,"key":"Ancient Potion"},{"floor":8.0,"key":"DuplicationPotion"},{"floor":16.0,"key":"DuplicationPotion"},{"floor":18.0,"key":"FearPotion"},{"floor":22.0,"key":"ColorlessPotion"},{"floor":24.0,"key":"Dexterity Potion"}],"is_trial":false,"path_per_floor":["M","?","?","M","M","E","R","M","T","$","M","R","?","$","R","B",null,"M","M","$","M","M","R","E","R","T","R","?","$","?","E","R","B"],"character_chosen":"IRONCLAD","items_purchased":["PowerPotion","testmod-ConditionedReflex","testmod-Antiphasic","Battle Trance","Shrug It Off","Nunchaku"],"campfire_rested":1,"item_purchase_floors":[10,14,20,20,20,29],"current_hp_per_floor":[72,72,54,55,61,28,28,27,27,27,33,33,33,33,33,20,72,56,42,42,42,28,28,31,31,31,31,31,31,31,20,41,0,0],"gold":482,"neow_bonus":"REMOVE_TWO","is_daily":false,"chose_seed":false,"campfire_upgraded":6,"win_rate":0.0,"timestamp":1611333256,"path_taken":["M","?","?","M","?","E","R","M","T","$","M","R","?","$","R","BOSS","M","M","$","M","M","R","E","R","T","R","?","$","?","E","R","BOSS"],"items_purchased_type":["Potion","Card","Relic","Card","Card","Relic"],"build_version":"2020-12-22","purchased_purges":4,"victory":false,"max_hp_per_floor":[72,72,72,72,72,72,72,72,72,72,72,72,72,72,72,72,72,72,72,72,72,72,72,72,72,72,72,72,72,72,72,72,82,82],"relic_stats":{"Nunchaku":[3],"Gremlin Horn":[9,13],"Singing Bowl":0,"counters":[14,65],"Golden Idol":83,"Kunai":[25],"obtain_stats":[{"KeepersGift":0,"testmod-Maize":31,"testmod-TestBox":0,"Gremlin Horn":6,"Singing Bowl":26,"Golden Idol":3,"testmod-LifeArmor":24,"testmod-BouquetWithThorns":0,"SteamSale":0,"Burning Blood":0,"testmod-Antiphasic":20,"Nunchaku":29,"Kunai":9,"HushsDoor":0,"testmod-EnergyCheck":17},{"KeepersGift":0,"testmod-Maize":13,"testmod-TestBox":0,"Gremlin Horn":4,"Singing Bowl":12,"Golden Idol":1,"testmod-LifeArmor":12,"testmod-BouquetWithThorns":0,"SteamSale":0,"Burning Blood":0,"testmod-Antiphasic":9,"Nunchaku":12,"Kunai":5,"HushsDoor":0,"testmod-EnergyCheck":7},{"KeepersGift":0,"testmod-Maize":59,"testmod-TestBox":0,"Gremlin Horn":16,"Singing Bowl":56,"Golden Idol":4,"testmod-LifeArmor":56,"testmod-BouquetWithThorns":0,"SteamSale":0,"Burning Blood":0,"testmod-Antiphasic":41,"Nunchaku":56,"Kunai":20,"HushsDoor":0,"testmod-EnergyCheck":33}],"Burning Blood":77},"card_choices":[{"not_picked":["Iron Wave","Wild Strike"],"picked":"Carnage","floor":1.0},{"not_picked":["Pommel Strike","Havoc"],"picked":"Body Slam","floor":4.0},{"not_picked":["Armaments","Searing Blow"],"picked":"Corruption","floor":5.0},{"not_picked":["Bloodletting","Combust"],"picked":"Rupture","floor":6.0},{"not_picked":["Combust","Clash"],"picked":"Armaments","floor":8.0},{"not_picked":["Cleave","Heavy Blade"],"picked":"Second Wind","floor":11.0},{"not_picked":["Bludgeon","Reaper"],"picked":"Limit Break","floor":16.0},{"not_picked":["Havoc","Clash"],"picked":"Anger","floor":18.0},{"not_picked":["True Grit","Carnage+1","Perfected Strike+1"],"picked":"SKIP","floor":19.0},{"not_picked":["Shrug It Off","Flame Barrier+1"],"picked":"Havoc+1","floor":21.0},{"not_picked":["Armaments","Inflame"],"picked":"Pommel Strike","floor":22.0},{"not_picked":["Pommel Strike","Spot Weakness+1","Cleave"],"picked":"SKIP","floor":24.0},{"not_picked":["Shockwave","Dual Wield"],"picked":"Bloodletting","floor":31}],"player_experience":94709,"relics_obtained":[{"floor":6.0,"key":"Gremlin Horn"},{"floor":9.0,"key":"Kunai"},{"floor":24.0,"key":"testmod-LifeArmor"},{"floor":26.0,"key":"Singing Bowl"},{"floor":31,"key":"testmod-Maize"}],"event_choices":[{"damage_healed":0.0,"max_hp_gain":0.0,"max_hp_loss":0.0,"gold_gain":0.0,"event_name":"给自己的盒子","player_choice":"Ignored","floor":2.0,"gold_loss":0.0,"damage_taken":0.0},{"damage_healed":0.0,"max_hp_gain":0.0,"max_hp_loss":0.0,"gold_gain":0.0,"event_name":"Golden Idol","player_choice":"Take Damage","floor":3.0,"gold_loss":0.0,"damage_taken":18.0,"relics_obtained":["Golden Idol"]},{"damage_healed":0.0,"max_hp_gain":0.0,"max_hp_loss":0.0,"gold_gain":0.0,"event_name":"Match and Keep!","player_choice":"2 cards matched","floor":13.0,"gold_loss":0.0,"damage_taken":0.0,"cards_obtained":["Pummel","testmod-HeadAttack"]},{"damage_healed":0.0,"max_hp_gain":0.0,"max_hp_loss":0.0,"gold_gain":0.0,"event_name":"Match and Keep!","player_choice":"2 cards matched","floor":13.0,"gold_loss":0.0,"damage_taken":0.0,"cards_obtained":["Pummel","testmod-HeadAttack"]},{"damage_healed":0.0,"max_hp_gain":0.0,"max_hp_loss":0.0,"gold_gain":0.0,"event_name":"Vampires","player_choice":"Ignored","floor":28.0,"gold_loss":0.0,"damage_taken":0.0},{"damage_healed":0.0,"max_hp_gain":0.0,"max_hp_loss":0.0,"gold_gain":400.0,"event_name":"恩洛斯的盘子","player_choice":"Sell","floor":30.0,"relics_lost":["testmod-TestBox"],"gold_loss":0.0,"damage_taken":0.0}],"is_beta":false,"boss_relics":[{"not_picked":["testmod-DeterminationOfClimber","Ectoplasm"],"picked":"testmod-EnergyCheck"},{"not_picked":[]}],"items_purged_floors":[10,14,20,29],"is_endless":false,"potions_floor_spawned":[1,8,16,18,22,24],"killed_by":"Collector","ascension_level":2}}