{"host":"sc0o2qwpf9j16a4i","time":1611326362,"event":{"mods":["AchievementEnabler","BaseMod","BetterRewards","Block Reminder","Colored Map","Colored Powertips","Custom Start","Highlight Path","Minty Spire (QoL Compilation)","Relic Stats"],"gold_per_floor":[109,109,30,46,61,61,91,91,91,122,139,139,197,33,33,104,104,115,127,137,137,156,156,191,191,191,205,205,18,18,49,49,125,125,141,153,167,177,193,219,219,231,285,308,40,71,71,71,71,71,71,71,71,28,61,61],"floor_reached":57,"language":"ENG","playtime":2757,"items_purged":["Strike_G","Clumsy"],"score":3399,"play_id":"6109a1a3-66d8-4941-9225-8d7a0463eb98","local_time":"20210122163922","is_ascension_mode":true,"campfire_choices":[{"data":"Noxious Fumes","floor":6,"key":"SMITH"},{"floor":8,"key":"REST"},{"floor":12,"key":"REST"},{"data":"Neutralize","floor":15,"key":"SMITH"},{"floor":23,"key":"REST"},{"floor":28,"key":"REST"},{"floor":30,"key":"REST"},{"floor":32,"key":"REST"},{"floor":41,"key":"RECALL"},{"data":"Wraith Form v2","floor":47,"key":"SMITH"},{"data":"Footwork","floor":49,"key":"SMITH"},{"data":"Deflect","floor":53,"key":"SMITH"}],"circlet_count":0,"master_deck":["AscendersBane","Strike_G","Strike_G","Defend_G","Defend_G","Defend_G","Defend_G","Defend_G","Survivor","Neutralize+1","Dagger Spray","Blade Dance","Noxious Fumes+1","Deflect+1","Backstab","Die Die Die+1","Calculated Gamble+1","Cloak And Dagger+1","Bouncing Flask+1","Bouncing Flask+1","Deadly Poison+1","Burst+1","Blur+1","Dodge and Roll+1","Escape Plan+1","Storm of Steel+1","PiercingWail+1","PiercingWail+1","PiercingWail+1","Wraith Form v2+1","Leg Sweep+1","PiercingWail+1","Caltrops+1","Escape Plan+1","Deflect+1","Footwork+1","Leg Sweep+1","Prepared+1","Endless Agony+1","Cloak And Dagger+1","Prepared+1"],"relics":["Ring of the Snake","OrangePellets","MealTicket","Molten Egg 2","Matryoshka","Toxic Egg 2","The Courier","Runic Pyramid","Paper Crane","Art of War","Akabeko","Lantern","Toy Ornithopter","Cursed Key","Strawberry","MawBank","Bronze Scales","Centennial Puzzle","White Beast Statue"],"acts_visited":["Exordium","TheCity","TheBeyond","TheEnding"],"potions_floor_usage":[13,24,27,33,55,56],"damage_taken":[{"damage":0,"enemies":"2 Louse","floor":1,"turns":2},{"damage":0,"enemies":"Cultist","floor":4,"turns":4},{"damage":7,"enemies":"Small Slimes","floor":5,"turns":3},{"damage":29,"enemies":"Lagavulin","floor":7,"turns":8},{"damage":17,"enemies":"3 Sentries","floor":10,"turns":6},{"damage":0,"enemies":"Exordium Wildlife","floor":11,"turns":2},{"damage":0,"enemies":"3 Sentries","floor":13,"turns":5},{"damage":12,"enemies":"The Guardian","floor":16,"turns":8},{"damage":5,"enemies":"3 Byrds","floor":18,"turns":4},{"damage":7,"enemies":"Spheric Guardian","floor":19,"turns":4},{"damage":15,"enemies":"Snake Plant","floor":20,"turns":4},{"damage":8,"enemies":"Sentry and Sphere","floor":22,"turns":6},{"damage":32,"enemies":"Slavers","floor":24,"turns":8},{"damage":7,"enemies":"Cultist and Chosen","floor":27,"turns":6},{"damage":0,"enemies":"Gremlin Leader","floor":31,"turns":6},{"damage":14,"enemies":"Collector","floor":33,"turns":8},{"damage":8,"enemies":"Orb Walker","floor":35,"turns":4},{"damage":0,"enemies":"3 Shapes","floor":36,"turns":4},{"damage":0,"enemies":"3 Darklings","floor":37,"turns":5},{"damage":0,"enemies":"4 Shapes","floor":38,"turns":1},{"damage":0,"enemies":"Transient","floor":39,"turns":6},{"damage":0,"enemies":"Nemesis","floor":40,"turns":7},{"damage":0,"enemies":"Maw","floor":42,"turns":9},{"damage":0,"enemies":"4 Shapes","floor":44,"turns":7},{"damage":4,"enemies":"Giant Head","floor":46,"turns":10},{"damage":11,"enemies":"Donu and Deca","floor":50,"turns":12},{"damage":3,"enemies":"Awakened One","floor":51,"turns":20},{"damage":31,"enemies":"Shield and Spear","floor":55,"turns":11},{"damage":40,"enemies":"The Heart","floor":56,"turns":12}],"seed_played":"8517825254589932611","potions_obtained":[{"floor":10,"key":"Poison Potion"},{"floor":11,"key":"Dexterity Potion"},{"floor":13,"key":"Fire Potion"},{"floor":24,"key":"Energy Potion"},{"floor":25,"key":"DistilledChaos"},{"floor":27,"key":"Weak Potion"},{"floor":33,"key":"BlessingOfTheForge"},{"floor":46,"key":"GhostInAJar"}],"is_trial":false,"path_per_floor":["M","?","$","M","M","R","E","R","T","E","M","R","?","$","R","B",null,"M","M","M","?","M","R","E","?","T","M","R","$","R","E","R","B",null,"M","M","M","M","M","E","R","M","T","M","$","E","R","?","R","B","B",null,"R","$","E","B",null],"character_chosen":"THE_SILENT","items_purchased":["OrangePellets","MealTicket","Dagger Spray","Noxious Fumes","Bouncing Flask+1","Deadly Poison+1","Lantern","PiercingWail+1","PiercingWail+1","Leg Sweep+1","Bronze Scales","Cloak And Dagger+1"],"campfire_rested":6,"item_purchase_floors":[0,0,0,3,14,14,29,29,29,45,45,54],"current_hp_per_floor":[44,44,59,59,52,52,23,42,42,25,25,44,44,59,59,47,61,56,49,34,34,26,45,13,13,13,6,25,40,59,59,66,52,63,55,55,55,55,55,62,62,62,62,62,73,69,69,69,69,58,55,69,69,73,47,12],"gold":61,"neow_bonus":"","is_daily":false,"chose_seed":false,"campfire_upgraded":5,"win_rate":0.0,"timestamp":1611326362,"path_taken":["M","?","?","M","M","R","E","R","T","E","?","R","?","$","R","BOSS","M","M","M","?","M","R","E","?","T","M","R","$","R","E","R","BOSS","M","M","M","M","M","E","R","M","T","M","?","E","R","?","R","BOSS","BOSS","R","$","E","BOSS"],"items_purchased_type":["Relic","Relic","Card","Card","Card","Card","Relic","Card","Card","Card","Relic","Card"],"build_version":"2020-12-22","purchased_purges":2,"victory":true,"max_hp_per_floor":[66,66,66,66,66,66,66,66,66,66,66,66,66,66,66,66,66,66,66,66,66,66,66,66,66,66,66,66,66,66,66,66,66,66,66,66,66,66,66,73,73,73,73,73,73,73,73,73,73,73,73,73,73,73,73,73],"relic_stats":{"OrangePellets":[13],"Centennial Puzzle":[12],"counters":[67,302],"Bronze Scales":[401],"MealTicket":60,"Art of War":[40],"Cursed Key":1,"MawBank":24,"obtain_stats":[{"Darkstone Periapt":24,"Lantern":29,"Gremlin Horn":45,"CeramicFish":30,"Snake Skull":29,"Smiling Mask":40,"Sling":0,"Cursed Key":34,"ClockworkSouvenir":38,"Sozu":17,"Blood Vial":0,"Dream Catcher":37,"Centennial Puzzle":43,"Matryoshka":9,"Sundial":14,"Pantograph":28,"Strawberry":40,"MealTicket":21,"Fusion Hammer":34,"Toxic Egg 2":10,"Ring of the Snake":0,"Runic Pyramid":17,"PreservedInsect":26,"The Courier":13,"War Paint":27,"Paper Crane":8,"Medical Kit":13,"MawBank":43,"White Beast Statue":12,"Akabeko":26,"OrangePellets":0,"SlaversCollar":17,"Anchor":6,"Shuriken":7,"Bronze Scales":9,"Molten Egg 2":7,"Bag of Marbles":0,"Art of War":26,"Toy Ornithopter":31},{"Darkstone Periapt":14,"Lantern":16,"Gremlin Horn":24,"CeramicFish":17,"Snake Skull":16,"Smiling Mask":22,"Sling":28,"Cursed Key":54,"ClockworkSouvenir":21,"Sozu":10,"Blood Vial":28,"Dream Catcher":21,"Centennial Puzzle":22,"Matryoshka":33,"Sundial":33,"Pantograph":16,"Strawberry":60,"MealTicket":12,"Fusion Hammer":19,"Toxic Egg 2":43,"Ring of the Snake":0,"Runic Pyramid":46,"PreservedInsect":14,"The Courier":45,"War Paint":15,"Paper Crane":33,"Medical Kit":33,"MawBank":61,"White Beast Statue":7,"Akabeko":51,"OrangePellets":28,"SlaversCollar":34,"Anchor":32,"Shuriken":4,"Bronze Scales":4,"Molten Egg 2":42,"Bag of Marbles":28,"Art of War":51,"Toy Ornithopter":53},{"Darkstone Periapt":14,"Lantern":16,"Gremlin Horn":26,"CeramicFish":17,"Snake Skull":16,"Smiling Mask":23,"Sling":34,"Cursed Key":194,"ClockworkSouvenir":21,"Sozu":10,"Blood Vial":34,"Dream Catcher":21,"Centennial Puzzle":23,"Matryoshka":63,"Sundial":63,"Pantograph":16,"Strawberry":221,"MealTicket":12,"Fusion Hammer":19,"Toxic Egg 2":133,"Ring of the Snake":0,"Runic Pyramid":148,"PreservedInsect":14,"The Courier":140,"War Paint":15,"Paper Crane":63,"Medical Kit":63,"MawBank":230,"White Beast Statue":7,"Akabeko":174,"OrangePellets":34,"SlaversCollar":73,"Anchor":57,"Shuriken":4,"Bronze Scales":4,"Molten Egg 2":127,"Bag of Marbles":34,"Art of War":174,"Toy Ornithopter":186}],"Toy Ornithopter":10,"Ring of the Snake":[134]},"card_choices":[{"not_picked":["Calculated Gamble","Dagger Spray"],"picked":"Blade Dance","floor":1},{"not_picked":["Acrobatics","PiercingWail"],"picked":"Deflect","floor":4},{"not_picked":["Choke","Blade Dance"],"picked":"Backstab","floor":5},{"not_picked":["Outmaneuver","Underhanded Strike+1"],"picked":"Die Die Die+1","floor":7},{"not_picked":["Dodge and Roll+1","Poisoned Stab+1"],"picked":"Calculated Gamble+1","floor":10},{"not_picked":["Slice+1","Acrobatics+1"],"picked":"Cloak And Dagger+1","floor":11},{"not_picked":["Reflex+1","Outmaneuver+1"],"picked":"Bouncing Flask+1","floor":13},{"not_picked":["Doppelganger+1","Die Die Die+1"],"picked":"Burst+1","floor":16},{"not_picked":["Cloak And Dagger+1","Backstab+1","Dagger Spray+1"],"picked":"SKIP","floor":18},{"not_picked":["Quick Slash+1","Dagger Throw+1"],"picked":"Blur+1","floor":19},{"not_picked":["Burst+1","Sucker Punch+1"],"picked":"Dodge and Roll+1","floor":20},{"not_picked":["Blur+1","Poisoned Stab+1"],"picked":"Escape Plan+1","floor":22},{"not_picked":["Bouncing Flask+1","Poisoned Stab+1","Heel Hook+1"],"picked":"SKIP","floor":24},{"not_picked":["Deadly Poison+1","Acrobatics+1"],"picked":"Storm of Steel+1","floor":27},{"not_picked":["Dagger Throw+1","Noxious Fumes"],"picked":"PiercingWail+1","floor":31},{"not_picked":["Grand Finale+1","Night Terror+1"],"picked":"Wraith Form v2","floor":33},{"not_picked":["Escape Plan+1","Slice+1"],"picked":"Leg Sweep+1","floor":35},{"not_picked":["Dodge and Roll+1","Tactician+1"],"picked":"PiercingWail+1","floor":36},{"not_picked":["Escape Plan+1","Deflect+1"],"picked":"Caltrops+1","floor":37},{"not_picked":["Underhanded Strike+1","Slice+1","Dash+1"],"picked":"SKIP","floor":38},{"not_picked":["Dagger Throw+1","Leg Sweep+1"],"picked":"Escape Plan+1","floor":39},{"not_picked":["Terror+1","Bane+1","Reflex+1"],"picked":"SKIP","floor":40},{"not_picked":["Finisher+1","Underhanded Strike+1"],"picked":"Deflect+1","floor":42},{"not_picked":["Heel Hook+1","Prepared+1"],"picked":"Footwork","floor":44},{"not_picked":["Unload+1","Slice+1"],"picked":"Prepared+1","floor":46},{"not_picked":["Masterful Stab+1","Cloak And Dagger+1"],"picked":"Prepared+1","floor":55}],"player_experience":884166,"relics_obtained":[{"floor":7,"key":"Molten Egg 2"},{"floor":9,"key":"Matryoshka"},{"floor":10,"key":"Toxic Egg 2"},{"floor":13,"key":"The Courier"},{"floor":24,"key":"Paper Crane"},{"floor":26,"key":"Art of War"},{"floor":26,"key":"Akabeko"},{"floor":31,"key":"Toy Ornithopter"},{"floor":40,"key":"Strawberry"},{"floor":43,"key":"MawBank"},{"floor":46,"key":"Centennial Puzzle"},{"floor":55,"key":"White Beast Statue"}],"event_choices":[{"cards_removed":["Strike_G"],"damage_healed":0,"gold_gain":0,"player_choice":"Purged","damage_taken":0,"max_hp_gain":0,"max_hp_loss":0,"event_name":"Purifier","floor":2,"gold_loss":0},{"damage_healed":0,"gold_gain":0,"player_choice":"Searched \u00271\u0027 times","damage_taken":0,"max_hp_gain":0,"max_hp_loss":0,"event_name":"Dead Adventurer","floor":13,"gold_loss":0},{"damage_healed":0,"gold_gain":0,"player_choice":"Ignored","damage_taken":0,"max_hp_gain":0,"max_hp_loss":0,"event_name":"The Mausoleum","floor":21,"gold_loss":0},{"damage_healed":0,"gold_gain":0,"player_choice":"Got Potions","damage_taken":0,"max_hp_gain":0,"max_hp_loss":0,"event_name":"Lab","floor":25,"gold_loss":0},{"damage_healed":0,"gold_gain":0,"cards_transformed":["Strike_G"],"player_choice":"Transformed","damage_taken":0,"max_hp_gain":0,"max_hp_loss":0,"event_name":"Transmorgrifier","floor":48,"gold_loss":0,"cards_obtained":["Endless Agony"]}],"is_beta":false,"boss_relics":[{"not_picked":["Coffee Dripper","SlaversCollar"],"picked":"Runic Pyramid"},{"not_picked":["Tiny House","Runic Dome"],"picked":"Cursed Key"}],"items_purged_floors":[14,45],"is_endless":false,"potions_floor_spawned":[10,11,13,16,24,27,33,35,39,42,46],"ascension_level":20}}