{"host":"dnd25fcf5l5puhl9","time":1611345787,"event":{"mods":["AchievementEnabler","Act Like it!","Aspiration","BaseMod","BetterRewards","Colored Map","Colored Powertips","Conspire","Dark Map","Hermit","Hubris","Infinite Spire","KomeijiMod","Minty Spire (QoL Compilation)","Replay The Spire","Shop Mod","StSLib","SuperFastMode","The Runesmith","vexMod","??????REMEMod"],"gold_per_floor":[113,63,77,77,97,132,132,167,192,221,235,235,36,64,64,140,140,153,153,153,171,189,189,224,224,251,285,285,106,116,148,148,223,223,233,250,269,269,287,339,299,311,381,418,440,440,400,431,431,431],"floor_reached":51,"language":"PTB","playtime":2830,"items_purged":[],"score":1499,"play_id":"85ebdb22-97e3-4210-95ba-c131a1b451bf","local_time":"20210122180307","is_ascension_mode":true,"campfire_choices":[{"floor":7.0,"key":"REST"},{"data":"Dash","floor":12.0,"key":"SMITH"},{"floor":23.0,"key":"REST"},{"floor":25.0,"key":"REST"},{"floor":28.0,"key":"REST"},{"floor":32.0,"key":"REST"},{"floor":46,"key":"REST"}],"circlet_count":0,"master_deck":["AscendersBane","Strike_G","Strike_G","Strike_G","Strike_G","Defend_G","Defend_G","Defend_G+1","Defend_G","Defend_G","Survivor","Neutralize+1","Bouncing Flask","Dash+1","Blade Dance","Caltrops+1","Noxious Fumes","Catalyst","Burst","infinitespire:Punishment","Infinite Blades+1","Dodge and Roll+1","Endless Agony","PiercingWail","Apotheosis","Noxious Fumes","Adrenaline+1","Terror","Pot Of Greed","Pot Of Greed","Pot Of Greed","REME_ShadowStrike","Outmaneuver+1"],"relics":["Ring of the Snake","Counterbalance","Art of War","hubris:OldNail","Mango","hubris:ToyBattleship","Odd Mushroom","Replay:Wax Seal","ClockworkSouvenir","Bronze Scales","Black Star","Orichalcum","hubris:HollowSoul","Bag of Preparation","conspire:BottledYoYo","Darkstone Periapt","Bottled Flame","ReplayTheSpireMod:Lightbulb","conspire:TopHat","SlaversCollar","CeramicFish","hubris:AncientText","Grinning Jar","infinitespire:Broken Mirror","Regal Pillow","Pet Ghost","StoneCalendar","Replay:Bottled Eggs"],"acts_visited":["Exordium","TheCity","TheBeyond"],"potions_floor_usage":[48],"damage_taken":[{"damage":0.0,"enemies":"Jaw Worm","floor":1.0,"turns":3.0},{"damage":0.0,"enemies":"2 Louse","floor":3.0,"turns":4.0},{"damage":2.0,"enemies":"Cultist","floor":5.0,"turns":4.0},{"damage":12.0,"enemies":"3 Sentries","floor":6.0,"turns":12.0},{"damage":28.0,"enemies":"Gremlin Nob","floor":8.0,"turns":5.0},{"damage":32.0,"enemies":"The Mushroom Lair","floor":10.0,"turns":4.0},{"damage":0.0,"enemies":"2 Fungi Beasts","floor":11.0,"turns":4.0},{"damage":14.0,"enemies":"Lagavulin","floor":14.0,"turns":5.0},{"damage":28.0,"enemies":"Fading Forest","floor":16.0,"turns":11.0},{"damage":20.0,"enemies":"2 Thieves","floor":18.0,"turns":4.0},{"damage":22.0,"enemies":"3 Byrds","floor":21.0,"turns":4.0},{"damage":25.0,"enemies":"3 Cultists","floor":22.0,"turns":5.0},{"damage":32.0,"enemies":"Slavers","floor":24.0,"turns":6.0},{"damage":18.0,"enemies":"conspire:Head Lice","floor":27.0,"turns":5.0},{"damage":8.0,"enemies":"Shelled Parasite and Fungi","floor":30.0,"turns":4.0},{"damage":13.0,"enemies":"conspire:SneckoGhost","floor":31.0,"turns":5.0},{"damage":16.0,"enemies":"hubris:MusketHawk","floor":33.0,"turns":7.0},{"damage":0.0,"enemies":"Orb Walker","floor":35.0,"turns":2.0},{"damage":9.0,"enemies":"3 Shapes","floor":36.0,"turns":4.0},{"damage":9.0,"enemies":"Spire Growth","floor":37.0,"turns":4.0},{"damage":21,"enemies":"3 Darklings","floor":39,"turns":4},{"damage":2,"enemies":"R_Hoarder","floor":40,"turns":5},{"damage":24,"enemies":"Maw","floor":42,"turns":5},{"damage":0,"enemies":"Nemesis","floor":44,"turns":3},{"damage":12,"enemies":"Jaw Worm Horde","floor":45,"turns":4},{"damage":5,"enemies":"Nightmare","floor":48,"turns":4},{"damage":34,"enemies":"Replay:Hell Engine","floor":50,"turns":8}],"seed_played":"-5980861109327613694","potions_obtained":[{"floor":1.0,"key":"SkillPotion"},{"floor":5.0,"key":"conspire:TimeTravelPotion"},{"floor":6.0,"key":"FairyPotion"},{"floor":11.0,"key":"CunningPotion"},{"floor":18.0,"key":"conspire:TimeTravelPotion"},{"floor":22.0,"key":"SpeedPotion"},{"floor":24.0,"key":"Fire Potion"},{"floor":30.0,"key":"LiquidBronze"},{"floor":31.0,"key":"Flashbang"},{"floor":36.0,"key":"LiquidBronze"},{"floor":40,"key":"Doom Potion"},{"floor":45,"key":"Adrenaline Potion"},{"floor":47,"key":"DuplicationPotion"}],"is_trial":false,"path_per_floor":["M","?","M","?","M","E","R","E","T","?","M","R","$","E","R","B",null,"M","?","AVR","M","M","R","E","R","T","E","R","$","M","E","R","B",null,"M","M","M","?","M","E","?","M","T","E","M","R","?","NM","R","B",null],"character_chosen":"THE_SILENT","items_purchased":["Bouncing Flask","Art of War","Dash","Replay:Wax Seal","ClockworkSouvenir","Apotheosis"],"campfire_rested":6,"item_purchase_floors":[0,0,0,13,13,29],"current_hp_per_floor":[44,44,44,44,42,30,51,37,37,32,32,32,32,18,43,15,67,47,47,47,25,10,35,3,28,28,10,35,35,27,14,39,23,69,69,60,51,51,30,28,28,4,4,4,23,63,63,58,58,24],"gold":431,"neow_bonus":"","is_daily":false,"chose_seed":false,"campfire_upgraded":1,"win_rate":0.0,"timestamp":1611345787,"path_taken":["M","?","M","?","?","E","R","E","T","?","M","R","$","E","R","BOSS","M","?","AVR","M","M","R","E","R","T","E","R","?","M","E","R","BOSS","M","M","M","?","?","E","?","M","T","E","?","R","?","NM","R","BOSS"],"items_purchased_type":["Card","Relic","Card","Relic","Relic","Card"],"build_version":"2020-12-22","purchased_purges":0,"victory":true,"max_hp_per_floor":[70,70,70,70,70,70,70,84,84,84,84,84,84,84,84,84,84,84,84,84,84,84,84,84,84,84,84,84,84,84,84,84,84,84,84,84,84,84,84,84,84,84,84,84,84,84,84,84,84,84],"card_choices":[{"not_picked":["Toxin Wave","Skewer","hubris:Sniper"],"picked":"SKIP","floor":1.0},{"not_picked":["Dash","hubris:SlightOfHand"],"picked":"Blade Dance","floor":3.0},{"not_picked":["Replay:Poison Smokescreen","Dagger Throw","Tactician"],"picked":"SKIP","floor":5.0},{"not_picked":["Riddle With Holes","Sneak Up"],"picked":"Caltrops","floor":6.0},{"not_picked":["Poisoned Stab","Setup","Slice"],"picked":"SKIP","floor":8.0},{"not_picked":["Blade Dance","Underhanded Strike"],"picked":"Noxious Fumes","floor":10.0},{"not_picked":["Dagger Spray","hubris:SlightOfHand","Toxin Wave"],"picked":"SKIP","floor":11.0},{"not_picked":["Bane","Tactician"],"picked":"Catalyst","floor":14.0},{"not_picked":["Grand Finale","Doppelganger"],"picked":"Burst","floor":16.0},{"not_picked":["Outmaneuver","PiercingWail","Flying Knee"],"picked":"SKIP","floor":18.0},{"not_picked":["Quick Slash","Deadly Poison"],"picked":"Infinite Blades","floor":21.0},{"not_picked":["Distraction+1","hubris:SlightOfHand+1"],"picked":"Dodge and Roll+1","floor":22.0},{"not_picked":["Masterful Stab","hubris:Sniper"],"picked":"Endless Agony","floor":24.0},{"not_picked":["Atom Bomb","Dagger Throw"],"picked":"PiercingWail","floor":27.0},{"not_picked":["Deadly Poison","Outmaneuver","Fluid Movement+1"],"picked":"SKIP","floor":30.0},{"not_picked":["Poisoned Stab","Dagger Throw"],"picked":"Noxious Fumes","floor":31.0},{"not_picked":["Unload","Burst"],"picked":"Adrenaline","floor":33.0},{"not_picked":["Sucker Punch","Setup","Masterful Stab"],"picked":"SKIP","floor":35.0},{"not_picked":["Outmaneuver","Endless Agony","Underhanded Strike"],"picked":"SKIP","floor":36.0},{"not_picked":["Sucker Punch","Heel Hook"],"picked":"Terror","floor":37.0},{"not_picked":["Dodge and Roll","All Out Attack","Blade Dance+1"],"picked":"SKIP","floor":39},{"not_picked":["ReplayTheSpireMod:Exploit Weakness+1","ReplayTheSpireMod:Necrosis","Expertise+1"],"picked":"SKIP","floor":40},{"not_picked":["Predator","Quick Slash","Poisoned Stab"],"picked":"SKIP","floor":42},{"not_picked":["Deadly Poison","Prepared"],"picked":"REME_ShadowStrike","floor":44},{"not_picked":["Acrobatics","Draining Mist"],"picked":"Outmaneuver+1","floor":45},{"not_picked":["Setup+1","Quick Slash+1","Catalyst"],"picked":"SKIP","floor":48}],"player_experience":446158,"relics_obtained":[{"floor":6.0,"key":"hubris:OldNail"},{"floor":8.0,"key":"Mango"},{"floor":9.0,"key":"hubris:ToyBattleship"},{"floor":10.0,"key":"Odd Mushroom"},{"floor":14.0,"key":"Bronze Scales"},{"floor":24.0,"key":"Bag of Preparation"},{"floor":24.0,"key":"conspire:BottledYoYo"},{"floor":27.0,"key":"Darkstone Periapt"},{"floor":27.0,"key":"Bottled Flame"},{"floor":31.0,"key":"ReplayTheSpireMod:Lightbulb"},{"floor":31.0,"key":"conspire:TopHat"},{"floor":40,"key":"hubris:AncientText"},{"floor":40,"key":"Grinning Jar"},{"floor":43,"key":"infinitespire:Broken Mirror"},{"floor":44,"key":"Regal Pillow"},{"floor":44,"key":"Pet Ghost"},{"floor":48,"key":"StoneCalendar"},{"floor":48,"key":"Replay:Bottled Eggs"}],"event_choices":[{"cards_removed":["Strike_G"],"damage_healed":0.0,"max_hp_gain":0.0,"max_hp_loss":0.0,"gold_gain":0.0,"event_name":"The Cleric","player_choice":"Card Removal","floor":2.0,"gold_loss":50.0,"damage_taken":0.0},{"damage_healed":0.0,"max_hp_gain":0.0,"max_hp_loss":0.0,"gold_gain":0.0,"event_name":"Upgrade Shrine","player_choice":"Upgraded","floor":4.0,"gold_loss":0.0,"damage_taken":0.0,"cards_upgraded":["Neutralize"]},{"damage_healed":0.0,"max_hp_gain":0.0,"max_hp_loss":0.0,"gold_gain":0.0,"event_name":"Mushrooms","player_choice":"Fought Mushrooms","floor":10.0,"gold_loss":0.0,"damage_taken":0.0},{"damage_healed":0.0,"max_hp_gain":0.0,"max_hp_loss":0.0,"gold_gain":0.0,"event_name":"Lab","player_choice":"Got Potions","floor":19.0,"gold_loss":0.0,"damage_taken":0.0},{"damage_healed":0.0,"max_hp_gain":0.0,"max_hp_loss":0.0,"gold_gain":0.0,"event_name":"WeMeetAgain","player_choice":"Gave Potion","floor":38.0,"gold_loss":0.0,"damage_taken":0.0,"relics_obtained":["CeramicFish"]},{"damage_healed":0,"gold_gain":0,"player_choice":"Upgraded Two","damage_taken":0,"max_hp_gain":0,"max_hp_loss":0,"event_name":"Designer","floor":41,"gold_loss":40,"cards_upgraded":["Infinite Blades","Defend_G"]},{"damage_healed":0,"gold_gain":0,"player_choice":"Bought 3 Potions","damage_taken":0,"max_hp_gain":0,"max_hp_loss":0,"event_name":"The Woman in Blue","floor":47,"gold_loss":0}],"is_beta":false,"boss_relics":[{"not_picked":["Ring of Chaos","hubris:VirtuousBlindfold"],"picked":"Black Star"},{"not_picked":["HoveringKite","Coffee Dripper"],"picked":"SlaversCollar"}],"items_purged_floors":[],"is_endless":false,"potions_floor_spawned":[1,5,6,11,18,22,24,30,31,36,37,40,42,45],"ascension_level":13}}