{"host":"d8hh7rr4yzitjeuj","time":1611302006,"event":{"mods":["2.2 Compatiblity","AchievementEnabler","Act Like it!","BaseMod","Colored Map","Colored Powertips","Highlight Path","Keyboard Shortcuts","Minty Spire (QoL Compilation)","Permanent Neow","Quick Restart","StSLib","SuperFastMode"],"gold_per_floor":[117,137,137,155,168,198,217,217,217,243,263,338,338,372,372,445,445,460,477,35,50,50,81,81,81,81,81,81,81],"floor_reached":28,"language":"KOR","playtime":859,"items_purged":["Strike_R"],"score":516,"play_id":"a85184cc-ff42-46fc-9b58-1976964958e9","local_time":"20210122165326","is_ascension_mode":true,"campfire_choices":[{"data":"Combust","floor":8.0,"key":"SMITH"},{"floor":13.0,"key":"REST"},{"data":"Body Slam","floor":15.0,"key":"SMITH"},{"data":"Barricade","floor":27.0,"key":"SMITH"}],"circlet_count":0,"master_deck":["AscendersBane","Strike_R","Strike_R","Strike_R","Defend_R","Defend_R","Defend_R","Defend_R","Bash","Body Slam+1","Combust+1","Evolve","Clothesline","Exhume","Bloodletting","Cleave","True Grit","Barricade+1","Flame Barrier","Good Instincts","Dual Wield","Decay"],"relics":["Burning Blood","TungstenRod","Centennial Puzzle","StrikeDummy","Bottled Lightning","Singing Bowl","Runic Cube","HornCleat","Paper Frog"],"acts_visited":["Exordium","TheCity"],"potions_floor_usage":[28],"damage_taken":[{"damage":0.0,"enemies":"2 Louse","floor":1.0,"turns":3.0},{"damage":1.0,"enemies":"Jaw Worm","floor":2.0,"turns":5.0},{"damage":6.0,"enemies":"Small Slimes","floor":4.0,"turns":5.0},{"damage":10.0,"enemies":"Exordium Wildlife","floor":5.0,"turns":5.0},{"damage":24.0,"enemies":"Gremlin Nob","floor":6.0,"turns":4.0},{"damage":5.0,"enemies":"Exordium Thugs","floor":7.0,"turns":4.0},{"damage":15.0,"enemies":"Lagavulin","floor":10.0,"turns":6.0},{"damage":9.0,"enemies":"Large Slime","floor":11.0,"turns":5.0},{"damage":14.0,"enemies":"Gremlin Nob","floor":14.0,"turns":4.0},{"damage":18.0,"enemies":"Slime Boss","floor":16.0,"turns":7.0},{"damage":31.0,"enemies":"2 Thieves","floor":18.0,"turns":4.0},{"damage":5.0,"enemies":"Chosen","floor":19.0,"turns":5.0},{"damage":6.0,"enemies":"Centurion and Healer","floor":21.0,"turns":9.0},{"damage":32.0,"enemies":"Slavers","floor":23.0,"turns":5.0},{"damage":29,"enemies":"Sentry and Sphere","floor":28,"turns":6}],"seed_played":"-6892943349248118714","potions_obtained":[{"floor":1.0,"key":"Block Potion"},{"floor":4.0,"key":"AttackPotion"},{"floor":6.0,"key":"AttackPotion"},{"floor":10.0,"key":"BloodPotion"},{"floor":18.0,"key":"Swift Potion"},{"floor":21.0,"key":"Block Potion"}],"is_trial":false,"path_per_floor":["M","M","?","M","M","E","M","R","T","E","M","?","R","E","R","B",null,"M","M","$","M","?","E","?","?","T","R","M"],"character_chosen":"IRONCLAD","items_purchased":["HornCleat","Good Instincts"],"campfire_rested":1,"item_purchase_floors":[20,20],"current_hp_per_floor":[56,61,55,55,51,33,34,34,34,25,22,12,34,26,26,14,60,37,38,38,55,55,29,29,29,29,29,0,0],"gold":81,"neow_bonus":"ONE_RARE_RELIC","is_daily":false,"chose_seed":false,"campfire_upgraded":3,"win_rate":0.0,"timestamp":1611302006,"path_taken":["M","M","?","M","M","E","M","R","T","E","M","?","R","E","R","BOSS","M","M","$","M","?","E","?","?","T","R","?"],"items_purchased_type":["Relic","Card"],"build_version":"2020-12-22","purchased_purges":1,"victory":false,"max_hp_per_floor":[75,75,75,75,75,75,75,75,75,75,75,75,75,75,75,75,75,77,77,77,79,79,79,79,79,79,79,79,79],"card_choices":[{"not_picked":["Iron Wave","Shrug It Off"],"picked":"Body Slam","floor":1.0},{"not_picked":["Armaments","Flex"],"picked":"Combust","floor":2.0},{"not_picked":["Anger","Iron Wave"],"picked":"Evolve","floor":4.0},{"not_picked":["Clash","Searing Blow"],"picked":"Clothesline","floor":5.0},{"not_picked":["Clash","Clothesline"],"picked":"Exhume","floor":6.0},{"not_picked":["Warcry","Sword Boomerang"],"picked":"Bloodletting","floor":7.0},{"not_picked":["Warcry","Havoc"],"picked":"Cleave","floor":10.0},{"not_picked":["Pommel Strike","Wild Strike","Perfected Strike"],"picked":"SKIP","floor":11.0},{"not_picked":["Iron Wave","Warcry"],"picked":"True Grit","floor":14.0},{"not_picked":["Reaper","Fiend Fire"],"picked":"Barricade","floor":16.0},{"not_picked":["Dropkick","Inflame","True Grit"],"picked":"Singing Bowl","floor":18.0},{"not_picked":["Clash","Fire Breathing"],"picked":"Flame Barrier","floor":19.0},{"not_picked":["Thunderclap","Havoc","Wild Strike"],"picked":"Singing Bowl","floor":21.0},{"not_picked":["Thunderclap","Heavy Blade"],"picked":"Dual Wield","floor":23.0}],"player_experience":1451043,"relics_obtained":[{"floor":6.0,"key":"Centennial Puzzle"},{"floor":9.0,"key":"StrikeDummy"},{"floor":10.0,"key":"Bottled Lightning"},{"floor":14.0,"key":"Singing Bowl"},{"floor":23.0,"key":"Paper Frog"}],"event_choices":[{"cards_removed":["Strike_R"],"damage_healed":0.0,"max_hp_gain":0.0,"max_hp_loss":0.0,"gold_gain":0.0,"event_name":"Golden Wing","player_choice":"Card Removal","floor":3.0,"gold_loss":0.0,"damage_taken":7.0},{"damage_healed":0.0,"max_hp_gain":0.0,"max_hp_loss":0.0,"gold_gain":75.0,"event_name":"World of Goop","player_choice":"Gather Gold","floor":12.0,"gold_loss":0.0,"damage_taken":11.0},{"damage_healed":0.0,"max_hp_gain":0.0,"max_hp_loss":0.0,"gold_gain":0.0,"event_name":"Ghosts","player_choice":"Ignored","floor":22.0,"gold_loss":0.0,"damage_taken":0.0},{"damage_healed":0.0,"max_hp_gain":0.0,"max_hp_loss":0.0,"gold_gain":0.0,"event_name":"The Mausoleum","player_choice":"Ignored","floor":24.0,"gold_loss":0.0,"damage_taken":0.0},{"damage_healed":0.0,"max_hp_gain":0.0,"max_hp_loss":0.0,"gold_gain":0.0,"event_name":"Forgotten Altar","player_choice":"Smashed Altar","floor":25.0,"gold_loss":0.0,"damage_taken":0.0,"cards_obtained":["Decay"]}],"is_beta":false,"boss_relics":[{"not_picked":["Busted Crown","Calling Bell"],"picked":"Runic Cube"}],"items_purged_floors":[20],"is_endless":false,"potions_floor_spawned":[1,4,6,10,18,21],"killed_by":"Sentry and Sphere","ascension_level":20}}