{"host":"1p8eqzpvl5sxeu5t","time":1611304923,"event":{"mods":["BaseMod","Bestiary","Block Reminder","Colored Map","Colored Powertips","Curses Come First","Downfall","Highlight Path","Minty Spire (QoL Compilation)","Relic Stats","StSLib","The IronCluck","Waifu the Spire","everything is the same but u backflip on backflip","slay the spire mod where everything is the same but ironclad has a cowboy hat"],"gold_per_floor":[0,16,16,16,29,29,29,29,41,41,141,170,170,187,204,306,306,306,325,343,356,373,393,393,393,393,420,440,240,116,133,153,255,255,255,255,268,268,307,307,307,159,178,115,127,140,40,40,56,56,56,56,56,56],"floor_reached":52,"language":"ENG","playtime":2837,"items_purged":["downfall:Malfunctioning","bronze:Strike","bronze:Strike"],"score":676,"play_id":"43b1162f-5541-4fd3-b280-47b036192fec","local_time":"20210122164203","is_ascension_mode":false,"campfire_choices":[{"data":"bronze:Replicate","floor":1,"key":"SMITH"},{"data":"bronze:Goto","floor":6,"key":"SMITH"},{"data":"bronze:Boost","floor":8,"key":"SMITH"},{"data":"bronze:ForLoop","floor":10,"key":"SMITH"},{"data":"bronze:DigitalCarnage","floor":13,"key":"SMITH"},{"data":"bronze:HardenedForm","floor":18,"key":"SMITH"},{"floor":29,"key":"REST"},{"floor":35,"key":"RECALL"},{"data":"bronze:HardenedForm","floor":47,"key":"SMITH"}],"circlet_count":0,"master_deck":["bronze:Strike+1","bronze:Strike+1","bronze:Defend+1","bronze:Defend+1","bronze:Defend","bronze:Defend+1","bronze:Replicate+1","bronze:Goto+1","Master of Strategy","bronze:Boost+1","bronze:ForLoop+1","bronze:Separator+1","bronze:DigitalCarnage+1","bronze:Branch","bronze:HardenedForm+1","bronze:Iterate+1","bronze:GetLatest","bronze:CloningBeam","bronze:DarkDash+1","bronze:HardenedForm+1","bronze:Iterate","bronze:NullPointer"],"relics":["bronze:PlatinumCore","MealTicket","Question Card","Velvet Choker","Nunchaku","downfall:HeartBlessingGreen","downfall:HeartBlessingBlue","Strawberry","Membership Card","Vajra","White Beast Statue","bronze:CableSpool","downfall:HeartBlessingRed"],"acts_visited":["Exordium","TheCity","TheBeyond","TheEnding"],"potions_floor_usage":[16,20,27,27,52],"damage_taken":[{"damage":7,"enemies":"Small Slimes","floor":2,"turns":4},{"damage":0,"enemies":"Jaw Worm","floor":5,"turns":4},{"damage":0,"enemies":"Cultist","floor":9,"turns":4},{"damage":8,"enemies":"Lagavulin","floor":12,"turns":6},{"damage":11,"enemies":"Exordium Wildlife","floor":14,"turns":4},{"damage":10,"enemies":"Lots of Slimes","floor":15,"turns":5},{"damage":20,"enemies":"SI_SHIV_ARCHETYPE","floor":16,"turns":10},{"damage":10,"enemies":"Spheric Guardian","floor":19,"turns":4},{"damage":0,"enemies":"Snake Plant","floor":20,"turns":1},{"damage":7,"enemies":"Shelled Parasite and Fungi","floor":21,"turns":4},{"damage":12,"enemies":"Cultist and Chosen","floor":22,"turns":5},{"damage":18,"enemies":"Snake Plant","floor":23,"turns":4},{"damage":25,"enemies":"Gremlin Leader","floor":27,"turns":4},{"damage":14,"enemies":"Snecko","floor":28,"turns":6},{"damage":1,"enemies":"downfall:FleeingMerchant","floor":30,"turns":4},{"damage":9,"enemies":"3 Cultists","floor":31,"turns":4},{"damage":0,"enemies":"Shelled Parasite and Fungi","floor":32,"turns":2},{"damage":10,"enemies":"WA_ARCHETYPE_CALM","floor":33,"turns":7},{"damage":15,"enemies":"3 Shapes","floor":37,"turns":3},{"damage":0,"enemies":"downfall:FleeingMerchant","floor":39,"turns":4},{"damage":7,"enemies":"3 Darklings","floor":43,"turns":6},{"damage":0,"enemies":"Sphere and 2 Shapes","floor":45,"turns":4},{"damage":1,"enemies":"Transient","floor":46,"turns":5},{"damage":10,"enemies":"Jaw Worm Horde","floor":49,"turns":3},{"damage":26,"enemies":"IC_BLOCK_ARCHETYPE","floor":50,"turns":8},{"damage":112,"enemies":"downfall:CharBossMerchant","floor":52,"turns":8}],"seed_played":"6011224247209407550","potions_obtained":[{"floor":5,"key":"Guardian:BlockOnCardUsePotion"},{"floor":12,"key":"EssenceOfSteel"},{"floor":15,"key":"FearPotion"},{"floor":19,"key":"FearPotion"},{"floor":21,"key":"SkillPotion"},{"floor":31,"key":"PowerPotion"},{"floor":32,"key":"Explosive Potion"},{"floor":45,"key":"PowerPotion"},{"floor":49,"key":"Block Potion"}],"is_trial":false,"path_per_floor":["R","M","?","T","M","R","T","R","M","R","?","E","R","M","M","B",null,"R","M","M","M","M","M","T","?","?","E","M","R","$","M","M","B",null,"R","?","M","T","$","?","T","$","M","$","M","M","R","?","M","B",null,"E"],"character_chosen":"THE_AUTOMATON","items_purchased":["bronze:CloningBeam","Membership Card","Vajra","bronze:CableSpool","bronze:Iterate"],"campfire_rested":1,"item_purchase_floors":[30,39,39,42,42],"current_hp_per_floor":[70,63,63,63,63,63,63,63,63,63,63,55,55,44,34,14,70,70,60,60,53,41,23,23,46,46,21,7,41,55,46,46,36,80,80,80,65,72,87,87,87,87,80,87,87,86,86,86,76,50,87,0,0,0],"gold":56,"neow_bonus":"RANDOM_COLORLESS_2","is_daily":false,"chose_seed":false,"campfire_upgraded":7,"win_rate":0.0,"timestamp":1611304923,"path_taken":["R","M","?","?","?","R","T","R","M","R","?","E","R","?","M","BOSS","R","M","M","?","M","M","T","?","?","E","?","R","?","M","M","BOSS","R","?","?","?","$","?","T","$","M","$","M","M","R","?","M","BOSS","E"],"items_purchased_type":["Card","Relic","Relic","Relic","Card"],"build_version":"2020-12-22","purchased_purges":3,"victory":false,"max_hp_per_floor":[70,70,70,70,70,70,70,70,70,70,70,70,70,70,70,70,70,70,70,70,70,70,70,70,70,70,70,70,80,80,80,80,80,80,80,80,80,87,87,87,87,87,87,87,87,87,87,87,87,87,87,87,87,87],"relic_stats":{"Nunchaku":[15],"counters":[26,123],"MealTicket":37,"Question Card":22,"obtain_stats":[{"bronze:PlatinumCore":34,"bronze:BronzeCore":0,"downfall:HeartBlessingRed":47,"Velvet Choker":17,"Vajra":39,"downfall:HeartBlessingGreen":29,"War Paint":12,"Question Card":7,"White Beast Statue":41,"bronze:CableSpool":42,"Nunchaku":27,"downfall:HeartBlessingBlue":29,"Strawberry":38,"MealTicket":4,"Membership Card":39},{"bronze:PlatinumCore":18,"bronze:BronzeCore":0,"downfall:HeartBlessingRed":23,"Velvet Choker":7,"Vajra":20,"downfall:HeartBlessingGreen":14,"War Paint":4,"Question Card":2,"White Beast Statue":20,"bronze:CableSpool":20,"Nunchaku":13,"downfall:HeartBlessingBlue":14,"Strawberry":19,"MealTicket":1,"Membership Card":20},{"bronze:PlatinumCore":82,"bronze:BronzeCore":0,"downfall:HeartBlessingRed":104,"Velvet Choker":37,"Vajra":89,"downfall:HeartBlessingGreen":65,"War Paint":18,"Question Card":8,"White Beast Statue":89,"bronze:CableSpool":89,"Nunchaku":59,"downfall:HeartBlessingBlue":65,"Strawberry":85,"MealTicket":4,"Membership Card":89}]},"card_choices":[{"not_picked":["Secret Technique","Transmutation"],"picked":"Master of Strategy","floor":0},{"not_picked":["bronze:ForceShield","bronze:Separator"],"picked":"bronze:Boost","floor":2},{"not_picked":["bronze:Shell","bronze:OilSpill"],"picked":"bronze:ForLoop","floor":5},{"not_picked":["bronze:BitShift","bronze:BugBarrage","bronze:Shell"],"picked":"bronze:Separator","floor":9},{"not_picked":["bronze:Repair","bronze:Turbo","bronze:OilSpill"],"picked":"bronze:DigitalCarnage","floor":12},{"not_picked":["bronze:Shell","bronze:BitShift","bronze:Frontload","bronze:WildBeam"],"picked":"SKIP","floor":14},{"not_picked":["bronze:Backtrace","bronze:BronzeArmor","bronze:DelayedSlice"],"picked":"bronze:Branch","floor":15},{"not_picked":["bronze:AlphaBuild","bronze:ShipIt","bronze:Virus"],"picked":"bronze:HardenedForm","floor":16},{"not_picked":["bronze:BronzeArmor","bronze:Shield","bronze:Optimize"],"picked":"bronze:Iterate","floor":19},{"not_picked":["bronze:Safeguard","bronze:DelayedGuard","bronze:Branch","bronze:Optimize+1"],"picked":"SKIP","floor":20},{"not_picked":["bronze:WhirlingStrike","bronze:BugBarrage+1","bronze:Frontload+1"],"picked":"bronze:Iterate","floor":21},{"not_picked":["bronze:OilSpill","bronze:BuggyMess+1","bronze:HardenedForm"],"picked":"bronze:GetLatest","floor":22},{"not_picked":["bronze:Overheat","bronze:Iterate","bronze:Separator","bronze:BitShift"],"picked":"SKIP","floor":23},{"not_picked":["bronze:Return","bronze:Constructor","bronze:FollowUp","bronze:Iterate"],"picked":"SKIP","floor":27},{"not_picked":["bronze:Branch","bronze:WildBeam","bronze:DelayedGuard","bronze:Separator"],"picked":"SKIP","floor":28},{"not_picked":["bronze:BuggyMess","bronze:CutThrough+1","bronze:Overheat","bronze:GetLatest"],"picked":"SKIP","floor":30},{"not_picked":["bronze:BitShift+1","bronze:Shell","bronze:DelayedSlice","bronze:Frontload"],"picked":"SKIP","floor":31},{"not_picked":["bronze:Repair","bronze:DelayedGuard+1","bronze:WildBeam"],"picked":"bronze:DarkDash+1","floor":32},{"not_picked":["bronze:SpaghettiCode","bronze:ShipIt","bronze:HyperBeam"],"picked":"bronze:HardenedForm","floor":33},{"not_picked":["bronze:CloningBeam+1","bronze:Overheat","bronze:CutThrough","bronze:FineTuning"],"picked":"SKIP","floor":37},{"not_picked":["bronze:GetLatest","bronze:Return+1","bronze:Overheat+1","bronze:BronzeArmor"],"picked":"SKIP","floor":39},{"not_picked":["bronze:MaxOutput","bronze:BuggyMess+1","bronze:BitShift","bronze:Optimize+1"],"picked":"SKIP","floor":43},{"not_picked":["bronze:Separator","bronze:Deprecate+1","bronze:ForLoop+1","bronze:Constructor+1"],"picked":"SKIP","floor":45},{"not_picked":["bronze:FineTuning+1","bronze:Safeguard","bronze:CleanCode","bronze:Branch"],"picked":"SKIP","floor":46},{"not_picked":["bronze:FineTuning","bronze:Repair+1","bronze:Overheat","bronze:Constructor"],"picked":"SKIP","floor":49}],"player_experience":842677,"relics_obtained":[{"floor":4,"key":"MealTicket"},{"floor":7,"key":"Question Card"},{"floor":12,"key":"War Paint"},{"floor":27,"key":"Nunchaku"},{"floor":38,"key":"Strawberry"},{"floor":41,"key":"White Beast Statue"}],"event_choices":[{"damage_healed":0,"gold_gain":100,"player_choice":"Gold","damage_taken":0,"max_hp_gain":0,"max_hp_loss":0,"event_name":"Wheel of Change","floor":11,"gold_loss":0},{"damage_healed":23,"gold_gain":0,"player_choice":"Heal","damage_taken":0,"max_hp_gain":0,"max_hp_loss":0,"event_name":"The Library","floor":25,"gold_loss":0},{"cards_removed":["bronze:Iterate"],"damage_healed":0,"gold_gain":0,"player_choice":"Removed Attack","damage_taken":0,"max_hp_gain":0,"max_hp_loss":0,"event_name":"Falling","floor":40,"gold_loss":0}],"is_beta":false,"boss_relics":[{"not_picked":["Pandora\u0027s Box","SacredBark"],"picked":"Velvet Choker"},{"not_picked":["Philosopher\u0027s Stone","Cursed Key"],"picked":"bronze:PlatinumCore"}],"items_purged_floors":[30,39,44],"is_endless":false,"potions_floor_spawned":[5,12,15,19,21,31,32,43,45,46,49],"killed_by":"downfall:CharBossMerchant","ascension_level":0}}