{"host":"mdbnki27vzqujy5q","time":1611303206,"event":{"mods":["BaseMod","Better Note","Better Skull","Colored Map","Colored Powertips","DeckTracker","Highlight Path","Minty Spire (QoL Compilation)","Quick Restart","Rare Cards Sparkle","StSLib"],"gold_per_floor":[118,98,108,58,70,70,70,99,99,117,117,142,159,14,14,116,116,131,141,481,391,159,185,185,185,232,266,266,23,23,55,55,156,156,168,183,183,183,32,61,61,93,175,202,202,202,216,39,39,39,39,39,39,66,66],"floor_reached":56,"language":"ENG","playtime":2743,"items_purged":["Defend_G","Defend_G"],"score":1588,"play_id":"8521da64-3116-4aa4-a00d-14f4f0de0954","local_time":"20210122001326","is_ascension_mode":true,"campfire_choices":[{"data":"Cloak And Dagger","floor":6.0,"key":"SMITH"},{"data":"Leg Sweep","floor":11.0,"key":"SMITH"},{"data":"Cloak And Dagger","floor":15.0,"key":"SMITH"},{"floor":24.0,"key":"REST"},{"floor":30.0,"key":"REST"},{"data":"Phantasmal Killer","floor":32.0,"key":"SMITH"},{"floor":41.0,"key":"REST"},{"floor":46,"key":"RECALL"},{"floor":49,"key":"REST"},{"floor":52,"key":"REST"}],"circlet_count":0,"master_deck":["Strike_G+1","Defend_G","Survivor","Neutralize","Cloak And Dagger+1","Finisher","Leg Sweep+1","Quick Slash","Footwork","Cloak And Dagger+1","Dagger Throw","Phantasmal Killer+1","Unload+1","Cloak And Dagger+1","Envenom+1","Riddle With Holes+1","Blade Dance","Prepared+1","Noxious Fumes","Die Die Die","Dodge and Roll+1","Underhanded Strike","Madness","Madness","Heel Hook+1","Blur+1","PiercingWail+1","Accuracy"],"relics":["Ring of the Snake","NeowsBlessing","Bronze Scales","FossilizedHelix","Lantern","Vajra","Astrolabe","Anchor","Strawberry","Kunai","Ancient Tea Set","Sundial","Bag of Preparation","Meat on the Bone","InkBottle","Fusion Hammer","Sling","Snake Skull","Potion Belt","Bottled Flame","Akabeko","Bag of Marbles"],"acts_visited":["Exordium","TheCity","TheBeyond","TheEnding"],"potions_floor_usage":[55,55,55,55,55],"damage_taken":[{"damage":0.0,"enemies":"Small Slimes","floor":1.0,"turns":1.0},{"damage":0.0,"enemies":"Cultist","floor":3.0,"turns":1.0},{"damage":0.0,"enemies":"2 Louse","floor":5.0,"turns":1.0},{"damage":13.0,"enemies":"Lagavulin","floor":8.0,"turns":6.0},{"damage":0.0,"enemies":"Blue Slaver","floor":10.0,"turns":2.0},{"damage":0.0,"enemies":"Gremlin Nob","floor":12.0,"turns":3.0},{"damage":0.0,"enemies":"Large Slime","floor":13.0,"turns":4.0},{"damage":46.0,"enemies":"Slime Boss","floor":16.0,"turns":14.0},{"damage":11.0,"enemies":"2 Thieves","floor":18.0,"turns":3.0},{"damage":0.0,"enemies":"Chosen","floor":19.0,"turns":3.0},{"damage":0.0,"enemies":"Gremlin Leader","floor":23.0,"turns":6.0},{"damage":7.0,"enemies":"Slavers","floor":27.0,"turns":4.0},{"damage":0.0,"enemies":"Gremlin Leader","floor":31.0,"turns":4.0},{"damage":9.0,"enemies":"Collector","floor":33.0,"turns":4.0},{"damage":8.0,"enemies":"3 Shapes","floor":35.0,"turns":3.0},{"damage":0.0,"enemies":"Orb Walker","floor":36.0,"turns":3.0},{"damage":15.0,"enemies":"Reptomancer","floor":40.0,"turns":5.0},{"damage":0.0,"enemies":"Giant Head","floor":42.0,"turns":4.0},{"damage":0.0,"enemies":"Nemesis","floor":44.0,"turns":3.0},{"damage":0,"enemies":"3 Darklings","floor":47,"turns":2},{"damage":16,"enemies":"Donu and Deca","floor":50,"turns":8},{"damage":0,"enemies":"Shield and Spear","floor":54,"turns":4},{"damage":57,"enemies":"The Heart","floor":55,"turns":7}],"seed_played":"-3909569069217537486","potions_obtained":[{"floor":1.0,"key":"SteroidPotion"},{"floor":2.0,"key":"LiquidMemories"},{"floor":3.0,"key":"Regen Potion"},{"floor":10.0,"key":"AttackPotion"},{"floor":13.0,"key":"Ancient Potion"},{"floor":27.0,"key":"Energy Potion"},{"floor":31.0,"key":"DistilledChaos"},{"floor":36.0,"key":"EssenceOfSteel"},{"floor":42.0,"key":"Swift Potion"},{"floor":44.0,"key":"Strength Potion"},{"floor":54,"key":"PowerPotion"}],"is_trial":false,"path_per_floor":["M","?","M","?","M","R","T","E","T","M","R","E","M","$","R","B",null,"M","M","?","?","$","E","R","?","T","E","T","$","R","E","R","B",null,"M","M","?","?","$","E","R","E","T","E","?","R","M","$","R","B",null,"R","$","E","B",null],"character_chosen":"THE_SILENT","items_purchased":["Vajra","Strawberry","Meat on the Bone","Sling","Accuracy"],"campfire_rested":5,"item_purchase_floors":[14,22,29,39,48],"current_hp_per_floor":[70,70,70,70,70,70,70,57,57,57,57,66,66,66,66,20,70,59,59,15,15,22,22,45,45,45,38,38,38,61,61,61,52,77,69,69,69,59,59,44,67,67,67,67,67,67,67,67,77,61,77,77,77,77,32],"gold":66,"neow_bonus":"THREE_ENEMY_KILL","is_daily":false,"chose_seed":false,"campfire_upgraded":4,"win_rate":0.0,"timestamp":1611303206,"path_taken":["M","?","?","?","M","R","?","E","T","M","R","E","M","$","R","BOSS","M","M","?","?","$","E","R","?","T","E","?","$","R","E","R","BOSS","M","M","?","?","$","E","R","E","T","E","?","R","M","?","R","BOSS","R","$","E","BOSS"],"items_purchased_type":["Relic","Relic","Relic","Relic","Card"],"build_version":"2020-12-22","purchased_purges":2,"victory":true,"max_hp_per_floor":[70,70,70,70,70,70,70,70,70,70,70,70,70,70,70,70,70,70,70,70,70,77,77,77,77,77,77,77,77,77,77,77,77,77,77,77,77,77,77,77,77,77,77,77,77,77,77,77,77,77,77,77,77,77,77],"card_choices":[{"not_picked":["Dash","Poisoned Stab"],"picked":"Cloak And Dagger","floor":1.0},{"not_picked":["Backflip","Crippling Poison"],"picked":"Finisher","floor":3.0},{"not_picked":["Bouncing Flask","Dodge and Roll"],"picked":"Leg Sweep","floor":5.0},{"not_picked":["Deflect","Dagger Throw"],"picked":"Quick Slash","floor":8.0},{"not_picked":["Cloak And Dagger","Deflect"],"picked":"Footwork","floor":10.0},{"not_picked":["Finisher","Setup"],"picked":"Cloak And Dagger","floor":12.0},{"not_picked":["Expertise","Deadly Poison"],"picked":"Dagger Throw","floor":13.0},{"not_picked":["Glass Knife","Doppelganger"],"picked":"Phantasmal Killer","floor":16.0},{"not_picked":["All Out Attack+1","Quick Slash"],"picked":"Riddle With Holes+1","floor":18.0},{"not_picked":["Skewer","Predator"],"picked":"Blade Dance","floor":19.0},{"not_picked":["Skewer","Quick Slash"],"picked":"Prepared+1","floor":23.0},{"not_picked":["Crippling Poison","Acrobatics","Quick Slash"],"picked":"SKIP","floor":27.0},{"not_picked":["Deadly Poison","Escape Plan"],"picked":"Noxious Fumes","floor":31.0},{"not_picked":["Grand Finale","Night Terror"],"picked":"Die Die Die","floor":33.0},{"not_picked":["Poisoned Stab","Blade Dance"],"picked":"Dodge and Roll+1","floor":35.0},{"not_picked":["Flying Knee","Deflect"],"picked":"Underhanded Strike","floor":36.0},{"not_picked":["Riddle With Holes+1","Blade Dance"],"picked":"Heel Hook+1","floor":40.0},{"not_picked":["Storm of Steel","Distraction"],"picked":"Blur+1","floor":42.0},{"not_picked":["Predator+1","PiercingWail+1","Endless Agony+1"],"picked":"SKIP","floor":44.0},{"not_picked":["Dagger Spray","Cloak And Dagger"],"picked":"PiercingWail+1","floor":47},{"not_picked":["Deadly Poison+1","Calculated Gamble","Tactician+1"],"picked":"SKIP","floor":54}],"player_experience":109600,"relics_obtained":[{"floor":7.0,"key":"Bronze Scales"},{"floor":8.0,"key":"FossilizedHelix"},{"floor":12.0,"key":"Lantern"},{"floor":23.0,"key":"Kunai"},{"floor":26.0,"key":"Ancient Tea Set"},{"floor":27.0,"key":"Sundial"},{"floor":28.0,"key":"Bag of Preparation"},{"floor":31.0,"key":"InkBottle"},{"floor":40.0,"key":"Snake Skull"},{"floor":42.0,"key":"Potion Belt"},{"floor":43.0,"key":"Bottled Flame"},{"floor":44.0,"key":"Akabeko"},{"floor":54,"key":"Bag of Marbles"}],"event_choices":[{"damage_healed":0.0,"max_hp_gain":0.0,"max_hp_loss":0.0,"gold_gain":0.0,"event_name":"The Woman in Blue","player_choice":"Bought 1 Potion","floor":2.0,"gold_loss":0.0,"damage_taken":0.0},{"cards_removed":["Strike_G"],"damage_healed":0.0,"max_hp_gain":0.0,"max_hp_loss":0.0,"gold_gain":0.0,"event_name":"The Cleric","player_choice":"Card Removal","floor":4.0,"gold_loss":50.0,"damage_taken":0.0},{"damage_healed":0.0,"max_hp_gain":0.0,"max_hp_loss":0.0,"gold_gain":340.0,"event_name":"betterSkull:BetterSkull","player_choice":"GO RE GO GO ","floor":20.0,"gold_loss":0.0,"damage_taken":49.0,"cards_upgraded":[],"relics_obtained":["Anchor"]},{"cards_removed":["Strike_G"],"damage_healed":0.0,"max_hp_gain":0.0,"max_hp_loss":0.0,"gold_gain":0.0,"event_name":"Designer","player_choice":"Upgrade and Remove","floor":21.0,"gold_loss":90.0,"damage_taken":0.0,"cards_upgraded":["Strike_G"]},{"damage_healed":0.0,"max_hp_gain":0.0,"max_hp_loss":0.0,"gold_gain":0.0,"event_name":"betterNote:BetterNote","player_choice":"Ignored","floor":25.0,"gold_loss":0.0,"damage_taken":0.0,"cards_obtained":["Phantasmal Killer"]},{"cards_removed":["Strike_G"],"damage_healed":0.0,"max_hp_gain":0.0,"max_hp_loss":0.0,"gold_gain":0.0,"event_name":"Falling","player_choice":"Removed Attack","floor":37.0,"gold_loss":0.0,"damage_taken":0.0},{"damage_healed":0.0,"max_hp_gain":0.0,"max_hp_loss":0.0,"gold_gain":0.0,"event_name":"Winding Halls","player_choice":"Embrace Madness","floor":38.0,"gold_loss":0.0,"damage_taken":10.0,"cards_obtained":["Madness","Madness"]},{"damage_healed":0,"gold_gain":0,"player_choice":"Ignored","damage_taken":0,"max_hp_gain":0,"max_hp_loss":0,"event_name":"Tomb of Lord Red Mask","floor":45,"gold_loss":0}],"is_beta":false,"boss_relics":[{"not_picked":["Runic Dome","Philosopher\u0027s Stone"],"picked":"Astrolabe"},{"not_picked":["Pandora\u0027s Box","HoveringKite"],"picked":"Fusion Hammer"}],"items_purged_floors":[22,48],"is_endless":false,"potions_floor_spawned":[1,3,10,13,27,31,33,36,42,44,54],"ascension_level":3}}