{"host":"fr3ip57hl52y255p","time":1611321253,"event":{"mods":["Act Like it!","BaseMod","Challenge The Spire","Colored Powertips","Downfall","Luminous","Mari Mod (Legacy)","Mari\u0027s V1 Patch","Minty Spire (QoL Compilation)","READ ME - Guardian Mod","Relic Stats","StSLib","The Hierophant","[GremlinLeader]The Maniac"],"gold_per_floor":[99,119,219,60,60,120,120,149,149,149,149,149],"floor_reached":10,"language":"ZHS","playtime":918,"items_purged":[],"score":64,"play_id":"75870433-5777-4d32-9045-e1aa4208dd62","local_time":"20210122211413","is_ascension_mode":false,"campfire_choices":[{"data":"champ:CheapShot","floor":1,"key":"SMITH"},{"data":"champ:Taunt","floor":9,"key":"SMITH"}],"circlet_count":0,"master_deck":["champ:Strike","champ:Strike","champ:Strike","champ:Strike","champ:Defend","champ:Defend","champ:Defend","champ:Defend","champ:Execute","champ:Taunt+1","champ:CheapShot+1","champ:FancyFootwork","champ:ViciousMockery","champ:BerserkerStyle"],"relics":["champ:ChampionCrown","Champion Belt","Medical Kit","SsserpentHead","Thread and Needle","Gremlin Horn"],"acts_visited":["Exordium"],"potions_floor_usage":[3,10],"damage_taken":[{"damage":16,"enemies":"Cultist","floor":2,"turns":4},{"damage":48,"enemies":"Cultist","floor":3,"turns":5},{"damage":20,"enemies":"downfall:FleeingMerchant","floor":4,"turns":5},{"damage":10,"enemies":"2 Louse","floor":6,"turns":2},{"damage":38,"enemies":"Lagavulin","floor":8,"turns":8},{"damage":73,"enemies":"3 Sentries","floor":10,"turns":10}],"seed_played":"-5475173953865757440","potions_obtained":[{"floor":2,"key":"SteroidPotion"},{"floor":3,"key":"Guardian:BlockOnCardUsePotion"},{"floor":8,"key":"Energy Potion"}],"is_trial":false,"path_per_floor":["R","M","?","$","?","M","T","E","R","E"],"character_chosen":"THE_CHAMP","items_purchased":["Medical Kit"],"campfire_rested":0,"item_purchase_floors":[4],"current_hp_per_floor":[90,84,56,56,56,56,56,43,43,0,0,0],"gold":149,"neow_bonus":"ONE_RANDOM_RARE_CARD","is_daily":false,"chose_seed":false,"campfire_upgraded":2,"win_rate":0.0,"timestamp":1611321253,"path_taken":["R","M","?","$","?","?","T","E","R","E"],"items_purchased_type":["Relic"],"build_version":"2020-12-22","purchased_purges":0,"victory":false,"max_hp_per_floor":[90,90,90,90,90,90,90,90,90,90,90,90],"relic_stats":{"SsserpentHead":50,"Gremlin Horn":[1,1],"counters":[6,34],"Champion Belt":[0],"Medical Kit":[17],"obtain_stats":[{"SsserpentHead":5,"Gremlin Horn":8,"champ:ChampionCrown":0,"Thread and Needle":7,"Champion Belt":3,"Medical Kit":4},{"SsserpentHead":3,"Gremlin Horn":5,"champ:ChampionCrown":0,"Thread and Needle":4,"Champion Belt":2,"Medical Kit":3},{"SsserpentHead":14,"Gremlin Horn":24,"champ:ChampionCrown":0,"Thread and Needle":16,"Champion Belt":9,"Medical Kit":14}]},"card_choices":[{"not_picked":["champ:PreciseThrust","champ:TornadoPunch"],"picked":"champ:FancyFootwork","floor":2},{"not_picked":["champ:DefensiveShout","champ:TornadoPunch"],"picked":"champ:ViciousMockery","floor":3},{"not_picked":["champ:StanceDance","champ:EndlessRage","champ:FalseCounter"],"picked":"SKIP","floor":4},{"not_picked":["champ:PerfectedStrike","champ:Lariat","champ:BladeFlurry"],"picked":"SKIP","floor":6},{"not_picked":["champ:ShieldWall","champ:DefensiveShout"],"picked":"champ:BerserkerStyle","floor":8}],"player_experience":147052,"relics_obtained":[{"floor":3,"key":"Champion Belt"},{"floor":7,"key":"Thread and Needle"},{"floor":8,"key":"Gremlin Horn"}],"event_choices":[{"damage_healed":0,"gold_gain":0,"player_choice":"Trade","damage_taken":0,"relics_obtained":["SsserpentHead"],"max_hp_gain":0,"max_hp_loss":0,"event_name":"FaceTrader","floor":5,"gold_loss":0}],"is_beta":false,"boss_relics":[],"items_purged_floors":[],"is_endless":false,"potions_floor_spawned":[2,3,8],"killed_by":"3 Sentries","ascension_level":0}}