{"host":"w8xisjf5mgmfjvmt","time":1611290280,"event":{"mods":["BaseMod","BetterRewards","Challenge The Spire","Conspire","Dota2Spire","Energized Spire","Filter the Spire","Minty Spire (QoL Compilation)","Quarter Circle Forward PUNCH!","Quick Restart","Relic Stats","Replay The Spire","Shop Mod","Spicy Shops","StSLib","Starting Relic: Pandora\u0027s Box","¡¾ÒÅÎï¿¨ÅÆ¡¿REMEMod","óô»ðÖ¸ÄÏ"],"gold_per_floor":[115,15,15,67,103,137,137,171,171],"floor_reached":8,"language":"ZHS","playtime":334,"items_purged":[],"score":112,"play_id":"9ddc0df0-371f-4ef0-865b-f49639aaf468","local_time":"20210122123800","is_ascension_mode":true,"campfire_choices":[{"data":"Armaments","floor":7,"key":"SMITH"}],"circlet_count":0,"master_deck":["AscendersBane","Bash","ReplayTheSpireMod:Strike From Hell","Thunderclap","Shrug It Off","Seeing Red","Dropkick","Metallicize","Perfected Strike","Replay:Undeath\u0027s Touch","Echo Form","Impervious","Armaments+1","conspire:SpireCoStock","conspire:SpireCoStock","Sever Soul","conspire:Charge","Second Wind"],"relics":["Pandora\u0027s Box","REME_ComplimentaryCards","qcfpunch:Red_Headband"],"acts_visited":["Exordium"],"potions_floor_usage":[],"damage_taken":[{"damage":0,"enemies":"Small Slimes","floor":1,"turns":4},{"damage":4,"enemies":"2 Louse","floor":4,"turns":5},{"damage":17,"enemies":"Cultist","floor":5,"turns":4},{"damage":33,"enemies":"3 Sentries","floor":6,"turns":8},{"damage":14,"enemies":"Lagavulin","floor":8,"turns":4}],"seed_played":"8606591399205104938","potions_obtained":[],"is_trial":false,"path_per_floor":["M","?","?","M","M","E","R","E"],"character_chosen":"IRONCLAD","items_purchased":[],"campfire_rested":0,"item_purchase_floors":[],"current_hp_per_floor":[68,68,68,64,47,14,14,0,0],"gold":171,"neow_bonus":"ONE_RANDOM_RARE_CARD","is_daily":false,"chose_seed":false,"campfire_upgraded":1,"win_rate":0.0,"timestamp":1611290280,"path_taken":["M","?","?","M","M","E","R","E"],"items_purchased_type":[],"build_version":"2020-12-22","purchased_purges":0,"victory":false,"max_hp_per_floor":[75,75,75,75,75,75,75,75,75],"relic_stats":{"counters":[5,25],"Pandora\u0027s Box":[],"obtain_stats":[{"Pandora\u0027s Box":0,"qcfpunch:Red_Headband":6,"REME_ComplimentaryCards":0},{"Pandora\u0027s Box":0,"qcfpunch:Red_Headband":4,"REME_ComplimentaryCards":0},{"Pandora\u0027s Box":0,"qcfpunch:Red_Headband":21,"REME_ComplimentaryCards":0}]},"card_choices":[{"not_picked":["ReplayTheSpireMod:Corrosion Curse","Body Slam"],"picked":"Armaments","floor":1},{"not_picked":["Run Through","Replay:Undeath\u0027s Touch"],"picked":"conspire:Charge","floor":4},{"not_picked":["Combust","Seeing Red","Clothesline"],"picked":"SKIP","floor":5},{"not_picked":["Impervious","Shrug It Off"],"picked":"Second Wind","floor":6}],"player_experience":1199951,"relics_obtained":[{"floor":6,"key":"qcfpunch:Red_Headband"}],"event_choices":[{"damage_healed":0,"gold_gain":0,"player_choice":"Invest 2","damage_taken":0,"max_hp_gain":0,"max_hp_loss":0,"event_name":"conspire:Investor","floor":2,"gold_loss":0},{"damage_healed":0,"gold_gain":0,"cards_transformed":["Clash"],"player_choice":"Transformed","damage_taken":0,"max_hp_gain":0,"max_hp_loss":0,"event_name":"Transmorgrifier","floor":3,"gold_loss":0,"cards_obtained":["Sever Soul"]}],"is_beta":false,"boss_relics":[],"items_purged_floors":[],"is_endless":false,"potions_floor_spawned":[],"killed_by":"Lagavulin","ascension_level":20}}