{"host":"og6lam4kt3nibbw0","time":1611335585,"event":{"mods":["AchievementEnabler","BaseMod","Colored Map","DeckTracker","Highlight Path","Keyboard Shortcuts","Minty Spire (QoL Compilation)","Permanent Neow","Quick Restart","StSLib","SuperFastMode"],"gold_per_floor":[110,110,123,123,147,147,163,189,189,189,189,189],"floor_reached":11,"language":"KOR","playtime":313,"items_purged":[],"score":142,"play_id":"46049f30-80c4-48cb-90b3-bf1dd6ef188a","local_time":"20210123021305","is_ascension_mode":true,"campfire_choices":[{"data":"A Thousand Cuts","floor":6.0,"key":"SMITH"},{"floor":10,"key":"REST"}],"circlet_count":0,"master_deck":["AscendersBane","Strike_G","Strike_G","Strike_G","Defend_G","Defend_G","Defend_G","Defend_G","Survivor","Neutralize","A Thousand Cuts+1","Reflex","Prepared","Quick Slash","Escape Plan","Backflip"],"relics":["Ring of the Snake","Anchor","Snake Skull","Toxic Egg 2"],"acts_visited":["Exordium"],"potions_floor_usage":[8,11],"damage_taken":[{"damage":8.0,"enemies":"2 Louse","floor":1.0,"turns":4.0},{"damage":4.0,"enemies":"Jaw Worm","floor":3.0,"turns":5.0},{"damage":5.0,"enemies":"Small Slimes","floor":7.0,"turns":3.0},{"damage":32,"enemies":"Gremlin Nob","floor":8,"turns":4},{"damage":23,"enemies":"Lagavulin","floor":11,"turns":7}],"seed_played":"1866511044489276570","potions_obtained":[{"floor":3.0,"key":"Strength Potion"},{"floor":8,"key":"LiquidMemories"}],"is_trial":false,"path_per_floor":["M","?","M","?","T","R","M","E","T","R","E"],"character_chosen":"THE_SILENT","items_purchased":[],"campfire_rested":1,"item_purchase_floors":[],"current_hp_per_floor":[51,44,40,40,40,40,35,3,3,21,0,0],"gold":189,"neow_bonus":"TRANSFORM_TWO_CARDS","is_daily":false,"chose_seed":false,"campfire_upgraded":1,"win_rate":0.0,"timestamp":1611335585,"path_taken":["M","?","M","?","?","R","M","E","T","R","E"],"items_purchased_type":[],"build_version":"2020-12-22","purchased_purges":0,"victory":false,"max_hp_per_floor":[60,60,60,60,60,60,60,60,60,60,60,60],"card_choices":[{"not_picked":["Dodge and Roll","Setup"],"picked":"Prepared","floor":1.0},{"not_picked":["Choke","Well Laid Plans"],"picked":"Quick Slash","floor":3.0},{"not_picked":["Deflect","Acrobatics"],"picked":"Escape Plan","floor":7.0},{"not_picked":["PiercingWail","Terror"],"picked":"Backflip","floor":8}],"player_experience":945109,"relics_obtained":[{"floor":5.0,"key":"Anchor"},{"floor":8,"key":"Snake Skull"},{"floor":9,"key":"Toxic Egg 2"}],"event_choices":[{"cards_removed":["Strike_G"],"damage_healed":0.0,"max_hp_gain":0.0,"max_hp_loss":0.0,"gold_gain":0.0,"event_name":"Golden Wing","player_choice":"Card Removal","floor":2.0,"gold_loss":0.0,"damage_taken":7.0},{"damage_healed":0.0,"max_hp_gain":0.0,"max_hp_loss":0.0,"gold_gain":0.0,"event_name":"Shining Light","player_choice":"Ignored","floor":4.0,"gold_loss":0.0,"damage_taken":0.0}],"is_beta":false,"boss_relics":[],"items_purged_floors":[],"is_endless":false,"potions_floor_spawned":[3,8],"killed_by":"Lagavulin","ascension_level":20}}