{"host":"v67gr4iepfhi0qby","time":1611303552,"event":{"mods":["BaseMod","Downfall","Minty Spire (QoL Compilation)","StSLib"],"gold_per_floor":[99,114,129,129,143,143,190,207,44,44,29,49,34,54,64,168,168,168,188,188,288,200,150,150,150,150,135,135,149,163,163,179,277,277,277,287,287,298,348,348,348,348],"floor_reached":40,"language":"ENG","playtime":2908,"items_purged":[],"score":378,"play_id":"fe01493f-ebde-4a79-8191-efe345557ea5","local_time":"20210122011912","is_ascension_mode":false,"campfire_choices":[{"data":"champ:Taunt","floor":1,"key":"SMITH"},{"data":"champ:StrikeOfGenius","floor":18,"key":"SMITH"},{"data":"champ:ShieldWall","floor":25,"key":"SMITH"},{"data":"champ:CheapShot","floor":35,"key":"SMITH"}],"circlet_count":0,"master_deck":["champ:Strike","champ:Strike","champ:Strike","champ:Defend","champ:Defend","champ:Defend","champ:Defend","champ:Execute","champ:Taunt+1","champ:RisingSlash","champ:PreemptiveStrike","champ:StanceDance","champ:Execute","champ:BringItOn","champ:Lariat","champ:FanOfKnives","expansioncontent:YouAreMine+1","champ:VampiricStrike","champ:SteelEdge","champ:RecklessLeap","champ:FocusedBerserking","champ:DeathBlow","champ:Haymaker","champ:StrikeOfGenius+1","champ:ShieldWall+1","RitualDagger+1","Pride","champ:CheapShot+1"],"relics":["champ:ChampionCrown","Bag of Preparation","Cursed Key","TungstenRod","SacredBark","Gambling Chip"],"acts_visited":["Exordium","TheCity","TheBeyond"],"potions_floor_usage":[37],"damage_taken":[{"damage":18,"enemies":"Jaw Worm","floor":2,"turns":4},{"damage":15,"enemies":"Cultist","floor":3,"turns":4},{"damage":12,"enemies":"Small Slimes","floor":5,"turns":4},{"damage":33,"enemies":"Red Slaver","floor":8,"turns":4},{"damage":30,"enemies":"downfall:FleeingMerchant","floor":9,"turns":4},{"damage":45,"enemies":"downfall:FleeingMerchant","floor":11,"turns":4},{"damage":15,"enemies":"Exordium Wildlife","floor":12,"turns":4},{"damage":70,"enemies":"downfall:FleeingMerchant","floor":13,"turns":4},{"damage":29,"enemies":"2 Fungi Beasts","floor":14,"turns":2},{"damage":11,"enemies":"3 Louse","floor":15,"turns":3},{"damage":129,"enemies":"SI_SHIV_ARCHETYPE","floor":16,"turns":8},{"damage":60,"enemies":"Shell Parasite","floor":19,"turns":4},{"damage":55,"enemies":"downfall:FleeingMerchant","floor":22,"turns":4},{"damage":30,"enemies":"downfall:FleeingMerchant","floor":27,"turns":4},{"damage":66,"enemies":"Centurion and Healer","floor":29,"turns":5},{"damage":42,"enemies":"Snake Plant","floor":30,"turns":3},{"damage":23,"enemies":"Chosen and Byrds","floor":32,"turns":4},{"damage":61,"enemies":"WA_ARCHETYPE_CALM","floor":33,"turns":8},{"damage":31,"enemies":"Orb Walker","floor":36,"turns":4},{"damage":66,"enemies":"3 Darklings","floor":37,"turns":5},{"damage":103,"enemies":"Maw","floor":38,"turns":6},{"damage":42,"enemies":"Maw","floor":39,"turns":4},{"damage":56,"enemies":"Writhing Mass","floor":40,"turns":2}],"seed_played":"3395579206210863608","potions_obtained":[{"floor":5,"key":"champ:TechniquePotion"},{"floor":12,"key":"SmokeBomb"},{"floor":15,"key":"champ:TechniquePotion"},{"floor":16,"key":"FairyPotion"},{"floor":26,"key":"CultistPotion"},{"floor":33,"key":"FearPotion"},{"floor":38,"key":"Block Potion"}],"is_trial":false,"path_per_floor":["R","M","M","?","M","?","T","M","$","?","$","M","$","M","M","B",null,"R","M","?","?","$","?","T","R","?","$","?","M","M","?","M","B",null,"R","M","M","M","?","M"],"character_chosen":"THE_CHAMP","items_purchased":["champ:FanOfKnives","expansioncontent:YouAreMine+1","champ:ShieldWall"],"campfire_rested":0,"item_purchase_floors":[9,9,22],"current_hp_per_floor":[99,91,91,91,89,89,89,81,81,81,81,76,61,52,51,6,99,99,84,84,84,59,94,94,94,94,84,84,73,56,56,43,61,99,99,78,57,39,22,0,0,0],"gold":348,"neow_bonus":"TEN_PERCENT_HP_BONUS","is_daily":false,"chose_seed":false,"campfire_upgraded":4,"win_rate":0.0,"timestamp":1611303552,"path_taken":["R","M","M","?","M","?","T","?","$","?","$","?","?","M","M","BOSS","R","M","?","?","$","?","T","R","?","$","?","M","M","?","M","BOSS","R","M","M","M","?","M"],"items_purchased_type":["Card","Card","Card"],"build_version":"2020-12-22","purchased_purges":0,"victory":false,"max_hp_per_floor":[99,99,99,99,99,99,99,99,99,99,99,99,99,99,99,99,99,99,99,99,99,99,99,99,99,99,99,99,99,99,99,99,99,99,99,99,99,99,99,99,99,99],"card_choices":[{"not_picked":["champ:FalseCounter","champ:Encircle"],"picked":"champ:RisingSlash","floor":2},{"not_picked":["champ:CrownThrow","champ:RisingSlash"],"picked":"champ:PreemptiveStrike","floor":3},{"not_picked":["champ:CrownThrow","champ:BladeFlurry"],"picked":"champ:StanceDance","floor":5},{"not_picked":["champ:RapidStrikes","champ:FocusedBerserking"],"picked":"champ:BringItOn","floor":8},{"not_picked":["champ:CalledShot","champ:IronFortress"],"picked":"champ:Lariat","floor":9},{"not_picked":["champ:SkillfulDodge","champ:EnGarde"],"picked":"champ:SteelEdge","floor":11},{"not_picked":["champ:Shatter","champ:ShieldWall"],"picked":"champ:RecklessLeap","floor":12},{"not_picked":["champ:StanceDance","champ:EndlessRage"],"picked":"champ:FocusedBerserking","floor":13},{"not_picked":["champ:PerfectedStrike","champ:FocusedDefense"],"picked":"champ:DeathBlow","floor":14},{"not_picked":["champ:FalseCounter","champ:DeathBlow"],"picked":"champ:Haymaker","floor":15},{"not_picked":["champ:Improvising","champ:HoldFirm"],"picked":"champ:StrikeOfGenius","floor":16},{"not_picked":["champ:CrownThrow","champ:FalseCounter","champ:SkillfulDodge+1"],"picked":"SKIP","floor":19},{"not_picked":["champ:CrookedStrike","champ:HeartStrike","champ:PerfectedStrike"],"picked":"SKIP","floor":22},{"not_picked":["champ:BringItOn+1","champ:GutPunch","champ:SkillfulDodge+1"],"picked":"SKIP","floor":27},{"not_picked":["champ:FlashCut","champ:DefensiveShout+1","champ:CrookedStrike"],"picked":"SKIP","floor":29},{"not_picked":["champ:FalseCounter","champ:EnGarde","champ:GladiatorStyle"],"picked":"SKIP","floor":30},{"not_picked":["champ:BerserkersShout","champ:Encircle","champ:BringItOn"],"picked":"SKIP","floor":32},{"not_picked":["champ:HeavySlash","champ:GladiatorForm"],"picked":"champ:CheapShot","floor":33},{"not_picked":["champ:FancyFootwork+1","champ:Circumvent","champ:GutPunch"],"picked":"SKIP","floor":36},{"not_picked":["champ:RecklessLeap","champ:PerfectedStrike+1","champ:Backstep+1"],"picked":"SKIP","floor":38}],"player_experience":9611,"relics_obtained":[{"floor":7,"key":"Bag of Preparation"},{"floor":39,"key":"Gambling Chip"}],"event_choices":[{"damage_healed":0,"gold_gain":0,"player_choice":"Stole Relic","damage_taken":0,"relics_obtained":["TungstenRod"],"max_hp_gain":0,"max_hp_loss":0,"event_name":"Addict","floor":28,"gold_loss":0,"cards_obtained":["Pride"]}],"is_beta":false,"boss_relics":[{"not_picked":["Empty Cage","Astrolabe"],"picked":"Cursed Key"},{"not_picked":["Runic Dome","Velvet Choker"],"picked":"SacredBark"}],"items_purged_floors":[],"is_endless":false,"potions_floor_spawned":[5,12,15,16,29,32,33,38],"killed_by":"Writhing Mass","ascension_level":0}}