{"host":"70zhvo5nwrhp1mbg","time":1611286703,"event":{"mods":["BaseMod","Colored Map","Colored Powertips","Highlight Path","Minty Spire (QoL Compilation)","Rare Cards Sparkle","StSLib"],"gold_per_floor":[111,127,127,147,0,0,27,47,99,124,146,11,27,40,40,142,142,153,3,3,3,16,16,28,28,98,126,140,140,140,55,55,55,55],"floor_reached":33,"language":"ENG","playtime":1702,"items_purged":[],"score":360,"play_id":"6c6a1391-a801-4dc6-b015-b1f0a2f41ced","local_time":"20210121223823","is_ascension_mode":true,"campfire_choices":[{"data":"Bludgeon","floor":6,"key":"SMITH"},{"floor":15,"key":"REST"},{"floor":23,"key":"REST"},{"floor":25,"key":"REST"},{"floor":30,"key":"REST"},{"floor":32,"key":"REST"}],"circlet_count":0,"master_deck":["Strike_R","Strike_R","Strike_R","Strike_R","Strike_R","Defend_R","Defend_R","Defend_R","Defend_R","Bash","Clash","Perfected Strike","Headbutt","Pommel Strike","Bludgeon+1","Uppercut","Clothesline","Flex","Clothesline","Clothesline","Thunderclap","Corruption+1","True Grit","Flame Barrier","Dropkick+1","Power Through","Cleave","Iron Wave"],"relics":["Burning Blood","Frozen Egg 2","Orichalcum","Omamori","MawBank","PreservedInsect","Fusion Hammer","Tiny Chest","Paper Frog","Blood Vial","Shuriken","Du-Vu Doll"],"acts_visited":["Exordium","TheCity"],"potions_floor_usage":[8,14,14,18,22,22,24,33],"damage_taken":[{"damage":2,"enemies":"Jaw Worm","floor":1,"turns":3},{"damage":0,"enemies":"Cultist","floor":2,"turns":2},{"damage":2,"enemies":"Small Slimes","floor":4,"turns":4},{"damage":35,"enemies":"Lagavulin","floor":7,"turns":4},{"damage":9,"enemies":"Red Slaver","floor":8,"turns":3},{"damage":13,"enemies":"3 Sentries","floor":10,"turns":8},{"damage":1,"enemies":"3 Louse","floor":11,"turns":3},{"damage":8,"enemies":"Large Slime","floor":13,"turns":6},{"damage":8,"enemies":"Exordium Thugs","floor":14,"turns":3},{"damage":41,"enemies":"The Guardian","floor":16,"turns":9},{"damage":5,"enemies":"2 Thieves","floor":18,"turns":3},{"damage":24,"enemies":"3 Byrds","floor":22,"turns":5},{"damage":17,"enemies":"Snake Plant","floor":24,"turns":3},{"damage":54,"enemies":"Gremlin Leader","floor":27,"turns":6},{"damage":22,"enemies":"Cultist and Chosen","floor":28,"turns":8},{"damage":92,"enemies":"Champ","floor":33,"turns":10}],"seed_played":"1203932112959567674","potions_obtained":[{"floor":1,"key":"Weak Potion"},{"floor":7,"key":"Regen Potion"},{"floor":11,"key":"LiquidMemories"},{"floor":13,"key":"FearPotion"},{"floor":16,"key":"Energy Potion"},{"floor":21,"key":"CultistPotion"},{"floor":21,"key":"PowerPotion"},{"floor":21,"key":"EssenceOfSteel"},{"floor":22,"key":"AttackPotion"}],"is_trial":false,"path_per_floor":["M","M","?","M","$","R","E","M","T","E","M","$","M","M","R","B",null,"M","$","?","?","M","R","M","R","T","E","M","T","R","?","R","B"],"character_chosen":"IRONCLAD","items_purchased":["Bludgeon","PreservedInsect","Tiny Chest"],"campfire_rested":5,"item_purchase_floors":[5,12,19],"current_hp_per_floor":[76,80,80,80,80,80,51,57,57,50,55,55,53,51,75,40,70,71,71,71,71,53,77,66,80,80,32,18,18,42,42,66,0,0],"gold":55,"neow_bonus":"THREE_CARDS","is_daily":false,"chose_seed":false,"campfire_upgraded":1,"win_rate":0.0,"timestamp":1611286703,"path_taken":["M","M","?","M","?","R","E","M","T","E","?","$","M","M","R","BOSS","M","$","?","?","M","R","M","R","T","E","?","?","R","?","R","BOSS"],"items_purchased_type":["Card","Relic","Relic"],"build_version":"2020-12-22","purchased_purges":0,"victory":false,"max_hp_per_floor":[80,80,80,80,80,80,80,80,80,80,80,80,80,80,80,80,80,80,80,80,80,80,80,80,80,80,80,80,80,80,80,80,80,80],"card_choices":[{"not_picked":["Seeing Red","Power Through"],"picked":"Clash","floor":0},{"not_picked":["Bloodletting","Rupture"],"picked":"Perfected Strike","floor":1},{"not_picked":["Havoc","True Grit"],"picked":"Headbutt","floor":2},{"not_picked":["Body Slam","True Grit"],"picked":"Pommel Strike","floor":4},{"not_picked":["Battle Trance","Rupture+1"],"picked":"Uppercut","floor":7},{"not_picked":["Pummel","Perfected Strike"],"picked":"Clothesline","floor":8},{"not_picked":["Feed","Thunderclap"],"picked":"Flex","floor":10},{"not_picked":["Burning Pact","Sentinel"],"picked":"Clothesline","floor":11},{"not_picked":["Combust+1","Warcry"],"picked":"Clothesline","floor":13},{"not_picked":["Perfected Strike","Burning Pact"],"picked":"Thunderclap","floor":14},{"not_picked":["Impervious","Brutality+1"],"picked":"Corruption+1","floor":16},{"not_picked":["Sentinel","Havoc"],"picked":"True Grit","floor":18},{"not_picked":["Power Through","Body Slam"],"picked":"Dropkick+1","floor":22},{"not_picked":["Clothesline","Pummel"],"picked":"Power Through","floor":24},{"not_picked":["Pommel Strike","Flex+1"],"picked":"Cleave","floor":27},{"not_picked":["Body Slam","Rage+1"],"picked":"Iron Wave","floor":28}],"player_experience":434113,"relics_obtained":[{"floor":7,"key":"Orichalcum"},{"floor":9,"key":"Omamori"},{"floor":10,"key":"MawBank"},{"floor":26,"key":"Paper Frog"},{"floor":27,"key":"Blood Vial"},{"floor":29,"key":"Shuriken"}],"event_choices":[{"damage_healed":0,"gold_gain":0,"player_choice":"Gave Potion","damage_taken":0,"relics_obtained":["Frozen Egg 2"],"max_hp_gain":0,"max_hp_loss":0,"event_name":"WeMeetAgain","floor":3,"gold_loss":0},{"damage_healed":0,"gold_gain":0,"player_choice":"Read","damage_taken":0,"max_hp_gain":0,"max_hp_loss":0,"event_name":"The Library","floor":20,"gold_loss":0,"cards_obtained":["Flame Barrier"]},{"damage_healed":0,"gold_gain":0,"player_choice":"Got Potions","damage_taken":0,"max_hp_gain":0,"max_hp_loss":0,"event_name":"Lab","floor":21,"gold_loss":0},{"damage_healed":0,"gold_gain":0,"player_choice":"Obtained Relic","damage_taken":0,"relics_obtained":["Du-Vu Doll"],"max_hp_gain":0,"max_hp_loss":0,"event_name":"Addict","floor":31,"gold_loss":85}],"is_beta":false,"boss_relics":[{"not_picked":["Sozu","Ectoplasm"],"picked":"Fusion Hammer"}],"items_purged_floors":[],"is_endless":false,"potions_floor_spawned":[1,7,11,13,16,22],"killed_by":"Champ","ascension_level":6}}