{"host":"sian7qp8a9pc9xwd","time":1611302389,"event":{"mods":["BaseMod","Minty Spire (QoL Compilation)","StSLib","SuperFastMode"],"gold_per_floor":[117,128,14,89,89,89,110,141,164,164,198,210,249,277,289,398,410,437,459,9,9,20,20,20],"floor_reached":23,"language":"ENG","playtime":861,"items_purged":["Strike_R"],"score":300,"play_id":"cfc8045c-fdca-4ee7-95fd-730b09ef49c5","local_time":"20210122025949","is_ascension_mode":true,"campfire_choices":[{"data":"Bash","floor":6.0,"key":"SMITH"},{"data":"Searing Blow","floor":12.0,"key":"SMITH"},{"floor":15.0,"key":"REST"}],"circlet_count":0,"master_deck":["Strike_R","Strike_R","Strike_R","Strike_R","Defend_R","Defend_R","Defend_R","Defend_R","Bash+1","Bludgeon+1","Armaments","Flex","Seeing Red","Searing Blow+1","Demon Form","Exhume","Exhume","Exhume"],"relics":["Burning Blood","Odd Mushroom","Ancient Tea Set","Regal Pillow","MawBank","Pear","Sozu","Strange Spoon","Oddly Smooth Stone"],"acts_visited":["Exordium","TheCity"],"potions_floor_usage":[],"damage_taken":[{"damage":6.0,"enemies":"Cultist","floor":1.0,"turns":3.0},{"damage":6.0,"enemies":"Small Slimes","floor":2.0,"turns":2.0},{"damage":12.0,"enemies":"The Mushroom Lair","floor":7.0,"turns":5.0},{"damage":15.0,"enemies":"3 Sentries","floor":8.0,"turns":7.0},{"damage":12.0,"enemies":"Gremlin Nob","floor":11.0,"turns":3.0},{"damage":22.0,"enemies":"Lagavulin","floor":13.0,"turns":8.0},{"damage":8.0,"enemies":"2 Louse","floor":14.0,"turns":2.0},{"damage":58.0,"enemies":"Hexaghost","floor":16.0,"turns":7.0},{"damage":26.0,"enemies":"2 Thieves","floor":18.0,"turns":4.0},{"damage":24.0,"enemies":"Chosen","floor":19.0,"turns":6.0},{"damage":19,"enemies":"Centurion and Healer","floor":22,"turns":6},{"damage":0,"enemies":"Cultist and Chosen","floor":23,"turns":1}],"seed_played":"973294235950270279","potions_obtained":[{"floor":1.0,"key":"Explosive Potion"},{"floor":7.0,"key":"GamblersBrew"},{"floor":8.0,"key":"EssenceOfSteel"},{"floor":14.0,"key":"BloodPotion"},{"floor":16.0,"key":"FearPotion"}],"is_trial":false,"path_per_floor":["M","M","$","?","?","R","?","E","T","?","E","R","E","M","R","B",null,"M","M","$","?","M","M"],"character_chosen":"IRONCLAD","items_purchased":["Seeing Red","Exhume","Strange Spoon","Oddly Smooth Stone"],"campfire_rested":1,"item_purchase_floors":[3,20,20,20],"current_hp_per_floor":[72,72,72,61,61,61,55,46,46,46,40,40,34,32,74,22,73,53,35,35,35,22,22,22],"gold":20,"neow_bonus":"ONE_RANDOM_RARE_CARD","is_daily":false,"chose_seed":false,"campfire_upgraded":2,"win_rate":0.0,"timestamp":1611302389,"path_taken":["M","M","$","?","?","R","?","E","T","?","E","R","E","M","R","BOSS","M","M","$","?","?","?"],"items_purchased_type":["Card","Card","Relic","Relic"],"build_version":"2020-12-22","purchased_purges":1,"victory":false,"max_hp_per_floor":[80,80,80,80,80,80,80,80,80,80,80,80,90,90,90,90,90,90,90,90,90,90,90,90],"card_choices":[{"not_picked":["Pummel","Combust"],"picked":"Armaments","floor":1.0},{"not_picked":["True Grit","Anger"],"picked":"Flex","floor":2.0},{"not_picked":["Wild Strike","Dropkick"],"picked":"Searing Blow","floor":7.0},{"not_picked":["Anger","Shockwave"],"picked":"Demon Form","floor":8.0},{"not_picked":["True Grit","Heavy Blade","Thunderclap"],"picked":"SKIP","floor":11.0},{"not_picked":["Iron Wave","Flame Barrier","Uppercut"],"picked":"SKIP","floor":13.0},{"not_picked":["Havoc","Uppercut","Pommel Strike"],"picked":"SKIP","floor":14.0},{"not_picked":["Juggernaut","Demon Form"],"picked":"Exhume","floor":16.0},{"not_picked":["Clash","Shrug It Off","Headbutt+1"],"picked":"SKIP","floor":18.0},{"not_picked":["Intimidate","Wild Strike","Fire Breathing"],"picked":"SKIP","floor":19.0},{"not_picked":["Iron Wave+1","Flex","Rampage"],"picked":"SKIP","floor":22}],"player_experience":722659,"relics_obtained":[{"floor":7.0,"key":"Odd Mushroom"},{"floor":8.0,"key":"Ancient Tea Set"},{"floor":9.0,"key":"Regal Pillow"},{"floor":11.0,"key":"MawBank"},{"floor":13.0,"key":"Pear"}],"event_choices":[{"damage_healed":0.0,"max_hp_gain":0.0,"max_hp_loss":0.0,"gold_gain":75.0,"event_name":"World of Goop","player_choice":"Gather Gold","floor":4.0,"gold_loss":0.0,"damage_taken":11.0},{"damage_healed":0.0,"max_hp_gain":0.0,"max_hp_loss":0.0,"gold_gain":0.0,"event_name":"Living Wall","player_choice":"Grow","floor":5.0,"gold_loss":0.0,"damage_taken":0.0,"cards_upgraded":["Bludgeon"]},{"damage_healed":0.0,"max_hp_gain":0.0,"max_hp_loss":0.0,"gold_gain":0.0,"event_name":"Mushrooms","player_choice":"Fought Mushrooms","floor":7.0,"gold_loss":0.0,"damage_taken":0.0},{"damage_healed":0.0,"max_hp_gain":0.0,"max_hp_loss":0.0,"gold_gain":0.0,"event_name":"Liars Game","player_choice":"Ignored","floor":10.0,"gold_loss":0.0,"damage_taken":0.0},{"damage_healed":0,"gold_gain":0,"player_choice":"Copied","damage_taken":0,"max_hp_gain":0,"max_hp_loss":0,"event_name":"Duplicator","floor":21,"gold_loss":0,"cards_obtained":["Exhume"]}],"is_beta":false,"boss_relics":[{"not_picked":["Tiny House","Empty Cage"],"picked":"Sozu"}],"items_purged_floors":[3],"is_endless":false,"potions_floor_spawned":[1,7,8,14,16,18,22],"killed_by":"Cultist and Chosen","ascension_level":9}}