{"host":"3a5itcmwo6ddh3id","time":1611330069,"event":{"mods":["BaseMod","Colored Map","Colored Powertips","Minty Spire (QoL Compilation)","Relic Stats"],"gold_per_floor":[117,137,1,76,92,122,87,100,146,184,196,208,247,276,288,374,386,409,421,459,6,23,23,51,70,70,104,115,148,148,164,164,241,241,267,55,64,81,93,120,120,12,76,100,123,139,139,139,139],"floor_reached":48,"language":"ENG","playtime":2856,"items_purged":["Strike_R"],"score":1234,"play_id":"a0b482cb-8a82-4fe5-ab57-683ea227e12f","local_time":"20210122094109","is_ascension_mode":true,"campfire_choices":[{"data":"Bash","floor":11.0,"key":"SMITH"},{"data":"Fire Breathing","floor":15.0,"key":"SMITH"},{"data":"Immolate","floor":23.0,"key":"SMITH"},{"data":"True Grit","floor":30.0,"key":"SMITH"},{"data":"Shockwave","floor":32.0,"key":"SMITH"},{"data":"Fiend Fire","floor":41.0,"key":"SMITH"},{"floor":47,"key":"REST"}],"circlet_count":0,"master_deck":["AscendersBane","Strike_R","Strike_R","Strike_R","Strike_R+1","Defend_R","Defend_R","Defend_R","Defend_R","Bash+1","Twin Strike","Dual Wield","Metallicize","Cleave","Carnage","Carnage+1","Shrug It Off","Shame","Corruption","Clothesline","Fire Breathing+1","Immolate+1","Disarm","Fiend Fire+1","Shrug It Off","Sword Boomerang","Offering","Uppercut","Burning Pact","Disarm","True Grit+1","Shockwave+1","Double Tap","CurseOfTheBell","Spot Weakness","Shrug It Off","Spot Weakness","Flame Barrier","Power Through","Clumsy","Sentinel","Ghostly Armor"],"relics":["Cursed Key","Meat on the Bone","MawBank","Whetstone","Ginger","White Beast Statue","Velvet Choker","MutagenicStrength","Red Mask","ClockworkSouvenir","Bag of Preparation","Strawberry","Darkstone Periapt","Tiny Chest","Calling Bell","CeramicFish","The Courier","StoneCalendar","Toolbox"],"acts_visited":["Exordium","TheCity","TheBeyond"],"potions_floor_usage":[45],"damage_taken":[{"damage":7.0,"enemies":"Small Slimes","floor":1.0,"turns":3.0},{"damage":8.0,"enemies":"2 Louse","floor":2.0,"turns":3.0},{"damage":0.0,"enemies":"Cultist","floor":5.0,"turns":3.0},{"damage":19.0,"enemies":"3 Sentries","floor":6.0,"turns":6.0},{"damage":0.0,"enemies":"Exordium Wildlife","floor":8.0,"turns":2.0},{"damage":0.0,"enemies":"Gremlin Nob","floor":10.0,"turns":3.0},{"damage":18.0,"enemies":"3 Sentries","floor":13.0,"turns":9.0},{"damage":6.0,"enemies":"3 Louse","floor":14.0,"turns":4.0},{"damage":17.0,"enemies":"Hexaghost","floor":16.0,"turns":7.0},{"damage":13.0,"enemies":"Spheric Guardian","floor":18.0,"turns":4.0},{"damage":19.0,"enemies":"Masked Bandits","floor":20.0,"turns":4.0},{"damage":6.0,"enemies":"3 Byrds","floor":22.0,"turns":3.0},{"damage":9.0,"enemies":"Gremlin Leader","floor":24.0,"turns":4.0},{"damage":6.0,"enemies":"Cultist and Chosen","floor":25.0,"turns":2.0},{"damage":17.0,"enemies":"Book of Stabbing","floor":27.0,"turns":3.0},{"damage":3.0,"enemies":"Snecko","floor":28.0,"turns":4.0},{"damage":6.0,"enemies":"Slavers","floor":29.0,"turns":3.0},{"damage":8.0,"enemies":"Centurion and Healer","floor":31.0,"turns":4.0},{"damage":33.0,"enemies":"Automaton","floor":33.0,"turns":10.0},{"damage":6.0,"enemies":"3 Shapes","floor":35.0,"turns":7.0},{"damage":0.0,"enemies":"Orb Walker","floor":38.0,"turns":2.0},{"damage":9.0,"enemies":"Maw","floor":39.0,"turns":6.0},{"damage":13.0,"enemies":"Nemesis","floor":40.0,"turns":3.0},{"damage":21.0,"enemies":"Jaw Worm Horde","floor":44.0,"turns":5.0},{"damage":8,"enemies":"Transient","floor":45,"turns":6},{"damage":29,"enemies":"Spire Growth","floor":46,"turns":4},{"damage":86,"enemies":"Giant Head","floor":48,"turns":6}],"seed_played":"4185720146897027572","potions_obtained":[{"floor":1.0,"key":"Block Potion"},{"floor":6.0,"key":"Ancient Potion"},{"floor":14.0,"key":"SteroidPotion"},{"floor":16.0,"key":"SteroidPotion"},{"floor":18.0,"key":"Fire Potion"},{"floor":20.0,"key":"GamblersBrew"},{"floor":22.0,"key":"Energy Potion"},{"floor":24.0,"key":"LiquidMemories"},{"floor":27.0,"key":"PowerPotion"},{"floor":29.0,"key":"ColorlessPotion"},{"floor":31.0,"key":"Swift Potion"},{"floor":33.0,"key":"Ancient Potion"},{"floor":35.0,"key":"Regen Potion"},{"floor":39.0,"key":"Fire Potion"},{"floor":40.0,"key":"Explosive Potion"},{"floor":44.0,"key":"Explosive Potion"},{"floor":45,"key":"LiquidBronze"}],"is_trial":false,"path_per_floor":["M","M","$","?","M","E","?","M","T","E","R","?","E","M","R","B",null,"M","?","?","$","M","R","E","M","T","E","M","E","R","M","R","B",null,"M","$","?","M","M","E","R","$","T","M","M","M","R","E"],"character_chosen":"IRONCLAD","items_purchased":["Metallicize","Cleave","ClockworkSouvenir","Bag of Preparation","Fiend Fire","Shrug It Off","Toolbox","Shrug It Off","Flame Barrier","Power Through"],"campfire_rested":1,"item_purchase_floors":[3,3,21,21,21,21,36,36,42,42],"current_hp_per_floor":[61,53,53,42,42,23,41,41,41,41,41,41,35,41,41,36,65,52,52,45,45,39,39,49,43,43,38,47,53,53,45,45,24,74,68,68,68,68,73,60,60,60,66,57,49,32,60,0,0],"gold":139,"neow_bonus":"BOSS_RELIC","is_daily":false,"chose_seed":false,"campfire_upgraded":6,"win_rate":0.0,"timestamp":1611330069,"path_taken":["M","M","$","?","M","E","?","M","T","E","R","?","E","M","R","BOSS","M","?","?","$","M","R","E","M","T","E","M","E","R","M","R","BOSS","M","$","?","M","M","E","R","$","T","M","?","M","R","E"],"items_purchased_type":["Card","Card","Relic","Relic","Card","Card","Relic","Card","Card","Card"],"build_version":"2020-12-22","purchased_purges":1,"victory":false,"max_hp_per_floor":[75,75,75,75,75,75,75,75,75,75,75,75,75,75,75,75,75,75,75,75,75,75,75,82,82,82,82,82,82,82,82,82,82,88,88,88,88,88,88,88,88,88,94,94,94,94,94,94,94],"relic_stats":{"Darkstone Periapt":12,"counters":[27,120],"CeramicFish":72,"Tiny Chest":0,"StoneCalendar":[12],"Bag of Preparation":[32],"Whetstone":["Carnage","Strike_R"],"Ginger":[18],"Cursed Key":2,"MawBank":144,"obtain_stats":[{"Darkstone Periapt":27,"CeramicFish":34,"Velvet Choker":17,"StoneCalendar":34,"The Courier":34,"Bag of Preparation":21,"Whetstone":10,"Ginger":12,"Cursed Key":0,"MawBank":9,"Burning Blood":0,"White Beast Statue":13,"ClockworkSouvenir":21,"Calling Bell":34,"MutagenicStrength":19,"Strawberry":24,"Toolbox":36,"Tiny Chest":29,"Red Mask":20,"Meat on the Bone":6},{"Darkstone Periapt":15,"CeramicFish":19,"Velvet Choker":9,"StoneCalendar":19,"The Courier":19,"Bag of Preparation":11,"Whetstone":6,"Ginger":6,"Cursed Key":0,"MawBank":5,"Burning Blood":0,"White Beast Statue":7,"ClockworkSouvenir":11,"Calling Bell":19,"MutagenicStrength":10,"Strawberry":13,"Toolbox":20,"Tiny Chest":17,"Red Mask":11,"Meat on the Bone":4},{"Darkstone Periapt":60,"CeramicFish":81,"Velvet Choker":40,"StoneCalendar":81,"The Courier":81,"Bag of Preparation":48,"Whetstone":20,"Ginger":20,"Cursed Key":0,"MawBank":17,"Burning Blood":0,"White Beast Statue":29,"ClockworkSouvenir":48,"Calling Bell":81,"MutagenicStrength":44,"Strawberry":55,"Toolbox":88,"Tiny Chest":67,"Red Mask":48,"Meat on the Bone":15}],"Meat on the Bone":132},"card_choices":[{"not_picked":["Sentinel","Wild Strike"],"picked":"Twin Strike","floor":1.0},{"not_picked":["Perfected Strike","Rampage"],"picked":"Dual Wield","floor":2.0},{"not_picked":["Armaments","Shrug It Off"],"picked":"Carnage","floor":5.0},{"not_picked":["Headbutt","Flex"],"picked":"Carnage","floor":6.0},{"not_picked":["Sword Boomerang","Pommel Strike"],"picked":"Shrug It Off","floor":8.0},{"not_picked":["Flex","Perfected Strike"],"picked":"Corruption","floor":10.0},{"not_picked":["Twin Strike","Wild Strike"],"picked":"Clothesline","floor":13.0},{"not_picked":["Headbutt","Infernal Blade"],"picked":"Fire Breathing","floor":14.0},{"not_picked":["Double Tap","Offering"],"picked":"Immolate","floor":16.0},{"not_picked":["Havoc","Cleave"],"picked":"Disarm","floor":18.0},{"not_picked":["Wild Strike","Hemokinesis"],"picked":"Sword Boomerang","floor":22.0},{"not_picked":["Body Slam","Dual Wield"],"picked":"Offering","floor":24.0},{"not_picked":["Ghostly Armor","Seeing Red"],"picked":"Uppercut","floor":25.0},{"not_picked":["Flex","Ghostly Armor"],"picked":"Burning Pact","floor":27.0},{"not_picked":["Seeing Red","Flex"],"picked":"Disarm","floor":28.0},{"not_picked":["Blood for Blood+1","Infernal Blade"],"picked":"True Grit","floor":29.0},{"not_picked":["Wild Strike+1","Sword Boomerang"],"picked":"Shockwave","floor":31.0},{"not_picked":["Berserk","Corruption"],"picked":"Double Tap","floor":33.0},{"not_picked":["Combust","Evolve"],"picked":"Spot Weakness","floor":35.0},{"not_picked":["Heavy Blade","Headbutt+1","Uppercut+1"],"picked":"SKIP","floor":38.0},{"not_picked":["Havoc","Warcry","Clothesline"],"picked":"SKIP","floor":39.0},{"not_picked":["Evolve","Cleave","Fire Breathing+1"],"picked":"SKIP","floor":40.0},{"not_picked":["Armaments","Twin Strike"],"picked":"Sentinel","floor":44.0},{"not_picked":["Infernal Blade+1","Pummel"],"picked":"Ghostly Armor","floor":45},{"not_picked":["Heavy Blade","Clothesline+1","Sever Soul"],"picked":"SKIP","floor":46}],"player_experience":1088695,"relics_obtained":[{"floor":6.0,"key":"Meat on the Bone"},{"floor":9.0,"key":"MawBank"},{"floor":10.0,"key":"Whetstone"},{"floor":12.0,"key":"Ginger"},{"floor":13.0,"key":"White Beast Statue"},{"floor":20.0,"key":"Red Mask"},{"floor":24.0,"key":"Strawberry"},{"floor":27.0,"key":"Darkstone Periapt"},{"floor":29.0,"key":"Tiny Chest"},{"floor":34.0,"key":"CeramicFish"},{"floor":34.0,"key":"The Courier"},{"floor":34.0,"key":"StoneCalendar"}],"event_choices":[{"damage_healed":0.0,"max_hp_gain":0.0,"max_hp_loss":0.0,"gold_gain":75.0,"event_name":"World of Goop","player_choice":"Gather Gold","floor":4.0,"gold_loss":0.0,"damage_taken":11.0},{"damage_healed":18.0,"max_hp_gain":0.0,"max_hp_loss":0.0,"gold_gain":0.0,"event_name":"The Cleric","player_choice":"Healed","floor":7.0,"gold_loss":35.0,"damage_taken":0.0},{"damage_healed":0.0,"max_hp_gain":0.0,"max_hp_loss":0.0,"gold_gain":0.0,"event_name":"Wheel of Change","player_choice":"Relic","floor":12.0,"gold_loss":0.0,"damage_taken":0.0},{"damage_healed":0.0,"max_hp_gain":0.0,"max_hp_loss":0.0,"gold_gain":0.0,"event_name":"Drug Dealer","player_choice":"Inject Mutagens","floor":19.0,"gold_loss":0.0,"damage_taken":0.0,"relics_obtained":["MutagenicStrength"]},{"damage_healed":0.0,"max_hp_gain":0.0,"max_hp_loss":0.0,"gold_gain":0.0,"event_name":"Masked Bandits","player_choice":"Fought Bandits","floor":20.0,"gold_loss":0.0,"damage_taken":0.0},{"damage_healed":0.0,"max_hp_gain":0.0,"max_hp_loss":0.0,"gold_gain":0.0,"event_name":"Duplicator","player_choice":"Copied","floor":37.0,"gold_loss":0.0,"damage_taken":0.0,"cards_obtained":["Spot Weakness"]}],"is_beta":false,"boss_relics":[{"not_picked":["SacredBark","Runic Dome"],"picked":"Velvet Choker"},{"not_picked":["Pandora\u0027s Box","Philosopher\u0027s Stone"],"picked":"Calling Bell"}],"items_purged_floors":[36],"is_endless":false,"potions_floor_spawned":[1,6,8,14,16,18,20,22,24,25,27,28,29,31,33,35,38,39,40,44,45,46],"killed_by":"Giant Head","ascension_level":20}}