{"host":"thn8o1tmql8xszd5","time":1611357514,"event":{"mods":["AchievementEnabler","Act Like it!","BaseMod","Block Reminder","Colored Map","DeckTracker","Gensokyo","Highlight Path","Minty Spire (QoL Compilation)","Permanent Neow","Quick Restart","Relic Stats","Robot Space Explorer","StSLib","The Animator","The Blue Laboratory"],"gold_per_floor":[119,119,119,131,131,157,157,189,189,189,222,21,101,119,119,220,220,234,0,0,14,30,30,64,83,132,158,108,108,92,127,127,226,226,245,245,259,259,278,278,310,310,333,353,364,375,375,375],"floor_reached":47,"language":"ENG","playtime":3397,"items_purged":["RobotSpaceExplorer:Strike"],"score":742,"play_id":"bfb33f9d-b2b0-4420-8674-0d4268c28944","local_time":"20210122181834","is_ascension_mode":true,"campfire_choices":[{"data":"RobotSpaceExplorer:TurboDodge","floor":7,"key":"SMITH"},{"data":"RobotSpaceExplorer:ChargingLaser","floor":10,"key":"SMITH"},{"data":"RobotSpaceExplorer:Asteroid","floor":15,"key":"SMITH"},{"floor":23,"key":"REST"},{"floor":29,"key":"REST"},{"floor":32,"key":"REST"},{"floor":40,"key":"REST"},{"floor":42,"key":"REST"}],"circlet_count":0,"master_deck":["RobotSpaceExplorer:Strike","RobotSpaceExplorer:Strike","RobotSpaceExplorer:Strike","RobotSpaceExplorer:Defend","RobotSpaceExplorer:Defend+1","RobotSpaceExplorer:Defend","RobotSpaceExplorer:Defend","RobotSpaceExplorer:Scan+1","RobotSpaceExplorer:MiniLasers+1","RobotSpaceExplorer:ChargingLaser+1","RobotSpaceExplorer:ScrapMissile","Gensokyo:CrescentMoonSlash+1","RobotSpaceExplorer:FranticSearch","RobotSpaceExplorer:TurboDodge+1","RobotSpaceExplorer:SurgingShield+1","RobotSpaceExplorer:SurgingShield","RobotSpaceExplorer:Asteroid+1","RobotSpaceExplorer:ShockMissile","RobotSpaceExplorer:ScrapMissile+1","RobotSpaceExplorer:GearShield+1","RobotSpaceExplorer:Blaster+1","RobotSpaceExplorer:IronShell+1","Gensokyo:GreaterSplit","RobotSpaceExplorer:SurgingStrike+1","RobotSpaceExplorer:ShovelStrike+1"],"relics":["RobotSpaceExplorer:RoboCore","Blue Candle","Gambling Chip","Akabeko","Du-Vu Doll","Fusion Hammer","Gensokyo:SongOfSouls","RobotSpaceExplorer:BottledGravity","Omamori","RobotSpaceExplorer:FoglandsKnife","Whetstone","Calling Bell","Orichalcum","Mummified Hand","Thread and Needle","Gensokyo:TheCrow","War Paint","MealTicket"],"acts_visited":["Exordium","Gensokyo:Gensokyo","Gensokyo:Gensokyoer"],"potions_floor_usage":[18,24,27,27,41,41,41,47],"damage_taken":[{"damage":0,"enemies":"Gensokyo:2_Kodama","floor":1,"turns":3},{"damage":0,"enemies":"Gensokyo:3_Fairies","floor":4,"turns":3},{"damage":0,"enemies":"Gensokyo:Cirno","floor":6,"turns":4},{"damage":9,"enemies":"Gensokyo:Aya","floor":8,"turns":6},{"damage":0,"enemies":"Gensokyo:Cirno","floor":11,"turns":4},{"damage":0,"enemies":"Gensokyo:Python","floor":14,"turns":2},{"damage":19,"enemies":"Gensokyo:Kokoro","floor":16,"turns":6},{"damage":2,"enemies":"Gensokyo:3_Dogs","floor":18,"turns":3},{"damage":0,"enemies":"Gensokyo:2_Gloops","floor":21,"turns":3},{"damage":16,"enemies":"Gensokyo:Monolith_and_Dog","floor":22,"turns":4},{"damage":54,"enemies":"Gensokyo:Koishi","floor":24,"turns":7},{"damage":2,"enemies":"Gensokyo:3_Gloops","floor":25,"turns":3},{"damage":15,"enemies":"Gensokyo:Reisen","floor":27,"turns":5},{"damage":10,"enemies":"Gensokyo:Koishi","floor":31,"turns":3},{"damage":44,"enemies":"Gensokyo:Kaguya","floor":33,"turns":7},{"damage":4,"enemies":"Gensokyo:AncientGuardian","floor":35,"turns":4},{"damage":0,"enemies":"Gensokyo:3_Bats","floor":37,"turns":1},{"damage":22,"enemies":"Gensokyo:Rafflesia","floor":39,"turns":6},{"damage":59,"enemies":"Gensokyo:Kasen","floor":41,"turns":6},{"damage":0,"enemies":"Gensokyo:AtlasGolem","floor":44,"turns":3},{"damage":0,"enemies":"Gensokyo:3_Boulders","floor":45,"turns":5},{"damage":8,"enemies":"Gensokyo:Rafflesia","floor":46,"turns":4},{"damage":36,"enemies":"Gensokyo:Marisa","floor":47,"turns":4}],"seed_played":"2489715987849560095","potions_obtained":[{"floor":8,"key":"blueLaboratory:BottleOfVodka"},{"floor":16,"key":"blueLaboratory:LouseDecoction"},{"floor":18,"key":"blueLaboratory:PhilterOfMotion"},{"floor":24,"key":"blueLaboratory:FruitPunch"},{"floor":35,"key":"LiquidBronze"},{"floor":39,"key":"blueLaboratory:LouseDecoction"},{"floor":46,"key":"blueLaboratory:PolymorphPotion"}],"is_trial":false,"path_per_floor":["M","?","?","M","?","E","R","E","T","R","E","$","?","M","R","B",null,"M","?","?","M","M","R","E","M","T","E","?","R","?","E","R","B",null,"M","?","M","?","M","R","E","R","T","M","M","M","E"],"character_chosen":"RobotSpaceExplorer","items_purchased":["RobotSpaceExplorer:SurgingShield","Regen Potion"],"campfire_rested":5,"item_purchase_floors":[12,12],"current_hp_per_floor":[68,57,50,50,73,73,73,64,64,64,64,64,64,64,64,45,68,66,66,66,66,50,72,18,16,16,17,24,49,65,55,80,36,72,68,68,68,68,46,71,12,37,37,37,37,29,0,0],"gold":375,"neow_bonus":"ONE_RANDOM_RARE_CARD","is_daily":false,"chose_seed":false,"campfire_upgraded":3,"win_rate":0.0,"timestamp":1611357514,"path_taken":["M","?","?","?","?","E","R","E","T","R","E","$","?","M","R","BOSS","M","?","?","M","M","R","E","?","T","E","?","R","?","E","R","BOSS","M","?","M","?","M","R","E","R","T","M","M","M","E"],"items_purchased_type":["Card","Potion"],"build_version":"2020-12-22","purchased_purges":1,"victory":false,"max_hp_per_floor":[75,75,75,75,75,75,75,75,75,75,75,75,75,75,75,75,75,75,75,75,75,75,75,75,75,75,77,84,84,84,84,84,84,84,84,84,84,84,84,84,84,84,84,84,84,84,84,84],"relic_stats":{"counters":[23,96],"Mummified Hand":[0],"Blue Candle":[0],"Gambling Chip":[50],"MealTicket":0,"Whetstone":["RobotSpaceExplorer:Blaster","RobotSpaceExplorer:MiniLasers"],"Orichalcum":[18],"War Paint":["RobotSpaceExplorer:SurgingShield","RobotSpaceExplorer:Scan"],"obtain_stats":[{"Blue Candle":6,"Gensokyo:TheCrow":36,"RobotSpaceExplorer:RoboCore":0,"Thread and Needle":34,"Omamori":26,"Whetstone":31,"Orichalcum":34,"War Paint":41,"Akabeko":9,"Du-Vu Doll":11,"Calling Bell":34,"Frozen Eye":24,"RobotSpaceExplorer:FoglandsKnife":27,"RobotSpaceExplorer:BottledGravity":24,"Mummified Hand":34,"Gambling Chip":8,"MealTicket":43,"Fusion Hammer":17,"Gensokyo:SongOfSouls":20},{"Blue Candle":3,"Gensokyo:TheCrow":16,"RobotSpaceExplorer:RoboCore":0,"Thread and Needle":15,"Omamori":12,"Whetstone":14,"Orichalcum":15,"War Paint":19,"Akabeko":4,"Du-Vu Doll":5,"Calling Bell":15,"Frozen Eye":10,"RobotSpaceExplorer:FoglandsKnife":13,"RobotSpaceExplorer:BottledGravity":11,"Mummified Hand":15,"Gambling Chip":4,"MealTicket":19,"Fusion Hammer":7,"Gensokyo:SongOfSouls":8},{"Blue Candle":10,"Gensokyo:TheCrow":67,"RobotSpaceExplorer:RoboCore":0,"Thread and Needle":63,"Omamori":48,"Whetstone":56,"Orichalcum":63,"War Paint":80,"Akabeko":16,"Du-Vu Doll":20,"Calling Bell":63,"Frozen Eye":38,"RobotSpaceExplorer:FoglandsKnife":53,"RobotSpaceExplorer:BottledGravity":45,"Mummified Hand":63,"Gambling Chip":16,"MealTicket":80,"Fusion Hammer":28,"Gensokyo:SongOfSouls":31}]},"card_choices":[{"not_picked":["RobotSpaceExplorer:MiniDrones","RobotSpaceExplorer:PlasmaMissile"],"picked":"RobotSpaceExplorer:ScrapMissile","floor":1},{"not_picked":["RobotSpaceExplorer:ToxicBomb","RobotSpaceExplorer:SurgingShield"],"picked":"RobotSpaceExplorer:FranticSearch","floor":4},{"not_picked":["RobotSpaceExplorer:StarLightning","RobotSpaceExplorer:Smokescreen"],"picked":"RobotSpaceExplorer:TurboDodge","floor":6},{"not_picked":["RobotSpaceExplorer:FreezeRay","RobotSpaceExplorer:Electroshield","RobotSpaceExplorer:Discharger"],"picked":"SKIP","floor":8},{"not_picked":["RobotSpaceExplorer:ImprovisedAttack","RobotSpaceExplorer:Ammunition"],"picked":"RobotSpaceExplorer:SurgingShield","floor":11},{"not_picked":["RobotSpaceExplorer:Pulsar","RobotSpaceExplorer:FrostMissile"],"picked":"RobotSpaceExplorer:Asteroid","floor":14},{"not_picked":["RobotSpaceExplorer:TrailblazerForm","RobotSpaceExplorer:Explosion"],"picked":"RobotSpaceExplorer:ShockMissile","floor":16},{"not_picked":["RobotSpaceExplorer:Blitz","RobotSpaceExplorer:ImprovisedAttack+1"],"picked":"RobotSpaceExplorer:ScrapMissile","floor":18},{"not_picked":["RobotSpaceExplorer:SurgingShield+1","RobotSpaceExplorer:SlimeMissile+1","RobotSpaceExplorer:ScrapMissile"],"picked":"SKIP","floor":21},{"not_picked":["RobotSpaceExplorer:FreezeRay+1","RobotSpaceExplorer:Pulsar","RobotSpaceExplorer:PowerCollector+1"],"picked":"SKIP","floor":22},{"not_picked":["RobotSpaceExplorer:RigExplosive","RobotSpaceExplorer:PowerGlove"],"picked":"RobotSpaceExplorer:GearShield+1","floor":24},{"not_picked":["RobotSpaceExplorer:MetalStrike","RobotSpaceExplorer:GlueShot","RobotSpaceExplorer:ShockKick+1"],"picked":"SKIP","floor":25},{"not_picked":["RobotSpaceExplorer:SelfCleaning+1","RobotSpaceExplorer:SwiftStep"],"picked":"RobotSpaceExplorer:Blaster","floor":27},{"not_picked":["RobotSpaceExplorer:StarDust","RobotSpaceExplorer:Counterblock","RobotSpaceExplorer:Pulsar"],"picked":"SKIP","floor":31},{"not_picked":["RobotSpaceExplorer:Counterblock","RobotSpaceExplorer:FrostMissile","RobotSpaceExplorer:DualCore"],"picked":"SKIP","floor":35},{"not_picked":["RobotSpaceExplorer:Pulsar","RobotSpaceExplorer:GearShield+1"],"picked":"RobotSpaceExplorer:IronShell+1","floor":37},{"not_picked":["RobotSpaceExplorer:MiniDrones","RobotSpaceExplorer:SlimeMissile"],"picked":"RobotSpaceExplorer:SurgingStrike+1","floor":39},{"not_picked":["RobotSpaceExplorer:MetalStrike+1","RobotSpaceExplorer:SurgingStrike+1","RobotSpaceExplorer:IronShell"],"picked":"SKIP","floor":41},{"not_picked":["RobotSpaceExplorer:GlueShot+1","RobotSpaceExplorer:ScrapShield","RobotSpaceExplorer:Fix"],"picked":"SKIP","floor":44},{"not_picked":["RobotSpaceExplorer:Discharger","RobotSpaceExplorer:ImprovisedAttack","RobotSpaceExplorer:ExhaustFan"],"picked":"SKIP","floor":45},{"not_picked":["RobotSpaceExplorer:SwiftStep","RobotSpaceExplorer:JunkDive"],"picked":"RobotSpaceExplorer:ShovelStrike+1","floor":46}],"player_experience":715927,"relics_obtained":[{"floor":6,"key":"Blue Candle"},{"floor":8,"key":"Gambling Chip"},{"floor":9,"key":"Akabeko"},{"floor":11,"key":"Du-Vu Doll"},{"floor":24,"key":"RobotSpaceExplorer:BottledGravity"},{"floor":26,"key":"Omamori"},{"floor":27,"key":"RobotSpaceExplorer:FoglandsKnife"},{"floor":31,"key":"Whetstone"},{"floor":34,"key":"Orichalcum"},{"floor":34,"key":"Mummified Hand"},{"floor":34,"key":"Thread and Needle"},{"floor":41,"key":"War Paint"},{"floor":43,"key":"MealTicket"}],"event_choices":[],"is_beta":false,"boss_relics":[{"not_picked":["Runic Dome","Snecko Eye"],"picked":"Fusion Hammer"},{"not_picked":["Cursed Key","Tiny House"],"picked":"Calling Bell"}],"items_purged_floors":[12],"is_endless":false,"potions_floor_spawned":[8,16,18,24,35,39,46],"killed_by":"Gensokyo:Marisa","ascension_level":7}}