{"host":"50per11302020","time":1611299443,"event":{"mods":["AchievementEnabler","BaseMod","Colored Map","Minty Spire (QoL Compilation)","Relic Stats","StSLib"],"gold_per_floor":[361,361,372,52,52,52,86,86,86,116,116,48,48,48,48,152,152,172,172,196,2,20,20,20],"floor_reached":23,"language":"ENG","playtime":1090,"items_purged":["Strike_R","Rampage"],"score":290,"play_id":"04b236ce-758a-4062-8a55-028b4a4d9886","local_time":"20210121231043","is_ascension_mode":true,"campfire_choices":[{"floor":6,"key":"REST"},{"data":"Armaments","floor":11,"key":"SMITH"},{"data":"Whirlwind","floor":13,"key":"SMITH"},{"floor":15,"key":"REST"}],"circlet_count":0,"master_deck":["AscendersBane","Bash","Wild Strike","Whirlwind+1","Headbutt","Armaments+1","Berserk+1","Demon Form+1","Berserk+1","Disarm","Brutality+1","Flame Barrier","Clothesline","Rage","Berserk+1","Whirlwind","Spot Weakness","Sword Boomerang","Feed"],"relics":["Burning Blood","Membership Card","Oddly Smooth Stone","Frozen Egg 2","Tiny Chest","Paper Frog","Potion Belt","Pandora\u0027s Box","Centennial Puzzle"],"acts_visited":["Exordium","TheCity"],"potions_floor_usage":[7,22,23],"damage_taken":[{"damage":8,"enemies":"Jaw Worm","floor":1,"turns":4},{"damage":0,"enemies":"Small Slimes","floor":3,"turns":3},{"damage":38,"enemies":"Lagavulin","floor":7,"turns":8},{"damage":30,"enemies":"3 Sentries","floor":10,"turns":5},{"damage":20,"enemies":"Slime Boss","floor":16,"turns":7},{"damage":41,"enemies":"2 Thieves","floor":18,"turns":3},{"damage":27,"enemies":"Spheric Guardian","floor":22,"turns":4},{"damage":47,"enemies":"Slavers","floor":23,"turns":3}],"seed_played":"-6275577414447237956","potions_obtained":[{"floor":3,"key":"Energy Potion"},{"floor":7,"key":"ElixirPotion"},{"floor":18,"key":"Swift Potion"},{"floor":22,"key":"Block Potion"}],"is_trial":false,"path_per_floor":["M","$","M","$","?","R","E","?","T","E","R","$","R","?","R","B",null,"M","$","T","$","M","E"],"character_chosen":"IRONCLAD","items_purchased":["Membership Card","Whirlwind","Oddly Smooth Stone","Headbutt","Demon Form+1","FairyPotion","Sword Boomerang","Feed"],"campfire_rested":2,"item_purchase_floors":[4,4,4,4,12,21,21,21],"current_hp_per_floor":[49,49,55,55,43,67,35,61,61,37,37,37,37,29,53,39,70,35,35,35,35,17,0,0],"gold":20,"neow_bonus":"TWO_FIFTY_GOLD","is_daily":false,"chose_seed":false,"campfire_upgraded":2,"win_rate":0.0,"timestamp":1611299443,"path_taken":["M","$","M","$","?","R","E","?","T","E","R","?","R","?","R","BOSS","M","$","?","$","M","E"],"items_purchased_type":["Relic","Card","Relic","Card","Card","Potion","Card","Card"],"build_version":"2020-12-18","purchased_purges":2,"victory":false,"max_hp_per_floor":[80,80,80,80,80,80,80,80,80,80,80,80,80,80,80,80,80,80,80,80,80,83,83,83],"relic_stats":{"Centennial Puzzle":[6],"counters":[8,37],"Tiny Chest":1,"Pandora\u0027s Box":["Disarm","Brutality","Flame Barrier","Clothesline","Rage","Berserk","Whirlwind","Spot Weakness"],"obtain_stats":[{"Potion Belt":10,"Centennial Puzzle":20,"Oddly Smooth Stone":4,"Tiny Chest":7,"Pandora\u0027s Box":17,"Membership Card":4,"Frozen Egg 2":5,"Burning Blood":0,"Paper Frog":9},{"Potion Belt":4,"Centennial Puzzle":6,"Oddly Smooth Stone":2,"Tiny Chest":3,"Pandora\u0027s Box":5,"Membership Card":2,"Frozen Egg 2":2,"Burning Blood":0,"Paper Frog":3},{"Potion Belt":20,"Centennial Puzzle":30,"Oddly Smooth Stone":7,"Tiny Chest":15,"Pandora\u0027s Box":27,"Membership Card":7,"Frozen Egg 2":7,"Burning Blood":0,"Paper Frog":15}],"Burning Blood":42},"card_choices":[{"not_picked":["Flex","Anger"],"picked":"Wild Strike","floor":1},{"not_picked":["Pommel Strike","Blood for Blood"],"picked":"Rampage","floor":3},{"not_picked":["Dark Embrace+1","Iron Wave"],"picked":"Armaments","floor":7},{"not_picked":["Shockwave","Body Slam"],"picked":"Berserk+1","floor":10},{"not_picked":["Bludgeon","Corruption+1"],"picked":"Berserk+1","floor":16},{"not_picked":["Dark Embrace+1","Power Through","Clothesline+1"],"picked":"SKIP","floor":18},{"not_picked":["Anger","Armaments","Headbutt"],"picked":"SKIP","floor":22}],"player_experience":314671,"relics_obtained":[{"floor":7,"key":"Tiny Chest"},{"floor":9,"key":"Paper Frog"},{"floor":10,"key":"Potion Belt"},{"floor":20,"key":"Centennial Puzzle"}],"event_choices":[{"damage_healed":0,"gold_gain":0,"player_choice":"Success","damage_taken":12,"relics_obtained":["Frozen Egg 2"],"max_hp_gain":0,"max_hp_loss":0,"event_name":"Scrap Ooze","floor":5,"gold_loss":0},{"damage_healed":26,"gold_gain":0,"player_choice":"Banana","damage_taken":0,"max_hp_gain":0,"max_hp_loss":0,"event_name":"Big Fish","floor":8,"gold_loss":0},{"damage_healed":0,"gold_gain":0,"player_choice":"Damaged","damage_taken":8,"max_hp_gain":0,"max_hp_loss":0,"event_name":"Wheel of Change","floor":14,"gold_loss":0}],"is_beta":true,"boss_relics":[{"not_picked":["Empty Cage","Runic Dome"],"picked":"Pandora\u0027s Box"}],"items_purged_floors":[4,21],"is_endless":false,"potions_floor_spawned":[3,7,18,22],"killed_by":"Slavers","ascension_level":10}}