{"host":"n6qxj7a4gnapjcui","time":1611347787,"event":{"mods":["2.2 Compatiblity","AchievementEnabler","BaseMod","Colored Map","Minty Spire (QoL Compilation)","Random Character Button","Rare Cards Sparkle"],"gold_per_floor":[116,136,155,155,155,155,182,201,201,218,253,253,253,277,277,397,397,421,442,33,51,64,98,98,131,131,146,61,124,147,246,246,246,246],"floor_reached":33,"language":"POL","playtime":1840,"items_purged":["Strike_R"],"score":399,"play_id":"3f9b23a9-42d5-46fb-8c3f-6c9666fa93be","local_time":"20210122213627","is_ascension_mode":true,"campfire_choices":[{"data":"Twin Strike","floor":6.0,"key":"SMITH"},{"data":"Iron Wave","floor":12.0,"key":"SMITH"},{"data":"Bash","floor":15.0,"key":"SMITH"},{"data":"Offering","floor":24.0,"key":"SMITH"},{"floor":32,"key":"REST"}],"circlet_count":0,"master_deck":["Strike_R","Strike_R","Strike_R","Strike_R","Defend_R","Defend_R","Defend_R","Defend_R","Bash+1","Twin Strike+1","Rage+1","Wild Strike","Dropkick","Iron Wave+1","Battle Trance","Anger+1","Injury","Dark Embrace","Offering+1","True Grit","Bloodletting","Dropkick+1","Cleave+1","Evolve+1","Spot Weakness","Fire Breathing+1","Headbutt+1","Body Slam+1"],"relics":["Burning Blood","Bronze Scales","Ornamental Fan","Molten Egg 2","Letter Opener","Golden Idol","Cursed Key","Centennial Puzzle","Anchor","Unceasing Top","Vajra","Potion Belt","Nunchaku"],"acts_visited":["Exordium","TheCity"],"potions_floor_usage":[29,33,33],"damage_taken":[{"damage":4.0,"enemies":"Jaw Worm","floor":1.0,"turns":4.0},{"damage":2.0,"enemies":"2 Louse","floor":2.0,"turns":2.0},{"damage":0.0,"enemies":"Small Slimes","floor":3.0,"turns":4.0},{"damage":15.0,"enemies":"3 Sentries","floor":7.0,"turns":6.0},{"damage":5.0,"enemies":"Exordium Wildlife","floor":8.0,"turns":3.0},{"damage":0.0,"enemies":"Looter","floor":10.0,"turns":2.0},{"damage":18.0,"enemies":"Gremlin Nob","floor":11.0,"turns":4.0},{"damage":7.0,"enemies":"Exordium Thugs","floor":14.0,"turns":4.0},{"damage":44.0,"enemies":"Hexaghost","floor":16.0,"turns":8.0},{"damage":6.0,"enemies":"Spheric Guardian","floor":18.0,"turns":3.0},{"damage":12.0,"enemies":"2 Thieves","floor":19.0,"turns":4.0},{"damage":9.0,"enemies":"Shelled Parasite and Fungi","floor":21.0,"turns":4.0},{"damage":7.0,"enemies":"Cultist and Chosen","floor":22.0,"turns":4.0},{"damage":5.0,"enemies":"Slavers","floor":23.0,"turns":5.0},{"damage":14.0,"enemies":"Book of Stabbing","floor":25.0,"turns":3.0},{"damage":19.0,"enemies":"Snake Plant","floor":27.0,"turns":3.0},{"damage":11,"enemies":"Gremlin Leader","floor":29,"turns":3},{"damage":9,"enemies":"Shelled Parasite and Fungi","floor":30,"turns":3},{"damage":66,"enemies":"Automaton","floor":33,"turns":6}],"seed_played":"4978348954117842159","potions_obtained":[{"floor":2.0,"key":"SkillPotion"},{"floor":11.0,"key":"Fire Potion"},{"floor":14.0,"key":"ElixirPotion"},{"floor":16.0,"key":"Weak Potion"},{"floor":19.0,"key":"SpeedPotion"},{"floor":22.0,"key":"Swift Potion"},{"floor":23.0,"key":"ColorlessPotion"},{"floor":29,"key":"Explosive Potion"},{"floor":30,"key":"LiquidBronze"}],"is_trial":false,"path_per_floor":["M","M","M","?","?","R","E","M","T","M","E","R","?","M","R","B",null,"M","M","$","M","M","E","R","E","T","M","?","E","M","?","R","B"],"character_chosen":"IRONCLAD","items_purchased":["Centennial Puzzle","Anchor","Dropkick+1"],"campfire_rested":1,"item_purchase_floors":[20,20,20],"current_hp_per_floor":[80,80,80,80,80,80,71,72,72,78,66,66,66,65,65,27,67,67,61,61,58,57,58,58,50,50,37,37,32,29,29,53,0,0],"gold":246,"neow_bonus":"RANDOM_COMMON_RELIC","is_daily":false,"chose_seed":false,"campfire_upgraded":4,"win_rate":0.0,"timestamp":1611347787,"path_taken":["M","M","M","?","?","R","E","M","T","M","E","R","?","M","R","BOSS","M","M","$","M","M","E","R","E","T","M","?","E","M","?","R","BOSS"],"items_purchased_type":["Relic","Relic","Card"],"build_version":"2020-12-22","purchased_purges":1,"victory":false,"max_hp_per_floor":[80,80,80,80,80,80,80,80,80,80,80,80,80,80,80,80,80,80,80,80,80,80,80,80,80,80,80,80,80,80,80,80,80,80],"card_choices":[{"not_picked":["Inflame","Havoc"],"picked":"Twin Strike","floor":1.0},{"not_picked":["Whirlwind","Twin Strike"],"picked":"Rage","floor":2.0},{"not_picked":["Evolve","Sword Boomerang"],"picked":"Wild Strike","floor":3.0},{"not_picked":["Body Slam","Blood for Blood"],"picked":"Dropkick","floor":7.0},{"not_picked":["Ghostly Armor","Entrench"],"picked":"Iron Wave","floor":8.0},{"not_picked":["Second Wind","Havoc"],"picked":"Battle Trance","floor":10.0},{"not_picked":["Searing Blow+1","Evolve"],"picked":"Anger+1","floor":11.0},{"not_picked":["Rupture","True Grit"],"picked":"Dark Embrace","floor":14.0},{"not_picked":["Limit Break","Double Tap"],"picked":"Offering","floor":16.0},{"not_picked":["Body Slam+1","Flex+1"],"picked":"True Grit","floor":18.0},{"not_picked":["Twin Strike+1","Clash+1"],"picked":"Bloodletting","floor":19.0},{"not_picked":["Body Slam+1","Warcry"],"picked":"Cleave+1","floor":21.0},{"not_picked":["Fire Breathing","Thunderclap+1"],"picked":"Evolve+1","floor":22.0},{"not_picked":["Shrug It Off","Juggernaut"],"picked":"Spot Weakness","floor":23.0},{"not_picked":["Rampage+1","Searing Blow+1"],"picked":"Fire Breathing+1","floor":25.0},{"not_picked":["Perfected Strike+1","Inflame"],"picked":"Headbutt+1","floor":27.0},{"not_picked":["Perfected Strike+1","Shockwave"],"picked":"Body Slam+1","floor":29},{"not_picked":["Clothesline+1","Headbutt+1","Cleave+1"],"picked":"SKIP","floor":30}],"player_experience":289657,"relics_obtained":[{"floor":7.0,"key":"Ornamental Fan"},{"floor":9.0,"key":"Molten Egg 2"},{"floor":11.0,"key":"Letter Opener"},{"floor":23.0,"key":"Unceasing Top"},{"floor":25.0,"key":"Vajra"},{"floor":29,"key":"Nunchaku"}],"event_choices":[{"damage_healed":0.0,"max_hp_gain":0.0,"max_hp_loss":0.0,"gold_gain":0.0,"event_name":"Liars Game","player_choice":"Ignored","floor":4.0,"gold_loss":0.0,"damage_taken":0.0},{"damage_healed":0.0,"max_hp_gain":0.0,"max_hp_loss":0.0,"gold_gain":0.0,"event_name":"Living Wall","player_choice":"Grow","floor":5.0,"gold_loss":0.0,"damage_taken":0.0,"cards_upgraded":["Rage"]},{"damage_healed":0.0,"max_hp_gain":0.0,"max_hp_loss":0.0,"gold_gain":0.0,"event_name":"Golden Idol","player_choice":"Take Wound","floor":13.0,"gold_loss":0.0,"damage_taken":0.0,"relics_obtained":["Golden Idol"],"cards_obtained":["Injury"]},{"damage_healed":0.0,"max_hp_gain":0.0,"max_hp_loss":0.0,"gold_gain":0.0,"event_name":"Addict","player_choice":"Obtained Relic","floor":28.0,"gold_loss":85.0,"damage_taken":0.0,"relics_obtained":["Potion Belt"]},{"damage_healed":0,"gold_gain":99,"player_choice":"Stole From Cult","damage_taken":0,"max_hp_gain":0,"max_hp_loss":0,"event_name":"Nest","floor":31,"gold_loss":0}],"is_beta":false,"boss_relics":[{"not_picked":["Astrolabe","Philosopher\u0027s Stone"],"picked":"Cursed Key"}],"items_purged_floors":[20],"is_endless":false,"potions_floor_spawned":[2,11,14,16,19,22,23,29,30],"killed_by":"Automaton","ascension_level":5}}