{"host":"5w3ov2q8o40mj89d","time":1611322380,"event":{"mods":["ATMod(阿瑾Mod)","Arknights The Spire","Bard","BaseMod","Downfall","FutureSeer","Good Game Mod","Hunter 猎人","KinomotoSakuraMod(木之本樱)","LagranYue(拉格朗・月)","Luminous","Marisa（F雨　魔理沙）","Minty Spire (QoL Compilation)","Nova Terra(诺娃・泰拉)","Reimu（博丽灵梦）","Remilia_Scarlet Moed（蕾米莉亚・斯卡雷特）3.3.5","Remilia（蕾米莉亚）","RumiaBox-露米娅的神秘盒子","StSLib","Td1madao Mod","The Alterego","The Blackbeard","The Construct","The Gatherer","The Hierophant","The Invoker Mod","The Runesmith","The Senshi","The Servant 0.9.4","Waifu the Spire","WarShipGirlsR/战舰少女R mod","Yakumo Yukari mod","Youmu（魂魄妖梦）","Yuri Mod","Yuyuko","vexMod"],"gold_per_floor":[109,121,121,121,14,48,134,184,208,208,208,208,288,373,373,373],"floor_reached":14,"language":"ZHS","playtime":399,"items_purged":[],"score":115,"play_id":"a8181c6f-ae88-49c1-8311-3978b10defd4","local_time":"20210122213300","is_ascension_mode":false,"campfire_choices":[{"floor":12,"key":"REST"}],"circlet_count":0,"master_deck":["blackbeard:BlackbeardStrike","blackbeard:BlackbeardStrike","blackbeard:BlackbeardStrike","blackbeard:BlackbeardStrike","blackbeard:IntimidatingStrike","blackbeard:BlackbeardDefend","blackbeard:BlackbeardDefend","blackbeard:BlackbeardDefend+1","blackbeard:BlackbeardDefend","blackbeard:Cutlass","AT_FamilyPortrait","CollectingQuirk","blackbeard:GoldenStrike","blackbeard:Bandana+1","blackbeard:Shrapnel","blackbeard:Bandana","blackbeard:BuriedTreasure","blackbeard:Shrapnel","blackbeard:GoldenStrike","blackbeard:BuriedTreasure"],"relics":["blackbeard:LoadTheCannons","AT_ATBox","REME:ComplimentaryCards","LagranYue:RandomDrawCardRelic","NeowsBlessing","Boot","Vajra","Golden Idol"],"acts_visited":["Exordium"],"potions_floor_usage":[],"damage_taken":[{"damage":0,"enemies":"2 Louse","floor":1,"turns":1},{"damage":0,"enemies":"Small Slimes","floor":2,"turns":1},{"damage":0,"enemies":"Gremlin Nob","floor":6,"turns":1},{"damage":4,"enemies":"Cultist","floor":7,"turns":4},{"damage":15,"enemies":"Looter","floor":8,"turns":4},{"damage":9,"enemies":"2 Fungi Beasts","floor":13,"turns":2},{"damage":45,"enemies":"Lagavulin","floor":14,"turns":5}],"seed_played":"-2964721208788301138","potions_obtained":[{"floor":6,"key":"EssenceOfSteel"},{"floor":8,"key":"CultistPotion"},{"floor":13,"key":"EssenceOfSteel"}],"is_trial":false,"path_per_floor":["M","M","?","?","$","E","M","M","T","?","?","R","M","E"],"character_chosen":"BLACKBEARD_CLASS","items_purchased":["blackbeard:Shrapnel","blackbeard:Bandana"],"campfire_rested":1,"item_purchase_floors":[5,5],"current_hp_per_floor":[75,75,60,60,60,60,56,41,41,23,28,52,43,0,0,0],"gold":373,"neow_bonus":"THREE_ENEMY_KILL","is_daily":false,"chose_seed":false,"campfire_upgraded":0,"win_rate":0.0,"timestamp":1611322380,"path_taken":["M","M","?","?","$","E","M","?","T","?","?","R","M","E"],"items_purchased_type":["Card","Card"],"build_version":"2020-12-22","purchased_purges":0,"victory":false,"max_hp_per_floor":[75,75,75,75,75,75,75,75,75,75,80,80,80,80,80,80],"card_choices":[{"not_picked":["blackbeard:SmithingHammer","blackbeard:Shrapnel"],"picked":"blackbeard:GoldenStrike","floor":1},{"not_picked":["blackbeard:Toast","blackbeard:GoldenDefense"],"picked":"blackbeard:Bandana","floor":2},{"not_picked":["blackbeard:VengefulSpirit","blackbeard:Fencing"],"picked":"blackbeard:BuriedTreasure","floor":6},{"not_picked":["blackbeard:SwordDance","blackbeard:Spear"],"picked":"blackbeard:Shrapnel","floor":7},{"not_picked":["blackbeard:DelayedPain","blackbeard:CaptainsHat"],"picked":"blackbeard:GoldenStrike","floor":8},{"not_picked":["blackbeard:CloakAndCannonball","blackbeard:WiseDefense"],"picked":"blackbeard:BuriedTreasure","floor":13}],"player_experience":24709,"relics_obtained":[{"floor":6,"key":"Boot"},{"floor":9,"key":"Vajra"}],"event_choices":[{"damage_healed":0,"gold_gain":0,"player_choice":"Entered Light","damage_taken":15,"max_hp_gain":0,"max_hp_loss":0,"event_name":"Shining Light","floor":3,"gold_loss":0,"cards_upgraded":["blackbeard:Bandana","blackbeard:BlackbeardDefend"]},{"damage_healed":0,"gold_gain":0,"player_choice":"Bought 0 Potions","damage_taken":0,"max_hp_gain":0,"max_hp_loss":0,"event_name":"The Woman in Blue","floor":4,"gold_loss":0},{"damage_healed":0,"gold_gain":0,"player_choice":"Take Damage","damage_taken":18,"relics_obtained":["Golden Idol"],"max_hp_gain":0,"max_hp_loss":0,"event_name":"Golden Idol","floor":10,"gold_loss":0},{"damage_healed":0,"gold_gain":0,"player_choice":"Donut","damage_taken":0,"max_hp_gain":5,"max_hp_loss":0,"event_name":"Big Fish","floor":11,"gold_loss":0}],"is_beta":false,"boss_relics":[],"items_purged_floors":[],"is_endless":false,"potions_floor_spawned":[6,8,13],"killed_by":"Lagavulin","ascension_level":0}}