{"host":"drkpql2ocxl3f5d4","time":1611307184,"event":{"mods":["BaseMod","Colored Map","Downfall","Energized Spire","Friendly Minions","Googly Eyes","Infinite Spire","Minty Spire (QoL Compilation)","StSLib"],"gold_per_floor":[99,111,111,126,126,126,151,11,31,31,31,59,59,89,104,201,201,201,201,201,213,226,239,266,166,185,217,217,244,244,244,256,360,360,260,271,24,24,24,44,44,79,93,107,124,124,24,59,69,69,69,103,103,103,103,103],"floor_reached":57,"language":"ENG","playtime":3693,"items_purged":["bronze:BitShift"],"score":1385,"play_id":"0a39850a-f116-408a-8409-a5fce9018cd6","local_time":"20210122101944","is_ascension_mode":false,"campfire_choices":[{"data":"bronze:Defend","floor":1,"key":"SMITH"},{"data":"bronze:Format","floor":10,"key":"SMITH"},{"data":"bronze:DelayedGuard","floor":13,"key":"SMITH"},{"floor":18,"key":"RECALL"},{"data":"bronze:Format","floor":25,"key":"SMITH"},{"data":"infinitespire:Gouge","floor":30,"key":"SMITH"},{"data":"bronze:Mutator","floor":35,"key":"SMITH"},{"data":"bronze:AlphaBuild","floor":47,"key":"SMITH"},{"data":"bronze:DarkDash","floor":54,"key":"SMITH"}],"circlet_count":0,"master_deck":["bronze:Strike","bronze:Strike","bronze:Strike","bronze:Defend+1","bronze:Defend","bronze:Defend","bronze:Defend","bronze:DelayedGuard+1","bronze:Frontload","infinitespire:Gouge+1","bronze:WhirlingStrike","bronze:Format+1","bronze:Boost","bronze:ChildClass","bronze:Format+1","Necronomicurse","bronze:ItsAFeature","bronze:AlphaBuild+1","bronze:WildBeam","bronze:Mutator+1","bronze:GetLatest+1","bronze:Overheat+1","bronze:MaxOutput+1","bronze:ClassDefault+1","bronze:DarkDash+1","bronze:DarkDash+1"],"relics":["bronze:BronzeCore","infinitespire:Satchel","Pantograph","Incense Burner","Oddly Smooth Stone","Coffee Dripper","Necronomicon","NlothsMask","downfall:HeartBlessingRed","Kunai","Bottled Flame","energizedSpire:NeverEndingSparkler","downfall:HeartBlessingBlue","infinitespire:PuzzleCube","Mummified Hand","Mango","downfall:HeartBlessingGreen","Bottled Lightning","infinitespire:Golems Mask"],"acts_visited":["Exordium","TheCity","TheBeyond","TheEnding"],"potions_floor_usage":[22,27,55],"damage_taken":[{"damage":2,"enemies":"Jaw Worm","floor":2,"turns":4},{"damage":0,"enemies":"Cultist","floor":4,"turns":3},{"damage":0,"enemies":"downfall:FleeingMerchant","floor":8,"turns":4},{"damage":0,"enemies":"2 Louse","floor":9,"turns":2},{"damage":0,"enemies":"Gremlin Nob","floor":12,"turns":4},{"damage":0,"enemies":"Lagavulin","floor":14,"turns":5},{"damage":0,"enemies":"Exordium Wildlife","floor":15,"turns":2},{"damage":0,"enemies":"SI_SHIV_ARCHETYPE","floor":16,"turns":11},{"damage":0,"enemies":"Spheric Guardian","floor":21,"turns":4},{"damage":0,"enemies":"Shell Parasite","floor":22,"turns":4},{"damage":0,"enemies":"Snecko","floor":23,"turns":6},{"damage":0,"enemies":"Centurion and Healer","floor":26,"turns":5},{"damage":10,"enemies":"Slavers","floor":27,"turns":6},{"damage":1,"enemies":"Gremlin Leader","floor":29,"turns":7},{"damage":0,"enemies":"Snake Plant","floor":32,"turns":4},{"damage":21,"enemies":"DF_ARCHETYPE_CLAW","floor":33,"turns":8},{"damage":14,"enemies":"3 Darklings","floor":36,"turns":5},{"damage":0,"enemies":"downfall:FleeingMerchant","floor":37,"turns":4},{"damage":0,"enemies":"3 Shapes","floor":40,"turns":3},{"damage":0,"enemies":"Giant Head","floor":42,"turns":7},{"damage":0,"enemies":"Sphere and 2 Shapes","floor":43,"turns":3},{"damage":0,"enemies":"3 Darklings","floor":44,"turns":5},{"damage":0,"enemies":"Jaw Worm Horde","floor":45,"turns":4},{"damage":0,"enemies":"Reptomancer","floor":48,"turns":5},{"damage":0,"enemies":"Maw","floor":49,"turns":6},{"damage":34,"enemies":"IC_BLOCK_ARCHETYPE","floor":50,"turns":10},{"damage":1,"enemies":"downfall:CharBossMerchant","floor":52,"turns":8},{"damage":23,"enemies":"downfall:NeowBoss","floor":55,"turns":13},{"damage":38,"enemies":"downfall:NeowBossFinal","floor":56,"turns":12}],"seed_played":"2112579561280431978","potions_obtained":[{"floor":2,"key":"Block Potion"},{"floor":14,"key":"GamblersBrew"},{"floor":15,"key":"Explosive Potion"},{"floor":21,"key":"Guardian:BlockOnCardUsePotion"},{"floor":22,"key":"bronze:BurnAndBuffPotion"},{"floor":26,"key":"LiquidMemories"},{"floor":36,"key":"bronze:FreeFunctionsPotion"},{"floor":43,"key":"bronze:CleanCodePotion"}],"is_trial":false,"path_per_floor":["R","M","?","M","?","?","T","$","M","R","T","E","R","E","M","B",null,"R","?","?","M","M","M","T","R","M","E","?","E","R","T","M","B",null,"R","M","$","?","?","M","T","E","M","M","M","?","R","E","M","B",null,"E","$","R","B","B",null],"character_chosen":"THE_AUTOMATON","items_purchased":["bronze:WhirlingStrike","bronze:Format","infinitespire:PuzzleCube"],"campfire_rested":0,"item_purchase_floors":[8,8,37],"current_hp_per_floor":[77,75,75,75,75,55,55,55,55,55,55,55,55,55,55,77,77,77,61,61,61,61,61,61,61,61,51,51,50,50,50,50,54,77,87,73,73,73,97,97,97,111,111,111,111,111,111,111,111,77,111,110,110,110,88,73],"gold":103,"neow_bonus":"TEN_PERCENT_HP_BONUS","is_daily":false,"chose_seed":false,"campfire_upgraded":8,"win_rate":0.0,"timestamp":1611307184,"path_taken":["R","M","?","?","?","?","T","$","M","R","?","E","R","E","M","BOSS","R","?","?","M","M","?","T","R","M","E","?","E","R","?","M","BOSS","R","M","$","?","?","M","T","E","M","M","M","?","R","E","M","BOSS","E","$","R","BOSS","BOSS"],"items_purchased_type":["Card","Card","Relic"],"build_version":"2020-12-22","purchased_purges":1,"victory":true,"max_hp_per_floor":[77,77,77,77,77,77,77,77,77,77,77,77,77,77,77,77,77,77,77,77,77,77,77,77,77,77,77,77,77,77,77,77,77,77,87,87,87,87,97,97,97,111,111,111,111,111,111,111,111,111,111,111,111,111,111,111],"card_choices":[{"not_picked":["bronze:Turbo","bronze:WildBeam"],"picked":"bronze:DelayedGuard","floor":2},{"not_picked":["bronze:DelayedGuard","bronze:NullPointer"],"picked":"bronze:Frontload","floor":4},{"not_picked":["infinitespire:TheBestDefense","infinitespire:Fortify"],"picked":"infinitespire:Gouge","floor":6},{"not_picked":["bronze:Deprecate","bronze:BitShift","bronze:Frontload"],"picked":"SKIP","floor":8},{"not_picked":["bronze:Flail","bronze:BugBarrage","bronze:Invalidate"],"picked":"SKIP","floor":9},{"not_picked":["bronze:Assembly","bronze:DarkDash"],"picked":"bronze:Boost","floor":12},{"not_picked":["bronze:DelayedGuard","bronze:Fortify","bronze:BuggyMess"],"picked":"SKIP","floor":14},{"not_picked":["bronze:ChosenStrike","bronze:Branch"],"picked":"bronze:ChildClass","floor":15},{"not_picked":["bronze:Mutator","bronze:RecursiveStrike"],"picked":"bronze:Format","floor":16},{"not_picked":["bronze:BronzeArmor","bronze:BugBarrage+1","bronze:WhirlingStrike"],"picked":"SKIP","floor":21},{"not_picked":["bronze:Turbo","bronze:Optimize"],"picked":"bronze:ItsAFeature","floor":22},{"not_picked":["bronze:ForLoop+1","bronze:ItsAFeature","bronze:WhirlingStrike"],"picked":"SKIP","floor":23},{"not_picked":["bronze:DelayedGuard","bronze:Invalidate+1","bronze:Branch+1"],"picked":"SKIP","floor":26},{"not_picked":["bronze:Invalidate+1","bronze:Backtrace","bronze:Philosophize+1"],"picked":"SKIP","floor":27},{"not_picked":["bronze:BuggyMess","bronze:WildBeam"],"picked":"bronze:AlphaBuild","floor":29},{"not_picked":["bronze:Overheat","bronze:Frontload+1"],"picked":"bronze:WildBeam","floor":32},{"not_picked":["bronze:Break","bronze:ThunderWave"],"picked":"bronze:Mutator","floor":33},{"not_picked":["bronze:Optimize+1","bronze:Flail+1"],"picked":"bronze:GetLatest+1","floor":36},{"not_picked":["bronze:Deprecate","bronze:Turbo","bronze:BuggyMess"],"picked":"SKIP","floor":37},{"not_picked":["bronze:OilSpill+1","bronze:DelayedSlice+1"],"picked":"bronze:Overheat+1","floor":40},{"not_picked":["bronze:FollowUp","bronze:BugBarrage"],"picked":"bronze:MaxOutput+1","floor":42},{"not_picked":["bronze:CutThrough+1","bronze:Invalidate","bronze:Return+1"],"picked":"SKIP","floor":43},{"not_picked":["bronze:BugBarrage+1","bronze:GetLatest","bronze:WhirlingStrike+1"],"picked":"SKIP","floor":44},{"not_picked":["bronze:Overheat+1","bronze:BitShift"],"picked":"bronze:ClassDefault+1","floor":45},{"not_picked":["bronze:Turbo","bronze:ChildClass+1"],"picked":"bronze:DarkDash+1","floor":48},{"not_picked":["bronze:FollowUp","bronze:BitShift","bronze:ChosenStrike"],"picked":"SKIP","floor":49},{"not_picked":["bronze:BugBarrage","bronze:FollowUp+1"],"picked":"bronze:DarkDash","floor":52}],"player_experience":671765,"relics_obtained":[{"floor":7,"key":"infinitespire:Satchel"},{"floor":11,"key":"Pantograph"},{"floor":12,"key":"Incense Burner"},{"floor":14,"key":"Oddly Smooth Stone"},{"floor":19,"key":"Necronomicon"},{"floor":27,"key":"Kunai"},{"floor":29,"key":"Bottled Flame"},{"floor":41,"key":"Mummified Hand"},{"floor":42,"key":"Mango"},{"floor":48,"key":"Bottled Lightning"},{"floor":52,"key":"infinitespire:Golems Mask"}],"event_choices":[{"cards_removed":["bronze:Goto"],"damage_healed":0,"gold_gain":0,"player_choice":"Offered Basic","damage_taken":0,"max_hp_gain":0,"max_hp_loss":0,"event_name":"Bonfire Elementals","floor":3,"gold_loss":0},{"damage_healed":0,"gold_gain":0,"player_choice":"Trade","damage_taken":0,"relics_obtained":["NlothsMask"],"max_hp_gain":0,"max_hp_loss":0,"event_name":"FaceTrader","floor":20,"gold_loss":0},{"damage_healed":0,"gold_gain":0,"cards_transformed":["bronze:Replicate","bronze:Strike"],"player_choice":"Became Test Subject","damage_taken":0,"max_hp_gain":0,"max_hp_loss":0,"event_name":"Drug Dealer","floor":28,"gold_loss":0,"cards_obtained":["bronze:BitShift","bronze:CleanCode"]}],"is_beta":false,"boss_relics":[{"not_picked":["Tiny House","infinitespire:Cupcake"],"picked":"Coffee Dripper"},{"not_picked":["energizedSpire:StickyHand","Runic Pyramid"],"picked":"energizedSpire:NeverEndingSparkler"}],"items_purged_floors":[37],"is_endless":false,"potions_floor_spawned":[2,14,15,21,22,26,36,43,45,48,52],"ascension_level":0}}