{"host":"vibqkechdt2q5u53","time":1611319570,"event":{"mods":["2.2 Compatiblity","Act Like it!","Aspiration","BaseMod","Better Note","Challenge The Spire","Chen","Colored Map","Conspire","Dota2Spire","Gensokyo","GungeonMod","Hallownest","HololiveMod","KinomotoSakuraMod(Ä¾Ö®±¾Ó£)","KomeijiMod","Lobotomy","LobotomyExtend","Minty Spire (QoL Compilation)","Reimu£¨²©ÀöÁéÃÎ£©","Replay The Spire","RumiaBox-Â¶Ã×æ«µÄÉñÃØºÐ×Ó","Spicy Shops","StSLib","The Bug Knight","The Poker Player","WarShipGirlsR/Õ½½¢ÉÙÅ®R mod","Youmu£¨»êÆÇÑýÃÎ£©","[IsaacMod]ÒÔÈö¼âËþ","vexMod"],"gold_per_floor":[117,131,149,169,186,186,219,233,233,77,94,144,158,158,158,261,261,281,296,306,306,316,345,50,60,136,136,165,165,198,217,217,321,321,340,436,454,470,484,510,51,51,51,51,68,87,104,139,313,353,353],"floor_reached":52,"language":"ZHS","playtime":4408,"items_purged":["Parasite"],"score":1157,"play_id":"663b1d9f-04c0-47b5-9661-84162e39612c","local_time":"20210122204610","is_ascension_mode":false,"campfire_choices":[{"data":"AlertArray:ReiMu","floor":6.0,"key":"SMITH"},{"data":"OrbThrow:ReiMu","floor":15.0,"key":"SMITH"},{"data":"PrepareRite:ReiMu","floor":32,"key":"SMITH"},{"floor":44,"key":"RECALL"},{"floor":49,"key":"REST"}],"circlet_count":0,"master_deck":["Strike_Lin:ReiMu","Strike_Lin:ReiMu","Strike_Lin:ReiMu","Defend_Lin:ReiMu","Defend_Lin:ReiMu","Defend_Lin:ReiMu","Defend_Lin:ReiMu","NB:ReiMu+1","Stagnation:ReiMu","Conquer:ReiMu","WonderfulDomain:ReiMu","YinYangSange:ReiMu","Gathering:ReiMu","AlertArray:ReiMu+1","SafetyPray:ReiMu","FantasyMoon:ReiMu","OrbThrow:ReiMu+1","Authority:ReiMu","KamiRite:ReiMu+1","TightArray:ReiMu+1","CareerPray:ReiMu","Shading:ReiMu","DoubleButterfly:ReiMu+1","PrepareRite:ReiMu+1","Mountainwind:ReiMu","SubAcupoint:ReiMu+1","UniversalSpiritual:ReiMu+1","OrbThrow:ReiMu+1","SafetyPray:ReiMu+1","Master of Strategy","Panache","Battery","RainPray2:ReiMu+1","Dreaming2:ReiMu+1"],"relics":["HushsDoor","BookOfRevelations","SacredBark","LetterFromLob","DemoMod:Relodestone","DemoMod:Relodestone","Pear","Boot","conspire:Dentures","RuthlessExorcism:ReiMu","Painkiller Herb","vexMod:BarristanHead","Lee\u0027s Waffle","vexMod:PaidLearning","DemoMod:JetPack","CrazyTorch:ReiMu","HollowMod:QueensCombRelic","Mango","Fusion Hammer","DemoMod:MeltedRock","SteamSale","ReplayTheSpireMod:ShopPack","DemoMod:GundromedaStrain","Pen Nib","Dota2Spire:PhaseBoots","Ornamental Fan","Baka2","BloodDonationBag"],"acts_visited":["Exordium","TheCity","TheBeyond"],"potions_floor_usage":[23,50,50,50],"damage_taken":[{"damage":1.0,"enemies":"Cultist","floor":1.0,"turns":5.0},{"damage":8.0,"enemies":"conspire:RoseBush","floor":2.0,"turns":2.0},{"damage":0.0,"enemies":"2 Louse","floor":3.0,"turns":3.0},{"damage":0.0,"enemies":"Exordium Thugs","floor":4.0,"turns":2.0},{"damage":0.0,"enemies":"Blue Slaver","floor":5.0,"turns":6.0},{"damage":0.0,"enemies":"HollowMod:MossKnight","floor":7.0,"turns":2.0},{"damage":4.0,"enemies":"Gremlin Gang","floor":8.0,"turns":3.0},{"damage":0.0,"enemies":"Lots of Slimes","floor":11.0,"turns":1.0},{"damage":0.0,"enemies":"3 Louse","floor":13.0,"turns":3.0},{"damage":13.0,"enemies":"Fading Forest","floor":16.0,"turns":11.0},{"damage":3.0,"enemies":"2 Thieves","floor":18.0,"turns":3.0},{"damage":4.0,"enemies":"conspire:FuzzyDice","floor":19.0,"turns":4.0},{"damage":3.0,"enemies":"3 Cultists","floor":20.0,"turns":4.0},{"damage":35.0,"enemies":"conspire:HollyBat","floor":22.0,"turns":9.0},{"damage":10,"enemies":"Replay:Snechameleon","floor":23,"turns":5},{"damage":19,"enemies":"Cultist and Chosen","floor":25,"turns":6},{"damage":27,"enemies":"Book of Stabbing","floor":28,"turns":6},{"damage":0,"enemies":"conspire:SneckoGhost","floor":30,"turns":5},{"damage":0,"enemies":"Snecko","floor":31,"turns":4},{"damage":80,"enemies":"Pondfish","floor":33,"turns":7},{"damage":0,"enemies":"Orb Walker","floor":35,"turns":2},{"damage":0,"enemies":"3 Darklings","floor":37,"turns":3},{"damage":6,"enemies":"4 Shapes","floor":38,"turns":4},{"damage":37,"enemies":"Writhing Mass","floor":39,"turns":4},{"damage":0,"enemies":"HollowMod:StalkingDevout","floor":40,"turns":6},{"damage":0,"enemies":"Spire Growth","floor":45,"turns":3},{"damage":3,"enemies":"4 Shapes","floor":46,"turns":1},{"damage":0,"enemies":"Maw","floor":47,"turns":6},{"damage":0,"enemies":"Nemesis","floor":48,"turns":3},{"damage":0,"enemies":"Donu and Deca","floor":50,"turns":5}],"seed_played":"2144278188283540815","potions_obtained":[{"floor":3.0,"key":"Cursed Concoction"},{"floor":5.0,"key":"SteroidPotion"},{"floor":7.0,"key":"Toxic Potion"},{"floor":13.0,"key":"Explosive Potion"},{"floor":20.0,"key":"CalmPotion"},{"floor":25,"key":"Strength Potion"},{"floor":31,"key":"Weak Potion"},{"floor":33,"key":"PowerPotion"},{"floor":46,"key":"GrandPatriotsElixir:ReiMu"},{"floor":48,"key":"GrandPatriotsElixir:ReiMu"}],"is_trial":false,"path_per_floor":["M","M","M","M","M","R","E","M","T","$","M","?","M","?","R_BF","B",null,"?","?","?","?","?","E","T","?","T","T","E","?","E","?","T","B",null,"?","?","?","?","?","E","T","?","T","T","?","?","?","E","T","B",null,null],"character_chosen":"REIMU","items_purchased":["RuthlessExorcism:ReiMu","KamiRite:ReiMu","Lee\u0027s Waffle","vexMod:PaidLearning","SteamSale","ReplayTheSpireMod:ShopPack","DemoMod:GundromedaStrain","Pen Nib","Dota2Spire:PhaseBoots"],"campfire_rested":1,"item_purchase_floors":[10,17,24,24,41,41,41,41,41],"current_hp_per_floor":[64,56,66,66,66,66,66,62,62,62,62,47,47,47,47,44,71,68,50,48,48,13,3,86,67,67,67,40,40,40,70,70,48,70,70,55,67,64,31,55,55,55,55,55,67,64,74,74,74,74,74],"gold":353,"neow_bonus":"BOSS_RELIC","is_daily":false,"chose_seed":false,"campfire_upgraded":3,"win_rate":0.0,"timestamp":1611319570,"path_taken":["M","?","M","M","M","R","E","M","T","$","M","?","M","?","R_BF","BOSS","?","?","?","?","?","E","T","?","T","T","E","?","E","?","T","BOSS","?","?","?","?","?","E","T","?","T","T","?","?","?","E","T","BOSS"],"items_purchased_type":["Relic","Card","Relic","Relic","Relic","Relic","Relic","Relic","Relic"],"build_version":"2020-12-22","purchased_purges":1,"victory":true,"max_hp_per_floor":[65,65,75,75,75,75,75,75,75,75,75,75,75,75,75,75,71,71,79,79,79,79,79,86,86,86,86,86,86,56,70,70,70,70,70,70,70,70,70,70,67,67,67,67,67,67,74,74,74,74,74],"card_choices":[{"not_picked":[],"picked":"Bomb","floor":0.0},{"not_picked":["SealNeedle:ReiMu","Bomb"],"picked":"Conquer:ReiMu","floor":1.0},{"not_picked":["PassingAway:ReiMu","FineLineFantasy:ReiMu"],"picked":"WonderfulDomain:ReiMu","floor":2.0},{"not_picked":["MikOfLucky:ReiMu","Intuition:ReiMu"],"picked":"YinYangSange:ReiMu","floor":3.0},{"not_picked":["Conquer:ReiMu","AlertArray:ReiMu"],"picked":"Gathering:ReiMu","floor":4.0},{"not_picked":["TightArray:ReiMu","FantasyMoon:ReiMu"],"picked":"AlertArray:ReiMu","floor":5.0},{"not_picked":["PayForSelf:ReiMu","OctopathBindingBorder2:ReiMu"],"picked":"SafetyPray:ReiMu","floor":7.0},{"not_picked":["Dreaming2:ReiMu","WonderfulDomain:ReiMu","CollectionFlower2:ReiMu"],"picked":"SKIP","floor":8.0},{"not_picked":["SpringWay:ReiMu","Crusade:ReiMu"],"picked":"FantasyMoon:ReiMu","floor":11.0},{"not_picked":["KamiSacrifice:ReiMu","FineLineFantasy:ReiMu"],"picked":"OrbThrow:ReiMu","floor":13.0},{"not_picked":["PrayRite:ReiMu","HakureiPhantom:ReiMu"],"picked":"Authority:ReiMu","floor":16.0},{"not_picked":["ManaGlint:ReiMu+1","FantasyBorder:ReiMu"],"picked":"TightArray:ReiMu+1","floor":18.0},{"not_picked":["Intuition:ReiMu","SpreadBorder2:ReiMu+1"],"picked":"CareerPray:ReiMu","floor":19.0},{"not_picked":["DoubleButterfly:ReiMu","SpringWay:ReiMu+1","SubAcupoint:ReiMu"],"picked":"SKIP","floor":20.0},{"not_picked":["Enchanting:ReiMu","SubAcupoint:ReiMu","SubcavityInstant:ReiMu+1"],"picked":"SKIP","floor":22.0},{"not_picked":["CareerPray:ReiMu","OrbThrow:ReiMu"],"picked":"DoubleButterfly:ReiMu+1","floor":23},{"not_picked":["Intuition:ReiMu","FineLineFantasy:ReiMu"],"picked":"PrepareRite:ReiMu","floor":25},{"not_picked":["MountainWay:ReiMu","SpringWay:ReiMu"],"picked":"Mountainwind:ReiMu","floor":28},{"not_picked":["OrbThrow:ReiMu","Shading:ReiMu"],"picked":"SubAcupoint:ReiMu+1","floor":30},{"not_picked":["SubcavityInstant:ReiMu","Conquer:ReiMu","BarrageOfMoneybags:ReiMu"],"picked":"SKIP","floor":31},{"not_picked":["Intuition:ReiMu","WonderfulDomain:ReiMu+1","Conquer:ReiMu+1"],"picked":"SKIP","floor":35},{"not_picked":["YinYangSign:ReiMu+1","SubAcupoint:ReiMu+1"],"picked":"UniversalSpiritual:ReiMu+1","floor":37},{"not_picked":["Determination:ReiMu","FineLineFantasy:ReiMu+1"],"picked":"OrbThrow:ReiMu+1","floor":38},{"not_picked":["WonderfulDomain:ReiMu","Amulet:ReiMu","TightArray:ReiMu+1"],"picked":"SKIP","floor":39},{"not_picked":["Enchanting:ReiMu","SubAcupoint:ReiMu"],"picked":"SafetyPray:ReiMu+1","floor":40},{"not_picked":["Searching","vexMod:StairwayStrike"],"picked":"Master of Strategy","floor":41},{"not_picked":["Flash of Steel","GradualImprovement"],"picked":"Panache","floor":41},{"not_picked":["PreThought","PanicButton"],"picked":"Battery","floor":42},{"not_picked":["WonderfulDomain:ReiMu","EmergencyTakeOff:ReiMu+1","SpringWay:ReiMu"],"picked":"SKIP","floor":45},{"not_picked":["SafetyPray:ReiMu+1","Conquer:ReiMu"],"picked":"RainPray2:ReiMu+1","floor":46},{"not_picked":["FantasyBorder:ReiMu","SubcavityInstant:ReiMu+1","FineLineFantasy:ReiMu+1"],"picked":"SKIP","floor":47},{"not_picked":["Amulet:ReiMu","CareerPray:ReiMu"],"picked":"Dreaming2:ReiMu+1","floor":48}],"player_experience":200851,"relics_obtained":[{"floor":1.0,"key":"LetterFromLob"},{"floor":1.0,"key":"Baka"},{"floor":2.0,"key":"DemoMod:Relodestone"},{"floor":2.0,"key":"DemoMod:Relodestone"},{"floor":3.0,"key":"Pear"},{"floor":7.0,"key":"Boot"},{"floor":9.0,"key":"conspire:Dentures"},{"floor":23,"key":"vexMod:BarristanHead"},{"floor":26,"key":"DemoMod:JetPack"},{"floor":28,"key":"CrazyTorch:ReiMu"},{"floor":30,"key":"HollowMod:QueensCombRelic"},{"floor":31,"key":"Mango"},{"floor":40,"key":"DemoMod:MeltedRock"},{"floor":43,"key":"Ornamental Fan"},{"floor":46,"key":"Baka2"},{"floor":48,"key":"BloodDonationMachine"}],"event_choices":[{"cards_removed":["Strike_Lin:ReiMu"],"damage_healed":0.0,"max_hp_gain":0.0,"max_hp_loss":0.0,"gold_gain":0.0,"event_name":"Purifier","player_choice":"Purged","floor":14.0,"gold_loss":0.0,"damage_taken":0.0},{"damage_healed":0.0,"max_hp_gain":0.0,"max_hp_loss":0.0,"gold_gain":0.0,"event_name":"betterNote:BetterNote","player_choice":"Ignored","floor":21.0,"gold_loss":0.0,"damage_taken":0.0,"cards_obtained":["BlueStar"]},{"damage_healed":0,"gold_gain":0,"player_choice":"Memory 1","damage_taken":0,"max_hp_gain":0,"max_hp_loss":0,"event_name":"SensoryStone","floor":42,"gold_loss":0}],"is_beta":false,"boss_relics":[{"not_picked":["Astrolabe","conspire:RoyalGoblet"],"picked":"Painkiller Herb"},{"not_picked":[]},{"not_picked":["Tiny House","aspiration:SecretTechniqueScroll"],"picked":"Fusion Hammer"},{"not_picked":[]}],"items_purged_floors":[41],"is_endless":false,"potions_floor_spawned":[3,5,7,13,20,25,31,33,39,45,46,47,48],"ascension_level":0}}