{"host":"lzlnscgb2n0l5w2m","time":1611334967,"event":{"mods":["AchievementEnabler","BaseMod","Block Reminder","Colored Powertips","Googly Eyes","Highlight Path","Minty Spire (QoL Compilation)","Permanent Neow","Relic Stats","StSLib"],"gold_per_floor":[109,109,9,9,20,20,48,66,92,61,81,107,28,46,46,146,146,160,100,0,0,10,10,10],"floor_reached":23,"language":"ZHT","playtime":3698,"items_purged":["Strike_P","Defend_P"],"score":221,"play_id":"0f358933-f0ab-4d15-a3c5-81d59d945093","local_time":"20210123010247","is_ascension_mode":true,"campfire_choices":[{"data":"Eruption","floor":6.0,"key":"SMITH"},{"data":"Collect","floor":15,"key":"SMITH"}],"circlet_count":0,"master_deck":["Strike_P","Defend_P","Defend_P","Eruption+1","Vigilance","SandsOfTime","Halt","PathToVictory","JustLucky","Collect+1","EmptyFist","SandsOfTime","ThirdEye","Vault","Crescendo"],"relics":["PureWater","MealTicket","Bag of Marbles","Centennial Puzzle","Ornamental Fan","Sozu"],"acts_visited":["Exordium","TheCity"],"potions_floor_usage":[12,12,16],"damage_taken":[{"damage":9.0,"enemies":"Jaw Worm","floor":1.0,"turns":4.0},{"damage":7.0,"enemies":"Small Slimes","floor":5.0,"turns":3.0},{"damage":22.0,"enemies":"Gremlin Nob","floor":7.0,"turns":4.0},{"damage":7.0,"enemies":"2 Louse","floor":8.0,"turns":3.0},{"damage":10.0,"enemies":"Exordium Thugs","floor":10.0,"turns":5.0},{"damage":0.0,"enemies":"Large Slime","floor":11.0,"turns":4.0},{"damage":5,"enemies":"Lagavulin","floor":12,"turns":6},{"damage":6,"enemies":"2 Fungi Beasts","floor":14,"turns":3},{"damage":33,"enemies":"Hexaghost","floor":16,"turns":9},{"damage":22,"enemies":"3 Byrds","floor":18,"turns":7},{"damage":0,"enemies":"Spheric Guardian","floor":22,"turns":4},{"damage":56,"enemies":"Gremlin Leader","floor":23,"turns":5}],"seed_played":"3182811963291942094","potions_obtained":[{"floor":8.0,"key":"PowerPotion"},{"floor":10.0,"key":"DistilledChaos"},{"floor":11.0,"key":"Regen Potion"},{"floor":14,"key":"SkillPotion"}],"is_trial":false,"path_per_floor":["M","?","$","?","M","R","E","M","T","M","M","E","$","M","R","B",null,"M","?","$","?","M","E"],"character_chosen":"WATCHER","items_purchased":["Halt","SandsOfTime"],"campfire_rested":0,"item_purchase_floors":[3,13],"current_hp_per_floor":[63,56,71,64,57,57,35,28,28,18,18,28,43,37,37,4,72,50,50,65,52,52,0,0],"gold":10,"neow_bonus":"REMOVE_CARD","is_daily":false,"chose_seed":false,"campfire_upgraded":2,"win_rate":0.0,"timestamp":1611334967,"path_taken":["M","?","$","?","M","R","E","M","T","M","M","E","?","M","R","BOSS","M","?","?","?","M","E"],"items_purchased_type":["Card","Card"],"build_version":"2020-12-22","purchased_purges":2,"victory":false,"max_hp_per_floor":[72,72,72,72,72,72,72,72,72,72,72,72,72,72,72,72,72,72,72,72,77,77,77,77],"relic_stats":{"Sozu":1,"Centennial Puzzle":[18],"counters":[12,57],"Ornamental Fan":[40],"MealTicket":45,"obtain_stats":[{"Sozu":17,"Centennial Puzzle":9,"Ornamental Fan":12,"MealTicket":2,"Bag of Marbles":7,"PureWater":0},{"Sozu":9,"Centennial Puzzle":4,"Ornamental Fan":7,"MealTicket":1,"Bag of Marbles":3,"PureWater":0},{"Sozu":41,"Centennial Puzzle":14,"Ornamental Fan":29,"MealTicket":4,"Bag of Marbles":11,"PureWater":0}]},"card_choices":[{"not_picked":["Consecrate","Halt"],"picked":"SandsOfTime","floor":1.0},{"not_picked":["EmptyBody","ClearTheMind"],"picked":"PathToVictory","floor":5.0},{"not_picked":["DeceiveReality","PathToVictory"],"picked":"JustLucky","floor":7.0},{"not_picked":["WaveOfTheHand","WheelKick"],"picked":"Collect","floor":8.0},{"not_picked":["FollowUp","Pray"],"picked":"EmptyFist","floor":10.0},{"not_picked":["SashWhip","BowlingBash","MentalFortress"],"picked":"SKIP","floor":11.0},{"not_picked":["SashWhip","BowlingBash","Protect"],"picked":"SKIP","floor":12},{"not_picked":["Worship","Weave"],"picked":"ThirdEye","floor":14},{"not_picked":["Devotion","Judgement"],"picked":"Vault","floor":16},{"not_picked":["CrushJoints","SashWhip"],"picked":"Crescendo","floor":18},{"not_picked":["CrushJoints","Protect","TalkToTheHand"],"picked":"SKIP","floor":22}],"player_experience":235308,"relics_obtained":[{"floor":7.0,"key":"Bag of Marbles"},{"floor":9.0,"key":"Centennial Puzzle"},{"floor":12,"key":"Ornamental Fan"}],"event_choices":[{"damage_healed":0.0,"max_hp_gain":0.0,"max_hp_loss":0.0,"gold_gain":0.0,"event_name":"Scrap Ooze","player_choice":"Success","floor":2.0,"gold_loss":0.0,"damage_taken":7.0,"relics_obtained":["MealTicket"]},{"cards_removed":["Strike_P"],"damage_healed":0.0,"max_hp_gain":0.0,"max_hp_loss":0.0,"gold_gain":0.0,"event_name":"Golden Wing","player_choice":"Card Removal","floor":4.0,"gold_loss":0.0,"damage_taken":7.0},{"cards_removed":["Defend_P"],"damage_healed":0,"gold_gain":0,"player_choice":"Single Remove","damage_taken":0,"max_hp_gain":0,"max_hp_loss":0,"event_name":"Designer","floor":19,"gold_loss":60},{"damage_healed":0,"gold_gain":0,"player_choice":"Shed Blood","damage_taken":18,"max_hp_gain":5,"max_hp_loss":0,"event_name":"Forgotten Altar","floor":21,"gold_loss":0}],"is_beta":false,"boss_relics":[{"not_picked":["Empty Cage","Philosopher\u0027s Stone"],"picked":"Sozu"}],"items_purged_floors":[3,20],"is_endless":false,"potions_floor_spawned":[8,10,11,14,18],"killed_by":"Gremlin Leader","ascension_level":2}}