{"host":"l8n56n8abrvcftzc","time":1611310781,"event":{"mods":["Aspiration","BaseMod","Better Note","Better Third Choice","Colored Map","DeckTracker","Googly Eyes","Highlight Path","Hubris","Minty Spire (QoL Compilation)","Permanent Neow","Relic Stats","Replay The Spire","StSLib","SuperFastMode","Uncapped"],"gold_per_floor":[113,113,125,135,135,161,161,173,197,197,197,244,275,292,292,388,388,403,414,193,206,219,253,253,288,313,343,87,127,187,187,187,322,322,354,254,254,62,96,96,170,225,301,359,359,405,440,538,538,582,582,582,26,91,159],"floor_reached":56,"language":"ENG","playtime":3584,"items_purged":["Defend_G","Strike_G","Well Laid Plans","Dodge and Roll"],"score":1104,"play_id":"23b0e284-f192-4caf-8c68-a385e0c98eaa","local_time":"20210122021941","is_ascension_mode":false,"campfire_choices":[{"data":"Neutralize","floor":7.0,"key":"SMITH"},{"floor":10.0,"key":"REST"},{"data":"Blade Dance","floor":15.0,"key":"SMITH"},{"floor":32.0,"key":"RECALL"},{"data":"Strike_G","floor":40.0,"key":"PURGE"},{"data":"Burst","floor":49,"key":"SMITH"},{"data":"Blade Dance","floor":52,"key":"SMITH"}],"circlet_count":0,"master_deck":["Survivor","Neutralize+1","Quick Slash+1","Accuracy+1","Blade Dance+1","Blade Dance+1","Burst+1","Backstab+1","Prepared+1","Prepared+1","Concentrate","Acrobatics+1","Adrenaline"],"relics":["Astrolabe","aspiration:ChemicalBlood","Orichalcum","hubris:Towel","hubris:OldNail","ReplayTheSpireMod:Lightbulb","Replay:Drink Me","Tiny Chest","Replay:Towering Pillar of Hats","Peace Pipe","Juzu Bracelet","Gremlin Food","Replay:Bandana","Philosopher\u0027s Stone","Vajra","Ornamental Fan","Replay:Bottled Flurry","Bag of Marbles","Blood Vial","aspiration:Lifesprig"],"acts_visited":["Exordium","TheCity","TheBeyond","TheEnding"],"potions_floor_usage":[55,55,55,55,55,55],"damage_taken":[{"damage":0.0,"enemies":"Jaw Worm","floor":1.0,"turns":4.0},{"damage":2.0,"enemies":"Small Slimes","floor":3.0,"turns":3.0},{"damage":0.0,"enemies":"2 Louse","floor":4.0,"turns":2.0},{"damage":16.0,"enemies":"Gremlin Nob","floor":6.0,"turns":3.0},{"damage":0.0,"enemies":"Looter","floor":8.0,"turns":3.0},{"damage":15.0,"enemies":"Lagavulin","floor":13.0,"turns":7.0},{"damage":4.0,"enemies":"Exordium Thugs","floor":14.0,"turns":3.0},{"damage":18.0,"enemies":"Fading Forest","floor":16.0,"turns":11.0},{"damage":5.0,"enemies":"2 Thieves","floor":18.0,"turns":3.0},{"damage":10.0,"enemies":"3 Byrds","floor":19.0,"turns":4.0},{"damage":5.0,"enemies":"Centurion and Healer","floor":21.0,"turns":4.0},{"damage":1.0,"enemies":"Chosen and Byrds","floor":22.0,"turns":6.0},{"damage":13.0,"enemies":"Slavers","floor":23.0,"turns":4.0},{"damage":15.0,"enemies":"Book of Stabbing","floor":25.0,"turns":4.0},{"damage":13.0,"enemies":"Slavers","floor":27.0,"turns":2.0},{"damage":0.0,"enemies":"Snecko","floor":29.0,"turns":2.0},{"damage":0.0,"enemies":"3 Cultists","floor":30.0,"turns":3.0},{"damage":27.0,"enemies":"Automaton","floor":33.0,"turns":6.0},{"damage":10.0,"enemies":"3 Shapes","floor":35.0,"turns":2.0},{"damage":0.0,"enemies":"3 Darklings","floor":39.0,"turns":2.0},{"damage":9.0,"enemies":"R_Hoarder","floor":41.0,"turns":5.0},{"damage":0.0,"enemies":"Maw","floor":42.0,"turns":3.0},{"damage":0,"enemies":"Reptomancer","floor":44,"turns":2},{"damage":8,"enemies":"Writhing Mass","floor":46,"turns":2},{"damage":0,"enemies":"3 Darklings","floor":47,"turns":2},{"damage":0,"enemies":"Transient","floor":48,"turns":4},{"damage":9,"enemies":"Replay:Hell Engine","floor":50,"turns":2},{"damage":1,"enemies":"Shield and Spear","floor":54,"turns":2},{"damage":63,"enemies":"The Heart","floor":55,"turns":3}],"seed_played":"5818434101219428490","potions_obtained":[{"floor":4.0,"key":"Adrenaline Potion"},{"floor":6.0,"key":"Elixir"},{"floor":13.0,"key":"Swift Potion"},{"floor":25.0,"key":"FearPotion"},{"floor":27.0,"key":"Fire Potion"}],"is_trial":false,"path_per_floor":["M","?","M","M","?","E","R","M","T","R","?","T","E","M","R","B",null,"M","M","$","M","M","E","?","E","T","E","$","M","M","?","R_BF","B",null,"M","NS","T","$","M","R","E","M","T","E","?","M","M","M","R_BF","B",null,"R","$","E","B",null],"character_chosen":"THE_SILENT","items_purchased":["Tiny Chest","Replay:Bandana","Concentrate","Bag of Marbles","Blood Vial","EntropicBrew"],"campfire_rested":1,"item_purchase_floors":[20,28,38,53,53,53],"current_hp_per_floor":[70,56,54,54,59,43,43,43,43,65,65,65,50,46,46,38,57,52,42,42,37,36,23,67,52,52,39,39,39,39,39,39,12,67,57,57,57,57,57,57,48,48,48,48,48,40,40,40,40,31,67,67,67,66,4],"gold":159,"neow_bonus":"BOSS_RELIC","is_daily":false,"chose_seed":false,"campfire_upgraded":4,"win_rate":0.0,"timestamp":1611310781,"path_taken":["M","?","M","M","?","E","R","M","T","R","?","?","E","M","R","BOSS","M","M","$","M","M","E","?","E","T","E","?","M","M","?","R_BF","BOSS","M","NS","?","$","M","R","E","M","T","E","?","M","M","M","R_BF","BOSS","R","$","E","BOSS"],"items_purchased_type":["Relic","Relic","Card","Relic","Relic","Potion"],"build_version":"2020-12-22","purchased_purges":4,"victory":true,"max_hp_per_floor":[70,70,70,70,75,75,75,75,75,75,75,75,75,75,75,75,57,57,57,57,57,57,57,67,67,67,67,67,67,67,67,67,67,67,67,67,67,67,67,67,67,67,67,67,67,67,67,67,67,67,67,67,67,67,67],"relic_stats":{"Peace Pipe":1,"Blood Vial":1,"counters":[29,103],"Ornamental Fan":[184],"Astrolabe":["ReplayTheSpireMod:Necrosis","Quick Slash","Accuracy"],"Tiny Chest":1,"Juzu Bracelet":0,"Orichalcum":[216],"obtain_stats":[{"Gremlin Food":27,"aspiration:Lifesprig":54,"Replay:Towering Pillar of Hats":23,"Astrolabe":0,"Vajra":41,"Juzu Bracelet":26,"Orichalcum":9,"hubris:Towel":11,"Peace Pipe":25,"Blood Vial":53,"Replay:Bandana":28,"Ornamental Fan":43,"Tiny Chest":20,"Philosopher\u0027s Stone":34,"Replay:Bottled Flurry":44,"Bag of Marbles":53,"ReplayTheSpireMod:Lightbulb":13,"Replay:Drink Me":17,"hubris:OldNail":12,"Ring of the Snake":0,"aspiration:ChemicalBlood":6},{"Gremlin Food":15,"aspiration:Lifesprig":28,"Replay:Towering Pillar of Hats":13,"Astrolabe":0,"Vajra":21,"Juzu Bracelet":14,"Orichalcum":5,"hubris:Towel":5,"Peace Pipe":14,"Blood Vial":27,"Replay:Bandana":15,"Ornamental Fan":22,"Tiny Chest":10,"Philosopher\u0027s Stone":18,"Replay:Bottled Flurry":23,"Bag of Marbles":27,"ReplayTheSpireMod:Lightbulb":6,"Replay:Drink Me":8,"hubris:OldNail":5,"Ring of the Snake":0,"aspiration:ChemicalBlood":4},{"Gremlin Food":63,"aspiration:Lifesprig":100,"Replay:Towering Pillar of Hats":57,"Astrolabe":0,"Vajra":83,"Juzu Bracelet":61,"Orichalcum":15,"hubris:Towel":15,"Peace Pipe":61,"Blood Vial":98,"Replay:Bandana":63,"Ornamental Fan":86,"Tiny Chest":43,"Philosopher\u0027s Stone":74,"Replay:Bottled Flurry":88,"Bag of Marbles":98,"ReplayTheSpireMod:Lightbulb":22,"Replay:Drink Me":36,"hubris:OldNail":15,"Ring of the Snake":0,"aspiration:ChemicalBlood":12}]},"card_choices":[{"not_picked":["Accuracy","Draining Mist"],"picked":"Blade Dance","floor":1.0},{"not_picked":["Expertise","hubris:SlightOfHand","Dagger Throw"],"picked":"SKIP","floor":3.0},{"not_picked":["Dash","Flying Knee"],"picked":"Dodge and Roll","floor":4.0},{"not_picked":["Dodge and Roll","Bane"],"picked":"Blade Dance","floor":6.0},{"not_picked":["Sneak Up","Draining Mist","hubris:SlightOfHand"],"picked":"SKIP","floor":8.0},{"not_picked":["Bane","Prepared"],"picked":"Deadly Poison","floor":13.0},{"not_picked":["Atom Bomb","Leg Sweep","Dagger Spray"],"picked":"SKIP","floor":14.0},{"not_picked":["ReplayTheSpireMod:From All Sides","aspiration:Lunge"],"picked":"Burst","floor":16.0},{"not_picked":["hubris:Counter","Deadly Poison"],"picked":"Well Laid Plans","floor":18.0},{"not_picked":["hubris:Sniper","Bouncing Flask","Backflip"],"picked":"SKIP","floor":19.0},{"not_picked":["Underhanded Strike","Leg Sweep"],"picked":"Tools of the Trade","floor":21.0},{"not_picked":["Sneak Up","Terror+1"],"picked":"Backstab+1","floor":22.0},{"not_picked":["ReplayTheSpireMod:Tripwire","Adrenaline"],"picked":"Prepared+1","floor":23.0},{"not_picked":["PiercingWail","Deadly Poison"],"picked":"Prepared+1","floor":25.0},{"not_picked":["Atom Bomb","Leg Sweep","Bane+1"],"picked":"SKIP","floor":27.0},{"not_picked":["Quick Slash","Finisher","Dagger Spray"],"picked":"SKIP","floor":29.0},{"not_picked":["Riddle With Holes","Blade Dance","Sucker Punch"],"picked":"SKIP","floor":30.0},{"not_picked":["ReplayTheSpireMod:Tripwire+1","Dagger Throw+1","Dagger Spray+1"],"picked":"SKIP","floor":35.0},{"not_picked":["hubris:SlightOfHand+1","Bane","Setup"],"picked":"SKIP","floor":39.0},{"not_picked":["Slice","Cloak And Dagger+1"],"picked":"Acrobatics+1","floor":41.0},{"not_picked":["Prepared","Blade Dance+1","Dagger Throw+1"],"picked":"SKIP","floor":42.0},{"not_picked":["Backflip","Masterful Stab+1","Blur"],"picked":"SKIP","floor":44},{"not_picked":["Hidden Blade","Poisoned Stab","Sucker Punch"],"picked":"SKIP","floor":46},{"not_picked":["Dodge and Roll+1","Cloak And Dagger+1","Quick Slash"],"picked":"SKIP","floor":47},{"not_picked":["Bane","Expertise+1","PiercingWail"],"picked":"SKIP","floor":48},{"not_picked":["Acrobatics","Deadly Poison+1","hubris:Counter+1"],"picked":"SKIP","floor":54}],"player_experience":778580,"relics_obtained":[{"floor":6.0,"key":"aspiration:ChemicalBlood"},{"floor":9.0,"key":"Orichalcum"},{"floor":12.0,"key":"hubris:OldNail"},{"floor":13.0,"key":"ReplayTheSpireMod:Lightbulb"},{"floor":23.0,"key":"Replay:Towering Pillar of Hats"},{"floor":25.0,"key":"Peace Pipe"},{"floor":26.0,"key":"Juzu Bracelet"},{"floor":27.0,"key":"Gremlin Food"},{"floor":41.0,"key":"Vajra"},{"floor":43,"key":"Ornamental Fan"},{"floor":44,"key":"Replay:Bottled Flurry"},{"floor":54,"key":"aspiration:Lifesprig"}],"event_choices":[{"damage_healed":70.0,"max_hp_gain":0.0,"max_hp_loss":70.0,"gold_gain":0.0,"event_name":"betterThird:BetterShining","player_choice":"Upgrade","floor":2.0,"gold_loss":0.0,"damage_taken":14.0,"cards_upgraded":["Strike_G","Defend_G"]},{"damage_healed":0.0,"max_hp_gain":5.0,"max_hp_loss":0.0,"gold_gain":0.0,"event_name":"Big Fish","player_choice":"Donut","floor":5.0,"gold_loss":0.0,"damage_taken":0.0},{"cards_removed":["Tools of the Trade"],"damage_healed":34.0,"max_hp_gain":10.0,"max_hp_loss":0.0,"gold_gain":0.0,"event_name":"Bonfire Elementals","player_choice":"Offered Rare","floor":24.0,"gold_loss":0.0,"damage_taken":0.0},{"cards_removed":["Strike_G"],"damage_healed":0.0,"max_hp_gain":0.0,"max_hp_loss":0.0,"gold_gain":0.0,"event_name":"betterNote:BetterNote","player_choice":"Give","floor":31.0,"gold_loss":0.0,"damage_taken":0.0,"cards_obtained":["Strike_B"]},{"damage_healed":0,"gold_gain":0,"cards_transformed":["Defend_G"],"player_choice":"Transformed","damage_taken":0,"max_hp_gain":0,"max_hp_loss":0,"event_name":"Transmorgrifier","floor":45,"gold_loss":0,"cards_obtained":["Adrenaline"]}],"is_beta":false,"boss_relics":[{"not_picked":["Velvet Choker","hubris:GrandSneckoEye"],"picked":"Replay:Drink Me"},{"not_picked":["aspiration:RitualDagger","Abe\u0027s Treasure"],"picked":"Philosopher\u0027s Stone"}],"items_purged_floors":[20,28,38,53],"is_endless":false,"potions_floor_spawned":[4,6,13,16,22,25,27,30,35,44,46,54],"ascension_level":0}}