{"host":"ojme7g6xlqwffsso","time":1611318731,"event":{"mods":["Act Like it!","BaseMod","Better Third Choice","Hallownest","Hermit","Infinite Spire","MarisaÅiñ∂âJÅ@ñÇóùçπÅj","Minty Spire (QoL Compilation)","Replay The Spire","Shade Mod","Shop Mod","StSLib","The Bug Knight","The Cursed","The Disciple","The Hierophant","The Marked","The Mystic","The Servant 0.9.4"],"gold_per_floor":[17,28,28,47,57,82,82,82,159,173,204,129,147,147,147,246,246,258,268,373,67,98,145,145,201,201,201,201,229,263,304,304,424,424,465,465,515,557,557,606,649,698,698,750,473,507,30,69,69,91],"floor_reached":51,"language":"ENG","playtime":3796,"items_purged":["TheCursedMod:Strike_TheCursed","TheCursedMod:Strike_TheCursed"],"score":1188,"play_id":"e7424eec-1502-414e-b7a9-3fc34692448a","local_time":"20210122213211","is_ascension_mode":true,"campfire_choices":[{"data":"TheCursedMod:CleanUpWorkshop","floor":7,"key":"SMITH"},{"data":"TheCursedMod:CircleOfAmplification","floor":15,"key":"SMITH"},{"data":"TheCursedMod:CollectTribute","floor":24,"key":"SMITH"},{"floor":27,"key":"DIG"},{"floor":32,"key":"DIG"},{"floor":49,"key":"DIG"}],"circlet_count":0,"master_deck":["TheCursedMod:Defend_TheCursed+1","TheCursedMod:CursedWand","TheCursedMod:CleanUpWorkshop+1","TheCursedMod:Dregs","Secret Weapon+1","TheCursedMod:Wield","TheCursedMod:Obscuration","TheCursedMod:TacticalStrike","TheCursedMod:Stigma","TheCursedMod:RapidMovement","TheCursedMod:SpitefulStrike","TheCursedMod:HellsGateOpen+1","TheCursedMod:AntiAging+1","Hallownest:skillGreenpathMap","TheCursedMod:CircleOfAmplification+1","TheCursedMod:CollectTribute+1","TheCursedMod:ReleasedKnowledge+1","TheCursedMod:SurpriseAttack","ReplayTheSpireMod:Splinters","TheCursedMod:CircleOfCorruption","TheCursedMod:Grudge","TheCursedMod:WearCloak","TheCursedMod:CircleOfCorruption","TheCursedMod:CircleOfFocus","TheCursedMod:RapidMovement","TheCursedMod:Wield+1","TheCursedMod:AshesToAshes","TheCursedMod:NeowsMight","TheCursedMod:CircleOfWindfury+1","TheCursedMod:LuckyCharm+1","TheCursedMod:CursedShiv+1","TheCursedMod:ReleasedKnowledge","TheCursedMod:DemonSword","TheCursedMod:NeowsMight"],"relics":["TheCursedMod:BlackMagic101","Hallownest:DreamNailRelic","Replay:PocketPolymizer","Ring of Peace","Ring of Hypnosis","TheCursedMod:DemonicMark","Oddly Smooth Stone","TheCursedMod:OminousMark","Replay:Bandana","Happy Flower","MerchantsRug","Durian","Shovel","Omamori","Philosopher\u0027s Stone","ChewingGum","TheCursedMod:Tack","infinitespire:EmpoweringShard","infinitespire:FocusingShard","War Paint","infinitespire:PuzzleCube","Guide Book","Mirror"],"acts_visited":["Exordium","Hallownest:Greenpath","Hallownest:CityofTears"],"potions_floor_usage":[16,48,50],"damage_taken":[{"damage":2,"enemies":"Hallownest:2_Tiktiks_and_1_Crawlid","floor":1,"turns":4},{"damage":2,"enemies":"2_ Uuma","floor":2,"turns":6},{"damage":0,"enemies":"Hallownest:2_Baldur","floor":4,"turns":5},{"damage":1,"enemies":"Hallownest:monsterMossCharger","floor":5,"turns":9},{"damage":16,"enemies":"Hallownest:eliteMossKnight","floor":6,"turns":12},{"damage":0,"enemies":"Hallownest:monsterAspidMother","floor":10,"turns":6},{"damage":0,"enemies":"Hallownest:eliteCrystalGuardian","floor":11,"turns":6},{"damage":2,"enemies":"Hallownest:Guard_and_Warrior","floor":13,"turns":8},{"damage":68,"enemies":"Hallownest:BossHornet","floor":16,"turns":14},{"damage":0,"enemies":"Hallownest:Guard_and_Sentry","floor":18,"turns":4},{"damage":5,"enemies":"Hallownest:2_Mistakes","floor":19,"turns":6},{"damage":0,"enemies":"Hallownest:Master_and_Novice","floor":22,"turns":4},{"damage":28,"enemies":"Hallownest:eliteWatcherKnight","floor":23,"turns":13},{"damage":0,"enemies":"Hallownest:Nosk","floor":25,"turns":5},{"damage":24,"enemies":"Hallownest:2_Flukemon","floor":29,"turns":8},{"damage":0,"enemies":"Hallownest:Warrior_and_Youth","floor":30,"turns":4},{"damage":0,"enemies":"Hallownest:monsterMisterMushroom","floor":31,"turns":6},{"damage":18,"enemies":"Hallownest:BossSoulMaster","floor":33,"turns":7},{"damage":0,"enemies":"Hallownest:Shield_Heavy","floor":35,"turns":4},{"damage":0,"enemies":"Hallownest:3_Siblings","floor":37,"turns":4},{"damage":0,"enemies":"Hallownest:2_Wing_and_1_Kings","floor":38,"turns":6},{"damage":0,"enemies":"Hallownest:eliteHiveKnight","floor":40,"turns":5},{"damage":0,"enemies":"Hallownest:2_Wandering_and_1_Horned","floor":41,"turns":4},{"damage":0,"enemies":"Nightmare","floor":42,"turns":5},{"damage":55,"enemies":"Hallownest:StalkingDevout","floor":44,"turns":6},{"damage":0,"enemies":"Hallownest:monsterPrimalAspid","floor":46,"turns":3},{"damage":11,"enemies":"Hallownest:Xero_Hu_Marmu","floor":48,"turns":5},{"damage":2,"enemies":"Hallownest:Radiance","floor":50,"turns":6}],"seed_played":"7858343504136654556","potions_obtained":[{"floor":5,"key":"Elixir"},{"floor":6,"key":"CultistPotion"},{"floor":10,"key":"BlessingOfTheForge"},{"floor":11,"key":"FairyPotion"},{"floor":19,"key":"Dexterity Potion"},{"floor":29,"key":"SpeedPotion"},{"floor":31,"key":"Explosive Potion"},{"floor":37,"key":"Cursed Concoction"},{"floor":48,"key":"Energy Potion"}],"is_trial":false,"path_per_floor":["M","M","?","M","M","E","R","?","T","M","E","?","M","?","R","B",null,"M","M","?","$","M","E","R","E","T","R","AVR","M","M","M","R","B",null,"M","?","M","M","?","E","M","NM","T","E","$","M","$","M","R","B",null],"character_chosen":"THE_CURSED","items_purchased":["Happy Flower","MerchantsRug","TheCursedMod:WearCloak","infinitespire:FocusingShard","TheCursedMod:ReleasedKnowledge","ColorlessPotion","War Paint","infinitespire:PuzzleCube","Guide Book","TheCursedMod:DemonSword"],"campfire_rested":0,"item_purchase_floors":[21,21,21,45,45,45,47,47,47,47],"current_hp_per_floor":[66,64,64,64,63,47,47,47,47,47,47,47,47,47,47,14,63,63,60,60,60,62,41,41,43,43,43,53,31,33,35,35,19,87,89,104,106,108,104,106,108,110,110,57,57,59,59,51,51,49],"gold":91,"neow_bonus":"RANDOM_COLORLESS_2","is_daily":false,"chose_seed":false,"campfire_upgraded":3,"win_rate":0.0,"timestamp":1611318731,"path_taken":["M","?","?","M","?","E","R","?","T","M","E","?","M","?","R","BOSS","M","M","?","$","M","E","R","E","T","R","AVR","M","?","M","R","BOSS","M","?","M","M","?","E","M","NM","T","E","$","?","$","M","R","BOSS"],"items_purchased_type":["Relic","Relic","Card","Relic","Card","Potion","Relic","Relic","Relic","Card"],"build_version":"2020-12-22","purchased_purges":2,"victory":true,"max_hp_per_floor":[75,75,75,75,75,75,75,75,75,75,75,75,77,77,77,79,79,79,81,81,81,83,90,90,92,92,92,102,104,106,108,108,110,110,112,112,114,116,116,118,120,122,122,124,124,126,126,129,129,129],"card_choices":[{"not_picked":["Thinking Ahead","Violence"],"picked":"Secret Weapon","floor":0},{"not_picked":["TheCursedMod:CursedSpellbook","TheCursedMod:CircleOfCorruption"],"picked":"TheCursedMod:Wield","floor":1},{"not_picked":["TheCursedMod:BlessingInDisguise","TheCursedMod:CircleOfCorruption"],"picked":"TheCursedMod:Obscuration","floor":2},{"not_picked":["TheCursedMod:FuryStrike","TheCursedMod:CircleOfFlame"],"picked":"TheCursedMod:TacticalStrike","floor":4},{"not_picked":["TheCursedMod:PrepareRite","TheCursedMod:RavingStaff"],"picked":"TheCursedMod:Stigma","floor":5},{"not_picked":["TheCursedMod:FleshFromBone","TheCursedMod:ManaBullet"],"picked":"TheCursedMod:RapidMovement","floor":6},{"not_picked":["TheCursedMod:Evocation","TheCursedMod:ShockAndAwe"],"picked":"TheCursedMod:HellsGateOpen","floor":10},{"not_picked":["TheCursedMod:SpitefulStrike","TheCursedMod:RavingStaff"],"picked":"TheCursedMod:AntiAging","floor":11},{"not_picked":["TheCursedMod:RavingStaff","TheCursedMod:CursedAmulet","TheCursedMod:Stigma"],"picked":"SKIP","floor":13},{"not_picked":["TheCursedMod:ManaCirculation","TheCursedMod:ParallelWorld"],"picked":"TheCursedMod:CollectTribute","floor":16},{"not_picked":["TheCursedMod:Wield+1","TheCursedMod:SpitefulStrike"],"picked":"TheCursedMod:ReleasedKnowledge","floor":18},{"not_picked":["TheCursedMod:RapidMovement","TheCursedMod:SpitefulPlan+1"],"picked":"TheCursedMod:SurpriseAttack","floor":19},{"not_picked":["TheCursedMod:RavingStaff+1","TheCursedMod:SpitefulStrike+1"],"picked":"TheCursedMod:CircleOfCorruption","floor":20},{"not_picked":["TheCursedMod:Mangle","TheCursedMod:SpitefulStrike"],"picked":"TheCursedMod:Grudge","floor":20},{"not_picked":["TheCursedMod:Stretching+1","TheCursedMod:CursedAmulet+1"],"picked":"TheCursedMod:CircleOfCorruption","floor":22},{"not_picked":["TheCursedMod:Torture+1","TheCursedMod:SaltUponWound","TheCursedMod:CollectTribute"],"picked":"SKIP","floor":23},{"not_picked":["TheCursedMod:StingEye","TheCursedMod:RavingStaff","TheCursedMod:CursedBoomerang"],"picked":"SKIP","floor":25},{"not_picked":["TheCursedMod:SoulCrush","TheCursedMod:RavingStaff"],"picked":"TheCursedMod:RapidMovement","floor":29},{"not_picked":["TheCursedMod:FleshFromBone","TheCursedMod:VitalStrike"],"picked":"TheCursedMod:Wield+1","floor":30},{"not_picked":["TheCursedMod:StingEye","TheCursedMod:WearCloak","TheCursedMod:CircleOfFlame"],"picked":"SKIP","floor":31},{"not_picked":["TheCursedMod:OutForBlood","TheCursedMod:ShockAndAwe"],"picked":"TheCursedMod:NeowsMight","floor":33},{"not_picked":["TheCursedMod:RavingStaff+1","TheCursedMod:WearCloak+1","TheCursedMod:Torture"],"picked":"SKIP","floor":35},{"not_picked":["TheCursedMod:CursedBlade","TheCursedMod:CursedStaff+1"],"picked":"TheCursedMod:CircleOfWindfury+1","floor":37},{"not_picked":["TheCursedMod:WearCloak","TheCursedMod:SaltUponWound","TheCursedMod:Hemoplague"],"picked":"SKIP","floor":38},{"not_picked":["TheCursedMod:SpitefulPray+1","TheCursedMod:Torture+1"],"picked":"TheCursedMod:LuckyCharm+1","floor":40},{"not_picked":["TheCursedMod:CircleOfCorruption+1","TheCursedMod:CircleOfWindfury","TheCursedMod:Obscuration+1"],"picked":"SKIP","floor":41},{"not_picked":["TheCursedMod:CursedBoomerang","TheCursedMod:ParallelWorld"],"picked":"TheCursedMod:CursedShiv+1","floor":42},{"not_picked":["TheCursedMod:SaltUponWound+1","TheCursedMod:SurpriseAttack","TheCursedMod:TroublousMinions+1"],"picked":"SKIP","floor":44},{"not_picked":["TheCursedMod:AbyssShockwave","TheCursedMod:SurpriseAttack+1","TheCursedMod:VitalStrike"],"picked":"SKIP","floor":46},{"not_picked":["TheCursedMod:FleshFromBone+1","TheCursedMod:WearCloak+1","TheCursedMod:Torture"],"picked":"SKIP","floor":46},{"not_picked":["TheCursedMod:LuckyCharm+1","TheCursedMod:SurpriseAttack","TheCursedMod:CircleOfCorruption"],"picked":"SKIP","floor":48}],"player_experience":918856,"relics_obtained":[{"floor":6,"key":"Replay:PocketPolymizer"},{"floor":8,"key":"Ring of Peace"},{"floor":8,"key":"Ring of Hypnosis"},{"floor":9,"key":"TheCursedMod:DemonicMark"},{"floor":11,"key":"Oddly Smooth Stone"},{"floor":20,"key":"Replay:Bandana"},{"floor":23,"key":"Durian"},{"floor":25,"key":"Pocketwatch"},{"floor":26,"key":"Shovel"},{"floor":27,"key":"Omamori"},{"floor":32,"key":"Replay:WaspNest"},{"floor":40,"key":"TheCursedMod:Tack"},{"floor":42,"key":"infinitespire:Lucky Rock"},{"floor":43,"key":"infinitespire:EmpoweringShard"},{"floor":44,"key":"Prayer Wheel"},{"floor":49,"key":"Mirror"}],"event_choices":[],"is_beta":false,"boss_relics":[{"not_picked":["Empty Cage","SlaversCollar"],"picked":"TheCursedMod:OminousMark"},{"not_picked":["ReplayTheSpireMod:SealedPack","infinitespire:Cupcake"],"picked":"ChewingGum"}],"items_purged_floors":[28,45],"is_endless":false,"potions_floor_spawned":[5,6,10,11,19,29,31,37,40,42,48],"ascension_level":6}}