{"host":"ndpbn7fqb3wjbd7p","time":1611275840,"event":{"mods":["AchievementEnabler","Act Like it!","AlwaysNeverKeys","BaseMod","Better Vampires","Block Reminder","Colored Powertips","DeckTracker","Defuse TimeMaze Blight","Friendly Minions","Hallownest","Hermit","Highlight Path","MarisaÅiñ∂âJÅ@ñÇóùçπÅj","Minty Spire (QoL Compilation)","Permanent Neow","Shade Mod","StSLib","SuperFastMode","Synergy Search","The Mystic","Unceasing Turn Reminder","egg"],"gold_per_floor":[366,156,156,169,12,12,12,32,32,51,63,63,63,83,83,179,179,179,179],"floor_reached":18,"language":"ENG","playtime":908,"items_purged":["Strike_G","Defend_G"],"score":304,"play_id":"158e3c78-75d0-4265-b6db-20980e8056c0","local_time":"20210122013720","is_ascension_mode":true,"campfire_choices":[{"data":"Reflex","floor":6,"key":"SMITH"},{"data":"Neutralize","floor":13,"key":"SMITH"},{"data":"Concentrate","floor":15,"key":"SMITH"}],"circlet_count":0,"master_deck":["AscendersBane","Strike_G","Strike_G","Strike_G","Defend_G","Defend_G","Defend_G","Survivor","Neutralize+1","Cloak And Dagger","Reflex+1","Acrobatics","Underhanded Strike+1","Prepared","Concentrate+1","Unload"],"relics":["Ring of the Snake","Girya","Golden Idol","Empty Cage"],"acts_visited":["Exordium","TheCity"],"potions_floor_usage":[16,16],"damage_taken":[{"damage":1,"enemies":"2 Louse","floor":1,"turns":4},{"damage":4,"enemies":"Small Slimes","floor":4,"turns":5},{"damage":0,"enemies":"Cultist","floor":8,"turns":3},{"damage":3,"enemies":"3 Louse","floor":10,"turns":3},{"damage":3,"enemies":"Large Slime","floor":11,"turns":4},{"damage":1,"enemies":"Exordium Wildlife","floor":14,"turns":3},{"damage":34,"enemies":"The Guardian","floor":16,"turns":16},{"damage":54,"enemies":"3 Byrds","floor":18,"turns":7}],"seed_played":"6184199120408834979","potions_obtained":[{"floor":8,"key":"Fire Potion"},{"floor":10,"key":"CunningPotion"},{"floor":11,"key":"Fire Potion"}],"is_trial":false,"path_per_floor":["M","$","?","M","$","R","?","M","T","M","M","?","R","M","R","B",null,"M"],"character_chosen":"THE_SILENT","items_purchased":["Reflex","Acrobatics","Prepared"],"campfire_rested":0,"item_purchase_floors":[2,2,5],"current_hp_per_floor":[58,58,63,59,59,59,59,59,59,56,53,53,53,52,52,18,49,0,0],"gold":179,"neow_bonus":"TWO_FIFTY_GOLD","is_daily":false,"chose_seed":false,"campfire_upgraded":3,"win_rate":0.0,"timestamp":1611275840,"path_taken":["M","$","?","M","$","R","?","M","T","?","M","?","R","M","R","BOSS","M"],"items_purchased_type":["Card","Card","Card"],"build_version":"2020-12-22","purchased_purges":2,"victory":false,"max_hp_per_floor":[60,60,65,65,65,65,65,65,65,65,65,59,59,59,59,59,59,59,59],"card_choices":[{"not_picked":["Quick Slash","Skewer"],"picked":"Cloak And Dagger","floor":1},{"not_picked":["Terror","Backstab"],"picked":"Underhanded Strike","floor":4},{"not_picked":["Skewer","Predator","Footwork"],"picked":"SKIP","floor":8},{"not_picked":["Deflect","Deadly Poison","Flying Knee"],"picked":"SKIP","floor":10},{"not_picked":["Outmaneuver","Bouncing Flask","Caltrops"],"picked":"SKIP","floor":11},{"not_picked":["PiercingWail","Slice"],"picked":"Concentrate","floor":14},{"not_picked":["Wraith Form v2","Venomology"],"picked":"Unload","floor":16}],"player_experience":1182673,"relics_obtained":[{"floor":9,"key":"Girya"}],"event_choices":[{"damage_healed":0,"gold_gain":0,"player_choice":"Donut","damage_taken":0,"max_hp_gain":5,"max_hp_loss":0,"event_name":"Big Fish","floor":3,"gold_loss":0},{"damage_healed":0,"gold_gain":0,"player_choice":"Upgraded","damage_taken":0,"max_hp_gain":0,"max_hp_loss":0,"event_name":"Upgrade Shrine","floor":7,"gold_loss":0,"cards_upgraded":["Underhanded Strike"]},{"damage_healed":0,"gold_gain":0,"player_choice":"Lose Max HP","damage_taken":0,"relics_obtained":["Golden Idol"],"max_hp_gain":0,"max_hp_loss":6,"event_name":"Golden Idol","floor":12,"gold_loss":0}],"is_beta":false,"boss_relics":[{"not_picked":["Ring of the Serpent","HoveringKite"],"picked":"Empty Cage"}],"items_purged_floors":[2,5],"is_endless":false,"potions_floor_spawned":[8,10,11],"killed_by":"3 Byrds","ascension_level":20}}