{"host":"0mk07bycsqo1qk03","time":1611305436,"event":{"mods":["BaseMod","Downfall","Hermit","Hubris","Minty Spire (QoL Compilation)","StSLib","The Cursed"],"gold_per_floor":[349,360,87,106,117,117,117,132,232,248,263,290,310,342,358,461,461,461,475,485,505,522,522,545,570,607,719,762,793,705,727,759,870,882,894,923,949,972,383,383,406,406,406,10,24,42,42,62,76,76],"floor_reached":51,"language":"ENG","playtime":3489,"items_purged":["Parasite","champ:Strike"],"score":801,"play_id":"0370cec3-0f99-4b91-83e4-d8509697b3bd","local_time":"20210122095036","is_ascension_mode":true,"campfire_choices":[{"data":"champ:Taunt","floor":1.0,"key":"SMITH"},{"floor":18.0,"key":"RECALL"},{"data":"expansioncontent:DashGenerateEvil","floor":30.0,"key":"SMITH"},{"data":"champ:GladiatorForm","floor":35,"key":"SMITH"},{"floor":47,"key":"REST"}],"circlet_count":0,"master_deck":["champ:Strike","champ:Strike","champ:Strike","champ:Defend","champ:Defend","champ:Defend","champ:Defend","champ:Execute","champ:Taunt+1","champ:StanceDance","champ:SteelEdge","expansioncontent:DashGenerateEvil+1","champ:EnragedBash","champ:TornadoPunch","champ:IronFortress","champ:BringItOn","champ:FocusedDefense","champ:VampiricStrike","champ:GutPunch","champ:MurderStrike","champ:GladiatorForm+1","champ:FlashCut","champ:TripleStrike","champ:CrownThrow","champ:SkillfulDodge","champ:Circumvent","champ:TripleStrike","champ:ShieldSlam","champ:ArenaPreparation","champ:ShieldThrow","CurseOfTheBell","champ:FocusedBerserking+1","champ:RecklessLeap","champ:ArenaPreparation","expansioncontent:PolyBeam","expansioncontent:Chronoboost","champ:Improvising","champ:Lariat","champ:Shatter+1","Parasite","champ:Shatter+1"],"relics":["champ:ChampionCrown","Kunai","Happy Flower","Blood Vial","hubris:GrandSneckoEye","MawBank","hubris:TenFootPole","Bag of Preparation","downfall:HeartBlessingRed","Calling Bell","Ancient Tea Set","Pear","Gambling Chip","hubris:SlimyHat","Regal Pillow","Frozen Eye","hubris:Icosahedron","Chemical X","Bottled Flame"],"acts_visited":["Exordium","TheCity","TheBeyond"],"potions_floor_usage":[38,50,50,50],"damage_taken":[{"damage":10.0,"enemies":"Cultist","floor":2.0,"turns":3.0},{"damage":15.0,"enemies":"downfall:FleeingMerchant","floor":3.0,"turns":4.0},{"damage":5.0,"enemies":"Small Slimes","floor":4.0,"turns":3.0},{"damage":0.0,"enemies":"2 Louse","floor":5.0,"turns":1.0},{"damage":22.0,"enemies":"Exordium Thugs","floor":8.0,"turns":3.0},{"damage":15.0,"enemies":"2 Fungi Beasts","floor":10.0,"turns":3.0},{"damage":10.0,"enemies":"Gremlin Gang","floor":11.0,"turns":4.0},{"damage":28.0,"enemies":"Gremlin Nob","floor":12.0,"turns":4.0},{"damage":16.0,"enemies":"Exordium Wildlife","floor":13.0,"turns":4.0},{"damage":25.0,"enemies":"Lagavulin","floor":14.0,"turns":6.0},{"damage":5.0,"enemies":"2 Fungi Beasts","floor":15.0,"turns":2.0},{"damage":36.0,"enemies":"SI_SHIV_ARCHETYPE","floor":16.0,"turns":10.0},{"damage":4.0,"enemies":"Spheric Guardian","floor":19.0,"turns":4.0},{"damage":27.0,"enemies":"Shelled Parasite and Fungi","floor":20.0,"turns":4.0},{"damage":10.0,"enemies":"Snecko","floor":21.0,"turns":4.0},{"damage":2.0,"enemies":"Snake Plant","floor":22.0,"turns":3.0},{"damage":5.0,"enemies":"Cultist and Chosen","floor":25.0,"turns":4.0},{"damage":43.0,"enemies":"Gremlin Leader","floor":28.0,"turns":4.0},{"damage":50.0,"enemies":"Centurion and Healer","floor":29.0,"turns":4.0},{"damage":17.0,"enemies":"Snecko","floor":31.0,"turns":2.0},{"damage":30.0,"enemies":"Snake Plant","floor":32.0,"turns":4.0},{"damage":38,"enemies":"IC_MUSHROOM_ARCHETYPE","floor":33,"turns":6},{"damage":35,"enemies":"3 Darklings","floor":36,"turns":6},{"damage":30,"enemies":"3 Shapes","floor":37,"turns":4},{"damage":45,"enemies":"Writhing Mass","floor":38,"turns":6},{"damage":50,"enemies":"downfall:FleeingMerchant","floor":39,"turns":6},{"damage":20,"enemies":"downfall:FleeingMerchant","floor":44,"turns":1},{"damage":5,"enemies":"Jaw Worm Horde","floor":45,"turns":2},{"damage":70,"enemies":"Spire Growth","floor":46,"turns":4},{"damage":30,"enemies":"Writhing Mass","floor":48,"turns":3},{"damage":60,"enemies":"Transient","floor":49,"turns":5},{"damage":208,"enemies":"DF_ARCHETYPE_ORBS","floor":50,"turns":10}],"seed_played":"7198729331571938321","potions_obtained":[{"floor":4.0,"key":"Weak Potion"},{"floor":8.0,"key":"SteroidPotion"},{"floor":12.0,"key":"Dexterity Potion"},{"floor":13.0,"key":"Fire Potion"},{"floor":15.0,"key":"Dexterity Potion"},{"floor":16.0,"key":"SteroidPotion"},{"floor":19.0,"key":"Block Potion"},{"floor":22.0,"key":"champ:TechniquePotion"},{"floor":45,"key":"Fire Potion"}],"is_trial":false,"path_per_floor":["R","M","$","M","M","?","T","M","?","M","M","E","M","E","M","B",null,"R","M","M","M","M","?","T","M","T","?","E","M","R","M","M","B",null,"R","M","M","M","$","?","T","?","?","$","M","M","R","M","M","B",null],"character_chosen":"THE_CHAMP","items_purchased":["expansioncontent:DashGenerateEvil","champ:EnragedBash","champ:TornadoPunch","hubris:SlimyHat","Regal Pillow","champ:ArenaPreparation","Frozen Eye","Chemical X","Bottled Flame","champ:Improvising","champ:Lariat"],"campfire_rested":1,"item_purchase_floors":[3,3,3,39,39,39,39,44,44,44,44],"current_hp_per_floor":[81,81,81,81,81,81,81,64,64,64,64,46,35,35,37,33,81,81,77,72,74,74,74,74,76,76,76,75,77,77,79,81,63,91,91,91,91,51,53,53,53,53,51,53,55,57,88,88,88,60],"gold":76,"neow_bonus":"TWO_FIFTY_GOLD","is_daily":false,"chose_seed":false,"campfire_upgraded":3,"win_rate":0.0,"timestamp":1611305436,"path_taken":["R","M","$","M","M","?","T","M","?","M","M","E","M","E","M","BOSS","R","M","M","M","M","?","T","M","?","?","E","M","R","M","M","BOSS","R","M","?","M","$","?","T","?","?","?","M","M","R","?","M","BOSS"],"items_purchased_type":["Card","Card","Card","Relic","Relic","Card","Relic","Relic","Relic","Card","Card"],"build_version":"2020-12-22","purchased_purges":2,"victory":true,"max_hp_per_floor":[81,81,81,81,81,81,81,81,81,81,81,81,81,81,81,81,81,81,81,81,81,81,81,81,81,81,81,81,81,81,81,81,81,91,91,91,91,91,88,88,88,88,88,88,88,88,88,88,88,88],"card_choices":[{"not_picked":["champ:EnGarde","champ:Haymaker"],"picked":"champ:StanceDance","floor":2.0},{"not_picked":["champ:IronFortress","champ:BringItOn"],"picked":"champ:SteelEdge","floor":3.0},{"not_picked":["champ:FlashCut","champ:TornadoPunch"],"picked":"champ:IronFortress","floor":4.0},{"not_picked":["champ:Duel","champ:ShieldSigil"],"picked":"champ:BringItOn","floor":5.0},{"not_picked":["champ:TornadoPunch","champ:FanOfKnives"],"picked":"champ:FocusedDefense","floor":8.0},{"not_picked":["champ:Shatter","champ:AdrenalArmor"],"picked":"champ:VampiricStrike","floor":10.0},{"not_picked":["champ:RapidStrikes","champ:FaceSlap"],"picked":"champ:GutPunch","floor":11.0},{"not_picked":["champ:ArenaPreparation","champ:Parry"],"picked":"champ:MurderStrike","floor":12.0},{"not_picked":["champ:EnGarde","champ:Shatter","champ:CrookedStrike"],"picked":"SKIP","floor":13.0},{"not_picked":["champ:Haymaker","champ:IronFortress"],"picked":"champ:GladiatorForm","floor":14.0},{"not_picked":["champ:PreciseThrust","champ:FaceSlap"],"picked":"champ:FlashCut","floor":15.0},{"not_picked":["champ:MurderStrike","champ:SteelEdge"],"picked":"champ:TripleStrike","floor":16.0},{"not_picked":["champ:FanOfKnives","champ:FlashCut+1"],"picked":"champ:CrownThrow","floor":19.0},{"not_picked":["champ:BerserkerStyle","champ:AdrenalArmor"],"picked":"champ:SkillfulDodge","floor":20.0},{"not_picked":["champ:FocusedBerserking","champ:EnragedBash"],"picked":"champ:Circumvent","floor":21.0},{"not_picked":["champ:BerserkerStyle","champ:Haymaker"],"picked":"champ:TripleStrike","floor":22.0},{"not_picked":["champ:StanceDance","champ:ViciousMockery","champ:BringItOn"],"picked":"SKIP","floor":25.0},{"not_picked":["champ:EnGarde","champ:RapidStrikes"],"picked":"champ:ArenaPreparation","floor":28.0},{"not_picked":["champ:FocusedDefense","champ:Parry","champ:FlashCut"],"picked":"SKIP","floor":29.0},{"not_picked":["champ:FlashCut","champ:StanceDance","champ:GladiatorStyle"],"picked":"SKIP","floor":31.0},{"not_picked":["champ:TornadoPunch","champ:Shatter","champ:CrownThrow"],"picked":"SKIP","floor":32},{"not_picked":["champ:VampiricStrike","champ:SteelEdge"],"picked":"champ:ShieldThrow","floor":33},{"not_picked":["champ:EnGarde+1","champ:BladeFlurry"],"picked":"champ:FocusedBerserking+1","floor":36},{"not_picked":["champ:BringItOn+1","champ:Circumvent+1"],"picked":"champ:DancingMaster","floor":37},{"not_picked":["champ:ShieldSigil","champ:PreciseThrust"],"picked":"champ:RecklessLeap","floor":38},{"not_picked":["champ:Shatter+1","champ:DefensiveStyle","champ:EnragedBash+1"],"picked":"SKIP","floor":39},{"not_picked":["expansioncontent:AwakenDeath","expansioncontent:HyperBeam"],"picked":"expansioncontent:PolyBeam","floor":43},{"not_picked":["expansioncontent:AwakenDeath","expansioncontent:HyperBeam"],"picked":"expansioncontent:Chronoboost","floor":43},{"not_picked":["champ:BerserkerStyle+1","champ:BringItOn+1","champ:IronFortress"],"picked":"SKIP","floor":44},{"not_picked":["champ:TornadoPunch","champ:FocusedBerserking","champ:HeartStrike"],"picked":"SKIP","floor":45},{"not_picked":["champ:ShieldSigil+1","champ:FanOfKnives"],"picked":"champ:Shatter+1","floor":46},{"not_picked":["champ:ShieldSigil","champ:PreemptiveStrike+1","champ:GutPunch+1"],"picked":"SKIP","floor":48},{"not_picked":["champ:StanceDance","champ:BladeFlurry"],"picked":"champ:Shatter+1","floor":49}],"player_experience":943155,"relics_obtained":[{"floor":7.0,"key":"Kunai"},{"floor":12.0,"key":"Happy Flower"},{"floor":14.0,"key":"Blood Vial"},{"floor":24.0,"key":"MawBank"},{"floor":26.0,"key":"hubris:TenFootPole"},{"floor":28.0,"key":"Bag of Preparation"},{"floor":34,"key":"Ancient Tea Set"},{"floor":34,"key":"Pear"},{"floor":34,"key":"Gambling Chip"}],"event_choices":[{"cards_removed":["champ:DancingMaster"],"damage_healed":0,"gold_gain":0,"player_choice":"Removed Power","damage_taken":0,"max_hp_gain":0,"max_hp_loss":0,"event_name":"Falling","floor":40,"gold_loss":0}],"is_beta":false,"boss_relics":[{"not_picked":["Snecko Eye","Pandora\u0027s Box"],"picked":"hubris:GrandSneckoEye"},{"not_picked":["Runic Dome","hubris:CrackedHourglass"],"picked":"Calling Bell"}],"items_purged_floors":[39,44],"is_endless":false,"potions_floor_spawned":[4,8,12,13,15,16,19,22,25,31,45,46,48],"ascension_level":1}}