{"host":"njb27ds59h4j3ikk","time":1611295239,"event":{"mods":["AchievementEnabler","BaseMod","Better Altar","Better Match","Better Note","Better Sensory Stone","Better Skull","Better Third Choice","BetterRewards","Downfall","Hermit","Hubris","Minty Spire (QoL Compilation)","Permanent Neow","Quarter Circle Forward PUNCH!","Quick Restart","Rare Cards Sparkle","Shop Mod","StSLib","Trackpad","Transform Curses"],"gold_per_floor":[99,118,118,128,228,238,265,265,291,291,291,303,343,366,391,505,517,529,557,569,681,693,705,717,382,382,382,413,96,96,114,129,226,226,226,239,250,263,282,282,282,315,315,326,176,176,186,202,212,212],"floor_reached":51,"language":"ENG","playtime":2721,"items_purged":["hubris:Sloth"],"score":838,"play_id":"cf1e4beb-b581-4f00-8c1f-03fef76bc8f8","local_time":"20210122010039","is_ascension_mode":true,"campfire_choices":[{"data":"Guardian:TwinSlam","floor":1.0,"key":"SMITH"},{"data":"Guardian:PrimingBeam","floor":8.0,"key":"SMITH"},{"floor":12.0,"key":"REST"},{"data":"Guardian:RevengeProtocol","floor":18.0,"key":"SMITH"},{"data":"Guardian:CompilePackage","floor":23.0,"key":"SMITH"},{"data":"Guardian:DonusPower","floor":27.0,"key":"SMITH"},{"data":"Guardian:ExploitGems","floor":30.0,"key":"SMITH"},{"data":"Swift Strike","floor":35,"key":"SMITH"},{"data":"Guardian:CurlUp","floor":40,"key":"SMITH"},{"data":"Guardian:RevengeProtocol","floor":46,"key":"SMITH"}],"circlet_count":0,"master_deck":["Guardian:Strike_Guardian","Guardian:Strike_Guardian","Guardian:Strike_Guardian","Guardian:Strike_Guardian","Guardian:Defend_Guardian","Guardian:Defend_Guardian","Guardian:Defend_Guardian","Guardian:Defend_Guardian","Guardian:CurlUp+1","Guardian:TwinSlam+1","Guardian:PrimingBeam+1","downfall:Haunted","downfall:Haunted","hubris:Despair","Guardian:ExploitGems+1","Writhe","Guardian:RevengeProtocol+1","Guardian:TemporalShield","Guardian:DonusPower+1","Guardian:Incinerate+1","Guardian:CompilePackage+1","Guardian:SpikerProtocol+1","Guardian:TemporalStrike","Guardian:PiercingHide+1","Swift Strike+1","Guardian:PrismaticBeam+1","Guardian:BaubleBeam","Guardian:FloatingOrbs","Guardian:CrystalBeam","Guardian:PolyBeam+1","Guardian:RevengeProtocol+1","Guardian:WalkerClaw+1","Guardian:SpikerProtocol"],"relics":["Guardian:ModeShifter","Du-Vu Doll","Blood Vial","hubris:Potato","downfall:ShatteredFragment","MawBank","hexamod:CandleOfCauterizing","trackpad:WondrousWand","Black Star","hubris:TinFlute","Omamori","Happy Flower","Guardian:PocketSentry","MealTicket","trackpad:Trackpad","Boot","qcfpunch:Red_Beret","Potion Belt","hubris:Towel"],"acts_visited":["Exordium","TheCity","TheBeyond"],"potions_floor_usage":[38,38,38,50,50,50,50,50],"damage_taken":[{"damage":6.0,"enemies":"Jaw Worm","floor":2.0,"turns":3.0},{"damage":5.0,"enemies":"Small Slimes","floor":4.0,"turns":4.0},{"damage":6.0,"enemies":"2 Louse","floor":6.0,"turns":4.0},{"damage":9.0,"enemies":"3 Sentries","floor":9.0,"turns":6.0},{"damage":18.0,"enemies":"Lagavulin","floor":13.0,"turns":3.0},{"damage":0.0,"enemies":"Large Slime","floor":14.0,"turns":3.0},{"damage":12.0,"enemies":"Gremlin Gang","floor":15.0,"turns":2.0},{"damage":24.0,"enemies":"IC_STATUS_ARCHETYPE","floor":16.0,"turns":5.0},{"damage":0.0,"enemies":"Spheric Guardian","floor":19.0,"turns":3.0},{"damage":10.0,"enemies":"downfall:FleeingMerchant","floor":25.0,"turns":4.0},{"damage":14.0,"enemies":"Slavers","floor":26.0,"turns":2.0},{"damage":8.0,"enemies":"Book of Stabbing","floor":28.0,"turns":4.0},{"damage":0.0,"enemies":"downfall:FleeingMerchant","floor":29.0,"turns":4.0},{"damage":7.0,"enemies":"Shelled Parasite and Fungi","floor":31.0,"turns":3.0},{"damage":10.0,"enemies":"Chosen and Byrds","floor":32.0,"turns":4.0},{"damage":15.0,"enemies":"WA_ARCHETYPE_CALM","floor":33.0,"turns":7.0},{"damage":4,"enemies":"3 Darklings","floor":36,"turns":3},{"damage":0,"enemies":"Orb Walker","floor":37,"turns":1},{"damage":8,"enemies":"Spire Growth","floor":38,"turns":3},{"damage":4,"enemies":"Sphere and 2 Shapes","floor":39,"turns":3},{"damage":23,"enemies":"Giant Head","floor":42,"turns":7},{"damage":0,"enemies":"Transient","floor":44,"turns":5},{"damage":3,"enemies":"3 Darklings","floor":47,"turns":3},{"damage":8,"enemies":"Maw","floor":48,"turns":4},{"damage":14,"enemies":"4 Shapes","floor":49,"turns":2},{"damage":28,"enemies":"SI_POISON_ARCHETYPE","floor":50,"turns":6}],"seed_played":"8315251887300909464","potions_obtained":[{"floor":2.0,"key":"PowerPotion"},{"floor":6.0,"key":"champ:CounterPotion"},{"floor":16.0,"key":"SmokeBomb"},{"floor":19.0,"key":"hexamod:SoulburnPotion"},{"floor":31.0,"key":"EntropicBrew"},{"floor":33.0,"key":"Fire Potion"},{"floor":47,"key":"AttackPotion"},{"floor":48,"key":"PowerPotion"}],"is_trial":false,"path_per_floor":["R","M","?","M","?","M","T","R","E","?","?","R","E","M","M","B",null,"R","M","?","?","?","R","T","$","E","R","E","$","R","M","M","B",null,"R","M","M","M","M","R","T","E","?","M","?","R","M","M","M","B",null],"character_chosen":"GUARDIAN","items_purchased":["Omamori","Happy Flower","Guardian:TemporalStrike","Guardian:Gem_Synthetic","Swift Strike","PowerPotion"],"campfire_rested":1,"item_purchase_floors":[25,25,25,29,29,29],"current_hp_per_floor":[96,90,90,85,90,84,84,84,77,53,29,59,43,45,35,13,101,101,101,101,101,101,101,101,91,79,79,73,90,90,85,77,64,101,101,97,99,93,91,91,91,70,70,72,111,111,108,102,90,64],"gold":212,"neow_bonus":"TWENTY_PERCENT_HP_BONUS","is_daily":false,"chose_seed":false,"campfire_upgraded":9,"win_rate":0.0,"timestamp":1611295239,"path_taken":["R","M","?","M","?","M","T","R","E","?","?","R","E","M","M","BOSS","R","M","?","?","?","R","T","$","E","R","E","?","R","M","M","BOSS","R","M","?","M","?","R","T","E","?","M","?","R","M","M","M","BOSS"],"items_purchased_type":["Relic","Relic","Card","Card","Card","Potion"],"build_version":"2020-12-22","purchased_purges":1,"victory":true,"max_hp_per_floor":[96,96,96,96,101,101,101,101,101,101,101,101,101,101,101,101,101,101,101,101,101,101,101,101,101,101,101,101,101,101,101,101,101,101,101,101,101,101,101,101,101,101,101,101,111,111,111,111,111,111],"card_choices":[{"not_picked":["Guardian:Harden","Guardian:Suspension"],"picked":"Guardian:PrimingBeam","floor":2.0},{"not_picked":["Guardian:TemporalStrike","Guardian:Planning"],"picked":"Guardian:Gem_Red","floor":4.0},{"not_picked":["Guardian:Gem_Green","Guardian:ChargeCore"],"picked":"Guardian:Gem_Orange","floor":6.0},{"not_picked":["Guardian:BronzeArmor","Guardian:BronzeOrb"],"picked":"Guardian:RevengeProtocol","floor":9.0},{"not_picked":["Guardian:Clone","Guardian:RollAttack"],"picked":"Guardian:Gem_Purple","floor":13.0},{"not_picked":["Guardian:WalkerClaw","Guardian:RefractedBeam"],"picked":"Guardian:TemporalShield","floor":14.0},{"not_picked":["Guardian:Gem_Cyan","Guardian:TimeBomb"],"picked":"Guardian:DonusPower","floor":15.0},{"not_picked":["Guardian:SphericShield","Guardian:BaubleBeam"],"picked":"Guardian:Gem_Synthetic","floor":16.0},{"not_picked":["Guardian:Recover","Guardian:Gem_Lightblue"],"picked":"Guardian:Incinerate+1","floor":19.0},{"not_picked":["Guardian:Gem_Green","Guardian:Planning+1"],"picked":"Guardian:SpikerProtocol+1","floor":25.0},{"not_picked":["Guardian:Gem_Yellow","Guardian:RollAttack"],"picked":"Guardian:PiercingHide+1","floor":28.0},{"not_picked":["Guardian:BronzeArmor","Guardian:TemporalShield"],"picked":"Guardian:Gem_Yellow","floor":29.0},{"not_picked":["Guardian:Recover","Guardian:CrystalBeam"],"picked":"Guardian:Gem_Synthetic","floor":31.0},{"not_picked":["Guardian:TemporalStrike","Guardian:Gem_Green"],"picked":"Guardian:PrismaticBeam+1","floor":32.0},{"not_picked":["Guardian:TimeSifter","Guardian:GemFire"],"picked":"Guardian:BaubleBeam","floor":33.0},{"not_picked":["Guardian:DonusPower+1","Guardian:Gem_Cyan"],"picked":"Guardian:FloatingOrbs","floor":36},{"not_picked":["Guardian:TemporalShield","Guardian:Gem_Red"],"picked":"Guardian:CrystalBeam","floor":37},{"not_picked":["Guardian:Gem_Cyan","Guardian:PrimingBeam"],"picked":"Guardian:Gem_Red","floor":38},{"not_picked":["Guardian:Gem_Green","Guardian:CrystalBeam"],"picked":"Guardian:PolyBeam+1","floor":39},{"not_picked":["Guardian:ChargeUp+1","Guardian:GuardianWhirl+1"],"picked":"Guardian:Gem_Crimson","floor":42},{"not_picked":["Guardian:Orbwalk","Guardian:VentSteam+1"],"picked":"Guardian:RevengeProtocol","floor":44},{"not_picked":["Guardian:Suspension+1","Guardian:Harden"],"picked":"Guardian:WalkerClaw+1","floor":47},{"not_picked":["Guardian:TemporalStrike+1","Guardian:ChargeUp+1"],"picked":"Guardian:SpikerProtocol","floor":48},{"not_picked":["Guardian:Incinerate+1","Guardian:FloatingOrbs","Guardian:WalkerClaw+1"],"picked":"SKIP","floor":49}],"player_experience":1282952,"relics_obtained":[{"floor":7.0,"key":"Blood Vial"},{"floor":9.0,"key":"hubris:Potato"},{"floor":13.0,"key":"trackpad:WondrousWand"},{"floor":24.0,"key":"hubris:TinFlute"},{"floor":28.0,"key":"Guardian:PocketSentry"},{"floor":28.0,"key":"MealTicket"},{"floor":41,"key":"Boot"},{"floor":42,"key":"qcfpunch:Red_Beret"},{"floor":42,"key":"Potion Belt"}],"event_choices":[{"cards_removed":["hubris:Compulsion"],"damage_healed":0.0,"max_hp_gain":0.0,"max_hp_loss":0.0,"gold_gain":0.0,"event_name":"The Cleric","player_choice":"Card Removal","floor":3.0,"gold_loss":0.0,"damage_taken":0.0},{"damage_healed":0.0,"max_hp_gain":0.0,"max_hp_loss":0.0,"gold_gain":1.0,"event_name":"betterThird:BetterScrap","player_choice":"Relic Relic ","floor":11.0,"gold_loss":0.0,"damage_taken":24.0,"cards_obtained":["Malaise"]},{"cards_removed":["Guardian:DonusPower"],"damage_healed":0.0,"max_hp_gain":0.0,"max_hp_loss":0.0,"gold_gain":0.0,"event_name":"betterNote:BetterNote","player_choice":"Take \u0026 Give","floor":22.0,"gold_loss":0.0,"damage_taken":0.0,"cards_obtained":["Guardian:CompilePackage"]}],"is_beta":false,"boss_relics":[{"not_picked":["Runic Dome","Astrolabe"],"picked":"Black Star"},{"not_picked":["Busted Crown","qcfpunch:Crimson_Sash"],"picked":"trackpad:Trackpad"}],"items_purged_floors":[29],"is_endless":false,"potions_floor_spawned":[2,6,16,19,31,33,36,38,47,48],"ascension_level":1}}