{"host":"a5lz0e76zb3fcwkm","time":1611306295,"event":{"mods":["AchievementEnabler","BaseMod","Colored Map","Colored Powertips","Minty Spire (QoL Compilation)","StSLib","SuperFastMode"],"gold_per_floor":[119,131,149,149,74,99,99,109,109,109,129,129,429,448,448,448,448],"floor_reached":16,"language":"KOR","playtime":249,"items_purged":[],"score":204,"play_id":"df78e5d9-caa2-400e-b420-38ace168427a","local_time":"20210122180455","is_ascension_mode":true,"campfire_choices":[{"data":"Blade Dance","floor":7,"key":"SMITH"},{"floor":12,"key":"REST"},{"data":"Venomology","floor":15,"key":"SMITH"}],"circlet_count":0,"master_deck":["AscendersBane","Strike_G","Strike_G","Strike_G","Defend_G","Defend_G","Defend_G","Defend_G","Defend_G","Survivor","Neutralize","Escape Plan","Blade Dance+1","Infinite Blades+1","Acrobatics","Venomology+1"],"relics":["Ring of the Snake","NeowsBlessing","Frozen Egg 2","Bird Faced Urn","Old Coin"],"acts_visited":["Exordium"],"potions_floor_usage":[6,16],"damage_taken":[{"damage":0,"enemies":"Cultist","floor":1,"turns":1},{"damage":0,"enemies":"Small Slimes","floor":2,"turns":1},{"damage":0,"enemies":"2 Louse","floor":3,"turns":1},{"damage":32,"enemies":"3 Sentries","floor":6,"turns":13},{"damage":4,"enemies":"Large Slime","floor":8,"turns":5},{"damage":12,"enemies":"Lots of Slimes","floor":11,"turns":5},{"damage":4,"enemies":"3 Louse","floor":14,"turns":4},{"damage":35,"enemies":"Slime Boss","floor":16,"turns":3}],"seed_played":"-5563785252708531876","potions_obtained":[{"floor":1,"key":"Poison Potion"},{"floor":11,"key":"GamblersBrew"}],"is_trial":false,"path_per_floor":["M","M","M","?","?","E","R","M","T","?","M","R","?","M","R","B"],"character_chosen":"THE_SILENT","items_purchased":[],"campfire_rested":1,"item_purchase_floors":[],"current_hp_per_floor":[59,59,59,52,52,20,20,16,16,21,11,32,32,30,30,0,0],"gold":448,"neow_bonus":"THREE_ENEMY_KILL","is_daily":false,"chose_seed":false,"campfire_upgraded":2,"win_rate":0.0,"timestamp":1611306295,"path_taken":["M","M","?","?","?","E","R","M","T","?","M","R","?","M","R","BOSS"],"items_purchased_type":[],"build_version":"2020-12-22","purchased_purges":0,"victory":false,"max_hp_per_floor":[66,66,66,66,66,66,66,66,66,71,71,71,71,71,71,71,71],"card_choices":[{"not_picked":["Bane","Outmaneuver"],"picked":"Escape Plan","floor":1},{"not_picked":["Expertise","Dash"],"picked":"Blade Dance","floor":2},{"not_picked":["Dagger Throw","Underhanded Strike","Poisoned Stab"],"picked":"SKIP","floor":3},{"not_picked":["Flying Knee","Poisoned Stab"],"picked":"Infinite Blades+1","floor":6},{"not_picked":["Quick Slash","Bane","Skewer"],"picked":"SKIP","floor":8},{"not_picked":["Choke","All Out Attack"],"picked":"Acrobatics","floor":11},{"not_picked":["Dodge and Roll","Concentrate"],"picked":"Venomology","floor":14}],"player_experience":1781449,"relics_obtained":[{"floor":6,"key":"Frozen Egg 2"},{"floor":9,"key":"Bird Faced Urn"}],"event_choices":[{"cards_removed":["Strike_G"],"damage_healed":0,"gold_gain":0,"player_choice":"Card Removal","damage_taken":7,"max_hp_gain":0,"max_hp_loss":0,"event_name":"Golden Wing","floor":4,"gold_loss":0},{"cards_removed":["Strike_G"],"damage_healed":0,"gold_gain":0,"player_choice":"Card Removal","damage_taken":0,"max_hp_gain":0,"max_hp_loss":0,"event_name":"The Cleric","floor":5,"gold_loss":75},{"damage_healed":0,"gold_gain":0,"player_choice":"Donut","damage_taken":0,"max_hp_gain":5,"max_hp_loss":0,"event_name":"Big Fish","floor":10,"gold_loss":0},{"damage_healed":0,"gold_gain":0,"player_choice":"Gave Potion","damage_taken":0,"relics_obtained":["Old Coin"],"max_hp_gain":0,"max_hp_loss":0,"event_name":"WeMeetAgain","floor":13,"gold_loss":0}],"is_beta":false,"boss_relics":[],"items_purged_floors":[],"is_endless":false,"potions_floor_spawned":[1,11],"killed_by":"Slime Boss","ascension_level":20}}