{"host":"928gv66myv2vlnsd","time":1611334037,"event":{"mods":["BaseMod","Minty Spire (QoL Compilation)","StSLib"],"gold_per_floor":[122,134,161,173,200,212,255,267,279,566,593,328,328,361,361,435,435,455,466,257,182,182,182,210,210,210,45,64,81,81,81,81],"floor_reached":31,"language":"ENG","playtime":1200,"items_purged":["Regret","Strike_R","Strike_R"],"score":534,"play_id":"a2015527-88db-4f69-b1fe-7db06ee850dc","local_time":"20210122114717","is_ascension_mode":true,"campfire_choices":[{"data":"Shrug It Off","floor":6,"key":"SMITH"},{"floor":8,"key":"REST"},{"data":"Apotheosis","floor":13,"key":"SMITH"},{"data":"Flame Barrier","floor":15,"key":"SMITH"},{"data":"Feed","floor":23,"key":"SMITH"},{"data":"Inflame","floor":25,"key":"SMITH"}],"circlet_count":0,"master_deck":["AscendersBane","Defend_R","Defend_R","Defend_R","Defend_R","Bash","Sword Boomerang+1","Shrug It Off+1","Clothesline","Fiend Fire","Pommel Strike","Apotheosis+1","Flame Barrier+1","Feed+1","Anger+1","Inflame+1","Warcry","Carnage","Battle Trance","Bite","Bite","Bite","Bite","Bite"],"relics":["Burning Blood","MawBank","Eternal Feather","Sundial","Boot","Coffee Dripper","Happy Flower","Question Card"],"acts_visited":["Exordium","TheCity"],"potions_floor_usage":[7,31,31,31],"damage_taken":[{"damage":1,"enemies":"2 Louse","floor":1,"turns":3},{"damage":6,"enemies":"Jaw Worm","floor":3,"turns":4},{"damage":0,"enemies":"Cultist","floor":5,"turns":3},{"damage":35,"enemies":"3 Sentries","floor":7,"turns":9},{"damage":5,"enemies":"2 Fungi Beasts","floor":11,"turns":4},{"damage":8,"enemies":"Gremlin Nob","floor":14,"turns":3},{"damage":36,"enemies":"Hexaghost","floor":16,"turns":12},{"damage":7,"enemies":"Chosen","floor":18,"turns":5},{"damage":10,"enemies":"Spheric Guardian","floor":19,"turns":5},{"damage":61,"enemies":"Slavers","floor":24,"turns":7},{"damage":25,"enemies":"Snecko","floor":28,"turns":9},{"damage":0,"enemies":"Centurion and Healer","floor":29,"turns":5},{"damage":70,"enemies":"Book of Stabbing","floor":31,"turns":5}],"seed_played":"8768777540448600305","potions_obtained":[{"floor":3,"key":"Explosive Potion"},{"floor":5,"key":"EssenceOfSteel"},{"floor":14,"key":"Dexterity Potion"},{"floor":24,"key":"EntropicBrew"}],"is_trial":false,"path_per_floor":["M","?","M","?","M","R","E","R","T","?","M","$","R","E","R","B",null,"M","M","$","?","?","R","E","R","T","$","M","M","?","E"],"character_chosen":"IRONCLAD","items_purchased":["Apotheosis","FairyPotion","Carnage"],"campfire_rested":1,"item_purchase_floors":[12,20,27],"current_hp_per_floor":[73,66,66,43,49,49,20,48,48,48,49,49,58,56,65,35,65,68,68,68,68,68,77,26,35,35,35,20,30,30,0,0],"gold":81,"neow_bonus":"RANDOM_COMMON_RELIC","is_daily":false,"chose_seed":false,"campfire_upgraded":5,"win_rate":0.0,"timestamp":1611334037,"path_taken":["M","?","M","?","M","R","E","R","T","?","M","$","R","E","R","BOSS","M","?","$","?","?","R","E","R","T","$","M","M","?","E"],"items_purchased_type":["Card","Potion","Card"],"build_version":"2020-12-22","purchased_purges":3,"victory":false,"max_hp_per_floor":[75,75,75,75,75,75,75,75,75,75,75,75,75,75,75,75,75,79,83,83,83,83,83,87,87,87,87,91,95,66,66,66],"card_choices":[{"not_picked":["Twin Strike","Power Through"],"picked":"Sword Boomerang","floor":1},{"not_picked":["Armaments","Perfected Strike"],"picked":"Shrug It Off","floor":3},{"not_picked":["Shrug It Off","Flex"],"picked":"Clothesline","floor":5},{"not_picked":["Heavy Blade","Searing Blow"],"picked":"Fiend Fire","floor":7},{"not_picked":["Entrench","Seeing Red"],"picked":"Pommel Strike","floor":11},{"not_picked":["Flex","Havoc"],"picked":"Flame Barrier","floor":14},{"not_picked":["Corruption","Brutality"],"picked":"Feed","floor":16},{"not_picked":["Power Through","Sword Boomerang","Clash"],"picked":"SKIP","floor":18},{"not_picked":["Sword Boomerang","Dark Embrace"],"picked":"Anger+1","floor":19},{"not_picked":["Iron Wave+1","Brutality"],"picked":"Warcry","floor":24},{"not_picked":["Warcry","Seeing Red","Twin Strike"],"picked":"Battle Trance","floor":28},{"not_picked":["Anger","Perfected Strike","Pommel Strike","Armaments"],"picked":"SKIP","floor":29}],"player_experience":1287319,"relics_obtained":[{"floor":7,"key":"Eternal Feather"},{"floor":9,"key":"Sundial"},{"floor":14,"key":"Boot"},{"floor":24,"key":"Happy Flower"},{"floor":26,"key":"Question Card"}],"event_choices":[{"cards_removed":["Strike_R"],"damage_healed":0,"gold_gain":0,"player_choice":"Card Removal","damage_taken":7,"max_hp_gain":0,"max_hp_loss":0,"event_name":"Golden Wing","floor":2,"gold_loss":0},{"damage_healed":0,"gold_gain":0,"player_choice":"Entered Light","damage_taken":23,"max_hp_gain":0,"max_hp_loss":0,"event_name":"Shining Light","floor":4,"gold_loss":0,"cards_upgraded":["Sword Boomerang","Strike_R"]},{"damage_healed":0,"gold_gain":275,"player_choice":"Desecrate","damage_taken":0,"max_hp_gain":0,"max_hp_loss":0,"event_name":"Golden Shrine","floor":10,"gold_loss":0,"cards_obtained":["Regret"]},{"cards_removed":["Strike_R"],"damage_healed":0,"gold_gain":0,"player_choice":"Gave Gold","damage_taken":0,"max_hp_gain":0,"max_hp_loss":0,"event_name":"Beggar","floor":21,"gold_loss":75},{"damage_healed":0,"gold_gain":0,"player_choice":"Read","damage_taken":0,"max_hp_gain":0,"max_hp_loss":0,"event_name":"The Library","floor":22,"gold_loss":0,"cards_obtained":["Inflame"]},{"damage_healed":0,"gold_gain":0,"player_choice":"Became a vampire","damage_taken":0,"max_hp_gain":0,"max_hp_loss":29,"event_name":"Vampires","floor":30,"gold_loss":0,"cards_obtained":["Bite","Bite","Bite","Bite","Bite"]}],"is_beta":false,"boss_relics":[{"not_picked":["Pandora\u0027s Box","Velvet Choker"],"picked":"Coffee Dripper"}],"items_purged_floors":[12,20,27],"is_endless":false,"potions_floor_spawned":[3,5,14,19,24,28],"killed_by":"Book of Stabbing","ascension_level":19}}