{"host":"wutzay93uet9pf9y","time":1611358891,"event":{"mods":["BaseMod","Colored Map","Downfall","Minty Spire (QoL Compilation)","StSLib"],"gold_per_floor":[99,33,45,145,81,100,123,123,23,34,47,65,65,75,93,93,93,93],"floor_reached":16,"language":"ENG","playtime":698,"items_purged":[],"score":94,"play_id":"69b2b7af-7668-45a5-bfd7-c0e680da9a9d","local_time":"20210122184131","is_ascension_mode":false,"campfire_choices":[{"floor":1,"key":"RECALL"},{"data":"Slimebound:SplitMire","floor":9,"key":"SMITH"},{"floor":13,"key":"REST"}],"circlet_count":0,"master_deck":["Slimebound:Strike_Slimebound","Slimebound:Strike_Slimebound","Slimebound:Strike_Slimebound","Slimebound:Tackle","Slimebound:Defend_Slimebound","Slimebound:Defend_Slimebound","Slimebound:Defend_Slimebound","Slimebound:Defend_Slimebound","Slimebound:Split","Slimebound:CorrosiveSpit","Slimebound:SplitSpecialist","Slimebound:GoopSpray","Slimebound:PressTheAttack","Slimebound:SplitMire+1","Slimebound:PressTheAttack","Slimebound:SplitBruiser","Regret","Slimebound:SplitBruiser","Slimebound:LeadByExample","Slimebound:RainOfGoop","Slimebound:SplitBruiser"],"relics":["Slimebound:AbsorbEndCombat","Happy Flower","downfall:HeartBlessingRed"],"acts_visited":["Exordium"],"potions_floor_usage":[16,16,16],"damage_taken":[{"damage":0,"enemies":"downfall:FleeingMerchant","floor":2,"turns":4},{"damage":0,"enemies":"Cultist","floor":3,"turns":3},{"damage":5,"enemies":"downfall:FleeingMerchant","floor":5,"turns":4},{"damage":11,"enemies":"Jaw Worm","floor":6,"turns":2},{"damage":3,"enemies":"Small Slimes","floor":10,"turns":2},{"damage":27,"enemies":"Gremlin Gang","floor":11,"turns":3},{"damage":4,"enemies":"Exordium Wildlife","floor":12,"turns":4},{"damage":21,"enemies":"Lots of Slimes","floor":14,"turns":3},{"damage":17,"enemies":"Exordium Thugs","floor":15,"turns":3},{"damage":33,"enemies":"DF_ARCHETYPE_STREAMLINE","floor":16,"turns":6}],"seed_played":"8088992498304508567","potions_obtained":[{"floor":0,"key":"SkillPotion"},{"floor":0,"key":"Energy Potion"},{"floor":0,"key":"Block Potion"}],"is_trial":false,"path_per_floor":["R","$","M","?","$","M","T","?","R","M","M","M","R","M","M","B"],"character_chosen":"SLIMEBOUND","items_purchased":["Slimebound:GoopSpray","Slimebound:PressTheAttack"],"campfire_rested":1,"item_purchase_floors":[2,5],"current_hp_per_floor":[65,65,65,65,62,55,55,55,55,56,31,31,50,31,14,0,0,0],"gold":93,"neow_bonus":"THREE_SMALL_POTIONS","is_daily":false,"chose_seed":false,"campfire_upgraded":1,"win_rate":0.0,"timestamp":1611358891,"path_taken":["R","$","?","?","$","M","T","?","R","M","M","M","R","M","M","BOSS"],"items_purchased_type":["Card","Card"],"build_version":"2020-12-22","purchased_purges":0,"victory":false,"max_hp_per_floor":[65,65,65,65,65,65,65,65,65,65,65,65,65,65,65,65,65,65],"card_choices":[{"not_picked":["Slimebound:Equalize","Slimebound:ProtectTheBoss"],"picked":"Slimebound:SplitSpecialist","floor":2},{"not_picked":["Slimebound:ItLooksTasty","Slimebound:FinishingTackle"],"picked":"Slimebound:PressTheAttack","floor":3},{"not_picked":["Slimebound:TongueLash","Slimebound:HauntingLick"],"picked":"Slimebound:SplitMire","floor":5},{"not_picked":["Slimebound:Schlurp","Slimebound:GoopTackle"],"picked":"Slimebound:SplitBruiser","floor":6},{"not_picked":["Slimebound:Dissolve","Slimebound:ItLooksTasty"],"picked":"Slimebound:SplitBruiser","floor":10},{"not_picked":["Slimebound:ForwardTackle","Slimebound:HungryTackle"],"picked":"Slimebound:LeadByExample","floor":11},{"not_picked":["Slimebound:SpikyOuterGoop","Slimebound:Chomp"],"picked":"Slimebound:RainOfGoop","floor":12},{"not_picked":["Slimebound:LeechEnergy","Slimebound:SlimeSpikes"],"picked":"Slimebound:SplitBruiser","floor":14},{"not_picked":["Slimebound:ProtectTheBoss","Slimebound:SlimeSpikes","Slimebound:GrowthPunch"],"picked":"SKIP","floor":15}],"player_experience":331043,"relics_obtained":[],"event_choices":[{"damage_healed":0,"gold_gain":0,"player_choice":"Box","damage_taken":0,"relics_obtained":["Happy Flower"],"max_hp_gain":0,"max_hp_loss":0,"event_name":"Big Fish","floor":8,"gold_loss":0,"cards_obtained":["Regret"]}],"is_beta":false,"boss_relics":[],"items_purged_floors":[],"is_endless":false,"potions_floor_spawned":[3,6,10,11,14],"killed_by":"DF_ARCHETYPE_STREAMLINE","ascension_level":0}}