{"host":"j7au2ovow4c9pz79","time":1611343479,"event":{"mods":["AchievementEnabler","BaseMod","Better Third Choice","BetterRewards","Colored Powertips","Defuse TimeMaze Blight","Energized Spire","Googly Eyes","Hubris","Infinite Spire","Minty Spire (QoL Compilation)","Quick Restart","Spicy Shops","StSLib","SuperFastMode","Transform Curses"],"gold_per_floor":[113,113,113,127,127,127,127,127,127,156,168,180,204,216,228,339,351,410,422,434,446,458,470,554,566,578,590,602,614,702,751,751],"floor_reached":31,"language":"ENG","playtime":489,"items_purged":[],"score":338,"play_id":"b239757c-fb4b-432d-9cce-5f673164e15e","local_time":"20210122202439","daily_mods":["Specialized","Vintage","Allstar","Colorless Cards","Heirloom","Time Dilation","Flight","Elite Swarm","Lethality"],"is_ascension_mode":false,"campfire_choices":[{"data":"Reaper","floor":6,"key":"SMITH"},{"data":"Reaper","floor":7,"key":"SMITH"},{"data":"Wraith Form v2","floor":8,"key":"SMITH"},{"data":"DevaForm","floor":12,"key":"SMITH"},{"data":"Limit Break","floor":15,"key":"SMITH"},{"data":"HandOfGreed","floor":23,"key":"SMITH"},{"data":"Reaper","floor":25,"key":"SMITH"},{"data":"Echo Form","floor":27,"key":"SMITH"},{"data":"Ghostly","floor":29,"key":"SMITH"}],"circlet_count":0,"master_deck":["Demon Form+1","Wraith Form v2+1","Echo Form+1","DevaForm+1","Defend_R","Defend_R","Defend_R","Defend_R","Bash","Reaper+1","Reaper+1","Reaper+1","Reaper","Reaper","Magnetism","Sadistic Nature","Good Instincts","Finesse","Apotheosis","Limit Break+1","HandOfGreed+1","Bite","Bite","Bite","Bite","Bite","Ghostly+1","Ghostly","Ghostly","Ghostly","Ghostly","Impervious","Feed"],"relics":["Unceasing Top","Bird Faced Urn","Singing Bowl","White Beast Statue","infinitespire:Beetle Shell","infinitespire:Bottled Soul","infinitespire:Eraser","MawBank","infinitespire:Midas Blood","Philosopher\u0027s Stone","Akabeko","hubris:Icosahedron","Nunchaku","infinitespire:EmpoweringShard","Ice Cream"],"acts_visited":["Exordium","TheCity"],"potions_floor_usage":[31],"damage_taken":[{"damage":12,"enemies":"Small Slimes","floor":1,"turns":3},{"damage":12,"enemies":"Jaw Worm","floor":4,"turns":2},{"damage":42,"enemies":"3 Sentries","floor":10,"turns":6},{"damage":3,"enemies":"2 Louse","floor":13,"turns":2},{"damage":49,"enemies":"Slime Boss","floor":16,"turns":7},{"damage":38,"enemies":"2 Thieves","floor":18,"turns":4},{"damage":30,"enemies":"Slavers","floor":24,"turns":6},{"damage":29,"enemies":"Book of Stabbing","floor":30,"turns":7},{"damage":30,"enemies":"3 Byrds","floor":31,"turns":1}],"seed_played":"53859969294394333","potions_obtained":[{"floor":4,"key":"EssenceOfSteel"},{"floor":10,"key":"FearPotion"},{"floor":13,"key":"LiquidBronze"}],"is_trial":true,"path_per_floor":["M","?","T","M","?","R","R","R","T","E","$","R","M","$","R","B",null,"M","?","?","?","?","R","E","R","T","R","$","R","E","M"],"character_chosen":"IRONCLAD","items_purchased":[],"campfire_rested":0,"item_purchase_floors":[],"current_hp_per_floor":[70,70,70,68,61,61,61,61,61,66,66,66,80,80,80,80,80,61,56,56,56,28,28,28,28,28,28,28,28,28,0,0],"gold":751,"neow_bonus":"","is_daily":false,"chose_seed":false,"campfire_upgraded":9,"win_rate":0.0,"timestamp":1611343479,"path_taken":["M","?","?","M","?","R","R","R","T","E","?","R","M","?","R","BOSS","M","?","?","?","?","R","E","R","T","R","?","R","E","?"],"items_purchased_type":[],"build_version":"2020-12-22","purchased_purges":0,"victory":false,"max_hp_per_floor":[80,80,80,80,80,80,80,80,80,80,80,80,80,80,80,80,80,80,56,56,56,28,28,28,28,28,28,28,28,28,28,28],"card_choices":[{"not_picked":["Barricade","Impervious"],"picked":"Limit Break","floor":10},{"not_picked":["Double Tap","Juggernaut"],"picked":"HandOfGreed","floor":16},{"not_picked":["Master of Strategy","Violence"],"picked":"Impervious","floor":24},{"not_picked":["Brutality","Violence"],"picked":"Feed","floor":30}],"player_experience":1904888,"relics_obtained":[{"floor":1,"key":"Singing Bowl"},{"floor":3,"key":"White Beast Statue"},{"floor":4,"key":"infinitespire:Beetle Shell"},{"floor":9,"key":"infinitespire:Eraser"},{"floor":10,"key":"MawBank"},{"floor":13,"key":"infinitespire:Midas Blood"},{"floor":18,"key":"Akabeko"},{"floor":24,"key":"Nunchaku"},{"floor":26,"key":"infinitespire:EmpoweringShard"},{"floor":30,"key":"Ice Cream"}],"event_choices":[{"damage_healed":0,"gold_gain":0,"player_choice":"Relic ","damage_taken":7,"max_hp_gain":0,"max_hp_loss":0,"event_name":"betterThird:BetterScrap","floor":5,"gold_loss":0,"cards_obtained":["EmptyMind"]},{"damage_healed":0,"gold_gain":0,"player_choice":"Became a vampire","damage_taken":0,"max_hp_gain":0,"max_hp_loss":24,"event_name":"Vampires","floor":19,"gold_loss":0,"cards_obtained":["Bite","Bite","Bite","Bite","Bite"]},{"damage_healed":0,"gold_gain":0,"player_choice":"Ignored","damage_taken":0,"max_hp_gain":0,"max_hp_loss":0,"event_name":"Beggar","floor":20,"gold_loss":0},{"damage_healed":0,"gold_gain":0,"player_choice":"Became a Ghost","damage_taken":0,"max_hp_gain":0,"max_hp_loss":28,"event_name":"Ghosts","floor":22,"gold_loss":0,"cards_obtained":["Ghostly","Ghostly","Ghostly","Ghostly","Ghostly"]}],"is_beta":false,"boss_relics":[{"not_picked":["Mark of Pain","SacredBark"],"picked":"Philosopher\u0027s Stone"}],"items_purged_floors":[],"is_endless":false,"potions_floor_spawned":[4,10,13,16,18,24,30],"killed_by":"3 Byrds","ascension_level":0}}