{"host":"9jkzatiwan7o33sr","time":1611288190,"event":{"mods":["A Magickal Journey","AchievementEnabler","Act Like it!","Aspiration","BaseMod","Colored Map","Colored Powertips","Conspire","Downfall","Duelist Mod","GifTheSpireLib","Hallownest","Hermit","Hubris","Infinite Spire","Marisa????????","Mimic Mod","Minty Spire (QoL Compilation)","StSLib","Stuff the Spire","Td1madao Mod","The Animator","The Bug Knight","The Construct","The Cursed","The Disciple","The Elementalist","The Factory","The Hierophant","The Jungle","The Mystic","The Necromancer","The Poker Player","The Runesmith","The Servant 0.9.4","The Witch","[IsaacMod]????"],"gold_per_floor":[116,46,57,71,81,81,81,97,131,131,31,66,81,96,96,192,192,202,202,202,214,214,214],"floor_reached":22,"language":"ENG","playtime":2187,"items_purged":[],"score":196,"play_id":"8ef11f14-60b9-4000-9d9e-6f9e43cfdb52","local_time":"20210122050310","is_ascension_mode":true,"campfire_choices":[{"data":"TalkToTheHand","floor":6,"key":"SMITH"},{"floor":10,"key":"REST"},{"data":"Ghostly","floor":15,"key":"SMITH"}],"circlet_count":0,"master_deck":["Strike_P","Strike_P","Strike_P","Strike_P","Defend_P","Defend_P","Defend_P","Defend_P","Eruption","Vigilance","Consecrate","BattleHymn","FearNoEvil","TalkToTheHand+1","SandsOfTime","JustLucky","Wallop","Ghostly+1","CarveReality","Prostrate","Prostrate","MasterReality","CutThroughFate+1","StuffTheSpire:DeathNote","LikeWater"],"relics":["PureWater","HushsDoor","Chaos","aspiration:Nostalgia","animator:LivingPicture","infinitespire:Lucky Rock","infinitespire:Golems Mask","Sling"],"acts_visited":["Exordium","TheCity"],"potions_floor_usage":[],"damage_taken":[{"damage":8,"enemies":"2 Louse","floor":1,"turns":3},{"damage":2,"enemies":"Jaw Worm","floor":3,"turns":4},{"damage":2,"enemies":"conspire:RoseBush","floor":4,"turns":4},{"damage":12,"enemies":"Exordium Wildlife","floor":5,"turns":5},{"damage":1,"enemies":"2 Fungi Beasts","floor":8,"turns":4},{"damage":9,"enemies":"conspire:2 RoseBushes","floor":9,"turns":5},{"damage":0,"enemies":"conspire:2 RoseBushes","floor":12,"turns":7},{"damage":2,"enemies":"conspire:2 RoseBushes","floor":13,"turns":4},{"damage":0,"enemies":"Looter","floor":14,"turns":2},{"damage":22,"enemies":"Hexaghost","floor":16,"turns":9},{"damage":8,"enemies":"Chosen","floor":18,"turns":3},{"damage":13,"enemies":"conspire:HollyBat","floor":21,"turns":7},{"damage":5,"enemies":"Cultist and Chosen","floor":22,"turns":6}],"seed_played":"7597853094121896228","potions_obtained":[{"floor":4,"key":"Strength Potion"},{"floor":8,"key":"CultistPotion"},{"floor":13,"key":"Energy Potion"}],"is_trial":false,"path_per_floor":["M","$","M","M","M","R","?","M","MIM","R","?","MIM","M","M","R","B",null,"M","?","?","M","M"],"character_chosen":"WATCHER","items_purchased":["BattleHymn"],"campfire_rested":1,"item_purchase_floors":[2],"current_hp_per_floor":[64,64,62,60,48,48,48,47,38,59,59,59,57,57,57,35,72,64,44,44,31,26,26],"gold":214,"neow_bonus":"NOSTALGIA","is_daily":false,"chose_seed":false,"campfire_upgraded":2,"win_rate":0.0,"timestamp":1611288190,"path_taken":["M","$","M","M","M","R","?","M","MIM","R","?","?","M","M","R","BOSS","M","?","?","M","M"],"items_purchased_type":["Card"],"build_version":"2020-12-22","purchased_purges":0,"victory":false,"max_hp_per_floor":[72,72,72,72,72,72,72,72,72,72,72,72,72,72,72,72,72,72,72,72,72,72,72],"card_choices":[{"not_picked":["Fasting2","EmptyMind"],"picked":"Consecrate","floor":1},{"not_picked":["SandsOfTime","ThirdEye"],"picked":"FearNoEvil","floor":3},{"not_picked":["ForeignInfluence","Conclude"],"picked":"TalkToTheHand","floor":4},{"not_picked":["EmptyBody","Bomb"],"picked":"SandsOfTime","floor":5},{"not_picked":["Halt","Tantrum"],"picked":"JustLucky","floor":8},{"not_picked":["CarveReality","BattleHymn"],"picked":"Wallop","floor":9},{"not_picked":["Bomb","Fasting2"],"picked":"CarveReality","floor":12},{"not_picked":["LessonLearned","Worship"],"picked":"Prostrate","floor":13},{"not_picked":["ForeignInfluence","Wallop"],"picked":"Prostrate","floor":14},{"not_picked":["ConjureBlade","Vault"],"picked":"MasterReality","floor":16},{"not_picked":["FlyingSleeves+1","Evaluate"],"picked":"CutThroughFate+1","floor":18},{"not_picked":["Sanctity","Vengeance+1"],"picked":"LikeWater","floor":21}],"player_experience":608685,"relics_obtained":[{"floor":9,"key":"infinitespire:Lucky Rock"},{"floor":12,"key":"infinitespire:Golems Mask"}],"event_choices":[{"damage_healed":0,"gold_gain":0,"player_choice":"Ignored","damage_taken":0,"max_hp_gain":0,"max_hp_loss":0,"event_name":"Liars Game","floor":7,"gold_loss":0},{"damage_healed":0,"gold_gain":0,"player_choice":"Argue","damage_taken":0,"max_hp_gain":0,"max_hp_loss":0,"event_name":"conspire:LoneGhost","floor":11,"gold_loss":0}],"is_beta":false,"boss_relics":[{"not_picked":["conspire:DecoderRing","StuffTheSpire:SapphireSignet"],"picked":"Sling"},{"not_picked":[]}],"items_purged_floors":[],"is_endless":false,"potions_floor_spawned":[4,8,13],"killed_by":"Cultist and Chosen","ascension_level":2}}