{"host":"7rmsgc3rayi00cdt","time":1611320388,"event":{"mods":["BaseMod","Minty Spire (QoL Compilation)"],"gold_per_floor":[11,25,25,44,58,58,93,127,175,196,31,31,46,46,46,139,139,158,182,132,153,0,0,0],"floor_reached":23,"language":"ENG","playtime":765,"items_purged":[],"score":357,"play_id":"ade52177-4722-4f4a-a44e-cac0be036df0","local_time":"20210122125948","is_ascension_mode":true,"campfire_choices":[{"data":"Zap","floor":6,"key":"SMITH"},{"floor":12,"key":"REST"},{"floor":15,"key":"REST"}],"circlet_count":0,"master_deck":["AscendersBane","Strike_B+1","Strike_B","Strike_B","Strike_B","Defend_B","Defend_B","Defend_B","Defend_B","Zap+1","Dualcast","BootSequence","FTL","Scrape+1","Go for the Eyes","Scrape","Leap","Chill","Streamline"],"relics":["Cracked Core","Golden Idol","Odd Mushroom","Blue Candle","Happy Flower","Sling","Fusion Hammer"],"acts_visited":["Exordium","TheCity"],"potions_floor_usage":[7,10,16,21,21],"damage_taken":[{"damage":1,"enemies":"Cultist","floor":1,"turns":3},{"damage":0,"enemies":"Jaw Worm","floor":2,"turns":3},{"damage":3,"enemies":"2 Louse","floor":4,"turns":3},{"damage":8,"enemies":"Blue Slaver","floor":5,"turns":3},{"damage":17,"enemies":"The Mushroom Lair","floor":7,"turns":3},{"damage":20,"enemies":"3 Sentries","floor":8,"turns":7},{"damage":11,"enemies":"Gremlin Gang","floor":10,"turns":4},{"damage":0,"enemies":"Looter","floor":13,"turns":3},{"damage":39,"enemies":"The Guardian","floor":16,"turns":12},{"damage":4,"enemies":"Chosen","floor":18,"turns":5},{"damage":19,"enemies":"Spheric Guardian","floor":19,"turns":4},{"damage":36,"enemies":"Chosen and Byrds","floor":21,"turns":8},{"damage":24,"enemies":"Gremlin Leader","floor":23,"turns":4}],"seed_played":"8772618150474347223","potions_obtained":[{"floor":1,"key":"EssenceOfSteel"},{"floor":5,"key":"Fire Potion"},{"floor":7,"key":"Fire Potion"},{"floor":10,"key":"Fire Potion"},{"floor":18,"key":"SpeedPotion"}],"is_trial":false,"path_per_floor":["M","M","?","M","M","R","?","E","T","M","$","R","M","?","R","B",null,"M","M","?","M","?","E"],"character_chosen":"DEFECT","items_purchased":["Sling"],"campfire_rested":2,"item_purchase_floors":[11],"current_hp_per_floor":[77,77,77,74,66,66,49,29,29,18,18,43,43,43,68,29,71,67,48,48,12,12,0,0],"gold":0,"neow_bonus":"TWENTY_PERCENT_HP_BONUS","is_daily":false,"chose_seed":false,"campfire_upgraded":1,"win_rate":0.0,"timestamp":1611320388,"path_taken":["M","?","?","M","M","R","?","E","T","M","$","R","M","?","R","BOSS","M","M","?","?","?","E"],"items_purchased_type":["Relic"],"build_version":"2020-12-22","purchased_purges":0,"victory":false,"max_hp_per_floor":[85,85,85,85,85,85,85,85,85,85,85,85,85,85,85,85,85,85,85,85,85,85,85,85],"card_choices":[{"not_picked":["Barrage","Stack"],"picked":"BootSequence","floor":1},{"not_picked":["Lockon","Conserve Battery"],"picked":"FTL","floor":2},{"not_picked":["Glacier","Coolheaded","Fusion"],"picked":"SKIP","floor":4},{"not_picked":["Reprogram","Beam Cell"],"picked":"Scrape","floor":5},{"not_picked":["Self Repair","FTL"],"picked":"Go for the Eyes","floor":8},{"not_picked":["Static Discharge","Blizzard"],"picked":"Scrape","floor":10},{"not_picked":["Redo","Skim","Tempest"],"picked":"SKIP","floor":13},{"not_picked":["BootSequence","Defragment"],"picked":"Leap","floor":18},{"not_picked":["Beam Cell","Compile Driver"],"picked":"Chill","floor":19},{"not_picked":["Coolheaded","Steam"],"picked":"Streamline","floor":21}],"player_experience":778249,"relics_obtained":[{"floor":7,"key":"Odd Mushroom"},{"floor":8,"key":"Blue Candle"},{"floor":9,"key":"Happy Flower"}],"event_choices":[{"damage_healed":0,"gold_gain":0,"player_choice":"Take Wound","damage_taken":0,"relics_obtained":["Golden Idol"],"max_hp_gain":0,"max_hp_loss":0,"event_name":"Golden Idol","floor":3,"gold_loss":0,"cards_obtained":["Injury"]},{"damage_healed":0,"gold_gain":0,"player_choice":"Fought Mushrooms","damage_taken":0,"max_hp_gain":0,"max_hp_loss":0,"event_name":"Mushrooms","floor":7,"gold_loss":0},{"cards_removed":["Injury"],"damage_healed":0,"gold_gain":0,"player_choice":"Forget","damage_taken":0,"max_hp_gain":0,"max_hp_loss":0,"event_name":"Living Wall","floor":14,"gold_loss":0},{"damage_healed":0,"gold_gain":0,"player_choice":"Upgraded Two","damage_taken":0,"max_hp_gain":0,"max_hp_loss":0,"event_name":"Designer","floor":20,"gold_loss":50,"cards_upgraded":["Strike_B","Scrape"]},{"damage_healed":0,"gold_gain":0,"player_choice":"Paid Fearfully","damage_taken":0,"max_hp_gain":0,"max_hp_loss":0,"event_name":"Masked Bandits","floor":22,"gold_loss":153}],"is_beta":false,"boss_relics":[{"not_picked":["Coffee Dripper","Empty Cage"],"picked":"Fusion Hammer"}],"items_purged_floors":[],"is_endless":false,"potions_floor_spawned":[1,5,7,10,18,19],"killed_by":"Gremlin Leader","ascension_level":17}}