{"host":"ctlqibkg0sskiu65","time":1611290097,"event":{"mods":["AchievementEnabler","Aspiration","BaseMod","BetterRewards","Colored Map","Colored Powertips","Conspire","Fiend Mod","Infinite Spire","Minty Spire (QoL Compilation)","Quick Restart","Replay The Spire","Shop Mod","StSLib","The Bladedancer","The Cursed","The Hierophant","The Jungle","The Kombatant","The Servant 0.9.4","TheBandit"],"gold_per_floor":[111,23,23,34,34,59,59,59,85,97,97,132,132,89,89,168,168,188,108,108,118,132,132,82,82,106,121,121,137,137,37,37,37,37],"floor_reached":33,"language":"ENG","playtime":1212,"items_purged":["Strike_G","conspire:GhostlyStrike"],"score":489,"play_id":"b67753f8-1479-4a66-b30c-22b198727a08","local_time":"20210121223457","is_ascension_mode":true,"campfire_choices":[{"floor":8,"key":"REST"},{"floor":11,"key":"REST"},{"floor":15,"key":"REST"},{"floor":23,"key":"REST"},{"floor":25,"key":"RECALL"},{"floor":28,"key":"REST"},{"floor":30,"key":"REST"},{"data":"infinitespire:Starlight","floor":32,"key":"SMITH"}],"circlet_count":0,"master_deck":["AscendersBane","conspire:GhostlyStrike+1","conspire:GhostlyStrike","conspire:GhostlyStrike","conspire:GhostlyDefend","conspire:GhostlyDefend","conspire:GhostlyDefend","conspire:GhostlyDefend","conspire:GhostlyDefend","Survivor+1","Neutralize","Cloak And Dagger+1","Toxin Wave","Replay:Poison Smokescreen+1","Blade Dance+1","Dodge and Roll+1","Poisoned Stab+1","Poisoned Stab","Corpse Explosion+1","Dagger Spray+1","infinitespire:Starlight+1"],"relics":["Ring of the Snake","Gremlin Food","aspiration:VileToxins","SlaversCollar","Bird Faced Urn","Philosopher\u0027s Stone","aspiration:Lifesprig"],"acts_visited":["Exordium","TheCity"],"potions_floor_usage":[6,18,21,33],"damage_taken":[{"damage":0.0,"enemies":"Cultist","floor":1.0,"turns":4.0},{"damage":2.0,"enemies":"Small Slimes","floor":4.0,"turns":4.0},{"damage":55,"enemies":"Gremlin Nob","floor":6,"turns":6},{"damage":0,"enemies":"2 Louse","floor":10,"turns":3},{"damage":29,"enemies":"3 Sentries","floor":12,"turns":10},{"damage":5,"enemies":"The Guardian","floor":16,"turns":11},{"damage":14,"enemies":"2 Thieves","floor":18,"turns":4},{"damage":8,"enemies":"Chosen","floor":21,"turns":5},{"damage":3,"enemies":"Centurion and Healer","floor":22,"turns":3},{"damage":16,"enemies":"Snake Plant","floor":27,"turns":4},{"damage":9,"enemies":"Shelled Parasite and Fungi","floor":29,"turns":4},{"damage":112,"enemies":"conspire:MysteriousRune","floor":33,"turns":8}],"seed_played":"7470829341062214845","potions_obtained":[{"floor":4.0,"key":"DuplicationPotion"},{"floor":6,"key":"FairyPotion"},{"floor":12,"key":"Explosive Potion"},{"floor":18,"key":"Poison Potion"},{"floor":29,"key":"Adrenaline Potion"}],"is_trial":false,"path_per_floor":["M","$","?","M","?","E","?","R","T","M","R","E","?","$","R","B",null,"M","?","AVR","M","M","R","?","R","T","M","R","M","R","$","R","B"],"character_chosen":"THE_SILENT","items_purchased":["Cloak And Dagger","Replay:Poison Smokescreen","Poisoned Stab"],"campfire_rested":6,"item_purchase_floors":[0,2,14],"current_hp_per_floor":[59,59,59,57,57,2,2,21,21,21,40,11,11,11,30,25,56,42,42,42,44,41,60,60,60,60,44,63,54,66,66,66,0,0],"gold":37,"neow_bonus":"","is_daily":false,"chose_seed":false,"campfire_upgraded":1,"win_rate":0.0,"timestamp":1611290097,"path_taken":["M","?","?","?","?","E","?","R","T","M","R","E","?","$","R","BOSS","M","?","AVR","M","M","R","?","R","T","M","R","M","R","$","R","BOSS"],"items_purchased_type":["Card","Card","Card"],"build_version":"2020-12-22","purchased_purges":2,"victory":false,"max_hp_per_floor":[66,66,66,66,66,66,66,66,66,66,66,66,66,66,66,66,66,66,66,66,66,66,66,66,66,66,66,66,66,66,66,66,66,66],"card_choices":[{"not_picked":["Slice","Dagger Spray"],"picked":"Toxin Wave","floor":1.0},{"not_picked":["Slice","Glass Knife"],"picked":"Blade Dance","floor":4.0},{"not_picked":["Tactician","Deflect","Replay:Poison Smokescreen"],"picked":"SKIP","floor":6},{"not_picked":["Underhanded Strike","Accuracy","Backflip"],"picked":"SKIP","floor":10},{"not_picked":["Sucker Punch","Expertise"],"picked":"Dodge and Roll","floor":12},{"not_picked":["Burst","Tools of the Trade"],"picked":"Corpse Explosion","floor":16},{"not_picked":["Dagger Throw","Outmaneuver"],"picked":"Dagger Spray+1","floor":18},{"not_picked":["Slice","Blur","Sucker Punch+1"],"picked":"SKIP","floor":21},{"not_picked":["Bane","Dagger Throw","Outmaneuver"],"picked":"SKIP","floor":22},{"not_picked":["Atom Bomb","Blade Dance","Distraction"],"picked":"SKIP","floor":27},{"not_picked":["Quick Slash","Sucker Punch","Deflect"],"picked":"SKIP","floor":29}],"player_experience":224664,"relics_obtained":[{"floor":6,"key":"Gremlin Food"},{"floor":12,"key":"aspiration:VileToxins"},{"floor":26,"key":"aspiration:Lifesprig"}],"event_choices":[{"damage_healed":0.0,"max_hp_gain":0.0,"max_hp_loss":0.0,"gold_gain":0.0,"event_name":"Upgrade Shrine","player_choice":"Upgraded","floor":3.0,"gold_loss":0.0,"damage_taken":0.0,"cards_upgraded":["Cloak And Dagger"]},{"damage_healed":0.0,"max_hp_gain":0.0,"max_hp_loss":0.0,"gold_gain":0.0,"event_name":"Golden Idol","player_choice":"Ignored","floor":5.0,"gold_loss":0.0,"damage_taken":0.0},{"damage_healed":0,"gold_gain":0,"player_choice":"Agree","damage_taken":0,"max_hp_gain":0,"max_hp_loss":0,"event_name":"conspire:LoneGhost","floor":13,"gold_loss":0},{"damage_healed":0,"gold_gain":0,"player_choice":"Upgrade","damage_taken":0,"max_hp_gain":0,"max_hp_loss":0,"event_name":"Designer","floor":24,"gold_loss":50,"cards_upgraded":["Dodge and Roll"]}],"is_beta":false,"boss_relics":[{"not_picked":["Snecko Scales","Tiny House"],"picked":"SlaversCollar"}],"items_purged_floors":[0,31],"is_endless":false,"potions_floor_spawned":[4,6,12,18,29],"killed_by":"conspire:MysteriousRune","ascension_level":17}}