{"host":"r6jigiblrojhp6xe","time":1611276018,"event":{"mods":["AchievementEnabler","BaseMod","DeckTracker","Hermit","Minty Spire (QoL Compilation)","Quick Restart","Rare Cards Sparkle","Relic Stats","StSLib","SuperFastMode","everything is the same but u backflip on backflip"],"gold_per_floor":[112,131,131,146,146,179,191,191,191,221,221,296,25,36,36,110,110,123,136,136,136,136],"floor_reached":21,"language":"KOR","playtime":544,"items_purged":[],"score":378,"play_id":"d548b55e-963a-498d-aaff-ca0eef54b92c","local_time":"20210122094018","is_ascension_mode":true,"campfire_choices":[{"floor":8.0,"key":"REST"},{"data":"Turbo","floor":11.0,"key":"SMITH"},{"floor":15.0,"key":"REST"}],"circlet_count":0,"master_deck":["AscendersBane","Strike_B","Strike_B","Strike_B","Defend_B","Defend_B","Defend_B","Defend_B","Zap","Dualcast","Electrodynamics","Cold Snap","Double Energy","Melter","Echo Form","Turbo+1","Hologram","Blizzard","Hologram+1","Stack+1","Compile Driver","Creative AI+1"],"relics":["Cracked Core","Bottled Tornado","Frozen Egg 2","Singing Bowl","Toxic Egg 2","Sozu"],"acts_visited":["Exordium","TheCity"],"potions_floor_usage":[],"damage_taken":[{"damage":12.0,"enemies":"Jaw Worm","floor":1.0,"turns":2.0},{"damage":8.0,"enemies":"Small Slimes","floor":2.0,"turns":2.0},{"damage":1.0,"enemies":"2 Louse","floor":4.0,"turns":2.0},{"damage":2.0,"enemies":"3 Sentries","floor":6.0,"turns":4.0},{"damage":13.0,"enemies":"Blue Slaver","floor":7.0,"turns":3.0},{"damage":22.0,"enemies":"Lagavulin","floor":10.0,"turns":5.0},{"damage":7.0,"enemies":"Exordium Thugs","floor":14.0,"turns":2.0},{"damage":23.0,"enemies":"The Guardian","floor":16.0,"turns":17.0},{"damage":25.0,"enemies":"2 Thieves","floor":18.0,"turns":3.0},{"damage":7.0,"enemies":"3 Byrds","floor":19.0,"turns":2.0},{"damage":35,"enemies":"Shelled Parasite and Fungi","floor":21,"turns":2}],"seed_played":"-8471412932347534715","potions_obtained":[{"floor":2.0,"key":"EssenceOfSteel"},{"floor":4.0,"key":"EssenceOfSteel"},{"floor":7.0,"key":"FocusPotion"},{"floor":14.0,"key":"SteroidPotion"}],"is_trial":false,"path_per_floor":["M","M","?","M","?","E","M","R","T","E","R","?","$","M","R","B",null,"M","M","?","M"],"character_chosen":"DEFECT","items_purchased":["Toxic Egg 2"],"campfire_rested":2,"item_purchase_floors":[13],"current_hp_per_floor":[34,26,49,48,48,46,33,54,54,32,32,21,21,14,35,14,58,33,26,26,0,0],"gold":136,"neow_bonus":"THREE_RARE_CARDS","is_daily":false,"chose_seed":false,"campfire_upgraded":1,"win_rate":0.0,"timestamp":1611276018,"path_taken":["M","M","?","M","?","E","M","R","T","E","R","?","?","M","R","BOSS","M","M","?","M"],"items_purchased_type":["Relic"],"build_version":"2020-12-22","purchased_purges":0,"victory":false,"max_hp_per_floor":[71,71,71,71,71,71,71,71,71,71,71,71,71,71,71,73,73,73,73,73,73,73],"relic_stats":{"Sozu":2,"Singing Bowl":2,"counters":[11,44],"obtain_stats":[{"Sozu":17,"Singing Bowl":10,"Bottled Tornado":6,"Frozen Egg 2":9,"Toxic Egg 2":13,"Cracked Core":0},{"Sozu":8,"Singing Bowl":6,"Bottled Tornado":4,"Frozen Egg 2":5,"Toxic Egg 2":6,"Cracked Core":0},{"Sozu":37,"Singing Bowl":18,"Bottled Tornado":10,"Frozen Egg 2":13,"Toxic Egg 2":18,"Cracked Core":0}]},"card_choices":[{"not_picked":["Creative AI","Buffer"],"picked":"Electrodynamics","floor":0.0},{"not_picked":["Hologram","Sunder"],"picked":"Cold Snap","floor":1.0},{"not_picked":["Consume","Storm"],"picked":"Double Energy","floor":2.0},{"not_picked":["Sunder","Hologram"],"picked":"Melter","floor":4.0},{"not_picked":["Undo","Ball Lightning"],"picked":"Turbo","floor":6.0},{"not_picked":["Redo","Steam Power"],"picked":"Hologram","floor":7.0},{"not_picked":["Steam Power","Force Field"],"picked":"Blizzard","floor":10.0},{"not_picked":["Steam+1","Gash"],"picked":"Hologram+1","floor":14.0},{"not_picked":["Hyperbeam","Echo Form+1","All For One"],"picked":"Singing Bowl","floor":16.0},{"not_picked":["Beam Cell+1","Tempest+1"],"picked":"Stack+1","floor":18.0},{"not_picked":["Scrape+1","Ball Lightning"],"picked":"Compile Driver","floor":19.0}],"player_experience":582852,"relics_obtained":[{"floor":6.0,"key":"Bottled Tornado"},{"floor":9.0,"key":"Frozen Egg 2"},{"floor":10.0,"key":"Singing Bowl"}],"event_choices":[{"damage_healed":23.0,"max_hp_gain":0.0,"max_hp_loss":0.0,"gold_gain":0.0,"event_name":"Big Fish","player_choice":"Banana","floor":3.0,"gold_loss":0.0,"damage_taken":0.0},{"damage_healed":0.0,"max_hp_gain":0.0,"max_hp_loss":0.0,"gold_gain":0.0,"cards_transformed":["Strike_B"],"event_name":"Living Wall","player_choice":"Change","floor":5.0,"gold_loss":0.0,"damage_taken":0.0,"cards_obtained":["Echo Form"]},{"damage_healed":0.0,"max_hp_gain":0.0,"max_hp_loss":0.0,"gold_gain":75.0,"event_name":"World of Goop","player_choice":"Gather Gold","floor":12.0,"gold_loss":0.0,"damage_taken":11.0},{"damage_healed":0,"gold_gain":0,"player_choice":"1 cards matched","damage_taken":0,"max_hp_gain":0,"max_hp_loss":0,"event_name":"Match and Keep!","floor":20,"gold_loss":0,"cards_obtained":["Creative AI"]}],"is_beta":false,"boss_relics":[{"not_picked":["Snecko Eye","SlaversCollar"],"picked":"Sozu"}],"items_purged_floors":[],"is_endless":false,"potions_floor_spawned":[2,4,7,14,18,19],"killed_by":"Shelled Parasite and Fungi","ascension_level":20}}