{"host":"2yhbarjh4s9lrrzt","time":1611304538,"event":{"mods":["BaseMod","Better Third Choice","Minty Spire (QoL Compilation)","Replay The Spire","StSLib"],"gold_per_floor":[116,134,134,134,134,134,144,169,169,169,219,242,242,9,33,58,58,188,188,201,201,17,17,37,37,37,37,37,57,72,72,72,72],"floor_reached":32,"language":"ENG","playtime":1740,"items_purged":[],"score":240,"play_id":"17408201-81ed-4267-a810-f6daa8284b72","local_time":"20210122033538","is_ascension_mode":false,"campfire_choices":[{"floor":10,"key":"RECALL"},{"floor":13,"key":"REST"},{"data":"Swivel","floor":17,"key":"SMITH"},{"floor":25,"key":"REST"},{"floor":27,"key":"REST"},{"floor":31,"key":"REST"}],"circlet_count":0,"master_deck":["Strike_P+1","Strike_P","Strike_P","Defend_P","Defend_P","Defend_P","Defend_P","Eruption+1","Vigilance","CarveReality","SandsOfTime","WheelKick","Swivel+1","InnerPeace","Wireheading","PathToVictory","CrushJoints","Establishment","EmptyMind+1","BattleHymn+1","Conclude","Weave","Consecrate","TalkToTheHand"],"relics":["PureWater","NeowsBlessing","Strawberry","Golden Idol","TheAbacus","Black Star","betterThird:NestCultRelic","HornCleat"],"acts_visited":["Exordium","TheCity"],"potions_floor_usage":[8,18,18,20,29,32],"damage_taken":[{"damage":0,"enemies":"Jaw Worm","floor":1,"turns":1},{"damage":0,"enemies":"2 Louse","floor":2,"turns":1},{"damage":0,"enemies":"Cultist","floor":7,"turns":1},{"damage":1,"enemies":"Replay:BlueRogue","floor":8,"turns":6},{"damage":14,"enemies":"3 Louse","floor":12,"turns":3},{"damage":1,"enemies":"Exordium Wildlife","floor":15,"turns":3},{"damage":0,"enemies":"2 Fungi Beasts","floor":16,"turns":2},{"damage":42,"enemies":"Hexaghost","floor":18,"turns":10},{"damage":35,"enemies":"2 Thieves","floor":20,"turns":5},{"damage":20,"enemies":"Shell Parasite","floor":24,"turns":6},{"damage":25,"enemies":"Sentry and Sphere","floor":29,"turns":6},{"damage":31,"enemies":"Centurion and Healer","floor":30,"turns":5},{"damage":41,"enemies":"Cultist and Chosen","floor":32,"turns":6}],"seed_played":"8610404595311694377","potions_obtained":[{"floor":1,"key":"FearPotion"},{"floor":15,"key":"BlessingOfTheForge"},{"floor":18,"key":"AttackPotion"},{"floor":20,"key":"LiquidMemories"}],"is_trial":false,"path_per_floor":["M","M","?","PTL","PTL","?","M","E","?","R","T","M","R","$","M","M","R","B",null,"M","?","$","?","M","R","?","R","T","M","M","R","M"],"character_chosen":"WATCHER","items_purchased":["Wireheading","TheAbacus","Block Potion","BattleHymn+1","Energy Potion","Conclude"],"campfire_rested":4,"item_purchase_floors":[14,14,14,22,22,22],"current_hp_per_floor":[72,72,72,72,72,72,72,78,78,78,78,64,79,79,78,78,78,36,79,44,44,44,44,24,47,47,70,70,45,14,37,0,0],"gold":72,"neow_bonus":"THREE_ENEMY_KILL","is_daily":false,"chose_seed":false,"campfire_upgraded":1,"win_rate":0.0,"timestamp":1611304538,"path_taken":["M","M","?","PTL","PTL","?","?","E","?","R","T","M","R","$","M","M","R","BOSS","M","?","$","?","M","R","?","R","T","?","M","R","M"],"items_purchased_type":["Card","Relic","Potion","Card","Potion","Card"],"build_version":"2020-12-22","purchased_purges":0,"victory":false,"max_hp_per_floor":[72,72,72,72,72,72,72,79,79,79,79,79,79,79,79,79,79,79,79,79,79,79,79,79,79,79,79,79,79,79,79,79,79],"card_choices":[{"not_picked":["Consecrate","Evaluate"],"picked":"CarveReality","floor":1},{"not_picked":["Consecrate","FollowUp"],"picked":"SandsOfTime","floor":2},{"not_picked":["Worship","Consecrate"],"picked":"WheelKick","floor":7},{"not_picked":["ThirdEye","Replay:Cycle"],"picked":"Swivel","floor":8},{"not_picked":["Prostrate","SashWhip"],"picked":"InnerPeace","floor":12},{"not_picked":["Perseverance","Meditate"],"picked":"PathToVictory","floor":15},{"not_picked":["WheelKick","Prostrate"],"picked":"CrushJoints","floor":16},{"not_picked":["Alpha","Vault"],"picked":"Establishment","floor":18},{"not_picked":["FlurryOfBlows","EmptyBody"],"picked":"EmptyMind+1","floor":20},{"not_picked":["SandsOfTime","EmptyFist"],"picked":"Weave","floor":24},{"not_picked":["SandsOfTime","CrushJoints"],"picked":"Consecrate","floor":29},{"not_picked":["SashWhip","Replay:AtTheReady+1"],"picked":"TalkToTheHand","floor":30}],"player_experience":233062,"relics_obtained":[{"floor":8,"key":"Strawberry"},{"floor":28,"key":"HornCleat"}],"event_choices":[{"damage_healed":0,"gold_gain":0,"player_choice":"Forge","damage_taken":0,"max_hp_gain":0,"max_hp_loss":0,"event_name":"Accursed Blacksmith","floor":6,"gold_loss":0,"cards_upgraded":["Eruption"]},{"damage_healed":0,"gold_gain":0,"player_choice":"Take Wound","damage_taken":0,"relics_obtained":["Golden Idol"],"max_hp_gain":0,"max_hp_loss":0,"event_name":"Golden Idol","floor":9,"gold_loss":0,"cards_obtained":["Injury"]},{"cards_removed":["Injury"],"damage_healed":0,"gold_gain":0,"player_choice":"Elegance","damage_taken":0,"max_hp_gain":0,"max_hp_loss":0,"event_name":"betterThird:BetterWriting","floor":21,"gold_loss":0},{"damage_healed":0,"gold_gain":0,"player_choice":"Madness","damage_taken":0,"relics_obtained":["betterThird:NestCultRelic"],"max_hp_gain":0,"max_hp_loss":0,"event_name":"betterThird:BetterNest","floor":23,"gold_loss":0},{"cards_removed":["Strike_P"],"damage_healed":0,"gold_gain":0,"player_choice":"Purged","damage_taken":0,"max_hp_gain":0,"max_hp_loss":0,"event_name":"Purifier","floor":26,"gold_loss":0}],"is_beta":false,"boss_relics":[{"not_picked":["Replay:Ancient Bell","Runic Dome"],"picked":"Black Star"}],"items_purged_floors":[],"is_endless":false,"potions_floor_spawned":[1,15,18,20],"killed_by":"Cultist and Chosen","ascension_level":0}}