{"host":"tm3ghj8mno6gwywm","time":1611355565,"event":{"mods":["2.2 Compatiblity","AchievementEnabler","Bard","BaseMod","Beaked The Cultist","Better Third Choice","Colored Map","Colored Powertips","Conspire","Downfall","Glutton Mod","GungeonMod","Halation","Hermit","Hubris","Infinite Spire","Jorbs\u0027s Wanderer Trilogy","Mad Scientist","Marisa????????","Marked Mod","Mimic Mod","Minty Spire (QoL Compilation)","Potionbrewer","Quick Restart","Replay The Spire","Shade Mod","Shop Mod","Somnambulant","Spicy Shops","StSLib","SuperFastMode","The Bug Knight","The Construct","The Cursed","The Disciple","The Hierophant","The IronCluck","The Judge","The Jungle","The Necromancer","The Runesmith","The Servant 0.9.4","egg"],"gold_per_floor":[112,112,112,14,14,14,14,26,72,91,109,51,68,96,96,199,249,268,268,65,81,81,81,101,101,125,152,171,186,186,186,186,289,289,304,258,39,39,54,54,54,54,107,125,173,124,124,149,149,149,149,149,4,34,34],"floor_reached":56,"language":"ENG","playtime":1517,"items_purged":[],"score":1341,"play_id":"3c8f1248-5ae6-499c-af29-1ae280bed387","local_time":"20210122174605","is_ascension_mode":false,"campfire_choices":[{"floor":6,"key":"RECALL"},{"floor":15,"key":"REST"},{"floor":23,"key":"REST"},{"data":"construct:SyphonStrike+1","floor":25,"key":"SMITH"},{"floor":32,"key":"REST"},{"floor":40,"key":"REST"},{"data":"construct:BatteryCore+1","floor":42,"key":"SMITH"},{"data":"construct:ForceCore+1","floor":47,"key":"SMITH"},{"data":"construct:Enhance+1","floor":49,"key":"SMITH"},{"data":"construct:Boost+1","floor":52,"key":"SMITH"}],"circlet_count":0,"master_deck":["construct:Strike_Gold","construct:Strike_Gold","construct:Strike_Gold","construct:Strike_Gold","construct:Strike_Gold","construct:Defend_Gold","construct:Defend_Gold","construct:Defend_Gold+1","construct:Defend_Gold","construct:Defend_Gold","construct:AttackMode","construct:DefenseMode","Blind+1","construct:SyphonStrike+2","construct:CreateCores+1","construct:FlameCore+1","construct:Enhance+2","construct:LaserCore+1","construct:FlameCore+2","construct:SyphonStrike+1","construct:CriticalHit+1","Pot Of Greed+1","Pot Of Greed+1","construct:Reserves+1","Pot Of Greed+1","construct:NuclearCore+1","construct:ScopeCore+1","construct:CreateCores+1","construct:Rollout+1","construct:BatteryCore+2","construct:ScopeCore+1","Bandage Up+1","infinitespire:Collect+1","construct:Boost+2","construct:ForceCore+2","hubris:DuctTapeCard+4","construct:GuardCore+2","Pot Of Greed+1","construct:PowerUp+1"],"relics":["construct:ClockworkPhoenix","WingedGreaves","Lizard Tail","Mummified Hand","Black Star","Molten Egg 2","Toxic Egg 2","Frozen Egg 2","Quantum Egg","Membership Card","halation:EternalFortune","HandDrill","halation:SwordOfLegend","ReplayFunnel","Tiny House","Grinning Jar","MerchantsRug","Du-Vu Doll","potionbrewer:BhaskarasWheel","Eternal Feather","Replay:Baseball","Counterbalance","Red Mask","bronze:MakeshiftBattery","hubris:SlimyHat","hubris:EmptyBottle","Boot","hubris:Icosahedron","conspire:Boomerang","hubris:DuctTape","Blue Candle","War Paint","Replay:Rubber Ducky","Anchor","DemoMod:WeirdEgg"],"acts_visited":["Exordium","TheCity","TheBeyond","TheEnding"],"potions_floor_usage":[55,55],"damage_taken":[{"damage":5,"enemies":"Small Slimes","floor":1,"turns":4},{"damage":6,"enemies":"Jaw Worm","floor":8,"turns":4},{"damage":0,"enemies":"Cultist","floor":10,"turns":3},{"damage":2,"enemies":"Red Slaver","floor":11,"turns":3},{"damage":20,"enemies":"Lots of Slimes","floor":13,"turns":3},{"damage":29,"enemies":"Gremlin Nob","floor":14,"turns":4},{"damage":20,"enemies":"The Guardian","floor":16,"turns":7},{"damage":20,"enemies":"Shell Parasite","floor":18,"turns":3},{"damage":25,"enemies":"Spheric Guardian","floor":21,"turns":4},{"damage":15,"enemies":"Centurion and Healer","floor":24,"turns":3},{"damage":6,"enemies":"conspire:SneckoGhost","floor":27,"turns":3},{"damage":7,"enemies":"Shelled Parasite and Fungi","floor":28,"turns":2},{"damage":5,"enemies":"Chosen and Byrds","floor":29,"turns":2},{"damage":13,"enemies":"conspire:MysteriousRune","floor":33,"turns":5},{"damage":6,"enemies":"Orb Walker","floor":35,"turns":2},{"damage":8,"enemies":"3 Shapes","floor":39,"turns":3},{"damage":3,"enemies":"Writhing Mass","floor":44,"turns":3},{"damage":14,"enemies":"2 Orb Walkers","floor":45,"turns":2},{"damage":0,"enemies":"Giant Head","floor":48,"turns":3},{"damage":21,"enemies":"Time Eater","floor":50,"turns":4},{"damage":3,"enemies":"Shield and Spear","floor":54,"turns":3},{"damage":23,"enemies":"The Heart","floor":55,"turns":4}],"seed_played":"-5700658579825289778","potions_obtained":[{"floor":8,"key":"SpeedPotion"},{"floor":14,"key":"sneckomod:MuddlingPotion"},{"floor":17,"key":"Death Potion"}],"is_trial":false,"path_per_floor":["M","?","?","$","?","R","$","M","T","M","M","$","M","E","R","B",null,"M","T","$","M","AVR","R","M","R","T","E","M","M","?","?","R","B",null,"M","$","$","?","M","R","?","R","T","M","?","$","R","E","R","B",null,"R","$","E","B",null],"character_chosen":"THE_CONSTRUCT_MOD","items_purchased":["construct:Autoturret+1","HandDrill","construct:FlameCore+1","construct:Enhance+1","construct:Reserves+1","MerchantsRug","Du-Vu Doll","Bandage Up+1","hubris:SlimyHat","hubris:EmptyBottle","Boot","construct:ForceCore+1","construct:GuardCore+1","War Paint","Replay:Rubber Ducky","construct:PowerUp+1"],"campfire_rested":4,"item_purchase_floors":[4,4,12,12,20,20,20,36,37,37,37,46,53,53,53,53],"current_hp_per_floor":[80,83,83,83,76,75,75,69,69,72,73,73,53,24,64,47,102,82,82,82,57,57,102,87,102,102,96,89,87,87,87,105,92,105,99,99,99,74,72,105,105,105,105,102,91,91,105,105,105,90,105,105,105,103,82],"gold":34,"neow_bonus":"RANDOM_COLORLESS","is_daily":false,"chose_seed":false,"campfire_upgraded":5,"win_rate":0.0,"timestamp":1611355565,"path_taken":["M","?","?","$","?","R","$","M","T","M","?","?","M","E","R","BOSS","M","?","$","M","AVR","R","M","R","T","E","?","M","?","?","R","BOSS","M","$","$","?","M","R","?","R","T","M","?","?","R","E","R","BOSS","R","$","E","BOSS"],"items_purchased_type":["Card","Relic","Card","Card","Card","Relic","Relic","Card","Relic","Relic","Relic","Card","Card","Relic","Relic","Card"],"build_version":"2020-12-22","purchased_purges":0,"victory":true,"max_hp_per_floor":[85,88,88,88,88,88,88,88,88,91,94,94,94,94,94,97,102,102,102,102,102,102,102,102,102,102,102,102,105,105,105,105,105,105,105,105,105,105,105,105,105,105,105,105,105,105,105,105,105,105,105,105,105,105,105],"card_choices":[{"not_picked":["Madness","PanicButton"],"picked":"Blind","floor":0},{"not_picked":["construct:ModeShift+1","construct:FlammableFog+1"],"picked":"construct:SyphonStrike+1","floor":1},{"not_picked":["construct:HeavyBolt+1","construct:Antimatter+1"],"picked":"construct:CreateCores+1","floor":8},{"not_picked":["construct:PowerUp+1","construct:ModeShift+1"],"picked":"construct:Autoturret+1","floor":10},{"not_picked":["construct:Reinforce+1","construct:MemoryTap+1","construct:Forcefield+1"],"picked":"SKIP","floor":11},{"not_picked":["construct:VentSteam+1","construct:HeavyBolt+1"],"picked":"construct:LaserCore+1","floor":13},{"not_picked":["construct:Accumulate+1","ReplayTheSpireMod:Mirror System+1"],"picked":"construct:FlameCore+1","floor":14},{"not_picked":["construct:ChargeShot+1","construct:FocusedBeam+1"],"picked":"construct:SyphonStrike+1","floor":17},{"not_picked":["construct:SyphonStrike+1","construct:Accumulate+1"],"picked":"construct:CriticalHit+1","floor":18},{"not_picked":["construct:HardReboot+1","construct:HeavyBolt+1"],"picked":"construct:NuclearCore+1","floor":21},{"not_picked":["construct:Overcharge+1","construct:ClusterMines+1","construct:PhosphorStorm+1"],"picked":"SKIP","floor":24},{"not_picked":["construct:QuickAttack+1","construct:FlashFreeze+1"],"picked":"construct:ScopeCore+1","floor":27},{"not_picked":["construct:CripplingShot+1","construct:ScrapCannon+1"],"picked":"construct:CreateCores+1","floor":28},{"not_picked":["construct:Analyze+1","construct:BatteryAcid+1"],"picked":"construct:Rollout+1","floor":29},{"not_picked":["construct:Supernova+1","construct:HyperBeam+1"],"picked":"construct:BatteryCore+1","floor":33},{"not_picked":["construct:PhosphorStorm+1","construct:Missile+1"],"picked":"construct:ScopeCore+1","floor":35},{"not_picked":["infinitespire:SevenWalls","infinitespire:Fortify"],"picked":"infinitespire:Collect","floor":38},{"not_picked":["construct:CreateCores+1","construct:ScrapCannon+1","construct:Missile+1"],"picked":"SKIP","floor":39},{"not_picked":["construct:Anticipate+1","construct:ModeShift+1","construct:SaveState+1"],"picked":"SKIP","floor":44},{"not_picked":["construct:CreateCores+1","construct:Forcefield+1"],"picked":"construct:Boost+1","floor":45},{"not_picked":["construct:Construct_Overclock+1","construct:VentSteam+1","construct:ModeShift+1"],"picked":"SKIP","floor":48},{"not_picked":["construct:SweepLaser+1","construct:SaveState+1","construct:QuickAttack+1"],"picked":"SKIP","floor":54}],"player_experience":832906,"relics_obtained":[{"floor":10,"key":"halation:EternalFortune"},{"floor":11,"key":"halation:EternalFortune"},{"floor":14,"key":"ReplayFunnel"},{"floor":14,"key":"halation:PromiseList"},{"floor":16,"key":"halation:EternalFortune"},{"floor":19,"key":"Grinning Jar"},{"floor":26,"key":"Replay:Baseball"},{"floor":27,"key":"Gambling Chip"},{"floor":27,"key":"Counterbalance"},{"floor":29,"key":"halation:EternalFortune"},{"floor":30,"key":"Red Mask"},{"floor":43,"key":"Oddly Smooth Stone"},{"floor":45,"key":"conspire:Boomerang"},{"floor":48,"key":"hubris:DuctTape"},{"floor":48,"key":"Blue Candle"},{"floor":54,"key":"Anchor"},{"floor":54,"key":"DemoMod:WeirdEgg"}],"event_choices":[{"damage_healed":0,"gold_gain":0,"player_choice":"Ignored","damage_taken":112,"max_hp_gain":0,"max_hp_loss":0,"event_name":"betterThird:BetterSerpent","floor":3,"gold_loss":0},{"damage_healed":0,"gold_gain":0,"player_choice":"Relic ","damage_taken":7,"max_hp_gain":0,"max_hp_loss":0,"event_name":"betterThird:BetterScrap","floor":5,"gold_loss":0,"cards_obtained":["ReplayTheSpireMod:Stacked"]},{"damage_healed":0,"gold_gain":0,"player_choice":"Fight","damage_taken":0,"max_hp_gain":0,"max_hp_loss":0,"event_name":"Mysterious Sphere","floor":45,"gold_loss":0}],"is_beta":false,"boss_relics":[{"not_picked":["halation:Prosthetics","Replay:Wanted Poster"],"picked":"Tiny House"},{"not_picked":["hubris:GrandSneckoEye","halation:PinkAlligatorPlush"],"picked":"bronze:MakeshiftBattery"}],"items_purged_floors":[],"is_endless":false,"potions_floor_spawned":[8,14,24,27,33,44],"ascension_level":0}}