{"host":"1ekl8hlbnopmdapi","time":1611349856,"event":{"mods":["AchievementEnabler","BaseMod","Colored Map","Colored Powertips","DeckTracker","Googly Eyes","Highlight Path","Minty Spire (QoL Compilation)","Relic Sorter","StSLib","Synergy Search"],"gold_per_floor":[109,120,134,134,150,177,177,188,188,188,188],"floor_reached":10,"language":"ENG","playtime":305,"items_purged":[],"score":113,"play_id":"77288929-10e1-4b70-9b24-bbc118fee77a","local_time":"20210122161056","is_ascension_mode":true,"campfire_choices":[{"floor":7,"key":"REST"}],"circlet_count":0,"master_deck":["Strike_G","Strike_G","Strike_G","Strike_G","Strike_G","Defend_G","Defend_G","Defend_G","Defend_G","Defend_G","Survivor","Neutralize","Backstab","PiercingWail","Dodge and Roll","Dodge and Roll","Footwork","Dodge and Roll"],"relics":["Ring of the Snake","Omamori"],"acts_visited":["Exordium"],"potions_floor_usage":[2,6,10],"damage_taken":[{"damage":0,"enemies":"Small Slimes","floor":1,"turns":4},{"damage":0,"enemies":"2 Louse","floor":2,"turns":2},{"damage":1,"enemies":"Jaw Worm","floor":3,"turns":4},{"damage":1,"enemies":"Blue Slaver","floor":5,"turns":6},{"damage":67,"enemies":"Gremlin Nob","floor":6,"turns":7},{"damage":1,"enemies":"Exordium Wildlife","floor":8,"turns":6},{"damage":31,"enemies":"Lagavulin","floor":10,"turns":12}],"seed_played":"-6613041835829501676","potions_obtained":[{"floor":1,"key":"ColorlessPotion"},{"floor":2,"key":"Fruit Juice"},{"floor":6,"key":"Swift Potion"}],"is_trial":false,"path_per_floor":["M","M","M","?","M","E","R","M","T","E"],"character_chosen":"THE_SILENT","items_purchased":[],"campfire_rested":1,"item_purchase_floors":[],"current_hp_per_floor":[77,82,81,86,85,18,44,43,43,12,12],"gold":188,"neow_bonus":"TEN_PERCENT_HP_BONUS","is_daily":false,"chose_seed":false,"campfire_upgraded":0,"win_rate":0.0,"timestamp":1611349856,"path_taken":["M","M","M","?","M","E","R","M","T","E"],"items_purchased_type":[],"build_version":"2020-12-22","purchased_purges":0,"victory":false,"max_hp_per_floor":[77,82,82,87,87,87,87,87,87,87,87],"card_choices":[{"not_picked":["Underhanded Strike","Cloak And Dagger"],"picked":"Backstab","floor":1},{"not_picked":["Prepared","Endless Agony"],"picked":"PiercingWail","floor":2},{"not_picked":["Slice","Dagger Spray"],"picked":"Dodge and Roll","floor":3},{"not_picked":["Deflect","Dagger Throw"],"picked":"Dodge and Roll","floor":5},{"not_picked":["Deflect","Distraction"],"picked":"Footwork","floor":6},{"not_picked":["Blur","Concentrate"],"picked":"Dodge and Roll","floor":8}],"player_experience":487024,"relics_obtained":[{"floor":6,"key":"Omamori"}],"event_choices":[{"damage_healed":0,"gold_gain":0,"player_choice":"Donut","damage_taken":0,"max_hp_gain":5,"max_hp_loss":0,"event_name":"Big Fish","floor":4,"gold_loss":0}],"is_beta":false,"boss_relics":[],"items_purged_floors":[],"is_endless":false,"potions_floor_spawned":[1,2,6],"killed_by":"Lagavulin","ascension_level":5}}