{"host":"bf9sa99gaumonoeu","time":1611318602,"event":{"mods":["AchievementEnabler","Act Like it!","Aspiration","BaseMod","Bestiary","Block Reminder","Colored Map","Colored Powertips","Friendly Minions","Gensokyo","GifTheSpireLib","Googly Eyes","Hallownest","Hermit","Highlight Path","Jorbs\u0027s Wanderer Trilogy","KinomotoSakuraMod(????)","Koishi","Marisa????????","Minty Spire (QoL Compilation)","Rare Cards Sparkle","Relic Stats","Spire Arcade","StSLib","The Administrix","The Animator","The Bug Knight","The Construct","The Cursed","The Hierophant","The Mystic","The Necromancer","The Poker Player","The Runesmith","The Senshi","The Servant 0.9.4","ojb\u0027s Info Mod"],"gold_per_floor":[18,29,47,47,61,61,75,104,131,153,187,187,204,215,215,287,287,306,319,244,261,271,271,104,104,104,138,148,148,165,199,199,278,278,293,293,313,36,36,63,63,73,123,123,123],"floor_reached":44,"language":"ENG","playtime":6928,"items_purged":["Strike_G"],"score":1059,"play_id":"365604ab-41b3-4a6c-aaa6-6576af0ee618","local_time":"20210122103002","is_ascension_mode":true,"campfire_choices":[{"floor":6.0,"key":"REST"},{"data":"aspiration:Lunge","floor":12.0,"key":"SMITH"},{"data":"Infinite Blades","floor":15.0,"key":"SMITH"},{"floor":23.0,"key":"REST"},{"data":"A Thousand Cuts","floor":29.0,"key":"SMITH"},{"data":"Choke","floor":32.0,"key":"SMITH"},{"data":"Noxious Fumes","floor":41.0,"key":"SMITH"}],"circlet_count":0,"master_deck":["AscendersBane","Strike_G","Strike_G","Defend_G","Defend_G","Defend_G","Defend_G","Survivor","Neutralize","Blade Dance+1","Skewer+1","Infinite Blades+1","Deflect","Dash","aspiration:Lunge+1","PiercingWail","Blade Dance","Choke+1","Dash","A Thousand Cuts+1","PiercingWail+1","Terror","Blade Dance","Deadly Poison","After Image","Infinite Blades","Escape Plan","Dodge and Roll+1","Cloak And Dagger","Deadly Poison","Footwork","Finisher","Burst","Noxious Fumes+1","Well Laid Plans","After Image","PiercingWail"],"relics":["Ring of the Snake","Unceasing Top","Nunchaku","Oddly Smooth Stone","Odd Mushroom","Regal Pillow","construct:WeddingRing","Orrery","TungstenRod","Gambling Chip","Omamori","Philosopher\u0027s Stone","aspiration:VileToxins","Molten Egg 2","MealTicket"],"acts_visited":["Exordium","TheCity","TheBeyond"],"potions_floor_usage":[42],"damage_taken":[{"damage":0.0,"enemies":"Jaw Worm","floor":1.0,"turns":5.0},{"damage":0.0,"enemies":"Small Slimes","floor":2.0,"turns":4.0},{"damage":0.0,"enemies":"2 Louse","floor":3.0,"turns":3.0},{"damage":14.0,"enemies":"Lots of Slimes","floor":5.0,"turns":6.0},{"damage":1.0,"enemies":"Looter","floor":7.0,"turns":3.0},{"damage":16.0,"enemies":"Gremlin Nob","floor":8.0,"turns":4.0},{"damage":0.0,"enemies":"The Mushroom Lair","floor":10.0,"turns":1.0},{"damage":1.0,"enemies":"3 Sentries","floor":11.0,"turns":5.0},{"damage":0.0,"enemies":"Exordium Wildlife","floor":13.0,"turns":2.0},{"damage":1.0,"enemies":"Large Slime","floor":14.0,"turns":5.0},{"damage":4.0,"enemies":"Slime Boss","floor":16.0,"turns":8.0},{"damage":12.0,"enemies":"3 Byrds","floor":18.0,"turns":4.0},{"damage":9.0,"enemies":"Shell Parasite","floor":19.0,"turns":5.0},{"damage":0.0,"enemies":"Snake Plant","floor":21.0,"turns":3.0},{"damage":10.0,"enemies":"3 Cultists","floor":22.0,"turns":5.0},{"damage":8.0,"enemies":"Book of Stabbing","floor":27.0,"turns":3.0},{"damage":0.0,"enemies":"Centurion and Healer","floor":28.0,"turns":5.0},{"damage":5.0,"enemies":"Snecko","floor":30.0,"turns":3.0},{"damage":0.0,"enemies":"Slavers","floor":31.0,"turns":4.0},{"damage":28.0,"enemies":"Champ","floor":33.0,"turns":10.0},{"damage":1.0,"enemies":"3 Darklings","floor":35.0,"turns":6.0},{"damage":8.0,"enemies":"Orb Walker","floor":37.0,"turns":4.0},{"damage":6.0,"enemies":"Nemesis","floor":40.0,"turns":6.0},{"damage":0,"enemies":"Transient","floor":42,"turns":6},{"damage":46,"enemies":"Reptomancer","floor":44,"turns":2}],"seed_played":"-364517033136694958","potions_obtained":[{"floor":5.0,"key":"Fruit Juice"},{"floor":7.0,"key":"Swift Potion"},{"floor":10.0,"key":"PowerPotion"},{"floor":11.0,"key":"FearPotion"},{"floor":14.0,"key":"BlessingOfTheForge"},{"floor":16.0,"key":"DuplicationPotion"},{"floor":18.0,"key":"LiquidMemories"},{"floor":22.0,"key":"Strength Potion"},{"floor":27.0,"key":"SteroidPotion"},{"floor":30.0,"key":"GhostInAJar"},{"floor":35.0,"key":"Energy Potion"},{"floor":37.0,"key":"SkillPotion"}],"is_trial":false,"path_per_floor":["M","M","M","?","M","R","M","E","T","?","E","R","M","M","R","B",null,"M","M","?","M","M","R","$","?","T","E","M","R","M","E","R","B",null,"M","?","M","$","?","E","R","M","T","E"],"character_chosen":"THE_SILENT","items_purchased":["Orrery","aspiration:VileToxins","Well Laid Plans"],"campfire_rested":2,"item_purchase_floors":[24,38,38],"current_hp_per_floor":[59,59,59,39,25,44,43,27,27,27,26,26,26,30,30,26,60,48,39,39,39,29,65,65,65,65,57,57,57,52,52,52,24,59,58,58,50,50,50,44,44,44,44,0,0],"gold":123,"neow_bonus":"ONE_RARE_RELIC","is_daily":false,"chose_seed":false,"campfire_upgraded":5,"win_rate":0.0,"timestamp":1611318602,"path_taken":["M","M","M","?","M","R","M","E","T","?","E","R","M","M","R","BOSS","M","M","?","M","?","R","$","?","T","E","M","R","M","E","R","BOSS","M","?","M","$","?","E","R","M","T","E"],"items_purchased_type":["Relic","Relic","Card"],"build_version":"2020-12-22","purchased_purges":1,"victory":false,"max_hp_per_floor":[66,66,66,66,66,66,66,66,66,66,66,66,66,71,71,71,71,71,71,71,71,71,71,71,71,71,71,71,71,71,71,71,71,71,71,71,71,71,71,71,71,71,71,71,71],"relic_stats":{"Nunchaku":[32],"Regal Pillow":15,"counters":[25,112],"Gambling Chip":[38],"MealTicket":0,"obtain_stats":[{"aspiration:VileToxins":38,"Regal Pillow":11,"construct:WeddingRing":17,"Oddly Smooth Stone":9,"Omamori":31,"Odd Mushroom":10,"Nunchaku":8,"Gambling Chip":27,"Orrery":24,"Philosopher\u0027s Stone":34,"Molten Egg 2":40,"MealTicket":43,"Unceasing Top":0,"TungstenRod":26,"Ring of the Snake":0},{"aspiration:VileToxins":22,"Regal Pillow":8,"construct:WeddingRing":11,"Oddly Smooth Stone":6,"Omamori":19,"Odd Mushroom":7,"Nunchaku":6,"Gambling Chip":16,"Orrery":15,"Philosopher\u0027s Stone":20,"Molten Egg 2":23,"MealTicket":24,"Unceasing Top":0,"TungstenRod":15,"Ring of the Snake":0},{"aspiration:VileToxins":98,"Regal Pillow":31,"construct:WeddingRing":46,"Oddly Smooth Stone":25,"Omamori":78,"Odd Mushroom":26,"Nunchaku":25,"Gambling Chip":66,"Orrery":63,"Philosopher\u0027s Stone":88,"Molten Egg 2":104,"MealTicket":110,"Unceasing Top":0,"TungstenRod":63,"Ring of the Snake":0}],"Unceasing Top":[10],"TungstenRod":18,"Ring of the Snake":[50]},"card_choices":[{"not_picked":["PiercingWail","Backflip"],"picked":"Blade Dance","floor":1.0},{"not_picked":["Backflip","Noxious Fumes"],"picked":"Skewer","floor":2.0},{"not_picked":["Sucker Punch","Crippling Poison"],"picked":"Infinite Blades","floor":3.0},{"not_picked":["Blade Dance","Endless Agony"],"picked":"Deflect","floor":5.0},{"not_picked":["Blade Dance","Dagger Throw"],"picked":"Dash","floor":7.0},{"not_picked":["Outmaneuver","Burst"],"picked":"aspiration:Lunge","floor":8.0},{"not_picked":["Setup","Dagger Throw"],"picked":"PiercingWail","floor":10.0},{"not_picked":["Predator","Burst"],"picked":"Blade Dance","floor":11.0},{"not_picked":["Underhanded Strike","Masterful Stab"],"picked":"Choke","floor":13.0},{"not_picked":["Deadly Poison","Underhanded Strike"],"picked":"Dash","floor":14.0},{"not_picked":["Grand Finale","Doppelganger"],"picked":"A Thousand Cuts","floor":16.0},{"not_picked":["Eviscerate","Outmaneuver"],"picked":"PiercingWail+1","floor":18.0},{"not_picked":["Endless Agony","Slice"],"picked":"Terror","floor":19.0},{"not_picked":["PiercingWail","Noxious Fumes","Dagger Spray"],"picked":"SKIP","floor":21.0},{"not_picked":["PiercingWail","Noxious Fumes","Dagger Spray"],"picked":"SKIP","floor":21.0},{"not_picked":["Dagger Spray","Flying Knee","Quick Slash"],"picked":"SKIP","floor":22.0},{"not_picked":["Prepared","Outmaneuver"],"picked":"After Image","floor":24.0},{"not_picked":["Acrobatics+1","Reflex"],"picked":"Infinite Blades","floor":24.0},{"not_picked":["Skewer","Noxious Fumes"],"picked":"Escape Plan","floor":24.0},{"not_picked":["Riddle With Holes","Setup"],"picked":"Dodge and Roll+1","floor":24.0},{"not_picked":["Skewer","Dodge and Roll"],"picked":"Cloak And Dagger","floor":27.0},{"not_picked":["Masterful Stab","Setup+1"],"picked":"Deadly Poison","floor":28.0},{"not_picked":["Deflect","Dagger Spray"],"picked":"Footwork","floor":30.0},{"not_picked":["Poisoned Stab+1","Underhanded Strike"],"picked":"Finisher","floor":31.0},{"not_picked":["Venomology","Phantasmal Killer"],"picked":"Burst","floor":33.0},{"not_picked":["Dodge and Roll","Sucker Punch","Blade Dance"],"picked":"SKIP","floor":35.0},{"not_picked":["Endless Agony","Prepared"],"picked":"Noxious Fumes","floor":37.0},{"not_picked":["Dodge and Roll","Cloak And Dagger"],"picked":"After Image","floor":40.0},{"not_picked":["Prepared+1","Dodge and Roll"],"picked":"PiercingWail","floor":42}],"player_experience":1099508,"relics_obtained":[{"floor":8.0,"key":"Nunchaku"},{"floor":9.0,"key":"Oddly Smooth Stone"},{"floor":10.0,"key":"Odd Mushroom"},{"floor":11.0,"key":"Regal Pillow"},{"floor":26.0,"key":"TungstenRod"},{"floor":27.0,"key":"Gambling Chip"},{"floor":31.0,"key":"Omamori"},{"floor":40.0,"key":"Molten Egg 2"},{"floor":43,"key":"MealTicket"}],"event_choices":[{"damage_healed":0.0,"max_hp_gain":0.0,"max_hp_loss":0.0,"gold_gain":0.0,"event_name":"Shining Light","player_choice":"Entered Light","floor":4.0,"gold_loss":0.0,"damage_taken":20.0,"cards_upgraded":["Skewer","Blade Dance"]},{"damage_healed":0.0,"max_hp_gain":0.0,"max_hp_loss":0.0,"gold_gain":0.0,"event_name":"Mushrooms","player_choice":"Fought Mushrooms","floor":10.0,"gold_loss":0.0,"damage_taken":0.0},{"damage_healed":0.0,"max_hp_gain":0.0,"max_hp_loss":0.0,"gold_gain":0.0,"cards_transformed":["Strike_G","Strike_G"],"event_name":"Designer","player_choice":"Transformed Cards","floor":20.0,"gold_loss":75.0,"damage_taken":0.0,"cards_obtained":["Blade Dance","Deadly Poison"]},{"damage_healed":0.0,"max_hp_gain":0.0,"max_hp_loss":0.0,"gold_gain":0.0,"event_name":"Vampires","player_choice":"Ignored","floor":25.0,"gold_loss":0.0,"damage_taken":0.0},{"damage_healed":0.0,"max_hp_gain":0.0,"max_hp_loss":0.0,"gold_gain":0.0,"event_name":"Tomb of Lord Red Mask","player_choice":"Ignored","floor":36.0,"gold_loss":0.0,"damage_taken":0.0},{"cards_removed":["Defend_G"],"damage_healed":0.0,"max_hp_gain":0.0,"max_hp_loss":0.0,"gold_gain":0.0,"event_name":"Falling","player_choice":"Removed Skill","floor":39.0,"gold_loss":0.0,"damage_taken":0.0}],"is_beta":false,"boss_relics":[{"not_picked":["aspiration:FutureDiary","Coffee Dripper"],"picked":"construct:WeddingRing"},{"not_picked":["HoveringKite","Fusion Hammer"],"picked":"Philosopher\u0027s Stone"}],"items_purged_floors":[38],"is_endless":false,"potions_floor_spawned":[5,7,10,11,14,16,18,22,27,30,35,37],"killed_by":"Reptomancer","ascension_level":20}}