{"host":"fm9e0lfunjlbhzxv","time":1611284562,"event":{"mods":["2.2 Compatiblity","AchievementEnabler","Alarm Clock","BaseMod","Bestiary","Colored Map","Colored Powertips","Googly Eyes","Key Reminder","Minty Spire (QoL Compilation)","Permanent Neow","Random Character Button","Rare Cards Sparkle","Relic Stats","StSLib","The IronCluck","slay the spire mod where everything is the same but ironclad has a cowboy hat"],"gold_per_floor":[114,133,151,151,170,170,27,60,60,71,95,129,79,29,29,128,128,139,139,158,172,172,207,207,238,238,238,256,256,290,290,290,391,391,410,410,41,41,52,84,84,94,94,112,137,155,188,45,45,45,45,45,21,51,51],"floor_reached":56,"language":"ENG","playtime":4685,"items_purged":["Strike_G","Strike_G+1"],"score":1453,"play_id":"7fcb554d-dc74-474f-9a23-e41227169606","local_time":"20210121190242","is_ascension_mode":true,"campfire_choices":[{"data":"Dodge and Roll","floor":6,"key":"SMITH"},{"data":"Venomology","floor":15,"key":"SMITH"},{"floor":24,"key":"REST"},{"data":"Tools of the Trade","floor":27,"key":"SMITH"},{"data":"Footwork","floor":29,"key":"SMITH"},{"floor":32,"key":"REST"},{"floor":41,"key":"RECALL"},{"floor":49,"key":"REST"},{"floor":52,"key":"REST"}],"circlet_count":0,"master_deck":["Strike_G+1","Defend_G+1","Defend_G+1","Defend_G+1","Defend_G+1","Defend_G+1","Survivor","Neutralize","PiercingWail","Dodge and Roll+1","Poisoned Stab","Poisoned Stab","Dash","Leg Sweep","Venomology+1","Tools of the Trade+1","Footwork+1","Noxious Fumes","Caltrops","Backflip+1","Wraith Form v2","PiercingWail+1","Underhanded Strike+1","Adrenaline","Footwork","Discovery+1","Master of Strategy+1","Tactician+1","Backflip+1","Reflex+1","PiercingWail","Leg Sweep+1"],"relics":["SacredBark","Frozen Eye","Smiling Mask","Ancient Tea Set","Odd Mushroom","Singing Bowl","HoveringKite","Unceasing Top","Letter Opener","Bottled Tornado","Bronze Scales","Bag of Preparation","Fusion Hammer","White Beast Statue","PreservedInsect","War Paint","Mercury Hourglass","OrangePellets","Pear"],"acts_visited":["Exordium","TheCity","TheBeyond","TheEnding"],"potions_floor_usage":[8,12,16,18,20,20,23,25,28,30,33,35,39,39,40,40,40,42,42,42,42,44,44,45,45,45,45,46,46,46,47,47,47,50,54,55,55,55,55],"damage_taken":[{"damage":2,"enemies":"2 Louse","floor":1,"turns":3},{"damage":1,"enemies":"Small Slimes","floor":2,"turns":5},{"damage":0,"enemies":"Jaw Worm","floor":3,"turns":7},{"damage":0,"enemies":"2 Fungi Beasts","floor":5,"turns":4},{"damage":26,"enemies":"Lagavulin","floor":8,"turns":9},{"damage":1,"enemies":"Looter","floor":10,"turns":4},{"damage":11,"enemies":"The Mushroom Lair","floor":11,"turns":6},{"damage":38,"enemies":"3 Sentries","floor":12,"turns":15},{"damage":12,"enemies":"The Guardian","floor":16,"turns":17},{"damage":0,"enemies":"Shell Parasite","floor":18,"turns":6},{"damage":19,"enemies":"3 Byrds","floor":20,"turns":8},{"damage":1,"enemies":"Snecko","floor":21,"turns":8},{"damage":52,"enemies":"Book of Stabbing","floor":23,"turns":9},{"damage":39,"enemies":"Slavers","floor":25,"turns":7},{"damage":9,"enemies":"Snake Plant","floor":28,"turns":4},{"damage":3,"enemies":"Gremlin Leader","floor":30,"turns":7},{"damage":7,"enemies":"Collector","floor":33,"turns":10},{"damage":5,"enemies":"3 Darklings","floor":35,"turns":6},{"damage":0,"enemies":"Orb Walker","floor":39,"turns":4},{"damage":2,"enemies":"Reptomancer","floor":40,"turns":7},{"damage":8,"enemies":"Spire Growth","floor":42,"turns":5},{"damage":7,"enemies":"3 Darklings","floor":44,"turns":4},{"damage":0,"enemies":"Nemesis","floor":45,"turns":3},{"damage":6,"enemies":"Jaw Worm Horde","floor":46,"turns":2},{"damage":4,"enemies":"Giant Head","floor":47,"turns":6},{"damage":9,"enemies":"Time Eater","floor":50,"turns":15},{"damage":19,"enemies":"Shield and Spear","floor":54,"turns":6},{"damage":2,"enemies":"The Heart","floor":55,"turns":11}],"seed_played":"-7878608288467369877","potions_obtained":[{"floor":1,"key":"Swift Potion"},{"floor":3,"key":"Dexterity Potion"},{"floor":10,"key":"GamblersBrew"},{"floor":11,"key":"Regen Potion"},{"floor":12,"key":"Regen Potion"},{"floor":18,"key":"Fruit Juice"},{"floor":39,"key":"ColorlessPotion"},{"floor":40,"key":"Explosive Potion"},{"floor":42,"key":"SkillPotion"},{"floor":44,"key":"Explosive Potion"},{"floor":45,"key":"BlessingOfTheForge"},{"floor":46,"key":"ColorlessPotion"},{"floor":47,"key":"Block Potion"},{"floor":54,"key":"BlessingOfTheForge"}],"is_trial":false,"path_per_floor":["M","M","M","?","M","R","$","E","T","M","?","E","$","?","R","B",null,"M","?","M","M","?","E","R","E","T","R","M","R","E","T","R","B",null,"M","?","$","?","M","E","R","M","T","M","E","M","E","$","R","B",null,"R","$","E","B",null],"character_chosen":"THE_SILENT","items_purchased":["Frozen Eye","White Beast Statue","Footwork","OrangePellets","PiercingWail"],"campfire_rested":4,"item_purchase_floors":[7,37,37,48,53],"current_hp_per_floor":[68,67,67,60,60,60,60,34,34,33,22,41,41,41,41,29,72,72,72,63,62,62,10,34,44,44,44,35,35,32,32,56,49,82,79,79,79,71,71,82,82,76,76,69,71,67,65,65,90,81,90,90,90,81,79],"gold":51,"neow_bonus":"BOSS_RELIC","is_daily":false,"chose_seed":false,"campfire_upgraded":4,"win_rate":0.0,"timestamp":1611284562,"path_taken":["M","M","M","?","M","R","$","E","T","M","?","E","?","?","R","BOSS","M","?","M","M","?","E","R","E","T","R","M","R","E","?","R","BOSS","M","?","$","?","M","E","R","M","T","M","E","M","E","$","R","BOSS","R","$","E","BOSS"],"items_purchased_type":["Relic","Relic","Card","Relic","Card"],"build_version":"2020-12-22","purchased_purges":2,"victory":true,"max_hp_per_floor":[70,70,70,70,70,70,70,70,70,70,70,72,72,72,72,72,72,72,72,82,82,82,82,82,82,82,82,82,82,82,82,82,82,82,84,80,80,82,82,82,82,84,84,84,86,88,90,90,90,90,90,90,90,100,100],"relic_stats":{"Singing Bowl":14,"counters":[28,198],"HoveringKite":[104],"PreservedInsect":240,"Bag of Preparation":[24],"Letter Opener":[306],"War Paint":["Master of Strategy","Discovery"],"Smiling Mask":75,"Mercury Hourglass":[83],"OrangePellets":[11],"Bronze Scales":[351],"obtain_stats":[{"Pear":54,"Singing Bowl":12,"SacredBark":0,"HoveringKite":17,"PreservedInsect":40,"Bag of Preparation":31,"Letter Opener":25,"Odd Mushroom":11,"Bottled Tornado":26,"War Paint":45,"Smiling Mask":8,"Ancient Tea Set":9,"White Beast Statue":37,"Mercury Hourglass":47,"keyreminder:keyreminder":23,"Frozen Eye":7,"OrangePellets":48,"Bronze Scales":30,"Fusion Hammer":34,"Unceasing Top":23,"Ring of the Snake":0},{"Pear":27,"Singing Bowl":8,"SacredBark":0,"HoveringKite":9,"PreservedInsect":20,"Bag of Preparation":16,"Letter Opener":14,"Odd Mushroom":7,"Bottled Tornado":14,"War Paint":23,"Smiling Mask":5,"Ancient Tea Set":5,"White Beast Statue":18,"Mercury Hourglass":25,"keyreminder:keyreminder":13,"Frozen Eye":4,"OrangePellets":25,"Bronze Scales":16,"Fusion Hammer":17,"Unceasing Top":13,"Ring of the Snake":0},{"Pear":187,"Singing Bowl":53,"SacredBark":0,"HoveringKite":70,"PreservedInsect":146,"Bag of Preparation":119,"Letter Opener":108,"Odd Mushroom":38,"Bottled Tornado":108,"War Paint":158,"Smiling Mask":28,"Ancient Tea Set":28,"White Beast Statue":135,"Mercury Hourglass":166,"keyreminder:keyreminder":101,"Frozen Eye":19,"OrangePellets":166,"Bronze Scales":119,"Fusion Hammer":129,"Unceasing Top":101,"Ring of the Snake":0}],"Unceasing Top":[19]},"card_choices":[{"not_picked":["All Out Attack","Cloak And Dagger"],"picked":"PiercingWail","floor":1},{"not_picked":["Eviscerate","Dagger Spray"],"picked":"Dodge and Roll","floor":2},{"not_picked":["Terror","Quick Slash"],"picked":"Poisoned Stab","floor":3},{"not_picked":["Distraction","Calculated Gamble"],"picked":"Poisoned Stab","floor":5},{"not_picked":["Quick Slash","Eviscerate"],"picked":"Dash","floor":8},{"not_picked":["Deflect","Cloak And Dagger"],"picked":"Leg Sweep","floor":10},{"not_picked":["Backflip","Acrobatics"],"picked":"Venomology","floor":11},{"not_picked":["Prepared","Dagger Throw","Quick Slash"],"picked":"Singing Bowl","floor":12},{"not_picked":["Unload","Night Terror"],"picked":"Tools of the Trade","floor":16},{"not_picked":["Bane+1","PiercingWail"],"picked":"Footwork","floor":18},{"not_picked":["Acrobatics+1","PiercingWail+1"],"picked":"Noxious Fumes","floor":20},{"not_picked":["Dagger Throw","Dagger Spray"],"picked":"Caltrops","floor":21},{"not_picked":["Caltrops","Dagger Spray"],"picked":"Backflip+1","floor":23},{"not_picked":["Dash","All Out Attack"],"picked":"Wraith Form v2","floor":25},{"not_picked":["Outmaneuver","Backstab"],"picked":"PiercingWail+1","floor":28},{"not_picked":["Deflect","Dash"],"picked":"Underhanded Strike+1","floor":30},{"not_picked":["Wraith Form v2","Unload"],"picked":"Adrenaline","floor":33},{"not_picked":["Endless Agony+1","Slice+1","Prepared+1"],"picked":"Singing Bowl","floor":35},{"not_picked":["Forethought","PanicButton"],"picked":"Discovery","floor":38},{"not_picked":["Transmutation","Flash of Steel"],"picked":"Master of Strategy","floor":38},{"not_picked":["Dramatic Entrance","Trip","PanicButton"],"picked":"Singing Bowl","floor":38},{"not_picked":["Poisoned Stab+1","Cloak And Dagger+1"],"picked":"Tactician+1","floor":39},{"not_picked":["Blade Dance+1","Phantasmal Killer"],"picked":"Backflip+1","floor":40},{"not_picked":["Backflip","All Out Attack+1","Sucker Punch+1"],"picked":"Singing Bowl","floor":42},{"not_picked":["Underhanded Strike","Crippling Poison+1"],"picked":"Reflex+1","floor":44},{"not_picked":["Cloak And Dagger+1","Slice","Storm of Steel"],"picked":"Singing Bowl","floor":45},{"not_picked":["Prepared","Acrobatics","Deflect"],"picked":"Singing Bowl","floor":46},{"not_picked":["Backstab","Outmaneuver+1","Blade Dance"],"picked":"Singing Bowl","floor":47},{"not_picked":["Distraction+1","Dagger Throw+1"],"picked":"Leg Sweep+1","floor":54}],"player_experience":433421,"relics_obtained":[{"floor":8,"key":"Smiling Mask"},{"floor":9,"key":"Ancient Tea Set"},{"floor":11,"key":"Odd Mushroom"},{"floor":12,"key":"Singing Bowl"},{"floor":23,"key":"Unceasing Top"},{"floor":25,"key":"Letter Opener"},{"floor":26,"key":"Bottled Tornado"},{"floor":30,"key":"Bronze Scales"},{"floor":31,"key":"Bag of Preparation"},{"floor":40,"key":"PreservedInsect"},{"floor":45,"key":"War Paint"},{"floor":47,"key":"Mercury Hourglass"},{"floor":54,"key":"Pear"}],"event_choices":[{"cards_removed":["Strike_G"],"damage_healed":0,"gold_gain":0,"player_choice":"Card Removal","damage_taken":7,"max_hp_gain":0,"max_hp_loss":0,"event_name":"Golden Wing","floor":4,"gold_loss":0},{"damage_healed":0,"gold_gain":0,"player_choice":"Fought Mushrooms","damage_taken":0,"max_hp_gain":0,"max_hp_loss":0,"event_name":"Mushrooms","floor":11,"gold_loss":0},{"cards_removed":["Strike_G"],"damage_healed":0,"gold_gain":0,"player_choice":"Card Removal","damage_taken":0,"max_hp_gain":0,"max_hp_loss":0,"event_name":"The Cleric","floor":14,"gold_loss":50},{"damage_healed":0,"gold_gain":0,"player_choice":"Ignored","damage_taken":0,"max_hp_gain":0,"max_hp_loss":0,"event_name":"Vampires","floor":19,"gold_loss":0},{"damage_healed":0,"gold_gain":0,"player_choice":"Simplicity","damage_taken":0,"max_hp_gain":0,"max_hp_loss":0,"event_name":"Back to Basics","floor":22,"gold_loss":0,"cards_upgraded":["Strike_G","Strike_G","Defend_G","Defend_G","Defend_G","Defend_G","Defend_G"]},{"damage_healed":0,"gold_gain":0,"player_choice":"Max HP","damage_taken":0,"max_hp_gain":0,"max_hp_loss":4,"event_name":"Winding Halls","floor":36,"gold_loss":0},{"damage_healed":0,"gold_gain":0,"player_choice":"Memory 3","damage_taken":10,"max_hp_gain":0,"max_hp_loss":0,"event_name":"SensoryStone","floor":38,"gold_loss":0}],"is_beta":false,"boss_relics":[{"not_picked":["Empty Cage","Coffee Dripper"],"picked":"HoveringKite"},{"not_picked":["Black Star","Runic Pyramid"],"picked":"Fusion Hammer"}],"items_purged_floors":[13,37],"is_endless":false,"potions_floor_spawned":[1,3,10,11,12,18,30,39,40,42,44,45,46,47,54],"ascension_level":3}}