{"host":"50per11302020","time":1611298339,"event":{"mods":["AchievementEnabler","BaseMod","Colored Map","Minty Spire (QoL Compilation)","Relic Stats","StSLib"],"gold_per_floor":[365,540,540,11,24,52,52,80,80,80,80,108,108,126,126,138,138],"floor_reached":16,"language":"ENG","playtime":970,"items_purged":["Doubt"],"score":174,"play_id":"d0a6989d-789a-4eeb-ab63-b3e39740f939","local_time":"20210121225219","is_ascension_mode":true,"campfire_choices":[{"data":"True Grit","floor":7.0,"key":"SMITH"},{"data":"Uppercut","floor":10.0,"key":"SMITH"},{"floor":15,"key":"DIG"}],"circlet_count":0,"master_deck":["AscendersBane","Strike_R","Strike_R","Strike_R","Strike_R","Strike_R","Defend_R","Defend_R","Defend_R","Defend_R","Bash","Battle Trance","Shrug It Off","True Grit+1","Uppercut+1","Power Through","Flame Barrier","Burning Pact","Metallicize","Flame Barrier"],"relics":["Burning Blood","Calipers","Shovel","InkBottle","Kunai","Darkstone Periapt","Mango","Mummified Hand","MawBank"],"acts_visited":["Exordium"],"potions_floor_usage":[],"damage_taken":[{"damage":6.0,"enemies":"Jaw Worm","floor":1.0,"turns":5.0},{"damage":4.0,"enemies":"Small Slimes","floor":5.0,"turns":5.0},{"damage":31.0,"enemies":"Lagavulin","floor":6.0,"turns":10.0},{"damage":18.0,"enemies":"3 Sentries","floor":8.0,"turns":13.0},{"damage":31,"enemies":"Lagavulin","floor":12,"turns":8},{"damage":0,"enemies":"2 Louse","floor":14,"turns":5},{"damage":33,"enemies":"Hexaghost","floor":16,"turns":16}],"seed_played":"2141383530678186612","potions_obtained":[{"floor":1.0,"key":"DistilledChaos"},{"floor":6.0,"key":"Swift Potion"}],"is_trial":false,"path_per_floor":["M","?","?","$","M","E","R","E","T","R","?","E","T","M","R","B"],"character_chosen":"IRONCLAD","items_purchased":["Calipers","Shrug It Off","True Grit","Uppercut"],"campfire_rested":0,"item_purchase_floors":[4,4,4,4],"current_hp_per_floor":[72,72,77,77,77,52,52,40,40,40,37,26,26,32,32,0,0],"gold":138,"neow_bonus":"TWO_FIFTY_GOLD","is_daily":false,"chose_seed":false,"campfire_upgraded":2,"win_rate":0.0,"timestamp":1611298339,"path_taken":["M","?","?","$","M","E","R","E","T","R","?","E","?","M","R","BOSS"],"items_purchased_type":["Relic","Card","Card","Card"],"build_version":"2020-12-18","purchased_purges":1,"victory":false,"max_hp_per_floor":[72,72,77,77,77,77,77,77,77,77,77,91,91,91,91,91,91],"relic_stats":{"Darkstone Periapt":0,"Shovel":1,"counters":[7,62],"Mummified Hand":[2],"Kunai":[3],"MawBank":12,"obtain_stats":[{"Darkstone Periapt":11,"Calipers":4,"Shovel":6,"Mummified Hand":13,"Mango":12,"Kunai":9,"MawBank":15,"Burning Blood":0,"InkBottle":8},{"Darkstone Periapt":4,"Calipers":1,"Shovel":3,"Mummified Hand":5,"Mango":5,"Kunai":4,"MawBank":6,"Burning Blood":0,"InkBottle":4},{"Darkstone Periapt":33,"Calipers":5,"Shovel":20,"Mummified Hand":41,"Mango":41,"Kunai":33,"MawBank":46,"Burning Blood":0,"InkBottle":33}],"Burning Blood":34,"InkBottle":[5]},"card_choices":[{"not_picked":["Clothesline","Pommel Strike"],"picked":"Battle Trance","floor":1.0},{"not_picked":["Havoc","Perfected Strike"],"picked":"Power Through","floor":5.0},{"not_picked":["Hemokinesis","Thunderclap"],"picked":"Flame Barrier","floor":6.0},{"not_picked":["Pommel Strike","Heavy Blade"],"picked":"Burning Pact","floor":8.0},{"not_picked":["Shrug It Off","Rage"],"picked":"Metallicize","floor":12},{"not_picked":["Burning Pact","Headbutt"],"picked":"Flame Barrier","floor":14}],"player_experience":313701,"relics_obtained":[{"floor":6.0,"key":"Shovel"},{"floor":8.0,"key":"InkBottle"},{"floor":9.0,"key":"Kunai"},{"floor":12,"key":"Mango"},{"floor":13,"key":"Mummified Hand"},{"floor":15,"key":"MawBank"}],"event_choices":[{"damage_healed":0.0,"max_hp_gain":0.0,"max_hp_loss":0.0,"gold_gain":175.0,"event_name":"Liars Game","player_choice":"AGREE","floor":2.0,"gold_loss":0.0,"damage_taken":0.0,"cards_obtained":["Doubt"]},{"damage_healed":0.0,"max_hp_gain":5.0,"max_hp_loss":0.0,"gold_gain":0.0,"event_name":"Big Fish","player_choice":"Donut","floor":3.0,"gold_loss":0.0,"damage_taken":0.0},{"damage_healed":0.0,"max_hp_gain":0.0,"max_hp_loss":0.0,"gold_gain":0.0,"event_name":"Scrap Ooze","player_choice":"Success","floor":11.0,"gold_loss":0.0,"damage_taken":3.0,"relics_obtained":["Darkstone Periapt"]}],"is_beta":true,"boss_relics":[],"items_purged_floors":[4],"is_endless":false,"potions_floor_spawned":[1,6],"killed_by":"Hexaghost","ascension_level":10}}