{"host":"5p9hybygolzp0efr","time":1611335982,"event":{"mods":["AchievementEnabler","BaseMod","Bestiary","Colored Map","Googly Eyes","Minty Spire (QoL Compilation)","Permanent Neow","Relic Stats"],"gold_per_floor":[20,20,20,30,43,76,87,87,87,97,112,112,112],"floor_reached":12,"language":"ENG","playtime":467,"items_purged":[],"score":86,"play_id":"ff7bcc9c-aa2f-4ea2-b004-294c1ed49c50","local_time":"20210123011942","is_ascension_mode":true,"campfire_choices":[{"data":"Defend_R","floor":8,"key":"PURGE"}],"circlet_count":0,"master_deck":["Strike_R","Strike_R","Strike_R","Strike_R","Defend_R","Defend_R","Defend_R","Bash+1","Shrug It Off","Pummel"],"relics":["Burning Blood","Peace Pipe","Girya","Prayer Wheel"],"acts_visited":["Exordium"],"potions_floor_usage":[12],"damage_taken":[{"damage":3,"enemies":"2 Louse","floor":1,"turns":3},{"damage":10,"enemies":"Jaw Worm","floor":4,"turns":4},{"damage":1,"enemies":"Cultist","floor":5,"turns":3},{"damage":41,"enemies":"Lagavulin","floor":6,"turns":8},{"damage":5,"enemies":"Large Slime","floor":7,"turns":7},{"damage":9,"enemies":"Blue Slaver","floor":10,"turns":4},{"damage":24,"enemies":"Exordium Thugs","floor":11,"turns":8},{"damage":28,"enemies":"Gremlin Nob","floor":12,"turns":3}],"seed_played":"-7710753690580595446","potions_obtained":[{"floor":4,"key":"ElixirPotion"},{"floor":6,"key":"BlessingOfTheForge"},{"floor":7,"key":"Strength Potion"}],"is_trial":false,"path_per_floor":["M","?","?","M","M","E","M","R","T","M","M","E"],"character_chosen":"IRONCLAD","items_purchased":[],"campfire_rested":0,"item_purchase_floors":[],"current_hp_per_floor":[80,80,80,76,80,45,46,46,46,43,25,0,0],"gold":112,"neow_bonus":"ONE_RARE_RELIC","is_daily":false,"chose_seed":false,"campfire_upgraded":0,"win_rate":0.0,"timestamp":1611335982,"path_taken":["M","?","?","M","M","E","M","R","T","M","?","E"],"items_purchased_type":[],"build_version":"2020-12-22","purchased_purges":0,"victory":false,"max_hp_per_floor":[80,80,80,80,80,80,80,80,80,80,80,80,80],"relic_stats":{"Peace Pipe":1,"counters":[8,40],"Prayer Wheel":2,"obtain_stats":[{"Peace Pipe":0,"Girya":6,"Prayer Wheel":9,"Burning Blood":0},{"Peace Pipe":0,"Girya":4,"Prayer Wheel":5,"Burning Blood":0},{"Peace Pipe":0,"Girya":18,"Prayer Wheel":25,"Burning Blood":0}],"Burning Blood":38},"card_choices":[{"not_picked":["Perfected Strike","Rage"],"picked":"Shrug It Off","floor":1},{"not_picked":["Armaments","Shrug It Off","Body Slam"],"picked":"SKIP","floor":4},{"not_picked":["Wild Strike","Havoc","Sword Boomerang"],"picked":"SKIP","floor":5},{"not_picked":["Wild Strike","Havoc","Sword Boomerang"],"picked":"SKIP","floor":5},{"not_picked":["Corruption","Uppercut","Armaments"],"picked":"SKIP","floor":6},{"not_picked":["Sword Boomerang","Iron Wave","Armaments"],"picked":"SKIP","floor":7},{"not_picked":["True Grit","Rupture","Cleave"],"picked":"SKIP","floor":10},{"not_picked":["Infernal Blade","Shrug It Off","Warcry"],"picked":"SKIP","floor":10},{"not_picked":["Dropkick","Twin Strike","Pummel"],"picked":"SKIP","floor":11},{"not_picked":["Dropkick","Power Through","Wild Strike"],"picked":"SKIP","floor":11}],"player_experience":498801,"relics_obtained":[{"floor":6,"key":"Girya"},{"floor":9,"key":"Prayer Wheel"}],"event_choices":[{"damage_healed":0,"gold_gain":0,"player_choice":"Grow","damage_taken":0,"max_hp_gain":0,"max_hp_loss":0,"event_name":"Living Wall","floor":2,"gold_loss":0,"cards_upgraded":["Bash"]},{"damage_healed":0,"gold_gain":0,"cards_transformed":["Strike_R"],"player_choice":"Transformed","damage_taken":0,"max_hp_gain":0,"max_hp_loss":0,"event_name":"Transmorgrifier","floor":3,"gold_loss":0,"cards_obtained":["Pummel"]}],"is_beta":false,"boss_relics":[],"items_purged_floors":[],"is_endless":false,"potions_floor_spawned":[4,6,7,11],"killed_by":"Gremlin Nob","ascension_level":1}}