{"host":"wghdsg8ym2wc7ov9","time":1611284580,"event":{"mods":["AchievementEnabler","Astrologer","BaseMod","Beaked The Cultist","Better Altar","Better Note","ChefMod","Colored Map","Evolution","Fox Events","Hermit","Highlight Path","Jorbs\u0027s Wanderer Trilogy","KinomotoSakuraMod(????)","Minty Spire (QoL Compilation)","Random Character Button","Relic Stats","SIMod","Shop Mod","StSLib","The Blackbeard","The Bladedancer","The Construct","The Cursed","The Death Knight","The Gatherer","The Hierophant","The Marked","The Mystic","The Necromancer","The Runesmith","The Senshi","The Servant 0.9.4"],"gold_per_floor":[114,129,144,159,174,174,204,219,219,219,249,249,282,297,297,397,397,412,427,442,442,442,442,442],"floor_reached":23,"language":"ENG","playtime":3192,"items_purged":[],"score":205,"play_id":"feda0c31-f39b-40b5-88a5-ed25b4e5b26e","local_time":"20210121190300","daily_mods":["Heirloom","Time Dilation","Night Terrors"],"is_ascension_mode":false,"campfire_choices":[{"data":"beaked:Ceremony","floor":6,"key":"SMITH"},{"data":"beaked:Ceremony","floor":10,"key":"SMITH"},{"data":"beaked:Ceremony","floor":12,"key":"SMITH"},{"data":"beaked:LiftOff","floor":15,"key":"SMITH"}],"circlet_count":0,"master_deck":["beaked:Strike_Y","beaked:Strike_Y","beaked:Strike_Y","beaked:Strike_Y","beaked:Strike_Y","beaked:Strike_Y","beaked:Defend_Y","beaked:Defend_Y","beaked:Defend_Y","beaked:Defend_Y","beaked:Ceremony+1","beaked:Ceremony+1","beaked:Ceremony+1","beaked:BraceForImpact","beaked:RuinSticks","beaked:StunningBlow","beaked:HuntressSpirit","beaked:DigDeep","beaked:LiftOff+1","beaked:Tweet","beaked:TuckingFeathers+1","beaked:Brace+1","beaked:Tweet+1","beaked:ScreechingChant+1","beaked:MaddeningMurmurs","beaked:Brace+1","beaked:SurvivalInstinct+1"],"relics":["beaked:MendingPlumage","EVO:Axolotl","Ginger","Pear","theSenshi:FeatherClipsRelic","Toxic Egg 2","Tiny Chest","Black Star","Enchiridion"],"acts_visited":["Exordium","TheCity"],"potions_floor_usage":[8,16,16,18],"damage_taken":[{"damage":7,"enemies":"Cultist","floor":1,"turns":5},{"damage":4,"enemies":"Small Slimes","floor":2,"turns":4},{"damage":14,"enemies":"Jaw Worm","floor":3,"turns":4},{"damage":10,"enemies":"3 Louse","floor":4,"turns":6},{"damage":16,"enemies":"Blue Slaver","floor":5,"turns":5},{"damage":54,"enemies":"3 Sentries","floor":7,"turns":10},{"damage":2,"enemies":"Exordium Thugs","floor":8,"turns":7},{"damage":20,"enemies":"Lagavulin","floor":11,"turns":10},{"damage":24,"enemies":"3 Sentries","floor":13,"turns":11},{"damage":16,"enemies":"3 Louse","floor":14,"turns":5},{"damage":55,"enemies":"The Guardian","floor":16,"turns":18},{"damage":45,"enemies":"2 Thieves","floor":18,"turns":5},{"damage":18,"enemies":"Chosen","floor":19,"turns":8},{"damage":15,"enemies":"Snecko","floor":20,"turns":7},{"damage":54,"enemies":"Slavers","floor":23,"turns":3}],"seed_played":"8945501730091475425","potions_obtained":[{"floor":1,"key":"EssenceOfSteel"},{"floor":5,"key":"DeathKnight:RimePotion"},{"floor":7,"key":"Block Potion"},{"floor":16,"key":"Explosive Potion"},{"floor":18,"key":"Strength Potion"}],"is_trial":false,"path_per_floor":["M","M","M","M","M","R","E","M","T","R","E","R","?","M","R","B",null,"M","M","M","?","?","E"],"character_chosen":"BEAKED_THE_CULTIST","items_purchased":[],"campfire_rested":0,"item_purchase_floors":[],"current_hp_per_floor":[50,50,44,50,46,46,44,60,60,60,60,60,60,60,60,52,60,36,46,60,60,44,0,0],"gold":442,"neow_bonus":"","is_daily":true,"chose_seed":false,"campfire_upgraded":4,"win_rate":0.0,"timestamp":1611284580,"path_taken":["M","?","M","?","M","R","E","M","T","R","E","R","?","M","R","BOSS","M","M","M","?","?","E"],"items_purchased_type":[],"build_version":"2020-12-22","purchased_purges":0,"victory":false,"max_hp_per_floor":[50,50,50,50,50,50,60,60,60,60,60,60,60,60,60,60,60,60,60,60,60,60,60,60],"relic_stats":{"counters":[15,108],"Tiny Chest":0,"Black Star":0,"Ginger":[22],"obtain_stats":[{"Pear":7,"Enchiridion":22,"Tiny Chest":13,"theSenshi:FeatherClipsRelic":9,"Black Star":17,"EVO:Axolotl":0,"Ginger":0,"beaked:MendingPlumage":0,"Toxic Egg 2":11},{"Pear":6,"Enchiridion":14,"Tiny Chest":8,"theSenshi:FeatherClipsRelic":7,"Black Star":11,"EVO:Axolotl":0,"Ginger":0,"beaked:MendingPlumage":0,"Toxic Egg 2":8},{"Pear":34,"Enchiridion":105,"Tiny Chest":51,"theSenshi:FeatherClipsRelic":41,"Black Star":85,"EVO:Axolotl":0,"Ginger":0,"beaked:MendingPlumage":0,"Toxic Egg 2":51}]},"card_choices":[{"not_picked":["beaked:StunningBlow","beaked:Daydream"],"picked":"beaked:BraceForImpact","floor":1},{"not_picked":["beaked:BloodRitual","beaked:CursingBlood"],"picked":"beaked:RuinSticks","floor":2},{"not_picked":["beaked:SacrificialAttack","beaked:Mantra"],"picked":"beaked:StunningBlow","floor":3},{"not_picked":["beaked:Daydream","beaked:VolatileMisfortune"],"picked":"beaked:HuntressSpirit","floor":4},{"not_picked":["beaked:FeelMyPain","beaked:BloodRitual"],"picked":"beaked:DigDeep","floor":5},{"not_picked":["beaked:Poke","beaked:TuckingFeathers"],"picked":"beaked:LiftOff","floor":7},{"not_picked":["beaked:Poke","beaked:Insight"],"picked":"beaked:Tweet","floor":8},{"not_picked":["beaked:SurvivalInstinct+1","beaked:Insight"],"picked":"beaked:TuckingFeathers+1","floor":11},{"not_picked":["beaked:Tradeoff+1","beaked:Insight"],"picked":"beaked:Brace+1","floor":13},{"not_picked":["beaked:Tradeoff+1","beaked:VolatileMisfortune"],"picked":"beaked:Tweet+1","floor":14},{"not_picked":["beaked:CheekyTricks","beaked:DarkTribute+1"],"picked":"beaked:ScreechingChant+1","floor":16},{"not_picked":["beaked:Redirect+1","beaked:Cower+1"],"picked":"beaked:MaddeningMurmurs","floor":18},{"not_picked":["beaked:Redirect+1","beaked:BounceBack+1"],"picked":"beaked:Brace+1","floor":19},{"not_picked":["beaked:DigDeep+1","beaked:HuntressEssence+1"],"picked":"beaked:SurvivalInstinct+1","floor":20}],"player_experience":706433,"relics_obtained":[{"floor":7,"key":"Pear"},{"floor":9,"key":"theSenshi:FeatherClipsRelic"},{"floor":11,"key":"Toxic Egg 2"},{"floor":22,"key":"Enchiridion"}],"event_choices":[{"damage_healed":0,"gold_gain":0,"player_choice":"Searched \u00272\u0027 times","damage_taken":0,"relics_obtained":["Tiny Chest"],"max_hp_gain":0,"max_hp_loss":0,"event_name":"Dead Adventurer","floor":13,"gold_loss":0},{"damage_healed":0,"gold_gain":0,"player_choice":"Ignored","damage_taken":0,"max_hp_gain":0,"max_hp_loss":0,"event_name":"Beggar","floor":21,"gold_loss":0},{"damage_healed":0,"gold_gain":0,"player_choice":"Obtained Book","damage_taken":16,"max_hp_gain":0,"max_hp_loss":0,"event_name":"Cursed Tome","floor":22,"gold_loss":0}],"is_beta":false,"boss_relics":[{"not_picked":["Runic Dome","Tiny House"],"picked":"Black Star"}],"items_purged_floors":[],"is_endless":false,"potions_floor_spawned":[1,5,7,16,18],"killed_by":"Slavers","ascension_level":0}}