{"host":"egwexuw5uvnxf11j","time":1611299857,"event":{"mods":["2.2 Compatiblity","Aspiration","BaseMod","Better Altar","Better Note","Better Sensory Stone","Better Third Choice","Displayed Cursed Tome","Downfall","Hermit","Key Reminder","Koishi","Marisa????????","Minty Spire (QoL Compilation)","Quick Restart","Shade Mod","Spicy Shops","StSLib","The Construct","The Cursed","The Hierophant","The Runesmith","The Senshi","The Servant 0.9.4","Transform Curses"],"gold_per_floor":[214,229,37,112,131,131,148,167,167,195,209,209,209],"floor_reached":12,"language":"ENG","playtime":402,"items_purged":[],"score":86,"play_id":"efcff926-ad71-40ad-95e0-686f16ee3c99","local_time":"20210122021737","is_ascension_mode":true,"campfire_choices":[{"floor":6,"key":"REST"}],"circlet_count":0,"master_deck":["hermit:Strike_Hermit","hermit:Strike_Hermit","hermit:Strike_Hermit","hermit:Strike_Hermit","hermit:Defend_Hermit","hermit:Defend_Hermit","hermit:Defend_Hermit","hermit:Defend_Hermit","hermit:Snapshot","hermit:Covet","hermit:Grudge","hermit:Maintenance","hermit:ShadowCloak","hermit:Vantage","hermit:SprayPray","hermit:ItchyTrigger","hermit:Deadeye","hermit:Determination"],"relics":["hermit:Momento","Membership Card","Orichalcum","Bag of Preparation"],"acts_visited":["Exordium"],"potions_floor_usage":[7,10,11],"damage_taken":[{"damage":11,"enemies":"Jaw Worm","floor":1,"turns":4},{"damage":1,"enemies":"Cultist","floor":2,"turns":3},{"damage":0,"enemies":"2 Louse","floor":5,"turns":2},{"damage":9,"enemies":"Exordium Wildlife","floor":7,"turns":5},{"damage":10,"enemies":"Looter","floor":8,"turns":4},{"damage":11,"enemies":"Gremlin Nob","floor":10,"turns":5},{"damage":4,"enemies":"2 Fungi Beasts","floor":11,"turns":2},{"damage":41,"enemies":"Lagavulin","floor":12,"turns":6}],"seed_played":"8471445198850048598","potions_obtained":[{"floor":1,"key":"DistilledChaos"},{"floor":2,"key":"Block Potion"},{"floor":8,"key":"PowerPotion"},{"floor":11,"key":"SmokeBomb"}],"is_trial":false,"path_per_floor":["M","M","$","?","M","R","M","M","T","E","M","E"],"character_chosen":"HERMIT","items_purchased":["Membership Card","hermit:ShadowCloak"],"campfire_rested":1,"item_purchase_floors":[3,3],"current_hp_per_floor":[64,63,63,52,52,74,65,55,55,44,40,0,0],"gold":209,"neow_bonus":"HUNDRED_GOLD","is_daily":false,"chose_seed":false,"campfire_upgraded":0,"win_rate":0.0,"timestamp":1611299857,"path_taken":["M","M","$","?","M","R","M","M","T","E","M","E"],"items_purchased_type":["Relic","Card"],"build_version":"2020-12-22","purchased_purges":0,"victory":false,"max_hp_per_floor":[75,75,75,75,75,75,75,75,75,75,75,75,75],"card_choices":[{"not_picked":["hermit:TakeAim","hermit:FullyLoaded"],"picked":"hermit:Grudge","floor":1},{"not_picked":["hermit:Horror","hermit:Feint"],"picked":"hermit:Maintenance","floor":2},{"not_picked":["hermit:ItchyTrigger","hermit:FullyLoaded"],"picked":"hermit:Vantage","floor":5},{"not_picked":["hermit:ItchyTrigger","hermit:Vantage"],"picked":"hermit:SprayPray","floor":7},{"not_picked":["hermit:Quickdraw","hermit:BodyArmor"],"picked":"hermit:ItchyTrigger","floor":8},{"not_picked":["hermit:Horror","hermit:HeroicBravado"],"picked":"hermit:Deadeye","floor":10},{"not_picked":["hermit:Enervate","hermit:Feint"],"picked":"hermit:Determination","floor":11}],"player_experience":2304833,"relics_obtained":[{"floor":9,"key":"Orichalcum"},{"floor":10,"key":"Bag of Preparation"}],"event_choices":[{"damage_healed":0,"gold_gain":75,"player_choice":"Gold","damage_taken":11,"max_hp_gain":0,"max_hp_loss":0,"event_name":"betterThird:BetterGoop","floor":4,"gold_loss":0}],"is_beta":false,"boss_relics":[],"items_purged_floors":[],"is_endless":false,"potions_floor_spawned":[1,2,8,11],"killed_by":"Lagavulin","ascension_level":1}}