{"host":"npubv26u89aif4fa","time":1611305557,"event":{"mods":["Astrologer","BaseMod","Better Vampires","Better-Laid Plans","Colored Powertips","GifTheSpireLib","GungeonMod","HornydragonMod","Hubris","Jedi Mod","Minty Spire (QoL Compilation)","Quick Restart","Remilia（蕾米莉亚）","Replay The Spire","StSLib","Td1madao Mod","The Administrix","The Alterego","The Bug Knight","The Cursed","The Runesmith","Yuri Mod","残留之物"],"gold_per_floor":[117,67,142,142,48,76,76,105,105,105,118,134,67,67,67,67,67],"floor_reached":16,"language":"ZHS","playtime":396,"items_purged":[],"score":111,"play_id":"c293568a-e1dd-4fac-810e-8ba2893197ed","local_time":"20210122165237","is_ascension_mode":true,"campfire_choices":[{"data":"hubris:DuctTapeCard","floor":7.0,"key":"SMITH"},{"data":"Capacitor","floor":10.0,"key":"SMITH"},{"floor":15.0,"key":"RECALL"}],"circlet_count":0,"master_deck":["Strike_B","Strike_B","Strike_B","Defend_B","Defend_B","Defend_B","Dualcast","Echo Form","jedi:sharpshooter","Capacitor+1","Buffer","Heatsinks","jedi:markofdeath","Gash","Time Bomb","Reprogram","Ball Lightning","hubris:DuctTapeCard"],"relics":["Cracked Core","hubris:DuctTape","hubris:DeckOfHolding","MealTicket"],"acts_visited":["Exordium"],"potions_floor_usage":[],"damage_taken":[{"damage":2.0,"enemies":"Small Slimes","floor":1.0,"turns":3.0},{"damage":28.0,"enemies":"Gremlin Nob","floor":6.0,"turns":4.0},{"damage":15.0,"enemies":"HollowMod:MossKnight","floor":8.0,"turns":6.0},{"damage":1.0,"enemies":"Cultist","floor":11.0,"turns":3.0},{"damage":10.0,"enemies":"Jaw Worm","floor":12.0,"turns":3.0},{"damage":30,"enemies":"Slime Boss","floor":16,"turns":3}],"seed_played":"3593527584252025944","potions_obtained":[{"floor":12.0,"key":"Milkshake"}],"is_trial":false,"path_per_floor":["M","?","?","?","?","E","R","E","T","R","M","M","$","?","R","B"],"character_chosen":"DEFECT","items_purchased":["Heatsinks"],"campfire_rested":0,"item_purchase_floors":[13],"current_hp_per_floor":[73,73,62,62,62,34,34,19,19,19,18,8,23,23,23,0,0],"gold":67,"neow_bonus":"ONE_RANDOM_RARE_CARD","is_daily":false,"chose_seed":false,"campfire_upgraded":2,"win_rate":0.0,"timestamp":1611305557,"path_taken":["M","?","?","?","?","E","R","E","T","R","?","M","?","?","R","BOSS"],"items_purchased_type":["Card"],"build_version":"2020-12-22","purchased_purges":0,"victory":false,"max_hp_per_floor":[75,75,75,75,75,75,75,75,75,75,75,75,75,75,75,75,75],"card_choices":[{"not_picked":["Redo","Leap","Sweeping Beam"],"picked":"SKIP","floor":1.0},{"not_picked":["Go for the Eyes","jedi:BurstLightning"],"picked":"jedi:sharpshooter","floor":6.0},{"not_picked":["Aggregate","Barrage"],"picked":"Capacitor","floor":8.0},{"not_picked":["Doom and Gloom","Cold Snap","Gash"],"picked":"SKIP","floor":11.0},{"not_picked":["Recycle","Time Bomb"],"picked":"Buffer","floor":12.0}],"player_experience":345915,"relics_obtained":[{"floor":6.0,"key":"hubris:DeckOfHolding"},{"floor":8.0,"key":"MealTicket"}],"event_choices":[{"cards_removed":["Strike_B"],"damage_healed":0.0,"max_hp_gain":0.0,"max_hp_loss":0.0,"gold_gain":0.0,"event_name":"The Cleric","player_choice":"Card Removal","floor":2.0,"gold_loss":50.0,"damage_taken":0.0},{"damage_healed":0.0,"max_hp_gain":0.0,"max_hp_loss":0.0,"gold_gain":75.0,"event_name":"World of Goop","player_choice":"Gather Gold","floor":3.0,"gold_loss":0.0,"damage_taken":11.0},{"damage_healed":0.0,"max_hp_gain":0.0,"max_hp_loss":0.0,"gold_gain":0.0,"event_name":"WeMeetAgain","player_choice":"Paid Gold","floor":5.0,"gold_loss":94.0,"damage_taken":0.0,"relics_obtained":["hubris:DuctTape"]}],"is_beta":false,"boss_relics":[],"items_purged_floors":[],"is_endless":false,"potions_floor_spawned":[12],"killed_by":"Slime Boss","ascension_level":1}}