{"host":"oehe2dxjvdgux73m","time":1611307444,"event":{"mods":["AchievementEnabler","BaseMod","Colored Map","Colored Powertips","DeckTracker","Keyboard Shortcuts","Minty Spire (QoL Compilation)","Permanent Neow","Quick Restart","StSLib","SuperFastMode"],"gold_per_floor":[118,134,134,145,163,163,1,1,48,82,82,82,102,120,120,209,209,230,230,253,272,295,326,326,326,326],"floor_reached":25,"language":"KOR","playtime":841,"items_purged":[],"score":450,"play_id":"d1377bb3-7004-4d52-a0fc-33f241d5d5d5","local_time":"20210122182404","is_ascension_mode":true,"campfire_choices":[{"data":"Crippling Poison","floor":6.0,"key":"SMITH"},{"data":"Blade Dance","floor":8.0,"key":"SMITH"},{"data":"Neutralize","floor":11.0,"key":"SMITH"},{"floor":15.0,"key":"REST"},{"floor":24,"key":"REST"}],"circlet_count":0,"master_deck":["AscendersBane","Strike_G","Strike_G","Strike_G","Strike_G","Defend_G","Defend_G","Defend_G","Defend_G","Defend_G","Survivor","Neutralize+1","Backflip","Blur","Blade Dance+1","Crippling Poison+1","Adrenaline","Corpse Explosion","CurseOfTheBell","Deadly Poison","Concentrate","Backstab"],"relics":["Ring of the Snake","Oddly Smooth Stone","TwistedFunnel","Tiny Chest","Nunchaku","Golden Idol","Calling Bell","Bronze Scales","The Courier","CaptainsWheel","Torii"],"acts_visited":["Exordium","TheCity"],"potions_floor_usage":[23],"damage_taken":[{"damage":2.0,"enemies":"2 Louse","floor":1.0,"turns":6.0},{"damage":3.0,"enemies":"Cultist","floor":2.0,"turns":5.0},{"damage":11.0,"enemies":"Jaw Worm","floor":4.0,"turns":8.0},{"damage":5.0,"enemies":"Large Slime","floor":5.0,"turns":7.0},{"damage":14.0,"enemies":"Lagavulin","floor":10.0,"turns":5.0},{"damage":4.0,"enemies":"Blue Slaver","floor":13.0,"turns":4.0},{"damage":7.0,"enemies":"Exordium Thugs","floor":14.0,"turns":4.0},{"damage":30.0,"enemies":"Hexaghost","floor":16.0,"turns":10.0},{"damage":8.0,"enemies":"Shell Parasite","floor":18.0,"turns":5.0},{"damage":0.0,"enemies":"3 Byrds","floor":20.0,"turns":2.0},{"damage":3.0,"enemies":"Centurion and Healer","floor":21.0,"turns":6.0},{"damage":10.0,"enemies":"Snake Plant","floor":22.0,"turns":4.0},{"damage":19,"enemies":"Book of Stabbing","floor":23,"turns":5},{"damage":8,"enemies":"Sentry and Sphere","floor":25,"turns":7}],"seed_played":"2773194067035329778","potions_obtained":[{"floor":2.0,"key":"PowerPotion"},{"floor":4.0,"key":"Swift Potion"},{"floor":5.0,"key":"Fire Potion"},{"floor":10.0,"key":"Poison Potion"},{"floor":14.0,"key":"CunningPotion"},{"floor":20.0,"key":"FearPotion"},{"floor":23,"key":"DuplicationPotion"}],"is_trial":false,"path_per_floor":["M","M","?","M","M","R","$","R","T","E","R","?","M","M","R","B",null,"M","?","M","M","M","E","R","M"],"character_chosen":"THE_SILENT","items_purchased":["TwistedFunnel"],"campfire_rested":2,"item_purchase_floors":[7],"current_hp_per_floor":[57,54,54,43,38,38,38,38,38,24,24,24,20,13,31,1,45,37,37,37,34,24,5,23,15,15],"gold":326,"neow_bonus":"TRANSFORM_CARD","is_daily":false,"chose_seed":false,"campfire_upgraded":3,"win_rate":0.0,"timestamp":1611307444,"path_taken":["M","M","?","M","M","R","?","R","T","E","R","?","M","M","R","BOSS","M","?","M","M","M","E","R","M"],"items_purchased_type":["Relic"],"build_version":"2020-12-22","purchased_purges":0,"victory":false,"max_hp_per_floor":[66,66,66,66,66,66,66,66,66,66,66,60,60,60,60,60,60,60,60,60,60,60,60,60,60,60],"card_choices":[{"not_picked":["Distraction","Flying Knee"],"picked":"Backflip","floor":1.0},{"not_picked":["Prepared","Flying Knee"],"picked":"Blur","floor":2.0},{"not_picked":["Deflect","Poisoned Stab"],"picked":"Blade Dance","floor":4.0},{"not_picked":["PiercingWail","Blade Dance"],"picked":"Crippling Poison","floor":5.0},{"not_picked":["Reflex","Cloak And Dagger","Deflect"],"picked":"SKIP","floor":10.0},{"not_picked":["Quick Slash","Bane","Caltrops"],"picked":"SKIP","floor":13.0},{"not_picked":["Prepared","Bane"],"picked":"Adrenaline","floor":14.0},{"not_picked":["Venomology","Malaise"],"picked":"Corpse Explosion","floor":16.0},{"not_picked":["Deflect","Outmaneuver"],"picked":"Deadly Poison","floor":18.0},{"not_picked":["Skewer","Dagger Spray","Acrobatics"],"picked":"SKIP","floor":20.0},{"not_picked":["Terror","Deadly Poison"],"picked":"Concentrate","floor":21.0},{"not_picked":["Dagger Throw","Envenom","Heel Hook"],"picked":"SKIP","floor":22.0},{"not_picked":["Sucker Punch","Venomology"],"picked":"Backstab","floor":23}],"player_experience":296279,"relics_obtained":[{"floor":9.0,"key":"Tiny Chest"},{"floor":10.0,"key":"Nunchaku"},{"floor":17.0,"key":"Bronze Scales"},{"floor":17.0,"key":"The Courier"},{"floor":17.0,"key":"CaptainsWheel"},{"floor":23,"key":"Torii"}],"event_choices":[{"cards_removed":["Envenom"],"damage_healed":0.0,"max_hp_gain":0.0,"max_hp_loss":0.0,"gold_gain":0.0,"event_name":"WeMeetAgain","player_choice":"Gave Card","floor":3.0,"gold_loss":0.0,"damage_taken":0.0,"relics_obtained":["Oddly Smooth Stone"]},{"damage_healed":0.0,"max_hp_gain":0.0,"max_hp_loss":6.0,"gold_gain":0.0,"event_name":"Golden Idol","player_choice":"Lose Max HP","floor":12.0,"gold_loss":0.0,"damage_taken":0.0,"relics_obtained":["Golden Idol"]},{"damage_healed":0.0,"max_hp_gain":0.0,"max_hp_loss":0.0,"gold_gain":0.0,"event_name":"Vampires","player_choice":"Ignored","floor":19.0,"gold_loss":0.0,"damage_taken":0.0}],"is_beta":false,"boss_relics":[{"not_picked":["Tiny House","Black Star"],"picked":"Calling Bell"}],"items_purged_floors":[],"is_endless":false,"potions_floor_spawned":[2,4,5,10,14,20,23],"killed_by":"Sentry and Sphere","ascension_level":20}}