{"host":"bqe9lax0hk9c02ri","time":1611330182,"event":{"mods":["BaseMod","Better Altar","Better Match","Better Note","Better Sensory Stone","Better Skull","Better Third Choice","Minty Spire (QoL Compilation)","Quick Restart","RNG Fix","Reworked Bosses","StSLib"],"gold_per_floor":[118,118,18,18,30,30,45,45,45,45,60,60,78,7,7,107,107,107,107],"floor_reached":18,"language":"ENG","playtime":795,"items_purged":["Defend_G"],"score":225,"play_id":"a7a44114-f6fd-48bd-8350-35fa08035653","local_time":"20210122074302","is_ascension_mode":true,"campfire_choices":[{"data":"Blade Dance","floor":6.0,"key":"SMITH"},{"data":"Cloak And Dagger","floor":8.0,"key":"SMITH"},{"data":"Neutralize","floor":10.0,"key":"SMITH"},{"floor":15.0,"key":"REST"}],"circlet_count":0,"master_deck":["AscendersBane","Strike_G","Strike_G","Strike_G","Defend_G","Defend_G","Defend_G","Survivor","Neutralize+1","Blade Dance+1","Cloak And Dagger+1","Slice","Noxious Fumes","Glass Knife"],"relics":["Empty Cage","Letter Opener","FaceOfCleric","Runic Pyramid"],"acts_visited":["Exordium","TheCity"],"potions_floor_usage":[18],"damage_taken":[{"damage":14.0,"enemies":"Small Slimes","floor":1.0,"turns":5.0},{"damage":0.0,"enemies":"Cultist","floor":5.0,"turns":3.0},{"damage":4.0,"enemies":"2 Louse","floor":7.0,"turns":2.0},{"damage":0.0,"enemies":"Looter","floor":11.0,"turns":3.0},{"damage":4.0,"enemies":"Red Slaver","floor":13.0,"turns":3.0},{"damage":44.0,"enemies":"The Guardian","floor":16.0,"turns":9.0},{"damage":11,"enemies":"Spheric Guardian","floor":18,"turns":3}],"seed_played":"-8145720254749002680","potions_obtained":[{"floor":4.0,"key":"FearPotion"},{"floor":4.0,"key":"DuplicationPotion"},{"floor":4.0,"key":"SteroidPotion"},{"floor":16.0,"key":"ColorlessPotion"}],"is_trial":false,"path_per_floor":["M","?","$","?","M","R","M","R","T","R","M","?","M","$","R","B",null,"M"],"character_chosen":"THE_SILENT","items_purchased":["Cloak And Dagger","Noxious Fumes"],"campfire_rested":1,"item_purchase_floors":[3,14],"current_hp_per_floor":[49,42,42,42,42,42,38,38,38,38,38,38,35,35,56,13,57,46,46],"gold":107,"neow_bonus":"BOSS_RELIC","is_daily":false,"chose_seed":false,"campfire_upgraded":3,"win_rate":0.0,"timestamp":1611330182,"path_taken":["M","?","$","?","M","R","M","R","T","R","?","?","M","$","R","BOSS","M"],"items_purchased_type":["Card","Card"],"build_version":"2020-12-22","purchased_purges":1,"victory":false,"max_hp_per_floor":[70,70,70,70,70,70,70,70,70,70,70,70,71,71,71,72,72,72,72],"card_choices":[{"not_picked":["Backflip","Acrobatics"],"picked":"Blade Dance","floor":1.0},{"not_picked":["Dodge and Roll","All Out Attack","PiercingWail"],"picked":"SKIP","floor":5.0},{"not_picked":["Outmaneuver","Skewer","Acrobatics"],"picked":"SKIP","floor":7.0},{"not_picked":["Flying Knee","Bane"],"picked":"Slice","floor":11.0},{"not_picked":["Eviscerate","Dodge and Roll","Dagger Throw"],"picked":"SKIP","floor":13.0},{"not_picked":["Unload","Die Die Die"],"picked":"Glass Knife","floor":16.0}],"player_experience":675039,"relics_obtained":[{"floor":9.0,"key":"Letter Opener"}],"event_choices":[{"cards_removed":["Strike_G"],"damage_healed":0.0,"max_hp_gain":0.0,"max_hp_loss":0.0,"gold_gain":0.0,"event_name":"Golden Wing","player_choice":"Card Removal","floor":2.0,"gold_loss":0.0,"damage_taken":7.0},{"damage_healed":0.0,"max_hp_gain":0.0,"max_hp_loss":0.0,"gold_gain":0.0,"event_name":"Lab","player_choice":"Got Potions","floor":4.0,"gold_loss":0.0,"damage_taken":0.0},{"damage_healed":0.0,"max_hp_gain":0.0,"max_hp_loss":0.0,"gold_gain":0.0,"event_name":"FaceTrader","player_choice":"Trade","floor":12.0,"gold_loss":0.0,"damage_taken":0.0,"relics_obtained":["FaceOfCleric"]}],"is_beta":false,"boss_relics":[{"not_picked":["SlaversCollar","SacredBark"],"picked":"Runic Pyramid"}],"items_purged_floors":[3],"is_endless":false,"potions_floor_spawned":[7,11,16],"killed_by":"Spheric Guardian","ascension_level":10}}