{"host":"c52z9ixzgdjttcmx","time":1611346665,"event":{"mods":["BaseMod","Colored Powertips","Minty Spire (QoL Compilation)","Rare Cards Sparkle","Relic Stats"],"gold_per_floor":[111,9,9,9,24,24,51,51,74,94,126,24,36,36,36,115,115,132,143,163,88,8,8,8],"floor_reached":23,"language":"ENG","playtime":907,"items_purged":["Pain"],"score":348,"play_id":"a8a831a3-a04a-45b2-b612-eaa8a6eb9092","local_time":"20210122141745","is_ascension_mode":true,"campfire_choices":[{"floor":6,"key":"REST"},{"floor":8,"key":"REST"},{"floor":15,"key":"REST"}],"circlet_count":0,"master_deck":["AscendersBane","Strike_G","Defend_G","Defend_G+1","Defend_G","Defend_G","Survivor","Neutralize","Corpse Explosion","Bouncing Flask+1","Sucker Punch","Sucker Punch","Deflect","Blade Dance","Dagger Throw","Distraction","Prepared","PiercingWail","Escape Plan","Doppelganger","Finisher+1","Skewer+1","Wraith Form v2+1","Expertise","Prepared+1","All Out Attack","Catalyst"],"relics":["Ring of the Snake","Blood Vial","War Paint","Bronze Scales","Astrolabe"],"acts_visited":["Exordium","TheCity"],"potions_floor_usage":[],"damage_taken":[{"damage":17,"enemies":"Small Slimes","floor":1,"turns":4},{"damage":8,"enemies":"2 Louse","floor":5,"turns":2},{"damage":26,"enemies":"Lagavulin","floor":7,"turns":7},{"damage":4,"enemies":"Jaw Worm","floor":10,"turns":5},{"damage":18,"enemies":"3 Sentries","floor":11,"turns":5},{"damage":16,"enemies":"Lots of Slimes","floor":13,"turns":2},{"damage":23,"enemies":"Hexaghost","floor":16,"turns":9},{"damage":13,"enemies":"Chosen","floor":18,"turns":6},{"damage":8,"enemies":"Shell Parasite","floor":19,"turns":5},{"damage":16,"enemies":"Shelled Parasite and Fungi","floor":20,"turns":6},{"damage":27,"enemies":"Book of Stabbing","floor":23,"turns":4}],"seed_played":"8218619065959041530","potions_obtained":[{"floor":5,"key":"BlessingOfTheForge"},{"floor":11,"key":"Weak Potion"},{"floor":19,"key":"Explosive Potion"}],"is_trial":false,"path_per_floor":["M","$","?","?","M","R","E","R","T","M","E","$","M","$","R","B",null,"M","M","M","?","$","E"],"character_chosen":"THE_SILENT","items_purchased":["Sucker Punch","Prepared","PiercingWail","Catalyst"],"campfire_rested":3,"item_purchase_floors":[2,12,12,22],"current_hp_per_floor":[42,42,42,42,34,53,27,46,46,44,28,28,14,14,33,12,53,42,36,22,22,22,0,0],"gold":8,"neow_bonus":"THREE_RARE_CARDS","is_daily":false,"chose_seed":false,"campfire_upgraded":0,"win_rate":0.0,"timestamp":1611346665,"path_taken":["M","$","?","?","M","R","E","R","T","M","E","$","M","$","R","BOSS","M","M","M","?","$","E"],"items_purchased_type":["Card","Card","Card","Card"],"build_version":"2020-12-22","purchased_purges":1,"victory":false,"max_hp_per_floor":[66,66,66,66,66,66,66,66,66,66,66,66,66,66,66,66,66,66,66,66,66,66,66,66],"relic_stats":{"Blood Vial":16,"counters":[11,55],"Bronze Scales":[144],"Astrolabe":["Finisher","Skewer","Wraith Form v2"],"War Paint":["Defend_G","Bouncing Flask"],"obtain_stats":[{"Blood Vial":7,"Bronze Scales":11,"Astrolabe":17,"War Paint":9,"Ring of the Snake":0},{"Blood Vial":3,"Bronze Scales":5,"Astrolabe":7,"War Paint":3,"Ring of the Snake":0},{"Blood Vial":13,"Bronze Scales":23,"Astrolabe":34,"War Paint":13,"Ring of the Snake":0}],"Ring of the Snake":[22]},"card_choices":[{"not_picked":["Tools of the Trade","Glass Knife"],"picked":"Corpse Explosion","floor":0},{"not_picked":["Poisoned Stab","Quick Slash"],"picked":"Bouncing Flask","floor":1},{"not_picked":["Dagger Throw","Caltrops"],"picked":"Deflect","floor":5},{"not_picked":["Tactician","Sucker Punch"],"picked":"Blade Dance","floor":7},{"not_picked":["Acrobatics","Well Laid Plans"],"picked":"Dagger Throw","floor":10},{"not_picked":["Acrobatics","Sucker Punch"],"picked":"Distraction","floor":11},{"not_picked":["Caltrops","Prepared"],"picked":"Escape Plan","floor":13},{"not_picked":["Phantasmal Killer","Bullet Time"],"picked":"Doppelganger","floor":16},{"not_picked":["Slice","Outmaneuver"],"picked":"Expertise","floor":18},{"not_picked":["Quick Slash","Eviscerate"],"picked":"Prepared+1","floor":19},{"not_picked":["Acrobatics","Accuracy"],"picked":"All Out Attack","floor":20}],"player_experience":3305656,"relics_obtained":[{"floor":7,"key":"Blood Vial"},{"floor":9,"key":"War Paint"},{"floor":11,"key":"Bronze Scales"}],"event_choices":[{"damage_healed":0,"gold_gain":0,"player_choice":"Ignored","damage_taken":0,"max_hp_gain":0,"max_hp_loss":0,"event_name":"Golden Wing","floor":3,"gold_loss":0},{"damage_healed":0,"gold_gain":0,"cards_transformed":["Strike_G"],"player_choice":"Change","damage_taken":0,"max_hp_gain":0,"max_hp_loss":0,"event_name":"Living Wall","floor":4,"gold_loss":0,"cards_obtained":["Sucker Punch"]},{"cards_removed":["Defend_G"],"damage_healed":0,"gold_gain":0,"player_choice":"Gave Gold","damage_taken":0,"max_hp_gain":0,"max_hp_loss":0,"event_name":"Beggar","floor":21,"gold_loss":75}],"is_beta":false,"boss_relics":[{"not_picked":["Snecko Eye","Tiny House"],"picked":"Astrolabe"}],"items_purged_floors":[2],"is_endless":false,"potions_floor_spawned":[5,11,16,18,19],"killed_by":"Book of Stabbing","ascension_level":15}}