{"host":"1tl36azeqm6yhdgj","time":1611275151,"event":{"mods":["AchievementEnabler","BaseMod","Minty Spire (QoL Compilation)","StSLib","The IronCluck","everything is the same but u backflip on backflip"],"gold_per_floor":[114,114,114,39,49,84,84,116,139,167,179,179,254,285,285,359,359,372,388,417,467,31,65,65,82,82,101,119,131,231,256,256,333,333,343,343,357,1356,163,198,198,198,251,263,485,5,20,33,33,33,33,33,4,4,4],"floor_reached":54,"language":"ENG","playtime":2547,"items_purged":["Regret","Normality","Normality"],"score":1553,"play_id":"305d3f71-1275-4cec-abc5-335ecea788fd","local_time":"20210121192551","is_ascension_mode":true,"campfire_choices":[{"data":"Iron Wave","floor":7.0,"key":"SMITH"},{"floor":12.0,"key":"REST"},{"data":"Rampage","floor":15.0,"key":"SMITH"},{"data":"Barricade","floor":32.0,"key":"SMITH"},{"floor":42.0,"key":"REST"},{"floor":49.0,"key":"RECALL"},{"data":"Metallicize","floor":52,"key":"SMITH"}],"circlet_count":0,"master_deck":["AscendersBane","Strike_R","Defend_R","Defend_R","Defend_R","Bash","Metallicize+1","Intimidate","Iron Wave+1","Fire Breathing","Clash","Rampage+1","Impervious","Immolate","Wild Strike+1","Flame Barrier+1","Searing Blow+1","Clash+1","Spot Weakness+1","Flex","Shrug It Off","Warcry","Barricade+1","Exhume+1","Body Slam","True Grit+1","Dropkick","The Bomb+1","Feed","Limit Break+1","Apotheosis+1","Chrysalis+1","Anger","Reckless Charge","Armaments+1","Intimidate+1","Twin Strike"],"relics":["Black Blood","Strawberry","StrikeDummy","Bird Faced Urn","InkBottle","Happy Flower","Shuriken","CaptainsWheel","Astrolabe","Red Mask","Mummified Hand","Red Skull","Bronze Scales","FossilizedHelix","Toxic Egg 2","White Beast Statue","Akabeko","Ginger","Sling","Boot","Centennial Puzzle","Lizard Tail"],"acts_visited":["Exordium","TheCity","TheBeyond","TheEnding"],"potions_floor_usage":[50,50,50,50],"damage_taken":[{"damage":12.0,"enemies":"Small Slimes","floor":1.0,"turns":5.0},{"damage":15.0,"enemies":"2 Louse","floor":5.0,"turns":3.0},{"damage":28.0,"enemies":"Lagavulin","floor":6.0,"turns":8.0},{"damage":9.0,"enemies":"3 Sentries","floor":8.0,"turns":5.0},{"damage":24.0,"enemies":"Gremlin Nob","floor":10.0,"turns":4.0},{"damage":2.0,"enemies":"Jaw Worm","floor":11.0,"turns":3.0},{"damage":7.0,"enemies":"3 Sentries","floor":14.0,"turns":6.0},{"damage":30.0,"enemies":"Slime Boss","floor":16.0,"turns":10.0},{"damage":12.0,"enemies":"Chosen","floor":18.0,"turns":5.0},{"damage":14.0,"enemies":"Spheric Guardian","floor":19.0,"turns":6.0},{"damage":29.0,"enemies":"Masked Bandits","floor":20.0,"turns":5.0},{"damage":0.0,"enemies":"Gremlin Leader","floor":23.0,"turns":5.0},{"damage":5.0,"enemies":"Snecko","floor":25.0,"turns":4.0},{"damage":8.0,"enemies":"Sentry and Sphere","floor":27.0,"turns":4.0},{"damage":16.0,"enemies":"Centurion and Healer","floor":28.0,"turns":7.0},{"damage":0.0,"enemies":"Snake Plant","floor":29.0,"turns":2.0},{"damage":9.0,"enemies":"Colosseum Slavers","floor":30.0,"turns":4.0},{"damage":3.0,"enemies":"Colosseum Nobs","floor":30.0,"turns":4.0},{"damage":6.0,"enemies":"Slavers","floor":31.0,"turns":5.0},{"damage":69.0,"enemies":"Automaton","floor":33.0,"turns":12.0},{"damage":21.0,"enemies":"Orb Walker","floor":35.0,"turns":4.0},{"damage":0.0,"enemies":"3 Shapes","floor":37.0,"turns":5.0},{"damage":64.0,"enemies":"Giant Head","floor":40.0,"turns":8.0},{"damage":0.0,"enemies":"Maw","floor":44.0,"turns":9.0},{"damage":18.0,"enemies":"3 Darklings","floor":47.0,"turns":3.0},{"damage":27.0,"enemies":"Transient","floor":48.0,"turns":6.0},{"damage":109,"enemies":"Awakened One","floor":50,"turns":12},{"damage":84,"enemies":"Shield and Spear","floor":54,"turns":5}],"seed_played":"-5177791943747100803","potions_obtained":[{"floor":1.0,"key":"LiquidBronze"},{"floor":8.0,"key":"EssenceOfSteel"},{"floor":14.0,"key":"AttackPotion"},{"floor":18.0,"key":"SmokeBomb"},{"floor":19.0,"key":"Fruit Juice"},{"floor":27.0,"key":"BlessingOfTheForge"},{"floor":28.0,"key":"FearPotion"},{"floor":31.0,"key":"Ancient Potion"},{"floor":33.0,"key":"LiquidBronze"},{"floor":35.0,"key":"SkillPotion"},{"floor":37.0,"key":"LiquidBronze"},{"floor":40.0,"key":"Weak Potion"},{"floor":44.0,"key":"Swift Potion"},{"floor":47.0,"key":"Swift Potion"},{"floor":48.0,"key":"EntropicBrew"}],"is_trial":false,"path_per_floor":["M","?","?","$","M","E","R","E","T","E","M","R","?","E","R","B",null,"M","M","?","?","$","E","$","M","T","M","M","M","?","E","R","B",null,"M","?","M","?","$","E","?","R","T","M","?","$","M","M","R","B",null,"R","$","E"],"character_chosen":"IRONCLAD","items_purchased":["Mummified Hand","Red Skull","Dropkick","Akabeko","Ginger","The Bomb+1","Sling","Feed","Lizard Tail","Reckless Charge","Twin Strike"],"campfire_rested":2,"item_purchase_floors":[22,22,39,39,39,39,39,39,46,46,53],"current_hp_per_floor":[62,69,64,64,55,33,33,34,34,20,28,52,41,44,44,24,68,66,67,44,44,44,54,54,59,59,61,55,63,71,75,75,18,70,65,65,83,83,83,35,30,56,56,74,74,74,72,63,63,21,73,73,73,0,0],"gold":4,"neow_bonus":"TRANSFORM_CARD","is_daily":false,"chose_seed":false,"campfire_upgraded":4,"win_rate":0.0,"timestamp":1611275151,"path_taken":["M","?","?","$","M","E","R","E","T","E","M","R","?","E","R","BOSS","M","M","?","?","$","E","?","?","T","?","M","M","?","E","R","BOSS","M","?","M","?","$","E","?","R","T","M","?","$","?","M","R","BOSS","R","$","E"],"items_purchased_type":["Relic","Relic","Card","Relic","Relic","Card","Relic","Card","Relic","Card","Card"],"build_version":"2020-12-22","purchased_purges":3,"victory":false,"max_hp_per_floor":[75,82,82,82,82,82,82,82,82,82,82,82,82,82,82,82,82,82,87,87,87,87,87,87,87,87,87,87,87,87,87,87,87,87,87,87,87,87,87,87,87,87,87,87,87,87,87,87,87,90,90,90,90,90,90],"card_choices":[{"not_picked":["Searing Blow","True Grit"],"picked":"Intimidate","floor":1.0},{"not_picked":["Blood for Blood","Warcry"],"picked":"Iron Wave","floor":5.0},{"not_picked":["Havoc","Sentinel"],"picked":"Fire Breathing","floor":6.0},{"not_picked":["Iron Wave","Brutality"],"picked":"Clash","floor":8.0},{"not_picked":["Body Slam","Flex"],"picked":"Rampage","floor":10.0},{"not_picked":["Rupture","Iron Wave","Body Slam"],"picked":"SKIP","floor":11.0},{"not_picked":["True Grit","Perfected Strike"],"picked":"Impervious","floor":14.0},{"not_picked":["Exhume","Reaper"],"picked":"Immolate","floor":16.0},{"not_picked":["Twin Strike","Body Slam","Headbutt"],"picked":"SKIP","floor":18.0},{"not_picked":["Hemokinesis","Sentinel+1","Fire Breathing"],"picked":"SKIP","floor":19.0},{"not_picked":["Battle Trance","Iron Wave"],"picked":"Clash+1","floor":20.0},{"not_picked":["Carnage","Whirlwind"],"picked":"Spot Weakness+1","floor":23.0},{"not_picked":["Second Wind","Bloodletting"],"picked":"Flex","floor":25.0},{"not_picked":["Pommel Strike","Sword Boomerang"],"picked":"Shrug It Off","floor":27.0},{"not_picked":["Armaments","Searing Blow","Fiend Fire"],"picked":"SKIP","floor":28.0},{"not_picked":["Havoc","Clash"],"picked":"Warcry","floor":29.0},{"not_picked":["Berserk","Headbutt"],"picked":"Barricade","floor":31.0},{"not_picked":["Bludgeon","Immolate"],"picked":"Exhume+1","floor":33.0},{"not_picked":["Sword Boomerang","Body Slam","Flex+1"],"picked":"SKIP","floor":35.0},{"not_picked":["Sword Boomerang","Flex+1"],"picked":"Body Slam","floor":35.0},{"not_picked":["Heavy Blade","Perfected Strike+1"],"picked":"True Grit+1","floor":37.0},{"not_picked":["Disarm+1","Body Slam"],"picked":"Limit Break+1","floor":40.0},{"not_picked":["Flash of Steel","Discovery+1"],"picked":"Apotheosis+1","floor":41.0},{"not_picked":["Flash of Steel","PanicButton+1"],"picked":"Chrysalis+1","floor":41.0},{"not_picked":["Sentinel+1","Cleave"],"picked":"Anger","floor":44.0},{"not_picked":["Anger","Dropkick"],"picked":"Armaments+1","floor":47.0},{"not_picked":["Sword Boomerang+1","Pommel Strike"],"picked":"Intimidate+1","floor":48.0}],"player_experience":2008231,"relics_obtained":[{"floor":6.0,"key":"Bird Faced Urn"},{"floor":8.0,"key":"InkBottle"},{"floor":9.0,"key":"Happy Flower"},{"floor":10.0,"key":"Shuriken"},{"floor":14.0,"key":"CaptainsWheel"},{"floor":20.0,"key":"Red Mask"},{"floor":23.0,"key":"Bronze Scales"},{"floor":30.0,"key":"FossilizedHelix"},{"floor":30.0,"key":"Toxic Egg 2"},{"floor":31.0,"key":"White Beast Statue"},{"floor":40.0,"key":"Boot"},{"floor":43.0,"key":"Centennial Puzzle"}],"event_choices":[{"damage_healed":0.0,"max_hp_gain":0.0,"max_hp_loss":0.0,"gold_gain":0.0,"event_name":"Big Fish","player_choice":"Box","floor":2.0,"gold_loss":0.0,"damage_taken":0.0,"relics_obtained":["Strawberry"],"cards_obtained":["Regret"]},{"damage_healed":0.0,"max_hp_gain":0.0,"max_hp_loss":0.0,"gold_gain":0.0,"event_name":"Scrap Ooze","player_choice":"Success","floor":3.0,"gold_loss":0.0,"damage_taken":5.0,"relics_obtained":["StrikeDummy"]},{"damage_healed":0.0,"max_hp_gain":0.0,"max_hp_loss":0.0,"gold_gain":75.0,"event_name":"World of Goop","player_choice":"Gather Gold","floor":13.0,"gold_loss":0.0,"damage_taken":11.0},{"damage_healed":0.0,"max_hp_gain":0.0,"max_hp_loss":0.0,"gold_gain":0.0,"event_name":"Masked Bandits","player_choice":"Fought Bandits","floor":20.0,"gold_loss":0.0,"damage_taken":0.0},{"damage_healed":0.0,"max_hp_gain":0.0,"max_hp_loss":0.0,"gold_gain":50.0,"event_name":"Nest","player_choice":"Stole From Cult","floor":21.0,"gold_loss":0.0,"damage_taken":0.0},{"damage_healed":0.0,"max_hp_gain":0.0,"max_hp_loss":0.0,"gold_gain":0.0,"event_name":"Colosseum","player_choice":"Fight","floor":30.0,"gold_loss":0.0,"damage_taken":0.0},{"damage_healed":0.0,"max_hp_gain":0.0,"max_hp_loss":0.0,"gold_gain":0.0,"event_name":"Colosseum","player_choice":"Fought Nobs","floor":30.0,"gold_loss":0.0,"damage_taken":0.0},{"cards_removed":["Defend_R"],"damage_healed":0.0,"max_hp_gain":0.0,"max_hp_loss":0.0,"gold_gain":0.0,"event_name":"Falling","player_choice":"Removed Skill","floor":36.0,"gold_loss":0.0,"damage_taken":0.0},{"damage_healed":0.0,"max_hp_gain":0.0,"max_hp_loss":0.0,"gold_gain":999.0,"event_name":"MindBloom","player_choice":"Gold","floor":38.0,"gold_loss":0.0,"damage_taken":0.0,"cards_obtained":["Normality","Normality"]},{"damage_healed":0.0,"max_hp_gain":0.0,"max_hp_loss":0.0,"gold_gain":0.0,"event_name":"SensoryStone","player_choice":"Memory 2","floor":41.0,"gold_loss":0.0,"damage_taken":5.0},{"damage_healed":0.0,"max_hp_gain":0.0,"max_hp_loss":0.0,"gold_gain":222.0,"event_name":"Tomb of Lord Red Mask","player_choice":"Wore Mask","floor":45.0,"gold_loss":0.0,"damage_taken":0.0}],"is_beta":false,"boss_relics":[{"not_picked":["Runic Pyramid","Busted Crown"],"picked":"Astrolabe"},{"not_picked":["Cursed Key","Philosopher\u0027s Stone"],"picked":"Black Blood"}],"items_purged_floors":[4,39,46],"is_endless":false,"potions_floor_spawned":[1,8,14,18,19,27,28,29,31,33,35,37,40,44,47,48],"killed_by":"Shield and Spear","ascension_level":19}}