{"host":"69vp7ghydxptgibg","time":1611326789,"event":{"mods":["Bartender","BaseMod","BetterRewards","Downfall","Hubris","Infinite Spire","Ironclad Rager","Jorbs\u0027s Wanderer Trilogy","Minty Spire (QoL Compilation)","READ ME - Guardian Mod","StSLib","The Bladedancer","The Cursed","The Exalted","The Hierophant","The Judge","The Jungle","The Necromancer","The Servant 0.9.4"],"gold_per_floor":[99,111,123,123,142,142,142,142,142,174,84,110,127,153,169,169,169,169],"floor_reached":16,"language":"ENG","playtime":1124,"items_purged":["Pain"],"score":126,"play_id":"08d83009-e9ba-4410-b8a8-61952e397e36","local_time":"20210122154629","is_ascension_mode":true,"campfire_choices":[{"data":"Guardian:TwinSlam","floor":1,"key":"SMITH"},{"data":"Guardian:RollAttack","floor":8,"key":"SMITH"}],"circlet_count":0,"master_deck":["Guardian:Strike_Guardian","Guardian:Strike_Guardian","Guardian:Strike_Guardian","Guardian:Defend_Guardian+1","Guardian:Defend_Guardian","Guardian:Defend_Guardian","Guardian:Defend_Guardian+1","Guardian:CurlUp","Guardian:TwinSlam+1","Guardian:RollAttack+1","Guardian:PiercingHide+1","Guardian:DecasProtection+1","Guardian:Gem_Green","Guardian:GatlingBeam","Guardian:Gem_Crimson"],"relics":["Guardian:ModeShifter","WarpedTongs","Toxic Egg 2","Thread and Needle","War Paint","Bottled Flame"],"acts_visited":["Exordium"],"potions_floor_usage":[10,16,16,16],"damage_taken":[{"damage":7,"enemies":"Jaw Worm","floor":2,"turns":4},{"damage":6,"enemies":"infinitespire:Voidling","floor":3,"turns":4},{"damage":2,"enemies":"2 Louse","floor":5,"turns":2},{"damage":11,"enemies":"3 Sentries","floor":10,"turns":9},{"damage":3,"enemies":"downfall:FleeingMerchant","floor":11,"turns":4},{"damage":10,"enemies":"Gremlin Nob","floor":12,"turns":4},{"damage":0,"enemies":"Lots of Slimes","floor":13,"turns":4},{"damage":10,"enemies":"3 Sentries","floor":14,"turns":5},{"damage":0,"enemies":"Blue Slaver","floor":15,"turns":3},{"damage":81,"enemies":"DF_ARCHETYPE_STREAMLINE","floor":16,"turns":14}],"seed_played":"-2344883841881600846","potions_obtained":[{"floor":3,"key":"Block Potion"},{"floor":12,"key":"SpeedPotion"},{"floor":13,"key":"FearPotion"},{"floor":14,"key":"bronze:BurnAndBuffPotion"}],"is_trial":false,"path_per_floor":["R","M","M","?","M","?","T","R","?","E","$","E","M","E","M","B"],"character_chosen":"GUARDIAN","items_purchased":[],"campfire_rested":0,"item_purchase_floors":[],"current_hp_per_floor":[80,73,67,67,65,65,65,65,70,59,56,46,46,36,36,0,0,0],"gold":169,"neow_bonus":"REMOVE_CARD","is_daily":false,"chose_seed":false,"campfire_upgraded":2,"win_rate":0.0,"timestamp":1611326789,"path_taken":["R","M","M","?","?","?","T","R","?","E","$","E","M","E","M","BOSS"],"items_purchased_type":[],"build_version":"2020-12-22","purchased_purges":1,"victory":false,"max_hp_per_floor":[80,80,80,80,80,80,80,80,80,80,80,80,80,80,80,80,80,80],"card_choices":[{"not_picked":["Guardian:CrystalBeam","Guardian:PrimingBeam","Guardian:Suspension"],"picked":"SKIP","floor":2},{"not_picked":["Guardian:VentSteam","Guardian:Gem_Lightblue"],"picked":"Guardian:RollAttack","floor":3},{"not_picked":["Guardian:Orbwalk","Guardian:AncientConstruct"],"picked":"Guardian:Gem_Lightblue","floor":5},{"not_picked":["Guardian:RollAttack","Guardian:TimeCapacitor"],"picked":"Guardian:PiercingHide+1","floor":10},{"not_picked":["Guardian:Gem_Cyan","Guardian:Gem_Red"],"picked":"Guardian:DecasProtection+1","floor":11},{"not_picked":["Guardian:FastForward+1","Guardian:ShieldCharger+1"],"picked":"Guardian:Gem_Green","floor":12},{"not_picked":["Guardian:VentSteam+1","Guardian:PrismaticBarrier+1","Guardian:Reroute"],"picked":"SKIP","floor":13},{"not_picked":["Guardian:Repulse","Guardian:Suspension+1"],"picked":"Guardian:GatlingBeam","floor":14},{"not_picked":["Guardian:ChargeCore","Guardian:DecasProtection+1"],"picked":"Guardian:Gem_Crimson","floor":15}],"player_experience":554657,"relics_obtained":[{"floor":7,"key":"Toxic Egg 2"},{"floor":10,"key":"Thread and Needle"},{"floor":12,"key":"War Paint"},{"floor":14,"key":"Bottled Flame"}],"event_choices":[{"cards_removed":["Guardian:Incinerate"],"damage_healed":5,"gold_gain":0,"player_choice":"Offered Common","damage_taken":0,"max_hp_gain":0,"max_hp_loss":0,"event_name":"Bonfire Elementals","floor":9,"gold_loss":0},{"cards_removed":["Guardian:Incinerate"],"damage_healed":5,"gold_gain":0,"player_choice":"Offered Special","damage_taken":0,"max_hp_gain":0,"max_hp_loss":0,"event_name":"Bonfire Elementals","floor":9,"gold_loss":0}],"is_beta":false,"boss_relics":[],"items_purged_floors":[11],"is_endless":false,"potions_floor_spawned":[3,12,13,14],"killed_by":"DF_ARCHETYPE_STREAMLINE","ascension_level":1}}