{"host":"1mv6gj0zv8k9e9tz","time":1611342463,"event":{"mods":["AchievementEnabler","BaseMod","Better Third Choice","Colored Map","KOR Keyword Fix","Minty Spire (QoL Compilation)","Permanent Neow","Rare Cards Sparkle","StSLib"],"gold_per_floor":[16,16,35,49,68,68,68,68,94,133,83,106,106,56,56,180,180,204,204,204,27,46,84,84,108,162,162,203,203,226,251,251,251,251],"floor_reached":33,"language":"KOR","playtime":1897,"items_purged":["Defend_R"],"score":456,"play_id":"ad8147a3-5049-425e-8d17-ed936e41a458","local_time":"20210123040743","is_ascension_mode":true,"campfire_choices":[{"data":"Body Slam","floor":6.0,"key":"SMITH"},{"data":"Whirlwind","floor":8.0,"key":"SMITH"},{"data":"Armaments","floor":13.0,"key":"SMITH"},{"data":"Bash","floor":15.0,"key":"SMITH"},{"data":"Limit Break","floor":24.0,"key":"SMITH"},{"floor":27.0,"key":"REST"},{"data":"Body Slam","floor":29.0,"key":"SMITH"},{"floor":32,"key":"REST"}],"circlet_count":0,"master_deck":["AscendersBane","Strike_R","Strike_R","Defend_R","Defend_R","Bash+1","Armaments+1","Body Slam+1","Whirlwind+1","Body Slam+1","Thunderclap","Shrug It Off","CurseOfTheBell","Limit Break+1","Pommel Strike+1","Second Wind","Seeing Red"],"relics":["Burning Blood","Golden Idol","Ancient Tea Set","Calling Bell","The Courier","Toy Ornithopter","Charon\u0027s Ashes","Red Skull","Strawberry","Oddly Smooth Stone","Anchor"],"acts_visited":["Exordium","TheCity"],"potions_floor_usage":[],"damage_taken":[{"damage":7.0,"enemies":"2 Louse","floor":1.0,"turns":3.0},{"damage":12.0,"enemies":"Small Slimes","floor":3.0,"turns":4.0},{"damage":6.0,"enemies":"Jaw Worm","floor":4.0,"turns":5.0},{"damage":10.0,"enemies":"3 Louse","floor":5.0,"turns":4.0},{"damage":32.0,"enemies":"Gremlin Nob","floor":10.0,"turns":4.0},{"damage":0.0,"enemies":"Gremlin Gang","floor":12.0,"turns":1.0},{"damage":5.0,"enemies":"Slime Boss","floor":16.0,"turns":6.0},{"damage":40.0,"enemies":"Shell Parasite","floor":18.0,"turns":10.0},{"damage":6.0,"enemies":"2 Thieves","floor":22.0,"turns":2.0},{"damage":23.0,"enemies":"Gremlin Leader","floor":23.0,"turns":4.0},{"damage":25.0,"enemies":"Snake Plant","floor":25.0,"turns":3.0},{"damage":33.0,"enemies":"Slavers","floor":28.0,"turns":4.0},{"damage":8.0,"enemies":"Shelled Parasite and Fungi","floor":30.0,"turns":5.0},{"damage":0,"enemies":"3 Cultists","floor":31,"turns":3},{"damage":58,"enemies":"Collector","floor":33,"turns":5}],"seed_played":"-528948615403800667","potions_obtained":[{"floor":3.0,"key":"SteroidPotion"},{"floor":5.0,"key":"Explosive Potion"},{"floor":12.0,"key":"Dexterity Potion"},{"floor":18.0,"key":"LiquidMemories"},{"floor":20.0,"key":"SkillPotion"},{"floor":22.0,"key":"FearPotion"}],"is_trial":false,"path_per_floor":["M","?","M","M","M","R","?","R","T","E","$","M","R","?","R","B",null,"M","?","?","$","M","E","R","M","T","R","E","R","M","M","R","B"],"character_chosen":"IRONCLAD","items_purchased":["SteroidPotion","Red Skull"],"campfire_rested":2,"item_purchase_floors":[11,21],"current_hp_per_floor":[71,51,45,45,41,41,34,34,34,8,8,14,14,14,14,15,64,30,30,30,30,30,30,30,11,11,37,10,10,8,14,40,0,0],"gold":251,"neow_bonus":"REMOVE_TWO","is_daily":false,"chose_seed":false,"campfire_upgraded":6,"win_rate":0.0,"timestamp":1611342463,"path_taken":["M","?","M","M","M","R","?","R","T","E","$","M","R","?","R","BOSS","M","?","?","$","M","E","R","M","T","R","E","R","?","M","R","BOSS"],"items_purchased_type":["Potion","Relic"],"build_version":"2020-12-22","purchased_purges":1,"victory":false,"max_hp_per_floor":[80,80,80,80,80,80,80,80,80,80,80,80,80,80,80,80,80,80,80,80,80,80,87,87,87,87,87,87,87,87,87,87,87,87],"card_choices":[{"not_picked":["Clash","Flex"],"picked":"Armaments","floor":1.0},{"not_picked":["True Grit","Dual Wield"],"picked":"Body Slam","floor":3.0},{"not_picked":["Second Wind","Ghostly Armor"],"picked":"Whirlwind","floor":4.0},{"not_picked":["Armaments","Twin Strike"],"picked":"Body Slam","floor":5.0},{"not_picked":["Fire Breathing","Rupture"],"picked":"Thunderclap","floor":10.0},{"not_picked":["Iron Wave","True Grit"],"picked":"Shrug It Off","floor":12.0},{"not_picked":["Perfected Strike","Thunderclap"],"picked":"Limit Break","floor":18.0},{"not_picked":["Fire Breathing","Rupture","Clash"],"picked":"SKIP","floor":22.0},{"not_picked":["Twin Strike+1","Wild Strike"],"picked":"Pommel Strike+1","floor":23.0},{"not_picked":["Pummel","Havoc"],"picked":"Second Wind","floor":25.0},{"not_picked":["Perfected Strike","Dropkick+1","Twin Strike"],"picked":"SKIP","floor":28.0},{"not_picked":["Sentinel","Twin Strike+1"],"picked":"Seeing Red","floor":30.0},{"not_picked":["Wild Strike","Feed","Havoc"],"picked":"SKIP","floor":31}],"player_experience":547273,"relics_obtained":[{"floor":10.0,"key":"Ancient Tea Set"},{"floor":17.0,"key":"The Courier"},{"floor":17.0,"key":"Toy Ornithopter"},{"floor":17.0,"key":"Charon\u0027s Ashes"},{"floor":23.0,"key":"Strawberry"},{"floor":26.0,"key":"Oddly Smooth Stone"},{"floor":28.0,"key":"Anchor"}],"event_choices":[{"damage_healed":0.0,"max_hp_gain":0.0,"max_hp_loss":0.0,"gold_gain":0.0,"event_name":"Golden Idol","player_choice":"Take Damage","floor":2.0,"gold_loss":0.0,"damage_taken":20.0,"relics_obtained":["Golden Idol"]},{"cards_removed":["Strike_R"],"damage_healed":0.0,"max_hp_gain":0.0,"max_hp_loss":0.0,"gold_gain":0.0,"event_name":"Golden Wing","player_choice":"Card Removal","floor":7.0,"gold_loss":0.0,"damage_taken":7.0},{"cards_removed":["Strike_R"],"damage_healed":0.0,"max_hp_gain":0.0,"max_hp_loss":0.0,"gold_gain":0.0,"event_name":"The Cleric","player_choice":"Card Removal","floor":14.0,"gold_loss":50.0,"damage_taken":0.0},{"damage_healed":0.0,"max_hp_gain":0.0,"max_hp_loss":0.0,"gold_gain":0.0,"event_name":"Cursed Tome","player_choice":"Ignored","floor":19.0,"gold_loss":0.0,"damage_taken":0.0},{"damage_healed":0.0,"max_hp_gain":0.0,"max_hp_loss":0.0,"gold_gain":0.0,"event_name":"Lab","player_choice":"Got Potions","floor":20.0,"gold_loss":0.0,"damage_taken":0.0}],"is_beta":false,"boss_relics":[{"not_picked":["Pandora\u0027s Box","Runic Dome"],"picked":"Calling Bell"}],"items_purged_floors":[21],"is_endless":false,"potions_floor_spawned":[3,5,12,18,22],"killed_by":"Collector","ascension_level":12}}