{"host":"ordk2y2ebcetabk6","time":1611290348,"event":{"mods":["AlwaysNeverKeys","Astrologer","Bard","BaseMod","Better Debug","Colored Map","Colored Powertips","Dark Map","Hermit","Highlight Path","Minty Spire (QoL Compilation)","Permanent Neow","Rare Cards Sparkle","Spire Arcade","StSLib","The Explorer","TheLocksmith","Wide Potions"],"gold_per_floor":[99,74,74,0,0,0,0,0,0,0,0,0,0,0,0,0,0,0,0,0,0,0,0,0,0,0,0,0,0,0,0,0,0,0,0,0,0,0,0,0,0,0,0,0,0,0,0,0,0,0],"floor_reached":51,"language":"ENG","playtime":1449,"items_purged":["Strike_P"],"score":718,"play_id":"9a8f244b-b6e5-42d4-940d-b8706de23ccb","local_time":"20210121213908","is_ascension_mode":false,"campfire_choices":[{"data":"TalkToTheHand","floor":6.0,"key":"SMITH"},{"data":"CutThroughFate","floor":8.0,"key":"SMITH"},{"data":"CutThroughFate","floor":15.0,"key":"SMITH"},{"data":"ReachHeaven","floor":23.0,"key":"SMITH"},{"data":"FlurryOfBlows","floor":25.0,"key":"SMITH"},{"data":"Wallop","floor":29.0,"key":"SMITH"},{"data":"Wallop","floor":32.0,"key":"SMITH"},{"floor":41.0,"key":"DIG"},{"data":"Vigilance","floor":45,"key":"SMITH"},{"data":"Defend_P","floor":47,"key":"SMITH"},{"floor":49,"key":"REST"}],"circlet_count":0,"master_deck":["Defend_P","Defend_P","Defend_P+1","Eruption","Vigilance+1","TalkToTheHand+1","CutThroughFate+1","FearNoEvil+1","CutThroughFate+1","ReachHeaven+1","Devotion+1","Necronomicurse","Wallop+1","Wallop+1","Omniscience","DeceiveReality+1","Alpha+1","TalkToTheHand+1","TalkToTheHand+1"],"relics":["Ectoplasm","Shovel","Golden Idol","Whetstone","Frozen Egg 2","Snecko Eye","Necronomicon","Bag of Preparation","Bronze Scales","Astrolabe","Smiling Mask","Vajra","Pear"],"acts_visited":["Exordium","TheCity","TheBeyond"],"potions_floor_usage":[50],"damage_taken":[{"damage":0.0,"enemies":"Cultist","floor":1.0,"turns":4.0},{"damage":5.0,"enemies":"Small Slimes","floor":5.0,"turns":4.0},{"damage":0.0,"enemies":"Jaw Worm","floor":7.0,"turns":2.0},{"damage":3.0,"enemies":"Red Slaver","floor":12.0,"turns":4.0},{"damage":1.0,"enemies":"Lagavulin","floor":13.0,"turns":3.0},{"damage":0.0,"enemies":"3 Louse","floor":14.0,"turns":2.0},{"damage":21.0,"enemies":"The Guardian","floor":16.0,"turns":6.0},{"damage":6.0,"enemies":"Shell Parasite","floor":18.0,"turns":4.0},{"damage":10.0,"enemies":"Spheric Guardian","floor":24.0,"turns":3.0},{"damage":14.0,"enemies":"Centurion and Healer","floor":28.0,"turns":6.0},{"damage":3.0,"enemies":"Book of Stabbing","floor":30.0,"turns":3.0},{"damage":0.0,"enemies":"3 Cultists","floor":31.0,"turns":2.0},{"damage":4.0,"enemies":"Collector","floor":33.0,"turns":3.0},{"damage":8.0,"enemies":"3 Darklings","floor":35.0,"turns":3.0},{"damage":5.0,"enemies":"Giant Head","floor":40.0,"turns":5.0},{"damage":7.0,"enemies":"Orb Walker","floor":42.0,"turns":3.0},{"damage":21.0,"enemies":"4 Shapes","floor":44.0,"turns":3.0},{"damage":0,"enemies":"Maw","floor":46,"turns":4},{"damage":11,"enemies":"Jaw Worm Horde","floor":48,"turns":2},{"damage":17,"enemies":"Donu and Deca","floor":50,"turns":4}],"seed_played":"-7779141993256704818","potions_obtained":[{"floor":5.0,"key":"Swift Potion"},{"floor":7.0,"key":"SteroidPotion"},{"floor":14.0,"key":"Weak Potion"},{"floor":24.0,"key":"BlessingOfTheForge"},{"floor":28.0,"key":"SpeedPotion"},{"floor":39.0,"key":"BlessingOfTheForge"},{"floor":39.0,"key":"StancePotion"},{"floor":39.0,"key":"DuplicationPotion"}],"is_trial":false,"path_per_floor":["M","?","?","$","M","R","M","R","T","?","T","M","E","M","R","B",null,"M","$","?","?","?","R","M","R","T","$","M","R","E","M","R","B",null,"M","?","?","$","?","E","R","M","T","M","R","M","R","M","R","B",null],"character_chosen":"WATCHER","items_purchased":[],"campfire_rested":1,"item_purchase_floors":[],"current_hp_per_floor":[72,72,65,65,60,60,60,60,60,60,60,57,56,56,56,35,67,61,61,45,45,45,45,35,35,35,35,21,21,18,18,18,14,67,59,59,59,59,59,54,54,47,57,36,36,36,36,25,48,31],"gold":0,"neow_bonus":"BOSS_RELIC","is_daily":false,"chose_seed":false,"campfire_upgraded":9,"win_rate":0.0,"timestamp":1611290348,"path_taken":["M","?","?","?","M","R","?","R","T","?","?","M","E","?","R","BOSS","M","$","?","?","?","R","M","R","T","?","M","R","E","M","R","BOSS","M","?","?","$","?","E","R","M","T","M","R","M","R","M","R","BOSS"],"items_purchased_type":[],"build_version":"2020-12-22","purchased_purges":1,"victory":true,"max_hp_per_floor":[72,72,72,72,72,72,72,72,72,67,67,67,67,67,67,67,67,67,67,67,67,67,67,67,67,67,67,67,67,67,67,67,67,67,67,67,67,67,67,67,67,67,77,77,77,77,77,77,77,77],"card_choices":[{"not_picked":["Crescendo","Prostrate"],"picked":"TalkToTheHand","floor":1.0},{"not_picked":["Halt","FearNoEvil"],"picked":"CutThroughFate","floor":5.0},{"not_picked":["DeusExMachina","Wireheading"],"picked":"FearNoEvil","floor":7.0},{"not_picked":["PathToVictory","SashWhip"],"picked":"FlurryOfBlows","floor":12.0},{"not_picked":["InnerPeace","Sanctity"],"picked":"CutThroughFate","floor":13.0},{"not_picked":["FollowUp","WaveOfTheHand"],"picked":"ReachHeaven","floor":14.0},{"not_picked":["Blasphemy","Vault"],"picked":"Devotion+1","floor":16.0},{"not_picked":["FlyingSleeves+1","FlurryOfBlows+1"],"picked":"Weave+1","floor":18.0},{"not_picked":["Prostrate","CutThroughFate"],"picked":"FlurryOfBlows","floor":24.0},{"not_picked":["Consecrate","FearNoEvil"],"picked":"Wallop","floor":28.0},{"not_picked":["Nirvana+1","EmptyFist+1"],"picked":"Adaptation+1","floor":30.0},{"not_picked":["CrushJoints","BowlingBash"],"picked":"Wallop","floor":31.0},{"not_picked":["DeusExMachina","Wish"],"picked":"Omniscience","floor":33.0},{"not_picked":["SashWhip","Evaluate","Prostrate"],"picked":"SKIP","floor":35.0},{"not_picked":["DeceiveReality+1","Vengeance+1","MasterReality+1"],"picked":"SKIP","floor":40.0},{"not_picked":["Prostrate+1","SashWhip+1","FlurryOfBlows"],"picked":"SKIP","floor":42.0},{"not_picked":["FearNoEvil+1","BowlingBash","EmptyBody"],"picked":"SKIP","floor":44.0},{"not_picked":["Wireheading+1","BattleHymn+1"],"picked":"TalkToTheHand+1","floor":46},{"not_picked":["Prostrate","Consecrate","PathToVictory"],"picked":"SKIP","floor":48}],"player_experience":1047953,"relics_obtained":[{"floor":9.0,"key":"Shovel"},{"floor":11.0,"key":"Whetstone"},{"floor":13.0,"key":"Frozen Egg 2"},{"floor":20.0,"key":"Necronomicon"},{"floor":26.0,"key":"Bag of Preparation"},{"floor":30.0,"key":"Bronze Scales"},{"floor":40.0,"key":"Smiling Mask"},{"floor":41.0,"key":"Vajra"},{"floor":43.0,"key":"Pear"}],"event_choices":[{"damage_healed":0.0,"max_hp_gain":0.0,"max_hp_loss":0.0,"gold_gain":0.0,"event_name":"World of Goop","player_choice":"Left Gold","floor":2.0,"gold_loss":25.0,"damage_taken":0.0},{"cards_removed":["Strike_P"],"damage_healed":0.0,"max_hp_gain":0.0,"max_hp_loss":0.0,"gold_gain":0.0,"event_name":"Golden Wing","player_choice":"Card Removal","floor":3.0,"gold_loss":0.0,"damage_taken":7.0},{"damage_healed":0.0,"max_hp_gain":0.0,"max_hp_loss":5.0,"gold_gain":0.0,"event_name":"Golden Idol","player_choice":"Lose Max HP","floor":10.0,"gold_loss":0.0,"damage_taken":0.0,"relics_obtained":["Golden Idol"]},{"damage_healed":0.0,"max_hp_gain":0.0,"max_hp_loss":0.0,"gold_gain":0.0,"event_name":"Cursed Tome","player_choice":"Obtained Book","floor":20.0,"gold_loss":0.0,"damage_taken":16.0},{"cards_removed":["Adaptation"],"damage_healed":0.0,"max_hp_gain":0.0,"max_hp_loss":0.0,"gold_gain":0.0,"event_name":"Falling","player_choice":"Removed Power","floor":36.0,"gold_loss":0.0,"damage_taken":0.0},{"damage_healed":0.0,"max_hp_gain":0.0,"max_hp_loss":0.0,"gold_gain":0.0,"event_name":"The Moai Head","player_choice":"Ignored","floor":37.0,"gold_loss":0.0,"damage_taken":0.0},{"damage_healed":0.0,"max_hp_gain":0.0,"max_hp_loss":0.0,"gold_gain":0.0,"event_name":"Lab","player_choice":"Got Potions","floor":39.0,"gold_loss":0.0,"damage_taken":0.0}],"is_beta":false,"boss_relics":[{"not_picked":["Pandora\u0027s Box","Coffee Dripper"],"picked":"Snecko Eye"},{"not_picked":["SlaversCollar","Velvet Choker"],"picked":"Astrolabe"}],"items_purged_floors":[4],"is_endless":false,"potions_floor_spawned":[5,7,14,16,24,28,30,40,46],"ascension_level":0}}