{"host":"rjbqai8ni6dsiu37","time":1611340810,"event":{"mods":["100% Spire Juice","BaseMod","CapriCore","GungeonMod","Lobotomy","Marisa£¨Ùöéë¡¡Øª×âÞÞ£©","Minty Spire (QoL Compilation)","Shop Mod","StSLib","Td1madao Mod","The Cursed","The Poker Player","WarShipGirlsR/??á´Ò³R mod"],"gold_per_floor":[119,16,16,30,105,20,34,52,124,124,149,67,95,138,150,262,34,64,94,106,118,118],"floor_reached":21,"language":"KOR","playtime":699,"items_purged":[],"score":261,"play_id":"c3f0601e-a76e-4fb9-a963-358ab99038d6","local_time":"20210123034010","is_ascension_mode":true,"campfire_choices":[{"floor":10,"key":"REST"},{"data":"Moonworks:Ambush","floor":15,"key":"SMITH"}],"circlet_count":0,"master_deck":["Moonworks:Strike","Moonworks:Strike","Moonworks:Strike","Moonworks:Strike","Moonworks:Defend","Moonworks:Defend","Moonworks:Defend","Moonworks:Defend","Moonworks:Ambush+1","Moonworks:LongDistanceShot","Moonworks:JonathanRush","Moonworks:EvilSpyWorkPreparation","Moonworks:Dash","Moonworks:AccelHyper","Moonworks:MiracleRedBeanIceCream","Moonworks:WindyEnchantment","Moonworks:Gamble","Moonworks:EvilSpyWorkPreparation+1"],"relics":["Moonworks:BrokenBomb","Moonworks:Homemark","Frozen Egg 2","DemoMod:ChaffGrenade","MawBank","Bottled Flame","Shovel","SacredBark","DemoMod:GlassGuonStoneRelic"],"acts_visited":["Exordium","TheCity"],"potions_floor_usage":[6,14,14,16],"damage_taken":[{"damage":0,"enemies":"Small Slimes","floor":1,"turns":3},{"damage":6,"enemies":"Jaw Worm","floor":2,"turns":4},{"damage":0,"enemies":"Cultist","floor":4,"turns":3},{"damage":28,"enemies":"3 Sentries","floor":6,"turns":4},{"damage":5,"enemies":"Red Slaver","floor":7,"turns":4},{"damage":1,"enemies":"Blue Slaver","floor":8,"turns":4},{"damage":14,"enemies":"Lagavulin","floor":12,"turns":6},{"damage":11,"enemies":"Looter","floor":13,"turns":2},{"damage":9,"enemies":"3 Sentries","floor":14,"turns":4},{"damage":15,"enemies":"Hexaghost","floor":16,"turns":8},{"damage":0,"enemies":"Spheric Guardian","floor":18,"turns":1},{"damage":1,"enemies":"Chosen","floor":19,"turns":3},{"damage":999,"enemies":"Snake Plant","floor":21,"turns":1}],"seed_played":"-6952646796957482199","potions_obtained":[{"floor":2,"key":"LiquidBronze"},{"floor":12,"key":"SpeedPotion"},{"floor":13,"key":"AttackPotion"},{"floor":14,"key":"Ancient Potion"},{"floor":19,"key":"SteroidPotion"}],"is_trial":false,"path_per_floor":["M","M","?","M","?","E","M","M","T","R","T","E","M","E","R","B",null,"M","M","?","M"],"character_chosen":"THE_STARBREAKER","items_purchased":[],"campfire_rested":1,"item_purchase_floors":[],"current_hp_per_floor":[60,54,54,54,43,15,10,14,14,33,33,24,18,14,14,4,51,51,55,55,0,0],"gold":118,"neow_bonus":"TEN_PERCENT_HP_BONUS","is_daily":false,"chose_seed":false,"campfire_upgraded":1,"win_rate":0.0,"timestamp":1611340810,"path_taken":["M","M","?","M","?","E","M","M","T","R","?","E","M","E","R","BOSS","M","M","?","M"],"items_purchased_type":[],"build_version":"2020-12-22","purchased_purges":0,"victory":false,"max_hp_per_floor":[66,66,66,66,66,66,66,66,66,66,66,66,66,66,66,66,66,66,66,66,66,66],"card_choices":[{"not_picked":["Moonworks:SakisCookie","Moonworks:Assault"],"picked":"Moonworks:JonathanRush","floor":1},{"not_picked":["Moonworks:IndiscriminateFireSupport","Moonworks:PlushieMaster"],"picked":"Moonworks:EvilSpyWorkPreparation","floor":2},{"not_picked":["Moonworks:ImOnFire","Moonworks:CloudOfSeagulls"],"picked":"Moonworks:Dash","floor":4},{"not_picked":["Moonworks:LulusLuckyEgg","Moonworks:EvilSpyWorkPreparation"],"picked":"Moonworks:AccelHyper","floor":6},{"not_picked":["Moonworks:IndiscriminateFireSupport","Moonworks:DeployBits"],"picked":"Moonworks:MiracleRedBeanIceCream","floor":7},{"not_picked":["Moonworks:BigMagnum","Moonworks:DevilHand","Moonworks:ImOnFire"],"picked":"SKIP","floor":8},{"not_picked":["Moonworks:EvilMastermind","Moonworks:SakisCookie","Moonworks:ReproductionOfRecords"],"picked":"SKIP","floor":12},{"not_picked":["Moonworks:SakisCookie","Moonworks:IndiscriminateFireSupport","Moonworks:CloudOfSeagulls"],"picked":"SKIP","floor":13},{"not_picked":["Moonworks:Poppoformation","Moonworks:SelfDestruct"],"picked":"Moonworks:WindyEnchantment","floor":14},{"not_picked":["Moonworks:WeAreWaruda","Moonworks:StarBlastingFuse"],"picked":"Moonworks:Gamble","floor":16},{"not_picked":["Moonworks:MixPhenomenon","Moonworks:DeployBits"],"picked":"Moonworks:EvilSpyWorkPreparation+1","floor":18},{"not_picked":["Moonworks:ImOnFire","Moonworks:CloudOfSeagulls","Moonworks:MixPhenomenon"],"picked":"SKIP","floor":19}],"player_experience":215257,"relics_obtained":[{"floor":6,"key":"Frozen Egg 2"},{"floor":9,"key":"DemoMod:ChaffGrenade"},{"floor":11,"key":"MawBank"},{"floor":12,"key":"Bottled Flame"},{"floor":14,"key":"Shovel"}],"event_choices":[{"damage_healed":0,"gold_gain":0,"player_choice":"Ignored","damage_taken":0,"max_hp_gain":0,"max_hp_loss":0,"event_name":"PokerPlayerMod:ExordiumClub","floor":3,"gold_loss":0},{"damage_healed":0,"gold_gain":75,"player_choice":"Gather Gold","damage_taken":11,"max_hp_gain":0,"max_hp_loss":0,"event_name":"World of Goop","floor":5,"gold_loss":0},{"damage_healed":0,"gold_gain":0,"player_choice":"0 cards matched","damage_taken":0,"max_hp_gain":0,"max_hp_loss":0,"event_name":"Match and Keep!","floor":20,"gold_loss":0,"cards_obtained":[]}],"is_beta":false,"boss_relics":[{"not_picked":["Pandora\u0027s Box","Astrolabe"],"picked":"SacredBark"}],"items_purged_floors":[],"is_endless":false,"potions_floor_spawned":[2,12,13,14,19],"killed_by":"Snake Plant","ascension_level":6}}