{"host":"xsfbp1yx1f2ea5z7","time":1611309559,"event":{"mods":["AchievementEnabler","Act Like it!","Aspiration","Bard","BaseMod","Beaked The Cultist","Better Altar","Better Match","Better Note","Better Sensory Stone","Better Skull","Better Third Choice","BetterRewards","Block Reminder","ChefMod","Colored Map","Colored Powertips","Conspire","DeckTracker","Downfall","GifTheSpireLib","GungeonMod","Halation","Hermit","Hubris","Infinite Spire","Jedi Mod","Jorbs\u0027s Wanderer Trilogy","Marked Mod","Mimic Mod","Minty Spire (QoL Compilation)","Shade Mod","Spicy Shops","StSLib","Stuff the Spire","The Blackbeard","The Cursed","The Hierophant","The Judge","The Jungle","The Mystic","The Runesmith","TheBandit","Unceasing Turn Reminder","Wandering Minibosses","everything is the same but u backflip on backflip","vexMod"],"gold_per_floor":[99,116,131,131,131,149,149,184,184,21,21,121,121,135,146,249,249,49,59,79,64,64,169,169,187,187,187,187],"floor_reached":26,"language":"ENG","playtime":914,"items_purged":["bronze:Strike","bronze:Defend","bronze:Defend"],"score":206,"play_id":"ea5c329b-7a57-405c-b64e-b1a16c480d77","local_time":"20210122175919","is_ascension_mode":false,"campfire_choices":[{"data":"bronze:Goto","floor":1,"key":"SMITH"},{"data":"bronze:BuggyMess","floor":11,"key":"SMITH"},{"floor":13,"key":"RECALL"},{"data":"bronze:GetLatest","floor":18,"key":"SMITH"}],"circlet_count":0,"master_deck":["bronze:Strike","bronze:Strike","bronze:Strike","bronze:Defend","bronze:Defend","bronze:Replicate","bronze:Goto+1","bronze:NullPointer","bronze:Backtrace","bronze:DigitalCarnage","bronze:Branch","Finesse","bronze:BuggyMess+1","bronze:GetLatest+1","bronze:ForLoop","bronze:DelayedSlice+1","bronze:Boost+1","bronze:Backtrace+1","bronze:CleanCode"],"relics":["bronze:BronzeCore","jedi:crownofsimplicity","Prayer Wheel","StuffTheSpire:CocoNut","halation:Thesaurus","Runesmith:AutoHammer","aspiration:PoetsPen_weak","downfall:HeartBlessingRed","downfall:HeartBlessingGreen","conspire:BottledYoYo"],"acts_visited":["Exordium","TheCity"],"potions_floor_usage":[],"damage_taken":[{"damage":2,"enemies":"2 Louse","floor":2,"turns":3},{"damage":0,"enemies":"Jaw Worm","floor":3,"turns":3},{"damage":0,"enemies":"Small Slimes","floor":6,"turns":3},{"damage":25,"enemies":"Gremlin Nob","floor":8,"turns":4},{"damage":0,"enemies":"downfall:FleeingMerchant","floor":10,"turns":4},{"damage":0,"enemies":"3 Louse","floor":14,"turns":1},{"damage":0,"enemies":"2 Fungi Beasts","floor":15,"turns":2},{"damage":23,"enemies":"SI_SHIV_ARCHETYPE","floor":16,"turns":6},{"damage":0,"enemies":"conspire:FuzzyDice","floor":19,"turns":2},{"damage":0,"enemies":"Chosen","floor":20,"turns":2},{"damage":0,"enemies":"downfall:FleeingMerchant","floor":21,"turns":4},{"damage":0,"enemies":"downfall:FleeingMerchant","floor":23,"turns":1},{"damage":19,"enemies":"conspire:HollyBat","floor":25,"turns":4},{"damage":0,"enemies":"Centurion and Healer","floor":26,"turns":1}],"seed_played":"4514232572945506876","potions_obtained":[{"floor":8,"key":"PowerPotion"},{"floor":14,"key":"Ancient Potion"},{"floor":15,"key":"Dexterity Potion"}],"is_trial":false,"path_per_floor":["R","M","M","?","?","M","T","E","?","$","R","?","R","M","M","B",null,"R","M","M","$","?","$","T","M","M"],"character_chosen":"THE_AUTOMATON","items_purchased":["halation:Thesaurus"],"campfire_rested":0,"item_purchase_floors":[10],"current_hp_per_floor":[77,75,75,53,53,53,60,35,35,35,35,35,35,35,35,12,84,84,84,84,84,84,84,84,65,65,65,65],"gold":187,"neow_bonus":"TEN_PERCENT_HP_BONUS","is_daily":false,"chose_seed":false,"campfire_upgraded":3,"win_rate":0.0,"timestamp":1611309559,"path_taken":["R","M","M","?","?","?","T","E","?","$","R","?","R","M","M","BOSS","R","M","M","$","?","$","T","M","M"],"items_purchased_type":["Relic"],"build_version":"2020-12-22","purchased_purges":3,"victory":false,"max_hp_per_floor":[77,77,77,77,77,77,84,84,84,84,84,84,84,84,84,84,84,84,84,84,84,84,84,84,84,84,84,84],"card_choices":[{"not_picked":["bronze:WildBeam","bronze:Overheat"],"picked":"bronze:NullPointer","floor":2},{"not_picked":["bronze:BronzeArmor","bronze:Deprecate"],"picked":"bronze:Backtrace","floor":3},{"not_picked":["bronze:CutThrough","bronze:Repair"],"picked":"bronze:DigitalCarnage","floor":6},{"not_picked":["bronze:FineTuning","bronze:Allocate","bronze:CloningBeam"],"picked":"SKIP","floor":6},{"not_picked":["bronze:BugBarrage","bronze:DelayedSlice"],"picked":"bronze:Branch","floor":8},{"not_picked":["Bandage Up","Secret Weapon"],"picked":"Finesse","floor":9},{"not_picked":["bronze:Safeguard","bronze:ShipIt"],"picked":"bronze:BuggyMess","floor":10},{"not_picked":["bronze:Overload","bronze:Branch","bronze:Philosophize"],"picked":"SKIP","floor":14},{"not_picked":["bronze:Deprecate","bronze:Overload","bronze:BitShift"],"picked":"SKIP","floor":14},{"not_picked":["bronze:Shell","bronze:BugBarrage"],"picked":"bronze:GetLatest","floor":15},{"not_picked":["bronze:Branch","bronze:Fortify"],"picked":"bronze:ForLoop","floor":15},{"not_picked":["bronze:CutThrough+1","bronze:ItsAFeature"],"picked":"bronze:DelayedSlice+1","floor":19},{"not_picked":["bronze:WildBeam","bronze:Turbo"],"picked":"bronze:Boost+1","floor":19},{"not_picked":["bronze:DelayedGuard","bronze:Shield"],"picked":"bronze:Backtrace+1","floor":20},{"not_picked":["bronze:DelayedGuard","bronze:Deprecate"],"picked":"bronze:CleanCode","floor":20},{"not_picked":["bronze:FineTuning","bronze:CutThrough","bronze:Branch"],"picked":"SKIP","floor":21},{"not_picked":["bronze:FineTuning","bronze:BitShift","bronze:Frontload"],"picked":"SKIP","floor":23},{"not_picked":["bronze:Shield","bronze:Branch","bronze:Overload"],"picked":"SKIP","floor":25},{"not_picked":["bronze:Branch","bronze:FineTuning","bronze:Fortify+1"],"picked":"SKIP","floor":25}],"player_experience":98890,"relics_obtained":[{"floor":7,"key":"StuffTheSpire:CocoNut"},{"floor":8,"key":"aspiration:HiddenCompartment"},{"floor":24,"key":"conspire:BottledYoYo"}],"event_choices":[{"damage_healed":0,"gold_gain":1,"player_choice":"Relic Relic ","damage_taken":22,"max_hp_gain":0,"max_hp_loss":0,"event_name":"betterThird:BetterScrap","floor":4,"gold_loss":0,"cards_obtained":["Force Field"]},{"damage_healed":0,"gold_gain":0,"player_choice":"Leave","damage_taken":0,"max_hp_gain":0,"max_hp_loss":0,"event_name":"conspire:Investor","floor":5,"gold_loss":0},{"damage_healed":0,"gold_gain":1,"player_choice":"1","damage_taken":0,"max_hp_gain":0,"max_hp_loss":0,"event_name":"betterStone:BetterStone","floor":9,"gold_loss":0},{"damage_healed":0,"gold_gain":0,"player_choice":"Ignored","damage_taken":0,"max_hp_gain":0,"max_hp_loss":0,"event_name":"betterNote:BetterNote","floor":22,"gold_loss":0,"cards_obtained":["Battle Trance"]}],"is_beta":false,"boss_relics":[{"not_picked":["vexMod:NewClearReactor","aspiration:BardSkillbook"],"picked":"aspiration:PoetsPen_weak"}],"items_purged_floors":[10,23,23],"is_endless":false,"potions_floor_spawned":[8,14,15,16,19],"killed_by":"Centurion and Healer","ascension_level":0}}