{"host":"tl3n8idhzo2mohle","time":1611311061,"event":{"mods":["BaseMod","Colored Powertips","Downfall","Good Game Mod","Minty Spire (QoL Compilation)","StSLib","Waifu the Spire","noobMod"],"gold_per_floor":[349,360,360,93,93,103,103,95,135,153,53,74,96,117,138,237,237,37,58,71,90,103,117,117,242,242,242,263,263,37,59,79,184,184,184,184,199,199,199,240,41,41,41,41],"floor_reached":45,"language":"ZHS","playtime":2212,"items_purged":["hexamod:Defend","hexamod:Strike","hexamod:Defend","hexamod:Strike"],"score":1392,"play_id":"07f1cd15-8110-4509-ae61-da2727a829a9","local_time":"20210122182421","is_ascension_mode":false,"campfire_choices":[{"floor":1,"key":"RECALL"},{"data":"hexamod:RainOfEmbers","floor":11,"key":"SMITH"},{"data":"hexamod:TimeOfNeed","floor":18,"key":"SMITH"},{"data":"hexamod:RainOfEmbers","floor":27,"key":"SMITH"},{"data":"hexamod:SoulSteal","floor":29,"key":"SMITH"},{"data":"hexamod:HexaLevel","floor":35,"key":"SMITH"},{"data":"expansioncontent:DashGenerateEvil","floor":42,"key":"SMITH"}],"circlet_count":0,"master_deck":["hexamod:Strike+1","hexamod:Strike+1","hexamod:Defend+1","hexamod:Defend+1","hexamod:Sear+1","hexamod:Float+1","hexamod:FlamesFromBeyond+1","hexamod:RainOfEmbers+1","Mind Blast+1","hexamod:FirstSeal","hexamod:SecondSeal","hexamod:ThirdSeal","hexamod:FourthSeal","Panacea+1","hexamod:HexaLevel+1","hexamod:SoulSteal+1","hexamod:TimeOfNeed+1","hexamod:SecondSeal","hexamod:RainOfEmbers+1","hexamod:SixthSeal","expansioncontent:DashGenerateEvil+1"],"relics":["hexamod:SpiritBrand","REME:ComplimentaryCards","ice","Slimebound:StickyStick","Smiling Mask","downfall:HeartBlessingGreen","SacredBark","downfall:HeartBlessingBlue","downfall:HeartBlessingRed","Letter Opener","Strange Spoon","expansioncontent:StudyCardRelic","downfall:TeleportStone","Art of War","Frozen Eye"],"acts_visited":["Exordium","TheCity","TheBeyond","TheEnding"],"potions_floor_usage":[25,25,25,44,44,44],"damage_taken":[{"damage":7,"enemies":"2 Louse","floor":2,"turns":2},{"damage":5,"enemies":"downfall:FleeingMerchant","floor":4,"turns":4},{"damage":9,"enemies":"Small Slimes","floor":6,"turns":3},{"damage":60,"enemies":"3 Sentries","floor":9,"turns":10},{"damage":36,"enemies":"Jaw Worm","floor":10,"turns":5},{"damage":0,"enemies":"Large Slime","floor":12,"turns":5},{"damage":17,"enemies":"Exordium Thugs","floor":13,"turns":4},{"damage":67,"enemies":"Red Slaver","floor":14,"turns":9},{"damage":7,"enemies":"3 Louse","floor":15,"turns":3},{"damage":0,"enemies":"DF_ARCHETYPE_STREAMLINE","floor":16,"turns":3},{"damage":5,"enemies":"Chosen","floor":19,"turns":2},{"damage":17,"enemies":"Shell Parasite","floor":20,"turns":3},{"damage":0,"enemies":"Sentry and Sphere","floor":21,"turns":3},{"damage":0,"enemies":"Centurion and Healer","floor":22,"turns":1},{"damage":5,"enemies":"Cultist and Chosen","floor":23,"turns":2},{"damage":0,"enemies":"downfall:FleeingMerchant","floor":25,"turns":2},{"damage":0,"enemies":"Snecko","floor":28,"turns":2},{"damage":16,"enemies":"Snake Plant","floor":31,"turns":2},{"damage":5,"enemies":"Cultist and Chosen","floor":32,"turns":2},{"damage":0,"enemies":"WA_ARCHETYPE_CALM","floor":33,"turns":2},{"damage":0,"enemies":"3 Darklings","floor":37,"turns":1},{"damage":3,"enemies":"SI_POISON_ARCHETYPE","floor":38,"turns":3},{"damage":0,"enemies":"downfall:CharBossMerchant","floor":40,"turns":3},{"damage":0,"enemies":"downfall:NeowBoss","floor":43,"turns":7},{"damage":0,"enemies":"downfall:NeowBossFinal","floor":44,"turns":5}],"seed_played":"1551488624008191905","potions_obtained":[{"floor":6,"key":"Ancient Potion"},{"floor":9,"key":"FearPotion"},{"floor":9,"key":"ColorlessPotion"},{"floor":10,"key":"Fire Potion"},{"floor":15,"key":"LiquidMemories"},{"floor":31,"key":"Fire Potion"},{"floor":33,"key":"Guardian:BlockOnCardUsePotion"},{"floor":37,"key":"LiquidBronze"}],"is_trial":false,"path_per_floor":["R","M","?","$","?","M","T","?","E","M","R","M","M","M","M","B",null,"R","M","M","M","M","M","T","$","?","R","M","R","$","M","M","B",null,"R","?","M","B",null,"E","$","R","B","B",null],"character_chosen":"THE_SPIRIT","items_purchased":["hexamod:RainOfEmbers","Mind Blast","Strange Spoon","expansioncontent:DashGenerateEvil","Frozen Eye"],"campfire_rested":0,"item_purchase_floors":[4,4,25,30,41],"current_hp_per_floor":[63,56,56,51,48,39,39,32,40,11,11,18,72,79,79,79,79,89,89,87,89,89,89,89,89,89,89,89,89,89,83,89,89,89,89,89,89,97,97,101,101,101,101,122],"gold":41,"neow_bonus":"TWO_FIFTY_GOLD","is_daily":false,"chose_seed":false,"campfire_upgraded":6,"win_rate":0.0,"timestamp":1611311061,"path_taken":["R","M","?","$","?","M","T","?","E","M","R","M","M","?","M","BOSS","R","M","M","M","M","M","T","$","?","R","M","R","$","M","M","BOSS","R","?","M","BOSS","E","$","R","BOSS","BOSS"],"items_purchased_type":["Card","Card","Relic","Card","Relic"],"build_version":"2020-12-22","purchased_purges":4,"victory":true,"max_hp_per_floor":[63,63,63,63,63,63,63,63,67,71,71,71,73,79,79,79,79,89,89,89,89,89,89,89,89,89,89,89,89,89,89,89,89,89,89,89,89,97,97,101,101,101,101,122],"card_choices":[{"not_picked":["hexamod:BurningTouch","hexamod:Firestarter"],"picked":"hexamod:FlamesFromBeyond","floor":2},{"not_picked":["hexamod:AdvancingGuard","hexamod:ChargedBarrage"],"picked":"hexamod:BurningTouch","floor":4},{"not_picked":["hexamod:ShieldOfDarkness","hexamod:NecessarySacrifice","hexamod:AdvancingGuard"],"picked":"SKIP","floor":6},{"not_picked":["hexamod:Hexaguard","hexamod:BacktrackSmack","hexamod:NightmareStrike"],"picked":"SKIP","floor":9},{"not_picked":["hexamod:SearingWound","hexamod:ThermalTransfer","hexamod:FourthSeal"],"picked":"SKIP","floor":9},{"not_picked":["hexamod:Firestarter","hexamod:HauntingEcho","hexamod:ThermalTransfer"],"picked":"SKIP","floor":10},{"not_picked":["hexamod:Rewind","hexamod:ShieldOfDarkness","hexamod:AdvancingGuard"],"picked":"SKIP","floor":10},{"not_picked":["hexamod:Rewind","hexamod:GhostLash","hexamod:HeatCrush"],"picked":"SKIP","floor":12},{"not_picked":["hexamod:BurningTouch","hexamod:FastForward","hexamod:NecessarySacrifice"],"picked":"SKIP","floor":12},{"not_picked":["hexamod:ThermalTransfer","hexamod:StepThrough"],"picked":"hexamod:HexaLevel","floor":13},{"not_picked":["hexamod:FastForward","hexamod:FirstSeal","hexamod:Hexaguard"],"picked":"SKIP","floor":13},{"not_picked":["hexamod:RetreatToShadows","hexamod:SuperheatedStrike","hexamod:GhostLash"],"picked":"SKIP","floor":14},{"not_picked":["hexamod:FastForward","hexamod:ExtraCrispy","hexamod:NightmareStrike"],"picked":"SKIP","floor":14},{"not_picked":["hexamod:NightmareGuise","hexamod:SwordOfDarkness"],"picked":"hexamod:SoulSteal","floor":15},{"not_picked":["hexamod:HauntingEcho","hexamod:Hexaguard","hexamod:ShieldOfDarkness"],"picked":"SKIP","floor":15},{"not_picked":["hexamod:GiftsFromTheDead","hexamod:HexaLevel"],"picked":"hexamod:TimeOfNeed","floor":16},{"not_picked":["hexamod:GhostflameBarrier","hexamod:AdvancingGuard","hexamod:SuperheatedStrike"],"picked":"SKIP","floor":19},{"not_picked":["hexamod:ShieldOfDarkness","hexamod:GhostLash"],"picked":"hexamod:SecondSeal","floor":20},{"not_picked":["hexamod:StepThrough","hexamod:BacktrackSmack","hexamod:GhostflameBarrier"],"picked":"SKIP","floor":20},{"not_picked":["hexamod:BurningTouch+1","hexamod:SuperheatedStrike"],"picked":"hexamod:RainOfEmbers","floor":21},{"not_picked":["hexamod:BacktrackSmack","hexamod:GhostShield","hexamod:NightmareGuise"],"picked":"SKIP","floor":21},{"not_picked":["hexamod:ForkedFlame","hexamod:Hexaguard","hexamod:HeatMetal"],"picked":"SKIP","floor":22},{"not_picked":["hexamod:Hexaguard","hexamod:RetreatToShadows","hexamod:StepThrough+1"],"picked":"SKIP","floor":23},{"not_picked":["hexamod:ThermalTransfer+1","hexamod:HeatMetal","hexamod:StepThrough"],"picked":"SKIP","floor":25},{"not_picked":["hexamod:InspiringFlames","hexamod:ShieldOfDarkness","hexamod:NightmareStrike"],"picked":"SKIP","floor":25},{"not_picked":["hexamod:InspiringFlames+1","hexamod:SpectersWail+1"],"picked":"hexamod:SixthSeal","floor":28},{"not_picked":["hexamod:EmpoweredFlame","hexamod:StepThrough","hexamod:NightmareGuise+1"],"picked":"SKIP","floor":31},{"not_picked":["hexamod:ThirdSeal","hexamod:SpectersWail","hexamod:FastForward"],"picked":"SKIP","floor":31},{"not_picked":["hexamod:EmpoweredFlame","hexamod:FastForward+1","hexamod:SuperheatedStrike"],"picked":"SKIP","floor":32},{"not_picked":["hexamod:SwordOfDarkness+1","hexamod:GhostLash","hexamod:BurningTouch+1"],"picked":"SKIP","floor":32},{"not_picked":["hexamod:NightmareGuise","hexamod:Haunt+1","hexamod:GhostLash+1"],"picked":"SKIP","floor":37},{"not_picked":["hexamod:NightmareGuise+1","hexamod:PowerFromBeyond","hexamod:Rewind+1"],"picked":"SKIP","floor":40}],"player_experience":50512,"relics_obtained":[{"floor":9,"key":"Smiling Mask"},{"floor":24,"key":"Letter Opener"},{"floor":40,"key":"Art of War"}],"event_choices":[{"damage_healed":0,"gold_gain":0,"player_choice":"Success","damage_taken":3,"relics_obtained":["Slimebound:StickyStick"],"max_hp_gain":0,"max_hp_loss":0,"event_name":"Scrap Ooze","floor":5,"gold_loss":0}],"is_beta":false,"boss_relics":[{"not_picked":["hexamod:IceCube","hexamod:UnbrokenSoul"],"picked":"SacredBark"},{"not_picked":["Busted Crown","Empty Cage"],"picked":"expansioncontent:StudyCardRelic"}],"items_purged_floors":[4,25,30,41],"is_endless":false,"potions_floor_spawned":[6,9,13,20,23,28,31,33,37],"ascension_level":0}}