{"host":"ojezjkpqju62j8xy","time":1611315943,"event":{"mods":["ATMod(°¢èªMod)","Act Like it!","Aspiration","BaseMod","Conspire","Hermit","Minty Spire (QoL Compilation)","Pale of the Ancients","Replay The Spire","Spicy Shops","StSLib","¡¾ÒÅÎï¿¨ÅÆ¡¿REMEMod","²ÐÁôÖ®Îï"],"gold_per_floor":[116,36,56,2,16,16,50,70,97,127,127],"floor_reached":10,"language":"ZHS","playtime":341,"items_purged":[],"score":122,"play_id":"314f6a3f-fbbe-44d0-9a81-e173972d129a","local_time":"20210122194543","is_ascension_mode":true,"campfire_choices":[{"floor":6,"key":"RECALL"}],"circlet_count":0,"master_deck":["AscendersBane","PlaceholderMod:BaseStrike","PlaceholderMod:BaseStrike","PlaceholderMod:BaseStrike","PlaceholderMod:BaseStrike","PlaceholderMod:BaseStrike","PlaceholderMod:BaseDefend","PlaceholderMod:BaseDefend","PlaceholderMod:BaseDefend","PlaceholderMod:BaseDefend","PlaceholderMod:BaseDefend","PlaceholderMod:Crystal","PlaceholderMod:PoisonWhip","AT_FamilyPortrait","A Thousand Cuts","PlaceholderMod:ParasiteChange","PlaceholderMod:Corrosion","PlaceholderMod:StrongAcid","PlaceholderMod:SelfCoupling","PlaceholderMod:HardStinger"],"relics":["PlaceholderMod:Tancle","AT_ATBox","REME_ComplimentaryCards","MealTicket","REME_LimitBreaker","AT_GuinsooRageblade","AT_ChloranthyRing"],"acts_visited":["Exordium"],"potions_floor_usage":[8,8,10],"damage_taken":[{"damage":3,"enemies":"conspire:RoseBush","floor":1,"turns":4},{"damage":3,"enemies":"Cultist","floor":3,"turns":5},{"damage":0,"enemies":"Small Slimes","floor":5,"turns":4},{"damage":32,"enemies":"Gremlin Nob","floor":7,"turns":5},{"damage":10,"enemies":"Exordium Wildlife","floor":8,"turns":6},{"damage":37,"enemies":"3 Sentries","floor":10,"turns":4}],"seed_played":"6158484072509057490","potions_obtained":[{"floor":1,"key":"Swift Potion"},{"floor":3,"key":"FearPotion"},{"floor":8,"key":"REME_GoldPotion"}],"is_trial":false,"path_per_floor":["M","$","M","?","M","R","E","M","T","E"],"character_chosen":"THE_PLACEHOLDER","items_purchased":["MealTicket"],"campfire_rested":0,"item_purchase_floors":[2],"current_hp_per_floor":[80,80,77,77,77,77,45,35,35,0,0],"gold":127,"neow_bonus":"TEN_PERCENT_HP_BONUS","is_daily":false,"chose_seed":false,"campfire_upgraded":0,"win_rate":0.0,"timestamp":1611315943,"path_taken":["M","$","M","?","?","R","E","M","T","E"],"items_purchased_type":["Relic"],"build_version":"2020-12-22","purchased_purges":0,"victory":false,"max_hp_per_floor":[85,85,85,85,85,85,85,85,85,85,85],"card_choices":[{"not_picked":["PlaceholderMod:Turn","PlaceholderMod:PoisonAbsorb"],"picked":"PlaceholderMod:ParasiteChange","floor":1},{"not_picked":["PlaceholderMod:HighConcentration","PlaceholderMod:HornyBlast"],"picked":"PlaceholderMod:Corrosion","floor":3},{"not_picked":["PlaceholderMod:Internalization","PlaceholderMod:PoisonAbsorb"],"picked":"PlaceholderMod:StrongAcid","floor":5},{"not_picked":["PlaceholderMod:ParasiteChange","PlaceholderMod:DissolvingSpikes"],"picked":"PlaceholderMod:SelfCoupling","floor":7},{"not_picked":["PlaceholderMod:HighConcentration","PlaceholderMod:Corrosion"],"picked":"PlaceholderMod:HardStinger","floor":8}],"player_experience":1437880,"relics_obtained":[{"floor":7,"key":"AT_GuinsooRageblade"},{"floor":9,"key":"AT_ChloranthyRing"}],"event_choices":[{"damage_healed":0,"gold_gain":0,"player_choice":"Paid Gold","damage_taken":0,"relics_obtained":["REME_LimitBreaker"],"max_hp_gain":0,"max_hp_loss":0,"event_name":"WeMeetAgain","floor":4,"gold_loss":54}],"is_beta":false,"boss_relics":[],"items_purged_floors":[],"is_endless":false,"potions_floor_spawned":[1,3,5,8],"killed_by":"3 Sentries","ascension_level":16}}