{"host":"y3h3n3f7seyagppx","time":1611332365,"event":{"mods":["AlwaysNeverKeys","BaseMod","Better Vampires","Colored Powertips","DeckTracker","Emptier Cage","Minty Spire (QoL Compilation)","Permanent Neow","Quick Restart","Rare Cards Sparkle","Relic Sorter","Relic Stats","StSLib","Transform Curses"],"gold_per_floor":[115,131,131,149,147,175,175,186,186,204,230,8,33,48,48,123,123,141,56,56,75,89,120,120,153,153,181,194,194,219,231,231,305,305,325,325,344,360,360,360,389,404,404,436,9,43,53,53,53,53,53,53,53,53,80,80],"floor_reached":57,"language":"ENG","playtime":48023,"items_purged":["Anger"],"score":2888,"play_id":"b4905ffc-b468-4ec5-bf83-fd2ccf196565","local_time":"20210122111925","is_ascension_mode":true,"campfire_choices":[{"data":"The Bomb","floor":7.0,"key":"SMITH"},{"data":"Shockwave","floor":15.0,"key":"SMITH"},{"data":"Armaments","floor":24.0,"key":"SMITH"},{"floor":29.0,"key":"REST"},{"data":"Corruption","floor":32.0,"key":"SMITH"},{"data":"Feel No Pain","floor":40.0,"key":"SMITH"},{"floor":49,"key":"REST"},{"floor":53,"key":"REST"}],"circlet_count":0,"master_deck":["AscendersBane","Strike_R","Strike_R","Strike_R","Strike_R","Defend_R","Defend_R","Defend_R","Defend_R","Bash","The Bomb+1","Iron Wave","Feel No Pain+1","Feed","Shockwave+1","Corruption+1","Armaments+1","Decay","Entrench","Dark Embrace+1","Dropkick","Dual Wield","Spot Weakness","Spot Weakness","Impervious","Shrug It Off+1","Shrug It Off+1","Dropkick","Juggernaut+1","Flame Barrier+1","Disarm","Limit Break","Shrug It Off"],"relics":["Burning Blood","Letter Opener","Meat on the Bone","Thread and Needle","Centennial Puzzle","Mercury Hourglass","Runic Pyramid","Frozen Egg 2","Ginger","Dream Catcher","Blood Vial","Strawberry","Regal Pillow","Cursed Key","Eternal Feather","Blue Candle","Paper Frog","Nunchaku","Boot"],"acts_visited":["Exordium","TheCity","TheBeyond","TheEnding"],"potions_floor_usage":[55,56,56,56],"damage_taken":[{"damage":0.0,"enemies":"Cultist","floor":1.0,"turns":3.0},{"damage":2.0,"enemies":"Jaw Worm","floor":2.0,"turns":3.0},{"damage":3.0,"enemies":"2 Louse","floor":4.0,"turns":3.0},{"damage":7.0,"enemies":"Looter","floor":5.0,"turns":4.0},{"damage":39.0,"enemies":"Gremlin Nob","floor":6.0,"turns":4.0},{"damage":19.0,"enemies":"Gremlin Gang","floor":8.0,"turns":5.0},{"damage":0.0,"enemies":"Exordium Thugs","floor":10.0,"turns":2.0},{"damage":13.0,"enemies":"Lagavulin","floor":11.0,"turns":6.0},{"damage":12.0,"enemies":"3 Sentries","floor":13.0,"turns":4.0},{"damage":4.0,"enemies":"Blue Slaver","floor":14.0,"turns":2.0},{"damage":19.0,"enemies":"Slime Boss","floor":16.0,"turns":7.0},{"damage":3.0,"enemies":"Spheric Guardian","floor":18.0,"turns":5.0},{"damage":0.0,"enemies":"Chosen","floor":21.0,"turns":5.0},{"damage":21.0,"enemies":"Snake Plant","floor":22.0,"turns":7.0},{"damage":25.0,"enemies":"Book of Stabbing","floor":23.0,"turns":6.0},{"damage":3.0,"enemies":"Gremlin Leader","floor":25.0,"turns":5.0},{"damage":22.0,"enemies":"Slavers","floor":27.0,"turns":4.0},{"damage":10.0,"enemies":"Snecko","floor":28.0,"turns":6.0},{"damage":3.0,"enemies":"Book of Stabbing","floor":30.0,"turns":5.0},{"damage":6.0,"enemies":"3 Cultists","floor":31.0,"turns":4.0},{"damage":6.0,"enemies":"Collector","floor":33.0,"turns":7.0},{"damage":0.0,"enemies":"3 Darklings","floor":35.0,"turns":4.0},{"damage":1.0,"enemies":"Orb Walker","floor":37.0,"turns":5.0},{"damage":11.0,"enemies":"4 Shapes","floor":38.0,"turns":10.0},{"damage":0.0,"enemies":"Giant Head","floor":41.0,"turns":7.0},{"damage":18.0,"enemies":"Writhing Mass","floor":42.0,"turns":7.0},{"damage":57.0,"enemies":"Reptomancer","floor":44.0,"turns":6.0},{"damage":3.0,"enemies":"Giant Head","floor":46.0,"turns":8.0},{"damage":2.0,"enemies":"Sphere and 2 Shapes","floor":47.0,"turns":3.0},{"damage":19,"enemies":"Awakened One","floor":50,"turns":7},{"damage":14,"enemies":"Time Eater","floor":51,"turns":6},{"damage":10,"enemies":"Shield and Spear","floor":55,"turns":6},{"damage":114,"enemies":"The Heart","floor":56,"turns":10}],"seed_played":"-1556254699908531052","potions_obtained":[{"floor":4.0,"key":"EssenceOfSteel"},{"floor":6.0,"key":"GamblersBrew"},{"floor":8.0,"key":"ColorlessPotion"},{"floor":10.0,"key":"Block Potion"},{"floor":13.0,"key":"AttackPotion"},{"floor":21.0,"key":"SmokeBomb"},{"floor":25.0,"key":"Strength Potion"},{"floor":27.0,"key":"ColorlessPotion"},{"floor":33.0,"key":"GamblersBrew"},{"floor":36.0,"key":"EntropicBrew"},{"floor":37.0,"key":"GamblersBrew"},{"floor":55,"key":"ElixirPotion"}],"is_trial":false,"path_per_floor":["M","M","?","M","M","E","R","M","T","M","E","$","E","M","R","B",null,"M","?","?","M","M","E","R","E","T","E","M","R","E","M","R","B",null,"M","?","M","M","T","R","E","M","T","E","$","E","M","T","R","B","B",null,"R","$","E","B",null],"character_chosen":"IRONCLAD","items_purchased":["Centennial Puzzle","Strength Potion","Paper Frog","Disarm"],"campfire_rested":3,"item_purchase_floors":[12,12,45,45],"current_hp_per_floor":[68,68,61,64,63,30,30,17,17,35,40,40,46,51,51,50,66,72,72,72,78,67,48,48,51,51,59,61,89,94,108,108,112,112,116,116,120,119,119,119,128,120,120,83,83,92,101,101,139,130,128,142,147,147,146,52],"gold":80,"neow_bonus":"RANDOM_COLORLESS_2","is_daily":false,"chose_seed":false,"campfire_upgraded":5,"win_rate":0.0,"timestamp":1611332365,"path_taken":["M","?","?","M","M","E","R","M","T","M","E","$","E","M","R","BOSS","M","?","?","?","M","E","R","E","T","E","M","R","E","M","R","BOSS","M","?","M","?","?","R","E","?","T","E","$","E","M","?","R","BOSS","BOSS","R","$","E","BOSS"],"items_purchased_type":["Relic","Potion","Relic","Card"],"build_version":"2020-12-22","purchased_purges":1,"victory":true,"max_hp_per_floor":[68,68,68,68,68,68,68,68,68,68,68,68,68,71,71,71,71,74,74,74,78,82,82,82,82,82,92,96,96,96,108,108,112,112,116,116,120,124,124,124,128,132,132,132,132,136,139,139,139,143,147,147,147,147,150,150],"relic_stats":{"Regal Pillow":0,"counters":[33,176],"Blue Candle":[4],"Eternal Feather":23,"Letter Opener":[363],"Ginger":[19],"Cursed Key":0,"Boot":[0],"Burning Blood":170,"Mercury Hourglass":[620],"Blood Vial":20,"Centennial Puzzle":[66],"Dream Catcher":3,"Nunchaku":[6],"obtain_stats":[{"Regal Pillow":30,"Blue Candle":44,"Thread and Needle":11,"Eternal Feather":41,"Letter Opener":6,"Ginger":23,"Frozen Egg 2":19,"Cursed Key":34,"Boot":55,"Burning Blood":0,"Mercury Hourglass":13,"Blood Vial":26,"Centennial Puzzle":12,"Dream Catcher":25,"Nunchaku":46,"Strawberry":27,"Meat on the Bone":9,"Runic Pyramid":17,"Paper Frog":45},{"Regal Pillow":19,"Blue Candle":27,"Thread and Needle":8,"Eternal Feather":25,"Letter Opener":5,"Ginger":15,"Frozen Egg 2":12,"Cursed Key":21,"Boot":32,"Burning Blood":0,"Mercury Hourglass":9,"Blood Vial":16,"Centennial Puzzle":8,"Dream Catcher":16,"Nunchaku":28,"Strawberry":17,"Meat on the Bone":6,"Runic Pyramid":11,"Paper Frog":27},{"Regal Pillow":86,"Blue Candle":136,"Thread and Needle":30,"Eternal Feather":123,"Letter Opener":17,"Ginger":66,"Frozen Egg 2":48,"Cursed Key":97,"Boot":166,"Burning Blood":0,"Mercury Hourglass":34,"Blood Vial":71,"Centennial Puzzle":30,"Dream Catcher":71,"Nunchaku":144,"Strawberry":75,"Meat on the Bone":22,"Runic Pyramid":43,"Paper Frog":136}],"Meat on the Bone":84},"card_choices":[{"not_picked":["Chrysalis","Panache"],"picked":"The Bomb","floor":0.0},{"not_picked":["Iron Wave","Twin Strike"],"picked":"Anger","floor":1.0},{"not_picked":["Disarm","Anger"],"picked":"Iron Wave","floor":2.0},{"not_picked":["Rampage","Clothesline","Cleave"],"picked":"SKIP","floor":4.0},{"not_picked":["Rampage","Body Slam"],"picked":"Feel No Pain","floor":5.0},{"not_picked":["Metallicize","Flex","Burning Pact"],"picked":"SKIP","floor":6.0},{"not_picked":["Sword Boomerang","Clothesline","Headbutt"],"picked":"SKIP","floor":8.0},{"not_picked":["Ghostly Armor","Havoc","Inflame"],"picked":"SKIP","floor":10.0},{"not_picked":["Rupture","Whirlwind"],"picked":"Feed","floor":11.0},{"not_picked":["Sword Boomerang","Iron Wave","Burning Pact"],"picked":"SKIP","floor":13.0},{"not_picked":["Sword Boomerang","Iron Wave","Burning Pact"],"picked":"SKIP","floor":13.0},{"not_picked":["Flex","Anger"],"picked":"Shockwave","floor":14.0},{"not_picked":["Brutality","Exhume"],"picked":"Corruption","floor":16.0},{"not_picked":["Intimidate+1","Rage"],"picked":"Armaments","floor":18.0},{"not_picked":["Heavy Blade","Blood for Blood"],"picked":"Entrench","floor":21.0},{"not_picked":["Intimidate","Flex","Warcry"],"picked":"SKIP","floor":22.0},{"not_picked":["True Grit","Sever Soul","Corruption+1"],"picked":"SKIP","floor":23.0},{"not_picked":["Rampage","Searing Blow"],"picked":"Dark Embrace+1","floor":25.0},{"not_picked":["Thunderclap","Battle Trance","Second Wind"],"picked":"SKIP","floor":27.0},{"not_picked":["Perfected Strike","Evolve+1"],"picked":"Dropkick","floor":28.0},{"not_picked":["Headbutt","Burning Pact"],"picked":"Dual Wield","floor":29.0},{"not_picked":["Headbutt","Pummel+1"],"picked":"Spot Weakness","floor":30.0},{"not_picked":["Twin Strike+1","Anger"],"picked":"Spot Weakness","floor":31.0},{"not_picked":["Offering","Double Tap"],"picked":"Impervious","floor":33.0},{"not_picked":["Uppercut","Perfected Strike","Dark Embrace+1"],"picked":"SKIP","floor":35.0},{"not_picked":["Uppercut","Perfected Strike","Dark Embrace+1"],"picked":"SKIP","floor":35.0},{"not_picked":["Sword Boomerang","Perfected Strike"],"picked":"Shrug It Off+1","floor":37.0},{"not_picked":["Twin Strike","Cleave+1"],"picked":"Shrug It Off+1","floor":38.0},{"not_picked":["Infernal Blade","Cleave+1"],"picked":"Dropkick","floor":41.0},{"not_picked":["Flame Barrier","Uppercut"],"picked":"Juggernaut+1","floor":42.0},{"not_picked":["Corruption+1","Rampage"],"picked":"Flame Barrier+1","floor":44.0},{"not_picked":["Clash","Havoc","Iron Wave"],"picked":"SKIP","floor":46.0},{"not_picked":["Blood for Blood","Clash"],"picked":"Limit Break","floor":47.0},{"not_picked":["Clash+1","Heavy Blade"],"picked":"Shrug It Off","floor":49},{"not_picked":["Pummel","Wild Strike","Havoc"],"picked":"SKIP","floor":55}],"player_experience":21457276,"relics_obtained":[{"floor":6.0,"key":"Letter Opener"},{"floor":9.0,"key":"Meat on the Bone"},{"floor":11.0,"key":"Thread and Needle"},{"floor":13.0,"key":"Mercury Hourglass"},{"floor":23.0,"key":"Ginger"},{"floor":25.0,"key":"Dream Catcher"},{"floor":26.0,"key":"Blood Vial"},{"floor":27.0,"key":"Strawberry"},{"floor":30.0,"key":"Regal Pillow"},{"floor":41.0,"key":"Eternal Feather"},{"floor":44.0,"key":"Blue Candle"},{"floor":46.0,"key":"Nunchaku"},{"floor":55,"key":"Boot"}],"event_choices":[{"cards_removed":["Strike_R"],"damage_healed":0.0,"max_hp_gain":0.0,"max_hp_loss":0.0,"gold_gain":0.0,"event_name":"Golden Wing","player_choice":"Card Removal","floor":3.0,"gold_loss":0.0,"damage_taken":7.0},{"damage_healed":0.0,"max_hp_gain":0.0,"max_hp_loss":0.0,"gold_gain":0.0,"event_name":"Addict","player_choice":"Obtained Relic","floor":19.0,"gold_loss":85.0,"damage_taken":0.0,"relics_obtained":["Frozen Egg 2"]},{"damage_healed":0.0,"max_hp_gain":0.0,"max_hp_loss":0.0,"gold_gain":0.0,"event_name":"Wheel of Change","player_choice":"Cursed","floor":20.0,"gold_loss":0.0,"damage_taken":0.0,"cards_obtained":["Decay"]},{"damage_healed":0.0,"max_hp_gain":0.0,"max_hp_loss":0.0,"gold_gain":0.0,"event_name":"Lab","player_choice":"Got Potions","floor":36.0,"gold_loss":0.0,"damage_taken":0.0}],"is_beta":false,"boss_relics":[{"not_picked":["Sozu","SlaversCollar"],"picked":"Runic Pyramid"},{"not_picked":["Philosopher\u0027s Stone","Busted Crown"],"picked":"Cursed Key"}],"items_purged_floors":[45],"is_endless":false,"potions_floor_spawned":[4,6,8,10,13,21,25,27,33,37,41,44,46,47,55],"ascension_level":20}}