{"host":"l2dnabsh5e0fsksb","time":1611274667,"event":{"mods":["2.2 Compatiblity","BaseMod","Downfall","Minty Spire (QoL Compilation)","Quick Restart","StSLib"],"gold_per_floor":[99,117,132,143,157,175,175,75,22,54,74,84,84,116,136,136,136,136],"floor_reached":16,"language":"ENG","playtime":1448,"items_purged":[],"score":183,"play_id":"7f3e2973-df22-40e2-9ca1-8b85c9137a5e","local_time":"20210122104747","is_ascension_mode":true,"campfire_choices":[{"floor":1.0,"key":"RECALL"},{"data":"bronze:FollowUp","floor":8.0,"key":"SMITH"},{"floor":13.0,"key":"REST"}],"circlet_count":0,"master_deck":["bronze:Strike","bronze:Strike","bronze:Strike","bronze:Strike","bronze:Defend","bronze:Defend","bronze:Defend","bronze:Defend","bronze:Replicate","bronze:Goto","bronze:Constructor","bronze:Frontload","bronze:FollowUp+1","bronze:Philosophize","bronze:DelayedGuard","bronze:Fortify","bronze:Deprecate","bronze:DelayedSlice","bronze:Constructor","bronze:Optimize","bronze:ChosenStrike"],"relics":["bronze:BronzeCore","bronze:Mallet","downfall:HeartBlessingRed","MealTicket","CaptainsWheel"],"acts_visited":["Exordium"],"potions_floor_usage":[16],"damage_taken":[{"damage":1.0,"enemies":"Cultist","floor":2.0,"turns":4.0},{"damage":4.0,"enemies":"Jaw Worm","floor":3.0,"turns":6.0},{"damage":1.0,"enemies":"2 Louse","floor":4.0,"turns":4.0},{"damage":10.0,"enemies":"Gremlin Gang","floor":5.0,"turns":8.0},{"damage":17.0,"enemies":"Exordium Thugs","floor":6.0,"turns":7.0},{"damage":0.0,"enemies":"downfall:FleeingMerchant","floor":9.0,"turns":4.0},{"damage":13.0,"enemies":"3 Sentries","floor":10.0,"turns":11.0},{"damage":0.0,"enemies":"Blue Slaver","floor":11.0,"turns":4.0},{"damage":1.0,"enemies":"Exordium Wildlife","floor":12.0,"turns":3.0},{"damage":0.0,"enemies":"Gremlin Nob","floor":14.0,"turns":3.0},{"damage":6,"enemies":"Large Slime","floor":15,"turns":5},{"damage":31,"enemies":"DF_ARCHETYPE_STREAMLINE","floor":16,"turns":6}],"seed_played":"6276060281751683407","potions_obtained":[{"floor":5.0,"key":"Regen Potion"},{"floor":10.0,"key":"Strength Potion"},{"floor":11.0,"key":"bronze:BurnAndBuffPotion"},{"floor":14.0,"key":"PowerPotion"},{"floor":15,"key":"SteroidPotion"}],"is_trial":false,"path_per_floor":["R","M","M","M","M","M","T","R","$","E","M","M","R","E","M","B"],"character_chosen":"THE_AUTOMATON","items_purchased":["bronze:Fortify"],"campfire_rested":1,"item_purchase_floors":[9],"current_hp_per_floor":[45,44,40,39,29,27,27,27,27,14,14,13,34,34,28,0,0,0],"gold":136,"neow_bonus":"ONE_RARE_RELIC","is_daily":false,"chose_seed":false,"campfire_upgraded":1,"win_rate":0.0,"timestamp":1611274667,"path_taken":["R","M","M","?","?","M","T","R","$","E","M","?","R","E","M","BOSS"],"items_purchased_type":["Card"],"build_version":"2020-12-22","purchased_purges":0,"victory":false,"max_hp_per_floor":[70,70,70,70,70,70,70,70,70,70,70,70,70,70,70,70,70,70],"card_choices":[{"not_picked":["bronze:BitShift","bronze:CutThrough"],"picked":"bronze:Constructor","floor":2.0},{"not_picked":["bronze:CloningBeam","bronze:Overheat"],"picked":"bronze:Frontload","floor":3.0},{"not_picked":["bronze:Overheat","bronze:CutThrough"],"picked":"bronze:FollowUp","floor":4.0},{"not_picked":["bronze:BronzeArmor","bronze:MaxOutput"],"picked":"bronze:Philosophize","floor":5.0},{"not_picked":["bronze:WildBeam","bronze:NullPointer","bronze:Turbo"],"picked":"SKIP","floor":6.0},{"not_picked":["bronze:Virus","bronze:Invalidate"],"picked":"bronze:DelayedGuard","floor":9.0},{"not_picked":["bronze:CloningBeam","bronze:DelayedGuard"],"picked":"bronze:Deprecate","floor":10.0},{"not_picked":["bronze:MaxOutput","bronze:Deprecate"],"picked":"bronze:DelayedSlice","floor":11.0},{"not_picked":["bronze:Deprecate","bronze:Overheat"],"picked":"bronze:Constructor","floor":12.0},{"not_picked":["bronze:ClassDefault","bronze:BuggyMess"],"picked":"bronze:Optimize","floor":14.0},{"not_picked":["bronze:DelayedGuard","bronze:WildBeam"],"picked":"bronze:ChosenStrike","floor":15}],"player_experience":1824965,"relics_obtained":[{"floor":10.0,"key":"MealTicket"},{"floor":14.0,"key":"CaptainsWheel"}],"event_choices":[],"is_beta":false,"boss_relics":[],"items_purged_floors":[],"is_endless":false,"potions_floor_spawned":[5,10,11,14,15],"killed_by":"DF_ARCHETYPE_STREAMLINE","ascension_level":6}}