{"host":"vohenq18pmg6jboc","time":1611308601,"event":{"mods":["100% Spire Juice","Arknights The Spire","Bard","BaseMod","Chen","Downfall","Gremlin Mod","GungeonMod","Hermit","Koishi","Lobotomy","LobotomyExtend","Marisa¡]Ãú«B¡@Å]²z¨F¡^","Minty Spire (QoL Compilation)","Relic Stats","Remilia¡]Á¢¦Ì²ú?¡^","StSLib","The Administrix","The Bug Knight","The Cursed","The Hierophant","The IronCluck","The Runesmith","The Servant 0.9.4","WarShipGirlsR/??¤Ö¤kR mod","Yakumo Yukari mod","Youmu¡]»î¾z§¯?¡^","Yuyuko"],"gold_per_floor":[114,74,92,107,107,107,123,137,137,137,147,147,164,176,176,274,274,286,286,286,298,317,317,317,317,317,317,337,5,5,23,23,126,126,144,154,154,5,5,5,5,5,87,104,93,108,108,118,118,118],"floor_reached":51,"language":"ZHS","playtime":5220,"items_purged":[],"score":768,"play_id":"33868bbd-5c5b-4df1-b2a4-65fbb82b3968","local_time":"20210122174321","is_ascension_mode":false,"campfire_choices":[{"data":"rmod:chargemoney","floor":6.0,"key":"SMITH"},{"data":"rmod:salvage","floor":10.0,"key":"SMITH"},{"floor":12.0,"key":"REST"},{"data":"rmod:maintain","floor":15.0,"key":"SMITH"},{"floor":23.0,"key":"REST"},{"data":"rmod:fletcher","floor":24.0,"key":"SMITH"},{"data":"rmod:robin","floor":25.0,"key":"SMITH"},{"data":"rmod:supportaircraftcarrier","floor":27.0,"key":"SMITH"},{"data":"rmod:seals","floor":32.0,"key":"SMITH"},{"data":"rmod:fletcher","floor":40.0,"key":"SMITH"},{"data":"rmod:acesubmarine","floor":47,"key":"SMITH"},{"data":"rmod:fletcher","floor":49,"key":"SMITH"}],"circlet_count":0,"master_deck":["rmod:strick+1","rmod:strick+1","rmod:strick+1","rmod:strick+1","rmod:defend+1","rmod:defend+1","rmod:defend+1","rmod:defend+1","rmod:basicallowance","rmod:maingunfire","CherryBlossoms","rmod:maintain+1","rmod:chargemoney+1","rmod:salvage+1","rmod:fletcher+1","BigBird","rmod:guardianhero","rmod:fletcher+1","OSAHOGD","rmod:victimresponsibility","rmod:desperatesituation","rmod:fletcherpendant","MeatLantern","rmod:robin+1","BigBadWolf","rmod:goodfighter","Woodsman","rmod:fletcherpendant","GalaxyChild","rmod:windflower","CurseOfTheBell","HappyTeddy","rmod:fletcherpendant+1","rmod:goodsister","rmod:fletcherpendant+1","BeautyBeast","rmod:supportaircraftcarrier+1","rmod:fletcherpendant","WallGazer","rmod:luckystar","rmod:seals+1","rmod:firesupport","Murderer","rmod:aviationdawn+1","rmod:fletcherpendant","rmod:desperatesituation","HeroicMonk","rmod:combined+1","Scorched","rmod:overbreakdown+1","rmod:overbreakdown","rmod:sl+1","rmod:acesubmarine+1","rmod:fletcherpendant","rmod:fletcher+1","Wraith","downfall:Bewildered","Rudolta","rmod:diamondstrike","DespairKnight","rmod:unsinkable+1","BlackSwan","rmod:luckystar","Yin","rmod:supportescort+1"],"relics":["rmod:firstchargereward","CogitoBucket","DemoMod:OrangeGuonStone","HellTrain","Calling Bell","Anchor","Ornamental Fan","WingedGreaves","LetterFromLob","Theresia","Bottled Lightning","Pen Nib","Cursed Key","FleshIdol","AtMidnight","Orrery","HonorFeather","Gaze_r","LaetitiaHeart","Shuriken","DemoMod:GlassGuonStoneRelic"],"acts_visited":["Exordium","TheCity","TheBeyond"],"potions_floor_usage":[50],"damage_taken":[{"damage":11.0,"enemies":"Small Slimes","floor":1.0,"turns":4.0},{"damage":17.0,"enemies":"Jaw Worm","floor":3.0,"turns":4.0},{"damage":0.0,"enemies":"2 Louse","floor":4.0,"turns":2.0},{"damage":10.0,"enemies":"Exordium Wildlife","floor":7.0,"turns":3.0},{"damage":18.0,"enemies":"Blue Slaver","floor":8.0,"turns":4.0},{"damage":22.0,"enemies":"Large Slime","floor":11.0,"turns":4.0},{"damage":0.0,"enemies":"3 Louse","floor":13.0,"turns":3.0},{"damage":0.0,"enemies":"Gremlin Gang","floor":14.0,"turns":3.0},{"damage":42.0,"enemies":"The Guardian","floor":16.0,"turns":9.0},{"damage":0.0,"enemies":"2 Thieves","floor":18.0,"turns":4.0},{"damage":52.0,"enemies":"Shell Parasite","floor":21.0,"turns":6.0},{"damage":4.0,"enemies":"Chosen and Byrds","floor":22.0,"turns":3.0},{"damage":13.0,"enemies":"3 Cultists","floor":28.0,"turns":4.0},{"damage":5.0,"enemies":"Centurion and Healer","floor":31.0,"turns":4.0},{"damage":6.0,"enemies":"Collector","floor":33.0,"turns":5.0},{"damage":16.0,"enemies":"Orb Walker","floor":35.0,"turns":5.0},{"damage":0.0,"enemies":"3 Darklings","floor":36.0,"turns":2.0},{"damage":39.0,"enemies":"Jaw Worm Horde","floor":41.0,"turns":2.0},{"damage":0.0,"enemies":"Jaw Worm Horde","floor":41.0,"turns":2.0},{"damage":11.0,"enemies":"Jaw Worm Horde","floor":44.0,"turns":2.0},{"damage":0.0,"enemies":"Spire Growth","floor":45.0,"turns":2.0},{"damage":70,"enemies":"Transient","floor":46,"turns":7},{"damage":0,"enemies":"Writhing Mass","floor":48,"turns":3},{"damage":0,"enemies":"Time Eater","floor":50,"turns":2}],"seed_played":"1454383607170151661","potions_obtained":[{"floor":1.0,"key":"Regen Potion"},{"floor":4.0,"key":"Fire Potion"},{"floor":8.0,"key":"BlessingOfTheForge"},{"floor":22.0,"key":"Strength Potion"},{"floor":31.0,"key":"FairyPotion"},{"floor":36.0,"key":"AttackPotion"},{"floor":46,"key":"bronze:BurnAndBuffPotion"}],"is_trial":false,"path_per_floor":["M","$","M","M","?","R","M","M","T","R","M","R","M","M","R","B",null,"M","?","?","M","M","R","R","R","T","R","M","$","?","M","R","B",null,"M","M","?","$","?","R","M","$","T","M","M","M","R","M","R","B",null],"character_chosen":"PRAEFECT","items_purchased":["rmod:chargemoney","rmod:seals","rmod:firesupport","Pen Nib","Orrery"],"campfire_rested":2,"item_purchase_floors":[2,29,29,29,38],"current_hp_per_floor":[64,64,47,47,72,72,62,50,50,50,34,56,56,62,62,43,75,75,75,75,34,48,70,70,70,70,70,72,72,72,67,67,69,69,69,69,69,69,69,69,69,69,69,69,69,7,69,69,69,69],"gold":118,"neow_bonus":"","is_daily":false,"chose_seed":false,"campfire_upgraded":10,"win_rate":0.0,"timestamp":1611308601,"path_taken":["M","$","M","M","?","R","M","M","T","R","M","R","M","M","R","BOSS","M","?","?","M","M","R","R","R","T","R","M","$","?","M","R","BOSS","M","M","?","$","?","R","M","?","T","M","M","M","R","M","R","BOSS"],"items_purchased_type":["Card","Card","Card","Relic","Relic"],"build_version":"2020-12-22","purchased_purges":0,"victory":true,"max_hp_per_floor":[75,75,75,75,75,75,75,75,75,75,75,75,75,75,75,75,75,75,75,75,75,75,75,75,75,75,75,72,72,72,72,72,69,69,69,69,69,69,69,69,69,69,69,69,69,69,69,69,69,69],"relic_stats":{"counters":[28,93],"Ornamental Fan":[96],"Shuriken":[7],"Pen Nib":[9],"Cursed Key":1,"obtain_stats":[{"HonorFeather":41,"DemoMod:OrangeGuonStone":9,"FleshIdol":35,"DemoMod:GlassGuonStoneRelic":1,"Pen Nib":29,"Cursed Key":34,"Gaze_r":41,"Calling Bell":17,"CogitoBucket":0,"Anchor":17,"LaetitiaHeart":41,"Ornamental Fan":17,"Shuriken":43,"AtMidnight":35,"Orrery":38,"WingedGreaves":17,"rmod:firstchargereward":0,"LetterFromLob":18,"Bottled Lightning":26,"HellTrain":11,"Theresia":21},{"HonorFeather":21,"DemoMod:OrangeGuonStone":5,"FleshIdol":19,"DemoMod:GlassGuonStoneRelic":1,"Pen Nib":15,"Cursed Key":17,"Gaze_r":22,"Calling Bell":10,"CogitoBucket":0,"Anchor":10,"LaetitiaHeart":22,"Ornamental Fan":10,"Shuriken":22,"AtMidnight":19,"Orrery":20,"WingedGreaves":10,"rmod:firstchargereward":0,"LetterFromLob":11,"Bottled Lightning":14,"HellTrain":7,"Theresia":13},{"HonorFeather":74,"DemoMod:OrangeGuonStone":17,"FleshIdol":70,"DemoMod:GlassGuonStoneRelic":4,"Pen Nib":55,"Cursed Key":64,"Gaze_r":76,"Calling Bell":37,"CogitoBucket":0,"Anchor":37,"LaetitiaHeart":76,"Ornamental Fan":37,"Shuriken":76,"AtMidnight":70,"Orrery":72,"WingedGreaves":37,"rmod:firstchargereward":0,"LetterFromLob":41,"Bottled Lightning":51,"HellTrain":22,"Theresia":48}]},"card_choices":[{"not_picked":["Bloodbath","VoidDream","SnowQueen"],"picked":"Singing Bowl","floor":1.0},{"not_picked":["VoidDream","CrumblingArmor"],"picked":"CherryBlossoms","floor":1.0},{"not_picked":["rmod:circuitoustactics","rmod:capitalist"],"picked":"rmod:maintain","floor":1.0},{"not_picked":["OldLady","BeautyBeast"],"picked":"QueenOfHatred","floor":3.0},{"not_picked":["rmod:fletcherpendant","rmod:highspeedshooting"],"picked":"rmod:salvage","floor":3.0},{"not_picked":["Yin","OldLady","ShyLook"],"picked":"Singing Bowl","floor":4.0},{"not_picked":["WallGazer","Bloodbath"],"picked":"BigBird","floor":4.0},{"not_picked":["rmod:ammunitionsupply","rmod:unsinkable"],"picked":"rmod:guardianhero","floor":4.0},{"not_picked":["WallGazer","MeatLantern"],"picked":"OSAHOGD","floor":7.0},{"not_picked":["rmod:aluminumsupply","rmod:ammunitionsupply"],"picked":"rmod:victimresponsibility","floor":7.0},{"not_picked":["Wellcheers","OldLady","LaLuna"],"picked":"Singing Bowl","floor":8.0},{"not_picked":["SingingMachine","VoidDream"],"picked":"Porccubus","floor":8.0},{"not_picked":["rmod:highspeedshooting","rmod:smokecover"],"picked":"rmod:desperatesituation","floor":8.0},{"not_picked":["Scorched","SingingMachine"],"picked":"MeatLantern","floor":11.0},{"not_picked":["rmod:supportescort","rmod:wolves"],"picked":"rmod:robin","floor":11.0},{"not_picked":["VoidDream","Murderer"],"picked":"BigBadWolf","floor":13.0},{"not_picked":["rmod:highspeedshooting","rmod:garrisonisland"],"picked":"rmod:goodfighter","floor":13.0},{"not_picked":["Murderer","LaLuna"],"picked":"Woodsman","floor":14.0},{"not_picked":["rmod:advancebysurprise","rmod:capitalist"],"picked":"rmod:fletcherpendant","floor":14.0},{"not_picked":["Funeral","Porccubus"],"picked":"GalaxyChild","floor":16.0},{"not_picked":["rmod:desperatesituation","rmod:timeschanged"],"picked":"rmod:windflower","floor":16.0},{"not_picked":["CrumblingArmor","UniverseFragment","Variant"],"picked":"Singing Bowl","floor":18.0},{"not_picked":["OldLady","SpiderBud"],"picked":"HappyTeddy","floor":18.0},{"not_picked":["rmod:supportescort","rmod:ammunitionsupply"],"picked":"rmod:fletcherpendant+1","floor":18.0},{"not_picked":["FieryBird","Alriune"],"picked":"Mercenary","floor":21.0},{"not_picked":["rmod:royalracing","rmod:diaomin"],"picked":"rmod:luckystar","floor":21.0},{"not_picked":["Scarecrow","SpiderBud","DespairKnight"],"picked":"Singing Bowl","floor":22.0},{"not_picked":["Porccubus","MHz"],"picked":"BeautyBeast","floor":22.0},{"not_picked":["rmod:steelsupply","rmod:wolves"],"picked":"rmod:supportaircraftcarrier","floor":22.0},{"not_picked":["NothingThere","Bloodbath","ShyLook"],"picked":"Singing Bowl","floor":28.0},{"not_picked":["Scorched","MHz"],"picked":"WallGazer","floor":28.0},{"not_picked":["rmod:overbreakdown","rmod:steelsupply"],"picked":"rmod:luckystar","floor":28.0},{"not_picked":["NakedNest","CrumblingArmor","SingingMachine"],"picked":"Singing Bowl","floor":31.0},{"not_picked":["Scarecrow","FairyFestival"],"picked":"Murderer","floor":31.0},{"not_picked":["rmod:combined","rmod:tearstotiara"],"picked":"rmod:aviationdawn+1","floor":31.0},{"not_picked":["LongBird","Alriune"],"picked":"Freischutz","floor":33.0},{"not_picked":["rmod:auspiciousomen","rmod:saltedfish"],"picked":"rmod:desperatesituation","floor":33.0},{"not_picked":["MHz","SnowQueen"],"picked":"HeroicMonk","floor":35.0},{"not_picked":["rmod:highspeedshooting","rmod:ring"],"picked":"rmod:combined+1","floor":35.0},{"not_picked":["Bloodbath","BlackArmy"],"picked":"Scorched","floor":36.0},{"not_picked":["rmod:fuelsupply","rmod:wife+1"],"picked":"rmod:overbreakdown+1","floor":36.0},{"not_picked":["rmod:auspiciousomen","rmod:fuelsupply"],"picked":"rmod:overbreakdown","floor":38.0},{"not_picked":["rmod:spoils+1","rmod:highspeedshooting"],"picked":"rmod:sl+1","floor":38.0},{"not_picked":["rmod:intelligenceanalysis","rmod:smokecover"],"picked":"rmod:acesubmarine","floor":38.0},{"not_picked":["rmod:advancebysurprise+1","rmod:tearstotiara"],"picked":"rmod:fletcherpendant","floor":38.0},{"not_picked":["rmod:diaomin+1","rmod:tearstotiara"],"picked":"rmod:fletcher","floor":38.0},{"not_picked":["DespairKnight","UniverseFragment"],"picked":"Rudolta","floor":44.0},{"not_picked":["rmod:aluminumsupply","rmod:tearstotiara+1"],"picked":"rmod:diamondstrike","floor":44.0},{"not_picked":["Wellcheers","ShyLook","Laetitia"],"picked":"Singing Bowl","floor":45.0},{"not_picked":["Laetitia","CrumblingArmor"],"picked":"DespairKnight","floor":45.0},{"not_picked":["rmod:aluminumsupply+1","rmod:ridicule"],"picked":"rmod:unsinkable+1","floor":45.0},{"not_picked":["Alriune","Freischutz"],"picked":"BlackSwan","floor":46},{"not_picked":["rmod:fuelsupply","rmod:firesupport"],"picked":"rmod:luckystar","floor":46},{"not_picked":["NakedNest","RedShoes"],"picked":"Yin","floor":48},{"not_picked":["rmod:luckystar","rmod:intelligenceanalysis+1"],"picked":"rmod:supportescort+1","floor":48}],"player_experience":104060,"relics_obtained":[{"floor":9.0,"key":"DemoMod:OrangeGuonStone"},{"floor":17.0,"key":"Anchor"},{"floor":17.0,"key":"Ornamental Fan"},{"floor":17.0,"key":"WingedGreaves"},{"floor":18.0,"key":"LetterFromLob"},{"floor":26.0,"key":"Bottled Lightning"},{"floor":35.0,"key":"AtMidnight"},{"floor":43.0,"key":"Shuriken"}],"event_choices":[{"damage_healed":25.0,"max_hp_gain":0.0,"max_hp_loss":0.0,"gold_gain":0.0,"event_name":"Big Fish","player_choice":"Banana","floor":5.0,"gold_loss":0.0,"damage_taken":0.0},{"damage_healed":0.0,"max_hp_gain":0.0,"max_hp_loss":0.0,"gold_gain":0.0,"event_name":"Back to Basics","player_choice":"Simplicity","floor":19.0,"gold_loss":0.0,"damage_taken":0.0,"cards_upgraded":["rmod:strick","rmod:strick","rmod:strick","rmod:strick","rmod:defend","rmod:defend","rmod:defend","rmod:defend"]},{"damage_healed":0.0,"max_hp_gain":0.0,"max_hp_loss":0.0,"gold_gain":0.0,"event_name":"The Library","player_choice":"Read","floor":20.0,"gold_loss":0.0,"damage_taken":0.0,"cards_obtained":["rmod:goodsister"]},{"damage_healed":0.0,"max_hp_gain":0.0,"max_hp_loss":0.0,"gold_gain":0.0,"event_name":"OrinTheCat","player_choice":"Ignored","floor":39.0,"gold_loss":0.0,"damage_taken":0.0}],"is_beta":false,"boss_relics":[{"not_picked":["Tiny House","Coffee Dripper"],"picked":"Calling Bell"},{"not_picked":["Sozu","Runesmith:UraniumAnvil"],"picked":"Cursed Key"}],"items_purged_floors":[],"is_endless":false,"potions_floor_spawned":[1,4,8,22,31,36,41,41,46],"ascension_level":0}}