{"host":"ogu62mnru5djd3ck","time":1611350222,"event":{"mods":["AchievementEnabler","Act Like it!","BaseMod","Better Skull","Colored Map","Colored Powertips","Custom Start","Downfall","GifTheSpireLib","Gold Saver","Highlight Path","Minty Spire (QoL Compilation)","Rare Cards Sparkle","SOS???????","StSLib","Steal the Spire","The Wild Card"],"gold_per_floor":[895,913,926,946,946,959,986,1003,1003,1017,1028,1028,1039,1139,1157,1255,1255,1255,1274,1274,1293,1303,1303,1303,1253,644,644,644,658,658,218,228,331,331,331,348,398,411,462,462,489,509,527,527,527,527],"floor_reached":44,"language":"ENG","playtime":4366,"items_purged":[],"score":456,"play_id":"36d7d2e4-661e-4653-8f48-8becd02ce4ee","local_time":"20210122221702","is_ascension_mode":false,"campfire_choices":[{"data":"champ:Taunt","floor":1,"key":"SMITH"},{"floor":9,"key":"REST"},{"data":"champ:HeartStrike","floor":12,"key":"SMITH"},{"data":"champ:LastStand","floor":18,"key":"SMITH"},{"floor":23,"key":"REST"},{"data":"champ:StrikeOfGenius","floor":27,"key":"SMITH"},{"data":"champ:Parry","floor":30,"key":"SMITH"},{"data":"champ:Duel","floor":35,"key":"SMITH"},{"data":"champ:DeathBlow","floor":40,"key":"SMITH"}],"circlet_count":0,"master_deck":["champ:Defend","champ:Defend","champ:Defend","champ:Defend","champ:Execute","champ:Taunt+1","champ:AdrenalArmor","champ:GladiatorStyle","Iron Wave","champ:Lariat","champ:FlashCut","champ:HeartStrike+1","champ:Duel+1","champ:GutPunch","champ:GladiatorStyle","champ:LastStand+1","champ:BringItOn","champ:Parry+1","champ:Backstep","champ:FancyFootwork","champ:StrikeOfGenius+1","champ:DeathBlow+1","champ:PreemptiveStrike","Bite","Bite","Bite","Bite","Bite","champ:Endure+1","champ:SwordThrow","expansioncontent:GuardianWhirl","champ:Shatter+1","champ:StrikeOfGenius+1","champ:Backstep+1","champ:IgnorePain+1","champ:SetATrap+1","Parasite","champ:Circumvent+1","champ:FocusedBerserking+1"],"relics":["champ:ChampionCrownUpgraded","Vajra","CloakClasp","TungstenRod","Turnip","Orrery","Membership Card","Regal Pillow","Art of War","Astrolabe","Du-Vu Doll","Dream Catcher","PreservedInsect"],"acts_visited":["Exordium","TheCity","TheBeyond"],"potions_floor_usage":[8,14,14,14,14,14,16,16,33],"damage_taken":[{"damage":10,"enemies":"Jaw Worm","floor":2,"turns":5},{"damage":15,"enemies":"Cultist","floor":3,"turns":5},{"damage":10,"enemies":"2 Louse","floor":4,"turns":3},{"damage":57,"enemies":"Exordium Thugs","floor":6,"turns":10},{"damage":25,"enemies":"2 Fungi Beasts","floor":8,"turns":4},{"damage":26,"enemies":"Large Slime","floor":10,"turns":7},{"damage":5,"enemies":"Blue Slaver","floor":11,"turns":3},{"damage":38,"enemies":"Gremlin Gang","floor":13,"turns":6},{"damage":87,"enemies":"Gremlin Gang","floor":14,"turns":8},{"damage":16,"enemies":"3 Louse","floor":15,"turns":4},{"damage":57,"enemies":"WA_ARCHETYPE_RETAIN","floor":16,"turns":13},{"damage":35,"enemies":"Chosen","floor":19,"turns":4},{"damage":79,"enemies":"Chosen and Byrds","floor":21,"turns":9},{"damage":61,"enemies":"Sentry and Sphere","floor":22,"turns":6},{"damage":33,"enemies":"downfall:FleeingMerchant","floor":26,"turns":4},{"damage":42,"enemies":"Centurion and Healer","floor":29,"turns":8},{"damage":4,"enemies":"downfall:FleeingMerchant","floor":31,"turns":4},{"damage":38,"enemies":"Chosen and Byrds","floor":32,"turns":6},{"damage":122,"enemies":"IC_MUSHROOM_ARCHETYPE","floor":33,"turns":12},{"damage":30,"enemies":"3 Darklings","floor":36,"turns":5},{"damage":33,"enemies":"3 Darklings","floor":37,"turns":8},{"damage":20,"enemies":"Orb Walker","floor":38,"turns":2},{"damage":85,"enemies":"Writhing Mass","floor":42,"turns":9},{"damage":64,"enemies":"Transient","floor":43,"turns":5},{"damage":27,"enemies":"Maw","floor":44,"turns":5}],"seed_played":"-1702028365632245272","potions_obtained":[{"floor":4,"key":"PowerPotion"},{"floor":6,"key":"Explosive Potion"},{"floor":11,"key":"EntropicBrew"},{"floor":13,"key":"champ:TechniquePotion"},{"floor":15,"key":"Regen Potion"},{"floor":29,"key":"SkillPotion"},{"floor":33,"key":"hexamod:SoulburnPotion"},{"floor":36,"key":"Ancient Potion"},{"floor":37,"key":"Strength Potion"},{"floor":38,"key":"Strength Potion"}],"is_trial":false,"path_per_floor":["R","M","M","M","?","M","T","M","R","M","M","R","M","?","M","B",null,"R","M","?","M","M","R","T","?","$","R","?","M","R","$","M","B",null,"R","M","?","M","T","R","T","M","M","M"],"character_chosen":"THE_CHAMP","items_purchased":["Turnip","Blood Vial","Orrery","Membership Card","Regal Pillow","Art of War","champ:SwordThrow","expansioncontent:GuardianWhirl"],"campfire_rested":2,"item_purchase_floors":[26,26,26,31,31,31,31,31],"current_hp_per_floor":[99,99,94,94,94,72,72,67,96,90,85,85,72,55,54,32,99,99,99,99,50,39,68,68,99,99,99,99,88,88,93,83,15,99,99,88,78,83,83,83,83,56,13,0,0,0],"gold":527,"neow_bonus":"TEN_PERCENT_HP_BONUS","is_daily":false,"chose_seed":false,"campfire_upgraded":7,"win_rate":0.0,"timestamp":1611350222,"path_taken":["R","M","M","M","?","?","T","M","R","M","M","R","M","?","M","BOSS","R","M","?","M","?","R","T","?","$","R","?","M","R","$","M","BOSS","R","M","?","M","?","R","T","M","M","?"],"items_purchased_type":["Relic","Relic","Relic","Relic","Relic","Relic","Card","Card"],"build_version":"2020-12-22","purchased_purges":0,"victory":false,"max_hp_per_floor":[99,99,99,99,99,99,99,99,99,99,99,99,99,99,99,99,99,99,99,99,99,99,99,99,99,99,99,99,99,99,99,99,99,99,99,99,99,99,99,99,99,99,99,99,99,99],"card_choices":[{"not_picked":["champ:GutPunch","champ:Shatter"],"picked":"champ:ShieldSlam","floor":2},{"not_picked":["champ:GutPunch","champ:TornadoPunch"],"picked":"champ:AdrenalArmor","floor":3},{"not_picked":["champ:Haymaker","champ:CrownThrow"],"picked":"champ:GladiatorStyle","floor":4},{"not_picked":["champ:CrownThrow","champ:TornadoPunch"],"picked":"champ:Lariat","floor":6},{"not_picked":["champ:SteelEdge","champ:BerserkersShout"],"picked":"champ:FlashCut","floor":8},{"not_picked":["champ:Haymaker","champ:DeathBlow"],"picked":"champ:HeartStrike","floor":10},{"not_picked":["champ:AdrenalArmor","champ:EnGarde"],"picked":"champ:Duel","floor":11},{"not_picked":["champ:CrookedStrike","champ:PerfectedStrike","champ:Haymaker"],"picked":"SKIP","floor":13},{"not_picked":["champ:FanOfKnives","champ:HeartStrike"],"picked":"champ:GutPunch","floor":14},{"not_picked":["champ:RisingSlash","champ:Duel"],"picked":"champ:GladiatorStyle","floor":15},{"not_picked":["champ:Improvising","champ:VampiricStrike"],"picked":"champ:LastStand","floor":16},{"not_picked":["champ:DefensiveShout","champ:BladeFlurry"],"picked":"champ:Shatter","floor":19},{"not_picked":["champ:GladiatorStyle","champ:CrownThrow+1"],"picked":"champ:BringItOn","floor":21},{"not_picked":["champ:Haymaker","champ:BladeFlurry"],"picked":"champ:Parry","floor":22},{"not_picked":["champ:EnragedBash","champ:EnGarde+1"],"picked":"champ:Backstep","floor":26},{"not_picked":["champ:FanOfKnives","champ:DefensiveShout+1"],"picked":"champ:FancyFootwork","floor":26},{"not_picked":["champ:PerfectedStrike","champ:AdrenalArmor"],"picked":"champ:StrikeOfGenius","floor":26},{"not_picked":["champ:AdrenalArmor","champ:Devastate"],"picked":"champ:DeathBlow","floor":26},{"not_picked":["champ:CrownThrow","champ:StanceDance"],"picked":"champ:PreemptiveStrike","floor":26},{"not_picked":["champ:Shatter","champ:BerserkersShout"],"picked":"champ:PreciseThrust","floor":26},{"not_picked":["champ:BringItOn","champ:AdrenalArmor","champ:PerfectedStrike"],"picked":"SKIP","floor":29},{"not_picked":["champ:SetATrap","champ:AdrenalArmor"],"picked":"champ:Endure+1","floor":31},{"not_picked":["champ:FlashCut","champ:FancyFootwork"],"picked":"champ:Shatter+1","floor":32},{"not_picked":["champ:CheapShot","champ:HeavySlash"],"picked":"champ:ShieldThrow","floor":33},{"not_picked":["champ:PreciseThrust","champ:RapidStrikes","champ:Encircle"],"picked":"SKIP","floor":36},{"not_picked":["champ:FanOfKnives","champ:PerfectedStrike"],"picked":"champ:SetATrap+1","floor":37},{"not_picked":["champ:ArenaPreparation","champ:Haymaker","champ:GladiatorStyle+1"],"picked":"SKIP","floor":38},{"not_picked":["champ:DefensiveShout+1","champ:GutPunch+1"],"picked":"champ:Circumvent+1","floor":42},{"not_picked":["champ:AdrenalArmor+1","champ:Encircle+1"],"picked":"champ:FocusedBerserking+1","floor":43}],"player_experience":144962,"relics_obtained":[{"floor":7,"key":"Vajra"},{"floor":14,"key":"CloakClasp"},{"floor":24,"key":"TungstenRod"},{"floor":37,"key":"Du-Vu Doll"},{"floor":39,"key":"Dream Catcher"},{"floor":41,"key":"PreservedInsect"}],"event_choices":[{"cards_removed":["champ:ShieldSlam"],"damage_healed":0,"gold_gain":0,"player_choice":"Took Card","damage_taken":0,"max_hp_gain":0,"max_hp_loss":0,"event_name":"NoteForYourself","floor":5,"gold_loss":0,"cards_obtained":["Iron Wave"]},{"cards_removed":["champ:Strike"],"damage_healed":0,"gold_gain":0,"player_choice":"Card Removal","damage_taken":0,"max_hp_gain":0,"max_hp_loss":0,"event_name":"Wheel of Change","floor":20,"gold_loss":0},{"damage_healed":0,"gold_gain":0,"player_choice":"Became a vampire (Vial)","damage_taken":0,"max_hp_gain":0,"max_hp_loss":0,"event_name":"Vampires","floor":28,"relics_lost":["Blood Vial"],"gold_loss":0,"cards_obtained":["Bite","Bite","Bite","Bite","Bite"]}],"is_beta":false,"boss_relics":[{"not_picked":["Black Star","SlaversCollar"],"picked":"champ:ChampionCrownUpgraded"},{"not_picked":["Snecko Eye","Runic Pyramid"],"picked":"Astrolabe"}],"items_purged_floors":[],"is_endless":false,"potions_floor_spawned":[4,6,11,13,15,29,33,36,37,38],"killed_by":"Maw","ascension_level":0}}