{"host":"7f01flv6y0vhl3vt","time":1611329338,"event":{"mods":["Act Like it!","BaseMod","Downfall","Minty Spire (QoL Compilation)","StSLib"],"gold_per_floor":[199,215,215,215,235,135,162,176,188,213,113,124,141,141,160,255,255,255,8,20,38,23,23,23,53,73,83,83,83,83],"floor_reached":28,"language":"ENG","playtime":6419,"items_purged":["downfall:Malfunctioning"],"score":267,"play_id":"facc57cc-69d7-41f2-9799-4d5d7af0a27e","local_time":"20210122102858","is_ascension_mode":false,"campfire_choices":[{"floor":1.0,"key":"RECALL"},{"data":"champ:Duel","floor":6.0,"key":"SMITH"},{"floor":11.0,"key":"REST"},{"data":"champ:CheapShot","floor":18.0,"key":"SMITH"}],"circlet_count":0,"master_deck":["champ:Strike","champ:Strike","champ:Strike","champ:Strike","champ:Defend","champ:Defend","champ:Defend","champ:Defend","champ:Execute+1","champ:Taunt","champ:PreemptiveStrike+1","champ:Duel+1","champ:Encircle","champ:CheapShot+1","champ:ShieldSigil","champ:PreemptiveStrike","champ:FocusedDefense","champ:MurderStrike","champ:SwordThrow","champ:GutPunch","champ:PreemptiveStrike","champ:Haymaker+1","champ:SetATrap","champ:FlashCut","champ:EndlessRage","champ:Circumvent"],"relics":["champ:ChampionCrown","Shuriken","downfall:HeartBlessingRed","Pear","downfall:HeartBlessingBlue","Busted Crown","Orichalcum","Ornamental Fan","Art of War"],"acts_visited":[],"potions_floor_usage":[25,26],"damage_taken":[{"damage":15.0,"enemies":"Jaw Worm","floor":2.0,"turns":6.0},{"damage":15.0,"enemies":"Small Slimes","floor":5.0,"turns":4.0},{"damage":10.0,"enemies":"Cultist","floor":8.0,"turns":3.0},{"damage":46.0,"enemies":"Gremlin Gang","floor":9.0,"turns":6.0},{"damage":28.0,"enemies":"Lagavulin","floor":10.0,"turns":6.0},{"damage":10.0,"enemies":"2 Fungi Beasts","floor":12.0,"turns":3.0},{"damage":21.0,"enemies":"Lots of Slimes","floor":13.0,"turns":6.0},{"damage":0.0,"enemies":"Red Slaver","floor":15.0,"turns":4.0},{"damage":31.0,"enemies":"DF_ARCHETYPE_STREAMLINE","floor":16.0,"turns":9.0},{"damage":15.0,"enemies":"downfall:FleeingMerchant","floor":19.0,"turns":5.0},{"damage":61,"enemies":"3 Byrds","floor":20,"turns":6},{"damage":32,"enemies":"Snecko","floor":21,"turns":5},{"damage":20,"enemies":"downfall:FleeingMerchant","floor":22,"turns":5},{"damage":82,"enemies":"Slavers","floor":25,"turns":7},{"damage":4,"enemies":"Cultist and Chosen","floor":26,"turns":4},{"damage":22,"enemies":"Snake Plant","floor":27,"turns":4},{"damage":26,"enemies":"Book of Stabbing","floor":28,"turns":3}],"seed_played":"-1838573731301627468","potions_obtained":[{"floor":8.0,"key":"sneckomod:MuddlingPotion"},{"floor":10.0,"key":"Block Potion"},{"floor":13.0,"key":"Energy Potion"},{"floor":14.0,"key":"downfall:CursedFountainPotion"},{"floor":16.0,"key":"FairyPotion"},{"floor":20,"key":"Guardian:BlockOnCardUsePotion"},{"floor":25,"key":"hexamod:SoulburnPotion"}],"is_trial":false,"path_per_floor":["R","M","?","?","M","R","T","M","M","E","R","M","M","?","M","B",null,"R","$","M","M","$","?","T","E","M","M","E"],"character_chosen":"THE_CHAMP","items_purchased":["Orichalcum"],"campfire_rested":1,"item_purchase_floors":[19],"current_hp_per_floor":[90,90,83,83,78,78,78,78,42,39,82,72,51,51,51,45,110,110,105,84,67,57,57,57,33,29,17,0,0,0],"gold":83,"neow_bonus":"HUNDRED_GOLD","is_daily":false,"chose_seed":false,"campfire_upgraded":2,"win_rate":0.0,"timestamp":1611329338,"path_taken":["R","M","?","?","?","R","T","M","?","E","R","M","M","?","M","BOSS","R","?","M","M","$","?","T","E","M","M","E"],"items_purchased_type":["Relic"],"build_version":"2020-12-22","purchased_purges":1,"victory":false,"max_hp_per_floor":[90,90,90,90,90,90,90,90,90,100,110,110,110,110,110,110,110,110,110,110,110,110,110,110,110,110,110,110,110,110],"card_choices":[{"not_picked":["champ:ShieldSlam","champ:CrownThrow"],"picked":"champ:PreemptiveStrike","floor":2.0},{"not_picked":["champ:DefensiveShout","champ:RisingSlash"],"picked":"champ:Duel","floor":5.0},{"not_picked":["champ:PerfectedStrike","champ:DefensiveShout"],"picked":"champ:Encircle","floor":8.0},{"not_picked":["champ:EnGarde","champ:ShieldSigil"],"picked":"champ:CheapShot","floor":9.0},{"not_picked":["champ:BerserkersShout","champ:EnGarde"],"picked":"champ:ShieldSigil","floor":10.0},{"not_picked":["champ:TornadoPunch","champ:DefensiveShout"],"picked":"champ:PreemptiveStrike","floor":12.0},{"not_picked":["champ:BringItOn","champ:GutPunch"],"picked":"champ:FocusedDefense","floor":13.0},{"not_picked":["champ:Haymaker","champ:PerfectedStrike"],"picked":"champ:MurderStrike","floor":15.0},{"not_picked":["champ:GladiatorForm","champ:HoldFirm"],"picked":"champ:SwordThrow","floor":16.0},{"not_picked":[],"picked":"champ:GutPunch","floor":19.0},{"not_picked":[],"picked":"champ:PreemptiveStrike","floor":20},{"not_picked":[],"picked":"champ:Haymaker+1","floor":21},{"not_picked":[],"picked":"champ:SetATrap","floor":22},{"not_picked":[],"picked":"champ:FlashCut","floor":25},{"not_picked":[],"picked":"champ:EndlessRage","floor":26},{"not_picked":[],"picked":"champ:Circumvent","floor":27}],"player_experience":1343377,"relics_obtained":[{"floor":10.0,"key":"Pear"},{"floor":24,"key":"Ornamental Fan"},{"floor":25,"key":"Art of War"}],"event_choices":[{"damage_healed":0.0,"max_hp_gain":0.0,"max_hp_loss":0.0,"gold_gain":0.0,"event_name":"Scrap Ooze","player_choice":"Success","floor":3.0,"gold_loss":0.0,"damage_taken":7.0,"relics_obtained":["Shuriken"]},{"damage_healed":0,"gold_gain":0,"player_choice":"Ignored","damage_taken":0,"max_hp_gain":0,"max_hp_loss":0,"event_name":"Vampires","floor":23,"gold_loss":0}],"is_beta":false,"boss_relics":[{"not_picked":["Runic Dome","Black Star"],"picked":"Busted Crown"}],"items_purged_floors":[19],"is_endless":false,"potions_floor_spawned":[8,10,13,16,20,25],"killed_by":"Book of Stabbing","ascension_level":0}}