{"host":"ni5mix2lh3q94rpg","time":1611341656,"event":{"mods":["AchievementEnabler","Act Like it!","BaseMod","Better Altar","Better Note","Better Silent Start","Better Skull","Better Third Choice","Better Vampires","Card Forge","Colored Map","Colored Powertips","Custom Start","Displayed Cursed Tome","Gensokyo","GifTheSpireLib","Hermit","Highlight Path","Marisa????????","Minty Spire (QoL Compilation)","Remilia??????","Shop Mod","StSLib","The Cursed","The Servant 0.9.4","Transform Curses","everything is the same but u backflip on backflip","slay the spire mod where everything is the same but ironclad has a cowboy hat"],"gold_per_floor":[118,118,153,153,153,185,200,48,103,138,372,396,148,160,160,264,264,284,299,101,113,133,364,364,364,364,390,406,506,521,546,546,646,655,674,998,596,621,648,881,881,800,800,800,540,557,587,83,83,83],"floor_reached":51,"language":"ENG","playtime":3490,"items_purged":[],"score":1265,"play_id":"15734e98-fcd8-466c-bf20-c80ef1abe274","local_time":"20210122215416","is_ascension_mode":true,"campfire_choices":[{"data":"hermit:ShadowCloak","floor":15.0,"key":"SMITH"},{"data":"hermit:WideOpen","floor":25.0,"key":"SMITH"},{"data":"1","floor":32,"key":"LIFT"},{"data":"2","floor":41,"key":"LIFT"},{"data":"3","floor":44,"key":"LIFT"},{"data":"hermit:ShadowCloak","floor":49,"key":"SMITH"}],"circlet_count":0,"master_deck":["hermit:HoleUp+1","hermit:HoleUp+1","hermit:Desperado","hermit:WideOpen+1","hermit:Desperado","hermit:ShadowCloak+1","hermit:Reprieve","hermit:FinalCanter","hermit:ShadowCloak+1","CurseOfTheBell","VampireFantasy+1","hermit:HeroicBravado","Gensokyo:CustomPotion","Pummel","hermit:Horror+1"],"relics":["hermit:Momento","Hammer of Thor","Seething Fire","Anvil of the Gods","NeowsBlessing","Gensokyo:YoukaiFlower","AntiCross","Medical Kit","Dream Catcher","Happy Flower","hermit:Horseshoe","Philosopher\u0027s Stone","Eternal Feather","Gensokyo:SongOfSouls","White Beast Statue","StoneCalendar","Mercury Hourglass","Peace Pipe","Girya","Pantograph","Lizard Tail","MealTicket","OrangePellets","PrismaticShard","Akabeko","PreservedInsect","Toxic Egg 2","Art of War","MerchantsRug","Singing Bowl","Du-Vu Doll","Vajra"],"acts_visited":["Exordium","Gensokyo:Gensokyo","Gensokyo:Gensokyoer"],"potions_floor_usage":[40],"damage_taken":[{"damage":0.0,"enemies":"Gensokyo:Gryphon","floor":1.0,"turns":1.0},{"damage":0.0,"enemies":"Gensokyo:Cirno","floor":3.0,"turns":2.0},{"damage":0.0,"enemies":"Gensokyo:Cirno","floor":6.0,"turns":2.0},{"damage":0.0,"enemies":"Gensokyo:3_Fairies","floor":7.0,"turns":3.0},{"damage":8.0,"enemies":"Gensokyo:Mamizou","floor":10.0,"turns":4.0},{"damage":0.0,"enemies":"Gensokyo:Python","floor":12.0,"turns":1.0},{"damage":0.0,"enemies":"Gensokyo:LivingMonolith","floor":14.0,"turns":1.0},{"damage":0.0,"enemies":"Gensokyo:Yukari","floor":16.0,"turns":9.0},{"damage":0.0,"enemies":"Gensokyo:CosmicMonolith","floor":18.0,"turns":5.0},{"damage":0.0,"enemies":"Gensokyo:2_Gloops","floor":19.0,"turns":3.0},{"damage":13.0,"enemies":"Gensokyo:Monolith_and_Dog","floor":21.0,"turns":6.0},{"damage":3.0,"enemies":"Gensokyo:3_Gloops","floor":22.0,"turns":6.0},{"damage":27.0,"enemies":"Gensokyo:Tenshi","floor":23.0,"turns":5.0},{"damage":2,"enemies":"Gensokyo:Reisen","floor":27,"turns":7},{"damage":2,"enemies":"Gensokyo:Chomper_and_Gloop","floor":28,"turns":3},{"damage":0,"enemies":"Gensokyo:Chomper_and_Gloop","floor":29,"turns":7},{"damage":3,"enemies":"Gensokyo:Wraith","floor":30,"turns":3},{"damage":18,"enemies":"Gensokyo:Koishi","floor":31,"turns":4},{"damage":17,"enemies":"Gensokyo:Eternal_Rivals","floor":33,"turns":8},{"damage":12,"enemies":"Gensokyo:3_Boulders","floor":35,"turns":6},{"damage":0,"enemies":"Gensokyo:AncientGuardian","floor":38,"turns":6},{"damage":16,"enemies":"Gensokyo:Rafflesia","floor":39,"turns":5},{"damage":0,"enemies":"Gensokyo:Kasen","floor":40,"turns":8},{"damage":0,"enemies":"Gensokyo:SeedOfUnknown","floor":46,"turns":3},{"damage":0,"enemies":"Gensokyo:Doremy","floor":47,"turns":4},{"damage":2,"enemies":"Gensokyo:Shinki","floor":50,"turns":8}],"seed_played":"-1893592720497710276","potions_obtained":[{"floor":3.0,"key":"hermit:Tonic"},{"floor":6.0,"key":"CultistPotion"},{"floor":10.0,"key":"hermit:Tonic"},{"floor":16.0,"key":"hermit:Tonic"},{"floor":22.0,"key":"Dexterity Potion"},{"floor":27,"key":"DuplicationPotion"},{"floor":28,"key":"AttackPotion"},{"floor":30,"key":"hermit:Tonic"},{"floor":40,"key":"hermit:Tonic"}],"is_trial":false,"path_per_floor":["M","?","?","$","?","E","M","$","T","E","?","M","$","M","R","B",null,"M","M","COS","M","M","E","?","R","T","E","M","?","M","E","R","B",null,"M","?","COS","M","M","E","R","?","T","R","$","M","E","$","R","B",null],"character_chosen":"HERMIT","items_purchased":["Medical Kit","hermit:Horseshoe","Art of War","Cauldron","MerchantsRug","Du-Vu Doll","Vajra","hermit:Horror+1"],"campfire_rested":0,"item_purchase_floors":[8,13,45,45,45,48,48,48],"current_hp_per_floor":[68,68,68,68,68,68,68,68,68,60,32,32,32,32,32,32,64,68,72,72,59,68,41,41,47,47,53,59,75,72,54,57,52,69,73,45,45,57,49,69,75,75,75,75,75,75,77,77,77,75],"gold":83,"neow_bonus":"THREE_ENEMY_KILL","is_daily":false,"chose_seed":false,"campfire_upgraded":3,"win_rate":0.0,"timestamp":1611341656,"path_taken":["M","?","?","?","?","E","?","?","T","E","?","M","$","?","R","BOSS","M","M","COS","M","M","E","?","R","T","E","M","?","M","E","R","BOSS","M","?","COS","M","?","E","R","?","T","R","$","M","E","?","R","BOSS"],"items_purchased_type":["Relic","Relic","Relic","Relic","Relic","Relic","Relic","Card"],"build_version":"2020-12-22","purchased_purges":0,"victory":true,"max_hp_per_floor":[75,75,75,75,75,75,75,75,75,75,75,75,75,75,75,75,75,75,75,75,75,75,75,75,75,75,75,75,75,75,75,75,75,75,75,75,75,75,75,75,75,75,75,75,75,75,77,77,77,77],"card_choices":[{"not_picked":["hermit:Deadeye","hermit:Feint"],"picked":"hermit:Desperado","floor":1.0},{"not_picked":["hermit:ShadowCloak","hermit:TrackingShot"],"picked":"hermit:WideOpen","floor":3.0},{"not_picked":["hermit:FromBeyond","hermit:CalledShot","hermit:Vantage"],"picked":"SKIP","floor":6.0},{"not_picked":["hermit:Vantage","hermit:PistolWhip","hermit:LowProfile"],"picked":"SKIP","floor":7.0},{"not_picked":["hermit:Combo","hermit:Quickdraw","hermit:Roulette"],"picked":"SKIP","floor":10.0},{"not_picked":["hermit:SprayPray","hermit:Shortfuse","hermit:Quickdraw"],"picked":"SKIP","floor":12.0},{"not_picked":["hermit:NoHoldsBarred","hermit:Desperado"],"picked":"hermit:ShadowCloak","floor":14.0},{"not_picked":["hermit:Purgatory","hermit:Magnum"],"picked":"hermit:Reprieve","floor":16.0},{"not_picked":["hermit:Dive","hermit:WideOpen+1","hermit:Maintenance"],"picked":"SKIP","floor":18.0},{"not_picked":["hermit:SprayPray","hermit:HoleUp+1","hermit:Virtue"],"picked":"SKIP","floor":19.0},{"not_picked":["hermit:GoldenBullet","hermit:Midnight","hermit:Glare"],"picked":"SKIP","floor":21.0},{"not_picked":["hermit:EternalForm","hermit:FatalDesire"],"picked":"hermit:FinalCanter","floor":22.0},{"not_picked":["hermit:SprayPray+1","hermit:Coalescence+1"],"picked":"hermit:ShadowCloak","floor":22.0},{"not_picked":["hermit:Misfire","hermit:Desperado","hermit:Coalescence"],"picked":"SKIP","floor":23.0},{"not_picked":["hermit:Shortfuse","hermit:GhostlyPresence","hermit:Snipe+1"],"picked":"SKIP","floor":27},{"not_picked":["hermit:Ricochet+1","hermit:Coalescence","hermit:Vantage"],"picked":"SKIP","floor":28},{"not_picked":["hermit:SprayPray","hermit:Dive","hermit:NoHoldsBarred"],"picked":"SKIP","floor":30},{"not_picked":["hermit:Roulette+1","hermit:BlackWind","hermit:Quickdraw"],"picked":"SKIP","floor":31},{"not_picked":["hermit:TakeAim+1","hermit:Snipe+1","hermit:TrackingShot+1"],"picked":"SKIP","floor":35},{"not_picked":["EmptyBody+1","Cloak And Dagger+1"],"picked":"VampireFantasy+1","floor":38},{"not_picked":["Biased Cognition","TheCursedMod:Torture","Entrench+1"],"picked":"SKIP","floor":38},{"not_picked":["hermit:OverwhelmingPower","hermit:Gambit"],"picked":"hermit:HeroicBravado","floor":39},{"not_picked":["Coolheaded","OneTimeOff+1","TheCursedMod:Torture+1"],"picked":"SKIP","floor":39},{"not_picked":["ClearTheMind","Double Energy","FlyingSleeves+1"],"picked":"SKIP","floor":40},{"not_picked":["TheCursedMod:CircleOfFlame+1","HunterOfTheNight"],"picked":"Pummel","floor":46},{"not_picked":["Fasting2","Gensokyo:LifeSpringInfinity+1","ThirdEye+1"],"picked":"Singing Bowl","floor":47}],"player_experience":867162,"relics_obtained":[{"floor":3.0,"key":"War Paint"},{"floor":6.0,"key":"AntiCross"},{"floor":9.0,"key":"Dream Catcher"},{"floor":10.0,"key":"MawBank"},{"floor":23.0,"key":"Bottled Lightning"},{"floor":26.0,"key":"White Beast Statue"},{"floor":27,"key":"Mercury Hourglass"},{"floor":29,"key":"Peace Pipe"},{"floor":29,"key":"Girya"},{"floor":31,"key":"CeramicFish"},{"floor":34,"key":"Pantograph"},{"floor":34,"key":"Lizard Tail"},{"floor":34,"key":"MealTicket"},{"floor":40,"key":"PreservedInsect"},{"floor":43,"key":"Toxic Egg 2"},{"floor":47,"key":"Singing Bowl"}],"event_choices":[{"damage_healed":0.0,"max_hp_gain":0.0,"max_hp_loss":0.0,"gold_gain":222.0,"event_name":"betterSkull:BetterSkull","player_choice":"RE GO GO ","floor":11.0,"gold_loss":0.0,"damage_taken":32.0,"cards_upgraded":[],"relics_obtained":["Happy Flower"]},{"damage_healed":0,"gold_gain":324,"player_choice":"GO GO GO ","damage_taken":31,"relics_obtained":[],"max_hp_gain":0,"max_hp_loss":0,"event_name":"betterSkull:BetterSkull","floor":36,"gold_loss":0,"cards_upgraded":[]}],"is_beta":false,"boss_relics":[{"not_picked":["Fusion Hammer","Velvet Choker"],"picked":"Philosopher\u0027s Stone"},{"not_picked":["SlaversCollar","Astrolabe"],"picked":"Calling Bell"}],"items_purged_floors":[],"is_endless":false,"potions_floor_spawned":[3,6,10,16,18,22,27,28,29,30,31,33,35,38,39,40,46,47],"ascension_level":7}}