{"host":"1vfpjvae9xcvmh7u","time":1611297113,"event":{"mods":["BaseMod","Downfall","Hermit","Hubris","Minty Spire (QoL Compilation)","Robot Space Explorer","StSLib","The Cursed","The Forsaken","The Necromancer","The Servant 0.9.4"],"gold_per_floor":[99,115,115,132,152,152,177,177,192,205,205,215,215,225,244,342,342,342,360,377,106,120,134,134,145,145,179,179,193,212,227,246,246,246,246],"floor_reached":33,"language":"ENG","playtime":2553,"items_purged":[],"score":269,"play_id":"2eeeff37-5087-4d13-97b6-f3903cfbf878","local_time":"20210121223153","is_ascension_mode":false,"campfire_choices":[{"data":"champ:Taunt","floor":1,"key":"SMITH"},{"data":"champ:IgnorePain","floor":6,"key":"SMITH"},{"data":"champ:Encircle","floor":11,"key":"SMITH"},{"floor":13,"key":"REST"},{"data":"champ:TripleStrike","floor":18,"key":"SMITH"},{"floor":26,"key":"REST"}],"circlet_count":0,"master_deck":["champ:Strike","champ:Strike","champ:Strike","champ:Strike","champ:Defend","champ:Defend","champ:Defend","champ:Defend","champ:Execute","champ:Taunt+1","champ:Encircle+1","champ:FocusedBerserking","champ:IgnorePain+1","champ:BringItOn","champ:ShieldWall","champ:Duel","champ:StanceDance","champ:DeathBlow","champ:TripleStrike+1","champ:FocusedBerserking","champ:IronFortress","expansioncontent:DashGenerateEvil","expansioncontent:LastStand","champ:CalledShot","Writhe","champ:HeavySlash","champ:StanceDance+1","champ:ShieldSlam+1","champ:AdrenalArmor+1"],"relics":["hubris:TerracottaHorce","Pen Nib","Cursed Key","FossilizedHelix","Potion Belt"],"acts_visited":["Exordium","TheCity"],"potions_floor_usage":[12,16,23,23,25,25,27,30,33],"damage_taken":[{"damage":15,"enemies":"Jaw Worm","floor":2,"turns":4},{"damage":0,"enemies":"2 Louse","floor":4,"turns":2},{"damage":11,"enemies":"Cultist","floor":5,"turns":3},{"damage":16,"enemies":"2 Fungi Beasts","floor":9,"turns":3},{"damage":24,"enemies":"Exordium Wildlife","floor":10,"turns":4},{"damage":29,"enemies":"Large Slime","floor":12,"turns":4},{"damage":0,"enemies":"2 Fungi Beasts","floor":14,"turns":3},{"damage":10,"enemies":"Blue Slaver","floor":15,"turns":3},{"damage":75,"enemies":"WA_ARCHETYPE_RETAIN","floor":16,"turns":8},{"damage":30,"enemies":"Shell Parasite","floor":19,"turns":5},{"damage":25,"enemies":"Chosen","floor":20,"turns":4},{"damage":40,"enemies":"downfall:FleeingMerchant","floor":21,"turns":4},{"damage":38,"enemies":"Snake Plant","floor":22,"turns":4},{"damage":41,"enemies":"Shelled Parasite and Fungi","floor":23,"turns":4},{"damage":26,"enemies":"Centurion and Healer","floor":25,"turns":6},{"damage":85,"enemies":"Gremlin Leader","floor":27,"turns":5},{"damage":42,"enemies":"Snecko","floor":29,"turns":4},{"damage":12,"enemies":"3 Cultists","floor":30,"turns":3},{"damage":20,"enemies":"Cultist and Chosen","floor":31,"turns":5},{"damage":0,"enemies":"Snecko","floor":32,"turns":3},{"damage":84,"enemies":"SI_MIRROR_ARCHETYPE","floor":33,"turns":8}],"seed_played":"-2649026631897391380","potions_obtained":[{"floor":4,"key":"champ:TechniquePotion"},{"floor":5,"key":"bronze:BurnAndBuffPotion"},{"floor":10,"key":"sneckomod:MuddlingPotion"},{"floor":12,"key":"Ancient Potion"},{"floor":20,"key":"champ:OpenerPotion"},{"floor":22,"key":"ColorlessPotion"},{"floor":23,"key":"Guardian:BlockOnCardUsePotion"},{"floor":25,"key":"ColorlessPotion"},{"floor":29,"key":"Regen Potion"},{"floor":31,"key":"SkillPotion"}],"is_trial":false,"path_per_floor":["R","M","?","M","M","R","T","?","M","M","R","M","R","M","M","B",null,"R","M","M","$","M","M","T","M","R","E","?","M","M","M","M","B"],"character_chosen":"THE_CHAMP","items_purchased":["expansioncontent:DashGenerateEvil","expansioncontent:LastStand"],"campfire_rested":2,"item_purchase_floors":[21,21],"current_hp_per_floor":[90,85,85,85,84,84,84,84,83,74,74,55,82,82,82,47,79,79,74,74,74,56,40,40,44,71,26,26,14,26,26,36,0,0,0],"gold":246,"neow_bonus":"BOSS_RELIC","is_daily":false,"chose_seed":false,"campfire_upgraded":4,"win_rate":0.0,"timestamp":1611297113,"path_taken":["R","M","?","M","M","R","T","?","M","?","R","M","R","M","M","BOSS","R","M","M","$","M","M","T","M","R","E","?","M","M","M","M","BOSS"],"items_purchased_type":["Card","Card"],"build_version":"2020-12-22","purchased_purges":0,"victory":false,"max_hp_per_floor":[90,90,90,90,90,90,90,90,90,90,90,90,90,90,90,90,90,90,90,90,90,90,90,90,90,90,90,90,90,90,90,90,90,90,90],"card_choices":[{"not_picked":["champ:Haymaker","champ:PreciseThrust"],"picked":"champ:Encircle","floor":2},{"not_picked":["champ:BringItOn","champ:Encircle"],"picked":"champ:FocusedBerserking","floor":4},{"not_picked":["champ:CrownThrow","champ:Shatter"],"picked":"champ:IgnorePain","floor":5},{"not_picked":["champ:FalseCounter","champ:PerfectedStrike"],"picked":"champ:BringItOn","floor":9},{"not_picked":["champ:Lariat","champ:DefensiveStyle"],"picked":"champ:ShieldWall","floor":10},{"not_picked":["champ:PreemptiveStrike","champ:Backstep"],"picked":"champ:Duel","floor":12},{"not_picked":["champ:CrookedStrike","champ:ShieldSlam"],"picked":"champ:StanceDance","floor":14},{"not_picked":["champ:Endure","champ:Shatter"],"picked":"champ:DeathBlow","floor":15},{"not_picked":["champ:DancingMaster","champ:Devastate"],"picked":"champ:TripleStrike","floor":16},{"not_picked":["champ:PerfectedStrike+1","champ:TornadoPunch+1"],"picked":"champ:FocusedBerserking","floor":19},{"not_picked":["champ:PreciseThrust","champ:BerserkersShout"],"picked":"champ:IronFortress","floor":20},{"not_picked":["champ:Haymaker+1","champ:DefensiveShout+1","champ:AdrenalArmor"],"picked":"SKIP","floor":21},{"not_picked":["champ:CrownThrow","champ:FanOfKnives"],"picked":"champ:CalledShot","floor":22},{"not_picked":["champ:PreciseThrust","champ:AdrenalArmor","champ:BringItOn"],"picked":"SKIP","floor":23},{"not_picked":["champ:GutPunch","champ:CrownThrow","champ:PerfectedStrike"],"picked":"SKIP","floor":25},{"not_picked":["champ:PreciseThrust","champ:FocusedDefense"],"picked":"champ:HeavySlash","floor":27},{"not_picked":["champ:BladeFlurry+1","champ:Encircle","champ:FlashCut"],"picked":"SKIP","floor":29},{"not_picked":["champ:BringItOn","champ:IronFortress+1"],"picked":"champ:StanceDance+1","floor":30},{"not_picked":["champ:FocusedDefense","champ:PreciseThrust"],"picked":"champ:ShieldSlam+1","floor":31},{"not_picked":["champ:Circumvent","champ:DefensiveShout"],"picked":"champ:AdrenalArmor+1","floor":32}],"player_experience":1799834,"relics_obtained":[{"floor":7,"key":"Pen Nib"},{"floor":24,"key":"FossilizedHelix"},{"floor":27,"key":"Potion Belt"}],"event_choices":[],"is_beta":false,"boss_relics":[{"not_picked":["hubris:BlackHole","theForsaken:PaleLantern"],"picked":"Cursed Key"}],"items_purged_floors":[],"is_endless":false,"potions_floor_spawned":[4,5,10,12,20,22,23,25,29,31],"killed_by":"SI_MIRROR_ARCHETYPE","ascension_level":0}}