{"host":"q5vpntglr38zhb0c","time":1611317413,"event":{"mods":["BaseMod","Colored Map","DeckTracker","Keyboard Shortcuts","Minty Spire (QoL Compilation)","Permanent Neow","StSLib","SuperFastMode","everything is the same but u backflip on backflip"],"gold_per_floor":[109,119,119,119,119,119,44,44,113,147,147,166,185,185,185,260,260,278,328,340,340,340],"floor_reached":21,"language":"KOR","playtime":349,"items_purged":["Strike_G"],"score":404,"play_id":"a3db1932-7350-4b8d-96d3-5ea5f7f3a113","local_time":"20210122211013","is_ascension_mode":true,"campfire_choices":[{"data":"Deadly Poison","floor":6,"key":"SMITH"},{"data":"Neutralize","floor":8,"key":"SMITH"},{"data":"Tactician","floor":11,"key":"SMITH"},{"data":"Prepared","floor":15,"key":"SMITH"}],"circlet_count":0,"master_deck":["AscendersBane","Strike_G","Strike_G","Strike_G","Defend_G","Defend_G","Defend_G","Defend_G","Defend_G","Survivor+1","Neutralize+1","Deadly Poison+1","Deadly Poison+1","Tactician+1","Prepared+1"],"relics":["Ring of the Snake","NeowsBlessing","Blue Candle","Regal Pillow","Cursed Key"],"acts_visited":["TheCity"],"potions_floor_usage":[14,16,21],"damage_taken":[{"damage":0,"enemies":"Jaw Worm","floor":1,"turns":1},{"damage":0,"enemies":"Cultist","floor":2,"turns":1},{"damage":0,"enemies":"Gremlin Nob","floor":10,"turns":1},{"damage":8,"enemies":"2 Louse","floor":12,"turns":4},{"damage":4,"enemies":"Blue Slaver","floor":13,"turns":3},{"damage":0,"enemies":"Lagavulin Event","floor":14,"turns":2},{"damage":11,"enemies":"The Guardian","floor":16,"turns":8},{"damage":45,"enemies":"3 Byrds","floor":18,"turns":7},{"damage":5,"enemies":"Chosen","floor":20,"turns":6},{"damage":4,"enemies":"Masked Bandits","floor":21,"turns":2}],"seed_played":"656489775939432011","potions_obtained":[{"floor":10,"key":"SmokeBomb"},{"floor":13,"key":"Fire Potion"},{"floor":20,"key":"Fire Potion"}],"is_trial":false,"path_per_floor":["M","M","?","?","T","R","$","R","T","E","R","M","M","?","R","B",null,"M","?","M","?"],"character_chosen":"THE_SILENT","items_purchased":[],"campfire_rested":0,"item_purchase_floors":[],"current_hp_per_floor":[59,59,52,32,32,32,32,32,32,32,32,24,20,20,20,9,52,7,7,2,0,0],"gold":340,"neow_bonus":"THREE_ENEMY_KILL","is_daily":false,"chose_seed":false,"campfire_upgraded":4,"win_rate":0.0,"timestamp":1611317413,"path_taken":["M","M","?","?","?","R","$","R","T","E","R","?","M","?","R","BOSS","M","?","?","?"],"items_purchased_type":[],"build_version":"2020-12-22","purchased_purges":1,"victory":false,"max_hp_per_floor":[66,66,66,66,66,66,66,66,66,66,66,66,66,66,66,66,66,66,66,66,66,66],"card_choices":[{"not_picked":["Bane","Dodge and Roll"],"picked":"Deadly Poison","floor":1},{"not_picked":["Dagger Spray","Heel Hook"],"picked":"Deadly Poison","floor":2},{"not_picked":["Prepared","Bouncing Flask"],"picked":"Tactician","floor":10},{"not_picked":["Deadly Poison","Backflip"],"picked":"Prepared","floor":12},{"not_picked":["Cloak And Dagger","PiercingWail","Dash"],"picked":"SKIP","floor":13},{"not_picked":["Deadly Poison","Infinite Blades","Blade Dance"],"picked":"SKIP","floor":18},{"not_picked":["PiercingWail","Deadly Poison","Underhanded Strike+1"],"picked":"SKIP","floor":20}],"player_experience":1311998,"relics_obtained":[{"floor":9,"key":"Blue Candle"},{"floor":10,"key":"Regal Pillow"}],"event_choices":[{"cards_removed":["Strike_G"],"damage_healed":0,"gold_gain":0,"player_choice":"Card Removal","damage_taken":7,"max_hp_gain":0,"max_hp_loss":0,"event_name":"Golden Wing","floor":3,"gold_loss":0},{"damage_healed":0,"gold_gain":0,"player_choice":"Entered Light","damage_taken":20,"max_hp_gain":0,"max_hp_loss":0,"event_name":"Shining Light","floor":4,"gold_loss":0,"cards_upgraded":["Survivor","Deadly Poison"]},{"damage_healed":0,"gold_gain":0,"player_choice":"Searched \u00271\u0027 times","damage_taken":0,"max_hp_gain":0,"max_hp_loss":0,"event_name":"Dead Adventurer","floor":14,"gold_loss":0},{"damage_healed":0,"gold_gain":50,"player_choice":"Pray","damage_taken":0,"max_hp_gain":0,"max_hp_loss":0,"event_name":"Golden Shrine","floor":19,"gold_loss":0},{"damage_healed":0,"gold_gain":0,"player_choice":"Fought Bandits","damage_taken":0,"max_hp_gain":0,"max_hp_loss":0,"event_name":"Masked Bandits","floor":21,"gold_loss":0}],"is_beta":false,"boss_relics":[{"not_picked":["SacredBark","Runic Dome"],"picked":"Cursed Key"}],"items_purged_floors":[7],"is_endless":false,"potions_floor_spawned":[10,13,14,20],"killed_by":"Masked Bandits","ascension_level":20}}