{"host":"amu9ywnm0ttsp1dk","time":1611288078,"event":{"mods":["Act Like it!","Arknights The Spire","BaseMod","ChefMod","Chen","Downfall","Gensokyo","Hallownest","Marisa£®ÏF”Í°°ƒß¿Ì…≥£©","Minty Spire (QoL Compilation)","Rare Cards Sparkle","Reimu£®≤©¿ˆ¡È√Œ£©","Robot Space Explorer","StSLib","The Bug Knight","The Edgeheg","The Marked","Yakumo Yukari mod","Youmu£®ªÍ∆«—˝√Œ£©"],"gold_per_floor":[113,113,3,23,33,33,65,65,117,131,131,151,151,151,151,254,254,274,285,87,87,87,116,131,131,131,165,165,393,412,412,412,515,565,584,584,494,494,509,509,248,248,330,359,377,123,152,163,163,163,163,163,11,37,37],"floor_reached":56,"language":"ZHS","playtime":4848,"items_purged":["ats:Strike V","ats:Defend"],"score":1236,"play_id":"813f7a04-ddea-49b6-80e3-0b450fb043d9","local_time":"20210122120118","is_ascension_mode":false,"campfire_choices":[{"data":"ats:Overload","floor":6.0,"key":"SMITH"},{"data":"ats:Sashimi Platter","floor":15.0,"key":"SMITH"},{"data":"ats:Roar Of Ursus","floor":28.0,"key":"SMITH"},{"data":"ats:Armor Crushing Shot","floor":32.0,"key":"SMITH"},{"floor":40.0,"key":"RECALL"},{"data":"ats:Magnetic Hammer","floor":42.0,"key":"SMITH"},{"data":"ats:Emotion Absorption","floor":49.0,"key":"SMITH"},{"data":"ats:Rat Pack","floor":52.0,"key":"SMITH"}],"circlet_count":0,"master_deck":["ats:Strike C","ats:Strike G","ats:Strike S","ats:Armor Crushing Shot+1","ats:Defend","ats:Defend","ats:Defend","ats:Emotion Absorption+1","ats:Closed Bolt Burst Fire+1","ats:Overload+1","ats:Demon Strength","ats:Sashimi Platter+1","ats:Hook Shot","ats:Curse Doll","ats:Neurotoxin","ats:Roar Of Ursus+1","ats:Apocalypse+1","ats:Serious Mode","Dash","ats:Sword Rain","ats:Ignite+1","ats:Nebulous Foxfire","ats:Poison Spread+1","Gensokyo:LochNessMonster","ats:Steam Pump+1","ats:Demon Strength+1","ats:Blood Oath+1","ats:Magnetic Hammer+1","Gensokyo:CustomPotion","ats:Rat Pack+1","ats:Spore Proliferation+1","ats:Overload+1"],"relics":["ats:Sanity","NeowsBlessing","ats:Originium","Lantern","Bag of Preparation","Gensokyo:CelestialsFlawlessClothing","Gensokyo:PortableGap","Sozu","ats:Berate","Bottled Tornado","RuthlessExorcism:ReiMu","Incense Burner","Centennial Puzzle","Pantograph","Tiny House","Ginger","HollowMod:LifeEnderRelic","Toolbox","Smiling Mask","Medical Kit","PureWhite:ReiMu"],"acts_visited":["Exordium","Gensokyo:Gensokyo","Gensokyo:Gensokyoer","TheEnding"],"potions_floor_usage":[],"damage_taken":[{"damage":0.0,"enemies":"Gensokyo:2_Kodama","floor":1.0,"turns":1.0},{"damage":0.0,"enemies":"Gensokyo:Python","floor":4.0,"turns":1.0},{"damage":0.0,"enemies":"Gensokyo:3_Fairies","floor":5.0,"turns":2.0},{"damage":44.0,"enemies":"Gensokyo:Cirno","floor":7.0,"turns":6.0},{"damage":0.0,"enemies":"Gensokyo:Gryphon_and_Rabbit","floor":10.0,"turns":2.0},{"damage":5.0,"enemies":"Gensokyo:CorruptedTreant","floor":12.0,"turns":2.0},{"damage":42.0,"enemies":"Gensokyo:Kokoro","floor":16.0,"turns":9.0},{"damage":28.0,"enemies":"Gensokyo:3_Dogs","floor":18.0,"turns":5.0},{"damage":9.0,"enemies":"Gensokyo:Chomper","floor":19.0,"turns":3.0},{"damage":40.0,"enemies":"Gensokyo:Tenshi","floor":23.0,"turns":3.0},{"damage":15.0,"enemies":"Gensokyo:Wraith","floor":24.0,"turns":3.0},{"damage":12.0,"enemies":"Gensokyo:Reisen","floor":27.0,"turns":4.0},{"damage":27.0,"enemies":"Gensokyo:Koishi","floor":29.0,"turns":4.0},{"damage":0.0,"enemies":"Gensokyo:3_Gloops","floor":30.0,"turns":4.0},{"damage":97.0,"enemies":"Gensokyo:Eternal_Rivals","floor":33.0,"turns":9.0},{"damage":9.0,"enemies":"Gensokyo:AncientGuardian","floor":35.0,"turns":3.0},{"damage":2.0,"enemies":"Gensokyo:3_Boulders","floor":39.0,"turns":2.0},{"damage":8.0,"enemies":"Gensokyo:Marisa","floor":44.0,"turns":4.0},{"damage":22.0,"enemies":"Gensokyo:Rafflesia","floor":45.0,"turns":6.0},{"damage":27.0,"enemies":"Gensokyo:Doremy","floor":47.0,"turns":4.0},{"damage":14.0,"enemies":"Gensokyo:Dusk_and_Dawn","floor":48.0,"turns":2.0},{"damage":21.0,"enemies":"Gensokyo:Yuyuko","floor":50.0,"turns":8.0},{"damage":13.0,"enemies":"Shield and Spear","floor":54.0,"turns":5.0},{"damage":85,"enemies":"The Heart","floor":55,"turns":8}],"seed_played":"-5900082409019597508","potions_obtained":[{"floor":1.0,"key":"bronze:BurnAndBuffPotion"},{"floor":10.0,"key":"Fire Potion"},{"floor":16.0,"key":"AttackPotion"}],"is_trial":false,"path_per_floor":["M","?","$","M","M","R","E","$","T","M","?","M","?","?","R","B",null,"M","M","COS","?","?","E","M","?","T","E","R","E","M","?","R","B",null,"M","?","?","?","M","R","$","R","T","E","M","COS","E","M","R","B",null,"R","$","E","B",null],"character_chosen":"DOCTOR_CLASS","items_purchased":["ats:Overload","ats:Rat Pack","Medical Kit"],"campfire_rested":0,"item_purchase_floors":[3,41,53],"current_hp_per_floor":[72,72,72,72,72,72,29,29,29,35,17,12,12,6,6,50,65,49,56,56,56,56,25,42,42,42,50,50,23,32,32,32,42,58,58,50,50,27,25,25,25,25,25,58,58,58,33,49,49,49,58,58,58,58,23],"gold":37,"neow_bonus":"THREE_ENEMY_KILL","is_daily":false,"chose_seed":false,"campfire_upgraded":7,"win_rate":0.0,"timestamp":1611288078,"path_taken":["M","?","?","?","?","R","E","$","T","M","?","M","?","?","R","BOSS","M","M","COS","?","?","E","M","?","T","E","R","E","M","?","R","BOSS","M","?","?","?","M","R","?","R","T","E","M","COS","E","M","R","BOSS","R","$","E","BOSS"],"items_purchased_type":["Card","Card","Relic"],"build_version":"2020-12-22","purchased_purges":2,"victory":true,"max_hp_per_floor":[72,72,72,72,72,72,72,72,72,72,72,72,65,65,65,65,65,65,65,65,65,65,65,62,56,56,56,53,53,53,53,53,53,58,58,58,58,58,58,58,58,58,58,58,58,58,58,58,58,58,58,58,58,58,58],"card_choices":[{"not_picked":["ats:Sashimi Platter","ats:Rapid Magazine"],"picked":"ats:Closed Bolt Burst Fire","floor":1.0},{"not_picked":["ats:Hook Shot","ats:Assault Order"],"picked":"ats:Demon Strength","floor":4.0},{"not_picked":["ats:Thermite Blade","ats:Thorns"],"picked":"ats:Sashimi Platter","floor":5.0},{"not_picked":["ats:Fractured Body","ats:Neurotoxin"],"picked":"ats:Hook Shot","floor":7.0},{"not_picked":["ats:Composite Medical Shells","ats:Revitalization"],"picked":"ats:Curse Doll","floor":10.0},{"not_picked":["ats:Closed Bolt Burst Fire","ats:Mental Burst"],"picked":"ats:Neurotoxin","floor":12.0},{"not_picked":["ats:Nebulous Foxfire","ats:Fractured Body"],"picked":"ats:Roar Of Ursus","floor":16.0},{"not_picked":["ats:Flame Of Heaven","ats:Revitalization"],"picked":"ats:Apocalypse+1","floor":18.0},{"not_picked":["ats:Curse Doll+1","ats:Flame Of Heaven"],"picked":"ats:Serious Mode","floor":19.0},{"not_picked":["ats:Counter Healing Mode+1","ats:Revitalization+1"],"picked":"ats:Ignite+1","floor":23.0},{"not_picked":["ats:Assault Order+1","ats:Defend Order"],"picked":"ats:Nebulous Foxfire","floor":23.0},{"not_picked":["ats:Phantom","ats:Thermite Blade"],"picked":"ats:Poison Spread+1","floor":24.0},{"not_picked":["Gensokyo:SevenSchoolMysteries","Gensokyo:ManorOfTheDishes"],"picked":"Gensokyo:LochNessMonster","floor":25.0},{"not_picked":["ats:Soul Rend","ats:Flame Of Heaven","ats:Very Hot Blade"],"picked":"SKIP","floor":27.0},{"not_picked":["ats:Sunburst","ats:Mental Burst"],"picked":"ats:Steam Pump","floor":29.0},{"not_picked":["ats:Soul Absorption","ats:Closed Bolt Burst Fire"],"picked":"ats:Demon Strength+1","floor":30.0},{"not_picked":["ats:Fractured Body","ats:Roar Of Ursus","ats:Nebulous Foxfire"],"picked":"SKIP","floor":30.0},{"not_picked":["ats:Poison Spread","ats:Composite Medical Shells"],"picked":"ats:Blood Oath+1","floor":34.0},{"not_picked":["ats:Assault Order","ats:Ignite"],"picked":"ats:Magnetic Hammer","floor":35.0},{"not_picked":["ats:Cat Scratch","ats:Collapsing Strike","ats:Flexible Camouflage"],"picked":"SKIP","floor":39.0},{"not_picked":["ats:Explosion Area Strengthen+1","ats:Part Time Job","ats:Flexible Camouflage+1"],"picked":"SKIP","floor":44.0},{"not_picked":["ats:Apocalypse","ats:Nebulous Foxfire","ats:Poison Spread"],"picked":"SKIP","floor":45.0},{"not_picked":["ats:Phantom+1","ats:Nebulous Foxfire+1"],"picked":"ats:Spore Proliferation+1","floor":47.0},{"not_picked":["ats:Explosion Area Strengthen","ats:Assault Order","ats:Collapsing Strike"],"picked":"SKIP","floor":47.0},{"not_picked":["ats:Revitalization","ats:Very Hot Blade+1"],"picked":"ats:Overload+1","floor":48.0},{"not_picked":["ats:Leaping Hammer","ats:Chain Hook","ats:Revitalization"],"picked":"SKIP","floor":54.0}],"player_experience":1609110,"relics_obtained":[{"floor":7.0,"key":"ats:Originium"},{"floor":7.0,"key":"Lantern"},{"floor":9.0,"key":"Bag of Preparation"},{"floor":23.0,"key":"ats:Originium"},{"floor":23.0,"key":"ats:Berate"},{"floor":26.0,"key":"Bottled Tornado"},{"floor":27.0,"key":"ats:Originium"},{"floor":27.0,"key":"Incense Burner"},{"floor":29.0,"key":"ats:Originium"},{"floor":29.0,"key":"Pantograph"},{"floor":44.0,"key":"HollowMod:LifeEnderRelic"},{"floor":47.0,"key":"Smiling Mask"},{"floor":54.0,"key":"PureWhite:ReiMu"}],"event_choices":[],"is_beta":false,"boss_relics":[{"not_picked":["Astrolabe","ats:Sanity Plus"],"picked":"Sozu"},{"not_picked":["bronze:MakeshiftBattery","Runic Pyramid"],"picked":"Tiny House"}],"items_purged_floors":[3,41],"is_endless":false,"potions_floor_spawned":[1,10,16,18,23,24,29,44,48,54],"ascension_level":0}}