{"host":"n91w9dq5l8qws978","time":1611340573,"event":{"mods":["BaseMod","Bestiary","Challenge The Spire","Custom Start","Defuse TimeMaze Blight","Keyboard Shortcuts","Minty Spire (QoL Compilation)","MonsterHotkey","Relic Stats","StSLib","Uncapped"],"gold_per_floor":[18,32,51,51,69,69,82,82,105,29,39,49,49,84,84,163,163,183,34,54,54,64,98,98,98,98],"floor_reached":25,"language":"ENG","playtime":1059,"items_purged":["Strike_G"],"score":394,"play_id":"9a7f1fa4-138e-46ff-a5d7-3be3706893d5","local_time":"20210122183613","is_ascension_mode":true,"campfire_choices":[{"data":"Neutralize","floor":6,"key":"SMITH"},{"data":"Blade Dance","floor":8,"key":"SMITH"},{"data":"Noxious Fumes","floor":13,"key":"SMITH"},{"data":"Dagger Spray","floor":15,"key":"SMITH"},{"floor":24,"key":"REST"}],"circlet_count":0,"master_deck":["AscendersBane","Strike_G","Strike_G","Strike_G","Defend_G","Defend_G","Defend_G","Defend_G","Defend_G","Survivor","Neutralize+1","Blade Dance+1","Dagger Spray+1","Flying Knee","PiercingWail","Dodge and Roll","Noxious Fumes+1","Blade Dance","Adrenaline","Catalyst","Accuracy","Blur","Injury","Blade Dance","Quick Slash+1"],"relics":["Ring of the Snake","Incense Burner","Orichalcum","Snake Skull","Cursed Key","Molten Egg 2","Smiling Mask"],"acts_visited":["Exordium","TheCity"],"potions_floor_usage":[7,16,22,23],"damage_taken":[{"damage":0,"enemies":"2 Louse","floor":1,"turns":4},{"damage":9,"enemies":"Cultist","floor":2,"turns":5},{"damage":0,"enemies":"Jaw Worm","floor":3,"turns":3},{"damage":0,"enemies":"Red Slaver","floor":5,"turns":3},{"damage":1,"enemies":"Lots of Slimes","floor":7,"turns":2},{"damage":0,"enemies":"Large Slime","floor":11,"turns":5},{"damage":0,"enemies":"3 Louse","floor":12,"turns":3},{"damage":10,"enemies":"Lagavulin","floor":14,"turns":6},{"damage":11,"enemies":"The Guardian","floor":16,"turns":10},{"damage":12,"enemies":"Spheric Guardian","floor":18,"turns":4},{"damage":0,"enemies":"3 Byrds","floor":20,"turns":3},{"damage":1,"enemies":"Centurion and Healer","floor":22,"turns":8},{"damage":39,"enemies":"Slavers","floor":23,"turns":5},{"damage":37,"enemies":"Gremlin Leader","floor":25,"turns":4}],"seed_played":"-8499429860172915756","potions_obtained":[{"floor":3,"key":"DistilledChaos"},{"floor":5,"key":"Explosive Potion"},{"floor":12,"key":"Energy Potion"},{"floor":18,"key":"DistilledChaos"}],"is_trial":false,"path_per_floor":["M","M","M","?","M","R","M","R","T","$","M","M","R","E","R","B",null,"M","$","M","T","M","E","R","E"],"character_chosen":"THE_SILENT","items_purchased":["Noxious Fumes","Accuracy"],"campfire_rested":1,"item_purchase_floors":[10,19],"current_hp_per_floor":[59,50,50,50,50,50,49,49,49,49,49,49,49,39,39,28,57,45,45,45,45,44,5,24,0,0],"gold":98,"neow_bonus":"ONE_RARE_RELIC","is_daily":false,"chose_seed":false,"campfire_upgraded":4,"win_rate":0.0,"timestamp":1611340573,"path_taken":["M","M","M","?","M","R","M","R","T","$","?","M","R","E","R","BOSS","M","$","M","?","M","E","R","E"],"items_purchased_type":["Card","Card"],"build_version":"2020-12-22","purchased_purges":1,"victory":false,"max_hp_per_floor":[66,66,66,66,66,66,66,66,66,66,66,66,66,66,66,66,66,66,66,66,66,66,66,66,66,66],"relic_stats":{"counters":[14,65],"Snake Skull":[33],"Orichalcum":[78],"Cursed Key":1,"Smiling Mask":0,"obtain_stats":[{"Molten Egg 2":21,"Snake Skull":14,"Incense Burner":0,"Orichalcum":9,"Cursed Key":17,"Smiling Mask":23,"Ring of the Snake":0},{"Molten Egg 2":11,"Snake Skull":8,"Incense Burner":0,"Orichalcum":5,"Cursed Key":9,"Smiling Mask":13,"Ring of the Snake":0},{"Molten Egg 2":48,"Snake Skull":31,"Incense Burner":0,"Orichalcum":17,"Cursed Key":41,"Smiling Mask":61,"Ring of the Snake":0}],"Ring of the Snake":[28]},"card_choices":[{"not_picked":["Underhanded Strike","Expertise"],"picked":"Blade Dance","floor":1},{"not_picked":["Bane","Phantasmal Killer"],"picked":"Dagger Spray","floor":2},{"not_picked":["Bouncing Flask","Deadly Poison"],"picked":"Flying Knee","floor":3},{"not_picked":["PiercingWail","Outmaneuver","Dodge and Roll"],"picked":"SKIP","floor":5},{"not_picked":["Outmaneuver","Dodge and Roll"],"picked":"PiercingWail","floor":5},{"not_picked":["Deadly Poison","Escape Plan"],"picked":"Dodge and Roll","floor":7},{"not_picked":["Reflex","Eviscerate","Dagger Throw"],"picked":"SKIP","floor":11},{"not_picked":["Dodge and Roll","Crippling Poison","All Out Attack"],"picked":"SKIP","floor":12},{"not_picked":["Backflip","Outmaneuver"],"picked":"Blade Dance","floor":14},{"not_picked":["Wraith Form v2","Bullet Time"],"picked":"Adrenaline","floor":16},{"not_picked":["Deadly Poison","Heel Hook"],"picked":"Catalyst","floor":18},{"not_picked":["Escape Plan","Bane"],"picked":"Blur","floor":20},{"not_picked":["PiercingWail","Quick Slash+1"],"picked":"Blade Dance","floor":22},{"not_picked":["Dodge and Roll","Poisoned Stab+1"],"picked":"Quick Slash+1","floor":23}],"player_experience":406198,"relics_obtained":[{"floor":9,"key":"Orichalcum"},{"floor":14,"key":"Snake Skull"},{"floor":21,"key":"Molten Egg 2"},{"floor":23,"key":"Smiling Mask"}],"event_choices":[{"cards_removed":["Strike_G"],"damage_healed":0,"gold_gain":0,"player_choice":"Card Removal","damage_taken":0,"max_hp_gain":0,"max_hp_loss":0,"event_name":"Wheel of Change","floor":4,"gold_loss":0}],"is_beta":false,"boss_relics":[{"not_picked":["SlaversCollar","Snecko Eye"],"picked":"Cursed Key"}],"items_purged_floors":[19],"is_endless":false,"potions_floor_spawned":[3,5,12,14,18],"killed_by":"Gremlin Leader","ascension_level":15}}