{"host":"bq8ii4ghyb2mkf8g","time":1611322928,"event":{"mods":["BaseMod","Colored Map","Minty Spire (QoL Compilation)","Quick Restart","Replay The Spire","StSLib"],"gold_per_floor":[109,1,1,13,23,23,54,54,108,108,108],"floor_reached":10,"language":"ZHS","playtime":598,"items_purged":["Strike_G"],"score":99,"play_id":"1d935d05-76c4-4756-918a-74cfd239e201","local_time":"20210122214208","is_ascension_mode":true,"campfire_choices":[{"data":"Survey Options","floor":6,"key":"SMITH"},{"data":"Blade Dance","floor":8,"key":"SMITH"}],"circlet_count":0,"master_deck":["AscendersBane","Strike_G","Strike_G","Strike_G","Strike_G","Defend_G","Defend_G","Defend_G","Defend_G","Defend_G","Survivor","Neutralize","ReplayTheSpireMod:Private Reserves","Blade Dance","Blade Dance+1","Well Laid Plans","Survey Options+1","Escape Plan","Hidden Blade"],"relics":["Ring of the Snake","MealTicket","Strawberry"],"acts_visited":["Exordium"],"potions_floor_usage":[7],"damage_taken":[{"damage":7.0,"enemies":"Jaw Worm","floor":1.0,"turns":6.0},{"damage":0,"enemies":"Cultist","floor":4,"turns":3},{"damage":0,"enemies":"Small Slimes","floor":5,"turns":3},{"damage":39,"enemies":"Lagavulin","floor":7,"turns":10},{"damage":20,"enemies":"3 Sentries","floor":10,"turns":5}],"seed_played":"-6659489414120479077","potions_obtained":[{"floor":5,"key":"SkillPotion"}],"is_trial":false,"path_per_floor":["M","$","?","M","M","R","E","R","T","E"],"character_chosen":"THE_SILENT","items_purchased":["Blade Dance"],"campfire_rested":0,"item_purchase_floors":[2],"current_hp_per_floor":[56,56,56,56,56,56,17,17,24,4,4],"gold":108,"neow_bonus":"RANDOM_COLORLESS","is_daily":false,"chose_seed":false,"campfire_upgraded":2,"win_rate":0.0,"timestamp":1611322928,"path_taken":["M","$","?","?","?","R","E","R","T","E"],"items_purchased_type":["Card"],"build_version":"2020-12-22","purchased_purges":1,"victory":false,"max_hp_per_floor":[70,70,70,70,70,70,70,70,77,77,77],"card_choices":[{"not_picked":["Dark Shackles","Bandage Up"],"picked":"ReplayTheSpireMod:Private Reserves","floor":0.0},{"not_picked":["Leg Sweep","Heel Hook","Deflect"],"picked":"SKIP","floor":1.0},{"not_picked":["Acrobatics","Prepared"],"picked":"Escape Plan","floor":4},{"not_picked":["Blade Dance","Sucker Punch","Outmaneuver"],"picked":"SKIP","floor":5},{"not_picked":["Dagger Throw","Terror"],"picked":"Hidden Blade","floor":7}],"player_experience":113304,"relics_obtained":[{"floor":7,"key":"MealTicket"},{"floor":9,"key":"Strawberry"}],"event_choices":[{"damage_healed":0,"gold_gain":0,"player_choice":"2 cards matched","damage_taken":0,"max_hp_gain":0,"max_hp_loss":0,"event_name":"Match and Keep!","floor":3,"gold_loss":0,"cards_obtained":["Well Laid Plans","Survey Options"]}],"is_beta":false,"boss_relics":[],"items_purged_floors":[2],"is_endless":false,"potions_floor_spawned":[5],"killed_by":"3 Sentries","ascension_level":10}}