{"host":"tq7pufgtqftqw8yr","time":1611343931,"event":{"mods":["BaseMod","Downfall","Minty Spire (QoL Compilation)","StSLib"],"gold_per_floor":[99,115,127,144,53,71,97,113,130,30,30,44,44,62,82,186,186,86,103,120,135,45,59,59,84,84,84,84,103,103,103,121,226,226,226,236,248,260,24,39,39,55,55,105,105,105,117,130,141,141,141],"floor_reached":50,"language":"ZHS","playtime":6021,"items_purged":["bronze:Repulsor"],"score":491,"play_id":"1cd2c819-3de0-4a3c-ac78-b98fb05f43f7","local_time":"20210123033211","is_ascension_mode":false,"campfire_choices":[{"floor":1.0,"key":"RECALL"},{"data":"bronze:Optimize","floor":10.0,"key":"SMITH"},{"floor":13.0,"key":"REST"},{"data":"bronze:Mutator","floor":18,"key":"SMITH"},{"floor":26,"key":"REST"},{"floor":28,"key":"REST"},{"data":"bronze:Verify","floor":35,"key":"SMITH"},{"floor":46,"key":"REST"}],"circlet_count":0,"master_deck":["bronze:Strike","bronze:Strike","bronze:Strike","bronze:Strike","bronze:Defend","bronze:Defend","bronze:Defend","bronze:Defend","bronze:Replicate","bronze:Goto","bronze:DelayedGuard","bronze:BitShift","bronze:ForceShield","bronze:Optimize+1","bronze:Safeguard","bronze:Mutator","bronze:ChosenStrike","bronze:GetLatest","bronze:Mutator+1","bronze:FollowUp","bronze:Verify+1","bronze:ItsAFeature","bronze:Format+1","Parasite","bronze:Shell+1","bronze:CleanCode","bronze:Philosophize+1","expansioncontent:AwakenDeath","bronze:BronzeOrb+1","bronze:ShipIt"],"relics":["bronze:BronzeCore","downfall:HeartBlessingRed","Meat on the Bone","bronze:MakeshiftBattery","downfall:HeartBlessingBlue","Gremlin Horn","Ancient Tea Set","sneckomod:BabySnecko","Empty Cage","Vajra","Letter Opener","CaptainsWheel"],"acts_visited":["Exordium","TheCity","TheBeyond"],"potions_floor_usage":[16,16,25,25,33,33,44,47,48,50,50,50],"damage_taken":[{"damage":1.0,"enemies":"Cultist","floor":2.0,"turns":4.0},{"damage":0.0,"enemies":"2 Louse","floor":3.0,"turns":3.0},{"damage":6.0,"enemies":"Jaw Worm","floor":4.0,"turns":5.0},{"damage":0.0,"enemies":"downfall:FleeingMerchant","floor":5.0,"turns":4.0},{"damage":6.0,"enemies":"Large Slime","floor":6.0,"turns":9.0},{"damage":1.0,"enemies":"3 Louse","floor":8.0,"turns":7.0},{"damage":22.0,"enemies":"Exordium Wildlife","floor":9.0,"turns":8.0},{"damage":6.0,"enemies":"Large Slime","floor":12.0,"turns":6.0},{"damage":10.0,"enemies":"Exordium Thugs","floor":14.0,"turns":6.0},{"damage":11.0,"enemies":"Lots of Slimes","floor":15.0,"turns":4.0},{"damage":37,"enemies":"WA_ARCHETYPE_RETAIN","floor":16,"turns":7},{"damage":15,"enemies":"Spheric Guardian","floor":19,"turns":7},{"damage":15,"enemies":"3 Byrds","floor":20,"turns":6},{"damage":25,"enemies":"Centurion and Healer","floor":21,"turns":6},{"damage":15,"enemies":"downfall:FleeingMerchant","floor":22,"turns":4},{"damage":37,"enemies":"Sentry and Sphere","floor":23,"turns":8},{"damage":13,"enemies":"Gremlin Leader","floor":25,"turns":4},{"damage":24,"enemies":"Shelled Parasite and Fungi","floor":29,"turns":6},{"damage":24,"enemies":"Centurion and Healer","floor":32,"turns":6},{"damage":31,"enemies":"DF_ARCHETYPE_CLAW","floor":33,"turns":7},{"damage":13,"enemies":"3 Shapes","floor":36,"turns":5},{"damage":5,"enemies":"Orb Walker","floor":37,"turns":2},{"damage":40,"enemies":"Writhing Mass","floor":38,"turns":8},{"damage":15,"enemies":"downfall:FleeingMerchant","floor":39,"turns":4},{"damage":11,"enemies":"4 Shapes","floor":40,"turns":9},{"damage":24,"enemies":"Maw","floor":42,"turns":8},{"damage":24,"enemies":"Maw","floor":44,"turns":6},{"damage":9,"enemies":"Transient","floor":47,"turns":5},{"damage":1,"enemies":"Jaw Worm Horde","floor":48,"turns":3},{"damage":16,"enemies":"Writhing Mass","floor":49,"turns":5},{"damage":67,"enemies":"IC_BLOCK_ARCHETYPE","floor":50,"turns":4}],"seed_played":"5686504969375301868","potions_obtained":[{"floor":4.0,"key":"Energy Potion"},{"floor":8.0,"key":"CultistPotion"},{"floor":14.0,"key":"EssenceOfSteel"},{"floor":15.0,"key":"SneckoOil"},{"floor":23,"key":"AttackPotion"},{"floor":29,"key":"bronze:BurnAndBuffPotion"},{"floor":32,"key":"bronze:BurnAndBuffPotion"},{"floor":33,"key":"PowerPotion"},{"floor":38,"key":"SkillPotion"},{"floor":40,"key":"Weak Potion"},{"floor":44,"key":"Energy Potion"},{"floor":47,"key":"BlessingOfTheForge"},{"floor":49,"key":"Fire Potion"}],"is_trial":false,"path_per_floor":["R","M","M","M","$","M","T","M","M","R","T","M","R","M","M","B",null,"R","M","M","M","$","M","T","E","R","?","R","M","?","?","M","B",null,"R","M","M","M","$","M","T","M","?","?","?","R","M","M","M","B"],"character_chosen":"THE_AUTOMATON","items_purchased":["bronze:Optimize","bronze:CleanCode","Vajra"],"campfire_rested":4,"item_purchase_floors":[5,39,39],"current_hp_per_floor":[77,76,76,70,70,64,64,63,41,41,41,47,70,60,49,24,77,87,72,57,44,41,16,16,15,41,41,67,55,55,55,43,24,87,87,74,69,41,38,39,39,27,27,15,7,33,36,47,43,0,0],"gold":141,"neow_bonus":"TEN_PERCENT_HP_BONUS","is_daily":false,"chose_seed":false,"campfire_upgraded":3,"win_rate":0.0,"timestamp":1611343931,"path_taken":["R","M","M","M","$","M","T","M","M","R","?","M","R","M","M","BOSS","R","M","M","M","$","M","T","E","R","?","R","M","?","?","M","BOSS","R","M","M","M","$","M","T","M","?","?","?","R","M","?","M","BOSS"],"items_purchased_type":["Card","Card","Relic"],"build_version":"2020-12-22","purchased_purges":1,"victory":false,"max_hp_per_floor":[77,77,77,77,77,77,77,77,77,77,77,77,77,77,77,77,77,87,87,87,87,87,87,87,87,87,87,87,87,87,87,87,87,87,87,87,87,87,87,87,87,87,87,87,87,87,87,87,87,87,87],"card_choices":[{"not_picked":["bronze:Iterate","bronze:Flail"],"picked":"bronze:DelayedGuard","floor":2.0},{"not_picked":["bronze:Frontload","bronze:WildBeam"],"picked":"bronze:BitShift","floor":3.0},{"not_picked":["bronze:Shield","bronze:Repulsor"],"picked":"bronze:ForceShield","floor":4.0},{"not_picked":["bronze:ForLoop","bronze:Philosophize"],"picked":"bronze:Repulsor","floor":5.0},{"not_picked":["bronze:WhirlingStrike","bronze:ForLoop"],"picked":"bronze:Safeguard","floor":6.0},{"not_picked":["bronze:Iterate","bronze:WhirlingStrike","bronze:DelayedSlice"],"picked":"SKIP","floor":8.0},{"not_picked":["bronze:Iterate","bronze:Frontload"],"picked":"bronze:Mutator","floor":9.0},{"not_picked":["bronze:Shield","bronze:BugBarrage"],"picked":"bronze:ChosenStrike","floor":12.0},{"not_picked":["bronze:Invalidate","bronze:Branch"],"picked":"bronze:BronzeArmor","floor":14.0},{"not_picked":["bronze:FineTuning","bronze:Overheat"],"picked":"bronze:GetLatest","floor":15.0},{"not_picked":["bronze:Assembly","bronze:ThunderWave"],"picked":"bronze:Mutator","floor":16},{"not_picked":["bronze:CutThrough","bronze:DelayedSlice","bronze:Boost"],"picked":"SKIP","floor":19},{"not_picked":["bronze:DelayedGuard","bronze:ChosenStrike+1"],"picked":"bronze:FollowUp","floor":20},{"not_picked":["bronze:BuggyMess+1","bronze:ForLoop"],"picked":"bronze:Verify","floor":21},{"not_picked":["bronze:DigitalCarnage","bronze:Return","bronze:CloningBeam+1"],"picked":"SKIP","floor":22},{"not_picked":["bronze:BuggyMess","bronze:WhirlingStrike+1","bronze:Branch"],"picked":"SKIP","floor":23},{"not_picked":["bronze:BuggyMess","bronze:DelayedGuard","bronze:BronzeArmor"],"picked":"SKIP","floor":25},{"not_picked":["bronze:DelayedSlice+1","bronze:Branch"],"picked":"bronze:ItsAFeature","floor":29},{"not_picked":["bronze:DelayedSlice+1","bronze:CutThrough","bronze:Safeguard"],"picked":"SKIP","floor":32},{"not_picked":["bronze:RecursiveStrike","bronze:Break"],"picked":"bronze:Format","floor":33},{"not_picked":["bronze:Deprecate","bronze:ForLoop+1","bronze:BuggyMess"],"picked":"SKIP","floor":36},{"not_picked":["bronze:WhirlingStrike+1","bronze:ForLoop","bronze:Frontload"],"picked":"SKIP","floor":37},{"not_picked":["bronze:BronzeArmor+1","bronze:BitShift+1"],"picked":"bronze:Shell+1","floor":38},{"not_picked":["bronze:WildBeam+1","bronze:BitShift+1","bronze:Safeguard"],"picked":"SKIP","floor":39},{"not_picked":["bronze:Frontload+1","bronze:Shield+1","bronze:GetLatest"],"picked":"SKIP","floor":40},{"not_picked":["bronze:BurnOut","bronze:Frontload"],"picked":"bronze:Philosophize+1","floor":42},{"not_picked":["expansioncontent:GuardianWhirl","expansioncontent:Chronoboost"],"picked":"expansioncontent:AwakenDeath","floor":43},{"not_picked":["bronze:Invalidate+1","bronze:BitShift+1"],"picked":"bronze:BronzeOrb+1","floor":47},{"not_picked":["bronze:BuggyMess+1","bronze:CloningBeam"],"picked":"bronze:ShipIt","floor":48},{"not_picked":["bronze:Invalidate","bronze:Turbo","bronze:ItsAFeature"],"picked":"SKIP","floor":49}],"player_experience":796343,"relics_obtained":[{"floor":11.0,"key":"Meat on the Bone"},{"floor":24,"key":"Gremlin Horn"},{"floor":25,"key":"Ancient Tea Set"},{"floor":41,"key":"Letter Opener"},{"floor":44,"key":"CaptainsWheel"}],"event_choices":[{"damage_healed":0,"gold_gain":0,"player_choice":"Ignored","damage_taken":0,"max_hp_gain":0,"max_hp_loss":0,"event_name":"Ghosts","floor":27,"gold_loss":0}],"is_beta":false,"boss_relics":[{"not_picked":["Velvet Choker","Cursed Key"],"picked":"bronze:MakeshiftBattery"},{"not_picked":["Tiny House","Snecko Eye"],"picked":"Empty Cage"}],"items_purged_floors":[22],"is_endless":false,"potions_floor_spawned":[4,8,14,15,23,29,32,33,38,40,44,47,49],"killed_by":"IC_BLOCK_ARCHETYPE","ascension_level":0}}