{"host":"eaiphzh066bwqdh7","time":1611359281,"event":{"mods":["BaseMod","Hubris","Minty Spire (QoL Compilation)","Replay The Spire","StSLib"],"gold_per_floor":[367,44,44,54,54,54,84,94,94,94,94,94,111,131,131,226,226,240,71,71,71,91,91,102,102,126,161,180,208,208,236,236,334,334,354,374,28,42,42,42,74,74,99,154,165,165,179,195,195,195,195],"floor_reached":50,"language":"ENG","playtime":2713,"items_purged":["Defend_R","Defend_R","Shame"],"score":633,"play_id":"f513193c-403d-4f49-8ffa-ad24596e8e63","local_time":"20210122184801","is_ascension_mode":true,"campfire_choices":[{"data":"Life Link","floor":6,"key":"SMITH"},{"data":"hubris:StunningStrike","floor":12,"key":"SMITH"},{"data":"Metallicize","floor":15,"key":"SMITH"},{"data":"Berserk","floor":25,"key":"SMITH"},{"floor":30,"key":"REST"},{"floor":32,"key":"REST"},{"data":"hubris:StunningStrike","floor":40,"key":"SMITH"},{"floor":42,"key":"REST"},{"floor":49,"key":"DIG"}],"circlet_count":0,"master_deck":["Strike_R","Strike_R","Strike_R","Strike_R","Defend_R","Defend_R","Bash","Anger","Life Link+1","hubris:StunningStrike+1","Sentinel","Metallicize+1","Run Through","Berserk+1","Metallicize+1","Armaments+1","Infernal Blade","Seeing Red+1","Armaments+1","Run Through+1","hubris:SharpeningStone","hubris:StunningStrike+1","Flex+1","Intimidate+1","Parasite","Searing Blow","Dropkick+1","Twin Strike+1","Blood for Blood+1","Heavy Blade+1"],"relics":["Burning Blood","Chameleon Ring","Durian","Darkstone Periapt","Ooze Armor","Replay:Ringing Soul","Smiling Mask","Ornamental Fan","Orichalcum","Dream Catcher","hubris:ScarierMask","Lantern","TheAbacus","Nunchaku","hubris:TenFootPole","hubris:64BitClover","hubris:Towel","ReplayTheSpireMod:Spearhead"],"acts_visited":["Exordium","TheCity","TheBeyond"],"potions_floor_usage":[13,14,16,18,24,24,29,33,41,45,50,50],"damage_taken":[{"damage":0,"enemies":"2 Louse","floor":1,"turns":3},{"damage":1,"enemies":"Cultist","floor":4,"turns":3},{"damage":15,"enemies":"Replay:BlueRogue","floor":7,"turns":4},{"damage":5,"enemies":"Small Slimes","floor":8,"turns":4},{"damage":0,"enemies":"3 Louse","floor":13,"turns":4},{"damage":6,"enemies":"Red Slaver","floor":14,"turns":3},{"damage":51,"enemies":"The Guardian","floor":16,"turns":11},{"damage":23,"enemies":"3 Byrds","floor":18,"turns":6},{"damage":0,"enemies":"Chosen","floor":22,"turns":7},{"damage":10,"enemies":"Sentry and Sphere","floor":24,"turns":6},{"damage":26,"enemies":"Book of Stabbing","floor":27,"turns":10},{"damage":2,"enemies":"Shelled Parasite and Fungi","floor":28,"turns":8},{"damage":15,"enemies":"Slavers","floor":29,"turns":10},{"damage":10,"enemies":"Book of Stabbing","floor":31,"turns":9},{"damage":6,"enemies":"Champ","floor":33,"turns":18},{"damage":22,"enemies":"3 Darklings","floor":35,"turns":5},{"damage":3,"enemies":"Orb Walker","floor":36,"turns":5},{"damage":9,"enemies":"Writhing Mass","floor":38,"turns":8},{"damage":37,"enemies":"Nemesis","floor":41,"turns":8},{"damage":0,"enemies":"2 Orb Walkers","floor":44,"turns":5},{"damage":5,"enemies":"Transient","floor":45,"turns":5},{"damage":0,"enemies":"3 Darklings","floor":47,"turns":7},{"damage":8,"enemies":"Sphere and 2 Shapes","floor":48,"turns":3},{"damage":141,"enemies":"Time Eater","floor":50,"turns":20}],"seed_played":"-1723239246081198042","potions_obtained":[{"floor":8,"key":"LifebloodPotion"},{"floor":10,"key":"Flashbang"},{"floor":10,"key":"Ancient Potion"},{"floor":13,"key":"Adrenaline Potion"},{"floor":23,"key":"Swift Potion"},{"floor":23,"key":"Fire Potion"},{"floor":28,"key":"Venom Potion"},{"floor":31,"key":"Energy Potion"},{"floor":35,"key":"Explosive Potion"},{"floor":36,"key":"Venom Potion"},{"floor":38,"key":"ElixirPotion"},{"floor":47,"key":"Weak Potion"}],"is_trial":false,"path_per_floor":["M","$","?","M","?","R","E","M","T","R","?","R","M","M","R","B",null,"M","$","?","?","M","R","M","R","T","E","M","E","R","E","R","B",null,"M","M","$","M","?","R","E","R","T","?","M","?","M","M","R","B"],"character_chosen":"IRONCLAD","items_purchased":["Chameleon Ring","Metallicize","Lantern","TheAbacus"],"campfire_rested":3,"item_purchase_floors":[2,19,37,37],"current_hp_per_floor":[72,72,72,72,72,72,68,69,69,69,69,69,75,75,75,30,77,60,60,60,69,75,75,74,74,74,57,64,58,87,86,104,107,107,94,100,100,106,106,106,75,114,114,123,127,127,134,135,135,0,0],"gold":195,"neow_bonus":"TWO_FIFTY_GOLD","is_daily":false,"chose_seed":false,"campfire_upgraded":5,"win_rate":0.0,"timestamp":1611359281,"path_taken":["M","$","?","?","?","R","E","M","T","R","?","R","?","M","R","BOSS","M","$","?","?","M","R","M","R","T","E","M","E","R","E","R","BOSS","M","M","$","M","?","R","E","R","T","?","M","?","M","M","R","BOSS"],"items_purchased_type":["Relic","Card","Relic","Relic"],"build_version":"2020-12-22","purchased_purges":3,"victory":false,"max_hp_per_floor":[72,72,72,72,72,72,77,77,77,77,77,77,77,77,77,77,77,77,77,77,86,86,86,89,89,89,92,95,98,98,101,104,107,107,110,113,113,122,122,122,122,125,125,128,131,131,134,137,137,137,137],"card_choices":[{"not_picked":["hubris:ReadiedAction","Twin Strike"],"picked":"Anger","floor":1},{"not_picked":["Twin Strike","Shockwave"],"picked":"Life Link","floor":4},{"not_picked":["ReplayTheSpireMod:Strike From Hell","Sever Soul"],"picked":"hubris:StunningStrike","floor":7},{"not_picked":["Rupture","Pummel"],"picked":"Sentinel","floor":8},{"not_picked":["Warcry","ReplayTheSpireMod:LeadingStrike"],"picked":"Metallicize","floor":13},{"not_picked":["Anger","Battle Trance"],"picked":"Run Through","floor":14},{"not_picked":["Corruption","hubris:StunningStrike"],"picked":"Berserk","floor":16},{"not_picked":["Second Wind","Sword Boomerang","ReplayTheSpireMod:Strike From Hell"],"picked":"SKIP","floor":18},{"not_picked":["ReplayTheSpireMod:Strike From Hell","Perfected Strike","Corruption"],"picked":"SKIP","floor":22},{"not_picked":["Headbutt","Feel No Pain+1"],"picked":"Armaments+1","floor":24},{"not_picked":["hubris:ReadiedAction","True Grit+1"],"picked":"Infernal Blade","floor":27},{"not_picked":["ReplayTheSpireMod:Strike From Hell","Heavy Blade"],"picked":"Seeing Red+1","floor":28},{"not_picked":["Sword Boomerang","Heavy Blade"],"picked":"Armaments+1","floor":29},{"not_picked":["Dropkick","Feel No Pain"],"picked":"Run Through+1","floor":31},{"not_picked":["ReplayTheSpireMod:Strike From Hell","Armaments+1"],"picked":"hubris:SharpeningStone","floor":32},{"not_picked":["Offering","Eclipse"],"picked":"hubris:StunningStrike","floor":33},{"not_picked":["Pummel+1","Feel No Pain"],"picked":"Flex+1","floor":35},{"not_picked":["Heavy Blade","Anger+1"],"picked":"Intimidate+1","floor":36},{"not_picked":["Shrug It Off","Sword Boomerang","hubris:ReadiedAction"],"picked":"SKIP","floor":38},{"not_picked":["Armaments+1","Warcry","Whirlwind+1"],"picked":"SKIP","floor":41},{"not_picked":["Warcry+1","hubris:ReadiedAction+1"],"picked":"Searing Blow","floor":42},{"not_picked":["Seeing Red","Infernal Blade"],"picked":"Dropkick+1","floor":44},{"not_picked":["Limit Break","Sword Boomerang+1"],"picked":"Twin Strike+1","floor":45},{"not_picked":["Twin Strike+1","hubris:CleavingFinish"],"picked":"Blood for Blood+1","floor":47},{"not_picked":["Pommel Strike","Flex"],"picked":"Heavy Blade+1","floor":48}],"player_experience":175329,"relics_obtained":[{"floor":7,"key":"Durian"},{"floor":9,"key":"Darkstone Periapt"},{"floor":26,"key":"Smiling Mask"},{"floor":27,"key":"Ornamental Fan"},{"floor":29,"key":"Orichalcum"},{"floor":31,"key":"Dream Catcher"},{"floor":41,"key":"Nunchaku"},{"floor":43,"key":"hubris:TenFootPole"},{"floor":44,"key":"hubris:64BitClover"},{"floor":49,"key":"ReplayTheSpireMod:Spearhead"}],"event_choices":[{"damage_healed":0,"gold_gain":0,"player_choice":"Full Heal","damage_taken":0,"max_hp_gain":0,"max_hp_loss":0,"event_name":"Wheel of Change","floor":3,"gold_loss":0},{"damage_healed":0,"gold_gain":0,"player_choice":"Bought 0 Potions","damage_taken":0,"max_hp_gain":0,"max_hp_loss":0,"event_name":"The Woman in Blue","floor":11,"gold_loss":0},{"damage_healed":0,"gold_gain":0,"player_choice":"Ignored","damage_taken":0,"max_hp_gain":0,"max_hp_loss":0,"event_name":"Vampires","floor":20,"gold_loss":0},{"damage_healed":0,"gold_gain":0,"player_choice":"Stole Relic","damage_taken":0,"relics_obtained":["Replay:Ringing Soul"],"max_hp_gain":0,"max_hp_loss":0,"event_name":"Addict","floor":21,"gold_loss":0,"cards_obtained":["Shame"]},{"damage_healed":0,"gold_gain":0,"player_choice":"Fight","damage_taken":0,"max_hp_gain":0,"max_hp_loss":0,"event_name":"Mysterious Sphere","floor":44,"gold_loss":0}],"is_beta":false,"boss_relics":[{"not_picked":["Replay:Bronze Core","hubris:VirtuousBlindfold"],"picked":"Ooze Armor"},{"not_picked":["Runic Cube","Ring of Chaos"],"picked":"hubris:ScarierMask"}],"items_purged_floors":[2,19,37],"is_endless":false,"potions_floor_spawned":[8,13,28,31,35,36,38,47],"killed_by":"Time Eater","ascension_level":2}}