{"host":"snn1c4qsf0fj7fzf","time":1611314306,"event":{"mods":["AchievementEnabler","Act Like it!","Aspiration","Astrologer","BaseMod","Colored Powertips","Gensokyo","Gremlin Mod","Hallownest","Hermit","Hubris","Infinite Spire","Lobotomy","LobotomyExtend","Marisa????????","Minty Spire (QoL Compilation)","Random Character Button","Rare Cards Sparkle","Reimu??????","Replay The Spire","Shop Mod","StSLib","The Administrix","The Animator","The Bug Knight","The Cursed","The Gatherer","The Hierophant","The Poker Player","The Runesmith","Yuyuko"],"gold_per_floor":[115,115,115,115,35,63,88,305,335,335,346,346,357,357,357,357],"floor_reached":16,"language":"ENG","playtime":1223,"items_purged":[],"score":118,"play_id":"48f4f940-732d-45ac-8805-eb62e301172d","local_time":"20210122191826","is_ascension_mode":false,"campfire_choices":[{"data":"Zap","floor":11,"key":"SMITH"},{"data":"Dualcast","floor":15,"key":"SMITH"}],"circlet_count":0,"master_deck":["Strike_B","Defend_B","Defend_B","Defend_B","Defend_B","Zap+1","Dualcast+1","Choke","Finisher","Dagger Throw","hubris:Ukulele","hubris:PowerSurge"],"relics":["Cracked Core","aspiration:Nostalgia","Burning Blood","LetterFromLob","Gensokyo:PortableGap","Gensokyo:OccultBall","hubris:TenFootPole","infinitespire:PuzzleCube","Bag of Marbles","Regal Pillow","hubris:Towel"],"acts_visited":["Gensokyo:Gensokyo"],"potions_floor_usage":[6],"damage_taken":[{"damage":0,"enemies":"Gensokyo:3_Fairies","floor":1,"turns":3},{"damage":29,"enemies":"Gensokyo:Aya","floor":6,"turns":6},{"damage":13,"enemies":"Gensokyo:Mamizou","floor":7,"turns":8},{"damage":6,"enemies":"Gensokyo:2_Kodama","floor":8,"turns":5},{"damage":7,"enemies":"Gensokyo:Cirno","floor":10,"turns":6},{"damage":7,"enemies":"Gensokyo:Gryphon","floor":12,"turns":3},{"damage":0,"enemies":"Gensokyo:VengefulSpirit","floor":14,"turns":2},{"damage":43,"enemies":"Gensokyo:Reimu","floor":16,"turns":8}],"seed_played":"-673994793839842517","potions_obtained":[{"floor":1,"key":"BlessingOfTheForge"},{"floor":8,"key":"Adrenaline Potion"},{"floor":12,"key":"Ancient Potion"}],"is_trial":false,"path_per_floor":["M","?","?","?","COS","E","E","M","E","R","M","?","M","R","B"],"character_chosen":"DEFECT","items_purchased":[],"campfire_rested":0,"item_purchase_floors":[],"current_hp_per_floor":[75,68,68,68,68,45,38,38,37,37,36,36,42,42,0,0],"gold":357,"neow_bonus":"NOSTALGIA","is_daily":false,"chose_seed":false,"campfire_upgraded":2,"win_rate":0.0,"timestamp":1611314306,"path_taken":["M","?","?","?","COS","E","E","?","E","R","?","?","?","R","BOSS"],"items_purchased_type":[],"build_version":"2020-12-22","purchased_purges":0,"victory":false,"max_hp_per_floor":[75,68,68,68,68,65,65,62,62,62,62,62,62,62,62,62],"card_choices":[{"not_picked":["FIFO Queue","Beam Cell"],"picked":"Hello World","floor":1},{"not_picked":["Rip and Tear","ReplayTheSpireMod:Reroute Power","ReplayTheSpireMod:Calculation Training"],"picked":"SKIP","floor":6},{"not_picked":["Compile Driver","Tempest"],"picked":"hubris:Ukulele","floor":7},{"not_picked":["Leap","Stack","Beam Cell"],"picked":"SKIP","floor":8},{"not_picked":["Conserve Battery","Leap","Stack"],"picked":"SKIP","floor":10},{"not_picked":["Lockon","Coolheaded","Hologram"],"picked":"SKIP","floor":12},{"not_picked":["Steam","Conserve Battery"],"picked":"hubris:PowerSurge","floor":14}],"player_experience":255513,"relics_obtained":[{"floor":1,"key":"LetterFromLob"},{"floor":6,"key":"hubris:TenFootPole"},{"floor":7,"key":"infinitespire:PuzzleCube"},{"floor":10,"key":"Regal Pillow"}],"event_choices":[],"is_beta":false,"boss_relics":[],"items_purged_floors":[],"is_endless":false,"potions_floor_spawned":[1,8,10,12],"killed_by":"Gensokyo:Reimu","ascension_level":0}}