{"host":"7qqg3hyzrz6apiso","time":1611280195,"event":{"mods":["AchievementEnabler","BaseMod","Better Debug","Colored Map","Keyboard Shortcuts","Minty Spire (QoL Compilation)","Permanent Neow","Quick Restart","StSLib","SuperFastMode"],"gold_per_floor":[114,133,58,70,145,145,156,156,228,283,283,298,298,311,311,408,408,419,27,42,42,54,54,54],"floor_reached":23,"language":"KOR","playtime":832,"items_purged":["Strike_B","Strike_B"],"score":201,"play_id":"6c8a4350-489e-4ccc-8544-9e51af4a0670","local_time":"20210122104955","is_ascension_mode":true,"campfire_choices":[{"data":"Fusion","floor":6.0,"key":"SMITH"},{"data":"Turbo","floor":8.0,"key":"SMITH"},{"data":"Sunder","floor":11.0,"key":"SMITH"},{"data":"Sunder","floor":13.0,"key":"SMITH"},{"floor":15.0,"key":"REST"}],"circlet_count":0,"master_deck":["Strike_B","Strike_B","Defend_B","Defend_B","Defend_B","Defend_B","Zap","Dualcast","Static Discharge","Sunder+1","Fusion+1","Turbo+1","Sunder+1","Leap","Go for the Eyes","Double Energy+1"],"relics":["Nuclear Battery","Symbiotic Virus","Anchor","Busted Crown","Membership Card","PreservedInsect","Frozen Egg 2"],"acts_visited":["Exordium","TheCity"],"potions_floor_usage":[],"damage_taken":[{"damage":7.0,"enemies":"2 Louse","floor":1.0,"turns":4.0},{"damage":4.0,"enemies":"Small Slimes","floor":2.0,"turns":5.0},{"damage":4.0,"enemies":"Jaw Worm","floor":4.0,"turns":3.0},{"damage":5.0,"enemies":"2 Fungi Beasts","floor":7.0,"turns":3.0},{"damage":7.0,"enemies":"Lagavulin Event","floor":10.0,"turns":5.0},{"damage":6.0,"enemies":"Exordium Thugs","floor":12.0,"turns":3.0},{"damage":3.0,"enemies":"Blue Slaver","floor":14.0,"turns":3.0},{"damage":18.0,"enemies":"Hexaghost","floor":16.0,"turns":7.0},{"damage":15.0,"enemies":"Shell Parasite","floor":18.0,"turns":4.0},{"damage":30.0,"enemies":"2 Thieves","floor":20.0,"turns":4.0},{"damage":11.0,"enemies":"Centurion and Healer","floor":22.0,"turns":4.0},{"damage":36,"enemies":"Chosen and Byrds","floor":23,"turns":4}],"seed_played":"-1200599942159032672","potions_obtained":[{"floor":1.0,"key":"SkillPotion"},{"floor":4.0,"key":"SkillPotion"},{"floor":14.0,"key":"Fire Potion"}],"is_trial":false,"path_per_floor":["M","M","$","M","?","R","M","R","T","?","R","M","R","M","R","B",null,"M","$","M","?","M","M"],"character_chosen":"DEFECT","items_purchased":["Membership Card","PreservedInsect","Frozen Egg 2"],"campfire_rested":1,"item_purchase_floors":[19,19,19],"current_hp_per_floor":[68,64,64,60,49,49,44,44,44,37,37,31,31,28,50,32,75,60,60,30,30,19,0,0],"gold":54,"neow_bonus":"BOSS_RELIC","is_daily":false,"chose_seed":false,"campfire_upgraded":4,"win_rate":0.0,"timestamp":1611280195,"path_taken":["M","M","$","M","?","R","M","R","T","?","R","M","R","M","R","BOSS","M","$","M","?","M","M"],"items_purchased_type":["Relic","Relic","Relic"],"build_version":"2020-12-22","purchased_purges":2,"victory":false,"max_hp_per_floor":[75,75,75,75,75,75,75,75,75,75,75,75,75,75,75,75,75,75,75,75,75,75,75,75],"card_choices":[{"not_picked":["Steam Power","Stack"],"picked":"Static Discharge","floor":1.0},{"not_picked":["Gash","Reinforced Body"],"picked":"Sunder","floor":2.0},{"not_picked":["Barrage","Steam"],"picked":"Fusion","floor":4.0},{"not_picked":["Barrage","Stack"],"picked":"Turbo","floor":7.0},{"not_picked":["Stack","Rebound"],"picked":"Sunder","floor":10.0},{"not_picked":["Steam Power","Reinforced Body"],"picked":"Leap","floor":12.0},{"not_picked":["Steam Power","Reinforced Body"],"picked":"Go for the Eyes","floor":14.0},{"not_picked":[],"picked":"Double Energy+1","floor":18.0},{"not_picked":["Hologram"],"picked":"SKIP","floor":20.0},{"not_picked":["Blizzard+1"],"picked":"SKIP","floor":22.0}],"player_experience":152382,"relics_obtained":[{"floor":9.0,"key":"Symbiotic Virus"},{"floor":10.0,"key":"Anchor"}],"event_choices":[{"damage_healed":0.0,"max_hp_gain":0.0,"max_hp_loss":0.0,"gold_gain":75.0,"event_name":"World of Goop","player_choice":"Gather Gold","floor":5.0,"gold_loss":0.0,"damage_taken":11.0},{"damage_healed":0.0,"max_hp_gain":0.0,"max_hp_loss":0.0,"gold_gain":0.0,"event_name":"Dead Adventurer","player_choice":"Searched \u00271\u0027 times","floor":10.0,"gold_loss":0.0,"damage_taken":0.0},{"damage_healed":0.0,"max_hp_gain":0.0,"max_hp_loss":0.0,"gold_gain":0.0,"event_name":"Cursed Tome","player_choice":"Ignored","floor":21.0,"gold_loss":0.0,"damage_taken":0.0}],"is_beta":false,"boss_relics":[{"not_picked":["Philosopher\u0027s Stone","Cursed Key"],"picked":"Busted Crown"}],"items_purged_floors":[3,19],"is_endless":false,"potions_floor_spawned":[1,4,14],"killed_by":"Chosen and Byrds","ascension_level":2}}