{"host":"4rtn89y1rk8bswvs","time":1611312684,"event":{"mods":["BaseMod","Colored Powertips","HololiveMod","Minty Spire (QoL Compilation)","Prisma Mod","Quick Restart","Reimu£®≤©¿ˆ¡È√Œ£©","StSLib","The Gatherer","Yakumo Yukari mod","Youmu£®ªÍ∆«—˝√Œ£©","Yuyuko"],"gold_per_floor":[117,134,148,113,125,125,135,135,161,176,204,222,222,222],"floor_reached":13,"language":"ZHS","playtime":607,"items_purged":[],"score":114,"play_id":"823f740b-78b5-4f2b-af80-8b6c529dc4c3","local_time":"20210122185124","is_ascension_mode":false,"campfire_choices":[{"data":"SafetyPray:ReiMu","floor":6.0,"key":"SMITH"}],"circlet_count":0,"master_deck":["Strike_Lin:ReiMu","Strike_Lin:ReiMu","Strike_Lin:ReiMu","Defend_Lin:ReiMu","Defend_Lin:ReiMu","Defend_Lin:ReiMu","Defend_Lin:ReiMu","NB:ReiMu","Stagnation:ReiMu","UniversalSpiritual:ReiMu","Gathering:ReiMu","YinYangSange:ReiMu","SafetyPray:ReiMu+1","CareerPray:ReiMu","SubcavityFantasy:ReiMu","RainPray2:ReiMu","OrbThrow:ReiMu","NineCharacters:ReiMu"],"relics":["FlyPower:ReiMu","Mastiff:ReiMu","MealTicket"],"acts_visited":["Exordium"],"potions_floor_usage":[12,13],"damage_taken":[{"damage":8.0,"enemies":"Jaw Worm","floor":1.0,"turns":6.0},{"damage":9.0,"enemies":"Small Slimes","floor":2.0,"turns":4.0},{"damage":11.0,"enemies":"Cultist","floor":3.0,"turns":6.0},{"damage":48.0,"enemies":"Lots of Slimes","floor":5.0,"turns":7.0},{"damage":9.0,"enemies":"Blue Slaver","floor":7.0,"turns":8.0},{"damage":8.0,"enemies":"2 Fungi Beasts","floor":10.0,"turns":5.0},{"damage":5.0,"enemies":"Lagavulin","floor":11.0,"turns":9.0},{"damage":0,"enemies":"Exordium Thugs","floor":12,"turns":5},{"damage":0,"enemies":"3 Sentries","floor":13,"turns":2}],"seed_played":"-4775532579447428149","potions_obtained":[{"floor":1.0,"key":"Fruit Juice"},{"floor":3.0,"key":"Block Potion"},{"floor":7.0,"key":"Fruit Juice"},{"floor":10.0,"key":"Explosive Potion"},{"floor":11.0,"key":"Dexterity Potion"}],"is_trial":false,"path_per_floor":["M","M","M","?","M","R","M","?","T","M","E","M","E"],"character_chosen":"REIMU","items_purchased":[],"campfire_rested":0,"item_purchase_floors":[],"current_hp_per_floor":[68,59,48,67,19,19,15,15,15,7,2,2,2,2],"gold":222,"neow_bonus":"TEN_PERCENT_HP_BONUS","is_daily":false,"chose_seed":false,"campfire_upgraded":1,"win_rate":0.0,"timestamp":1611312684,"path_taken":["M","M","M","?","M","R","M","?","T","M","E","?","E"],"items_purchased_type":[],"build_version":"2020-12-22","purchased_purges":0,"victory":false,"max_hp_per_floor":[76,76,76,76,76,76,81,81,81,81,81,81,81,81],"card_choices":[{"not_picked":["InherentArray:ReiMu","PhosphorusFlame:ReiMu"],"picked":"UniversalSpiritual:ReiMu","floor":1.0},{"not_picked":["SpringWay:ReiMu","EmergencyTakeOff:ReiMu"],"picked":"Gathering:ReiMu","floor":2.0},{"not_picked":["YinYangSign:ReiMu","OrbThrow:ReiMu"],"picked":"YinYangSange:ReiMu","floor":3.0},{"not_picked":["Conquer:ReiMu","PhosphorusFlame:ReiMu"],"picked":"SafetyPray:ReiMu","floor":5.0},{"not_picked":["BarrageOfMoneybags:ReiMu","UniversalSpiritual:ReiMu"],"picked":"CareerPray:ReiMu","floor":7.0},{"not_picked":["CareerPray:ReiMu","Revelation:ReiMu"],"picked":"RainPray2:ReiMu","floor":10.0},{"not_picked":["Free:ReiMu","Conquer:ReiMu"],"picked":"OrbThrow:ReiMu","floor":11.0},{"not_picked":["MountainWay:ReiMu","CareerPray:ReiMu"],"picked":"NineCharacters:ReiMu","floor":12}],"player_experience":82966,"relics_obtained":[{"floor":9.0,"key":"Mastiff:ReiMu"},{"floor":11.0,"key":"MealTicket"}],"event_choices":[{"damage_healed":19.0,"max_hp_gain":0.0,"max_hp_loss":0.0,"gold_gain":0.0,"event_name":"The Cleric","player_choice":"Healed","floor":4.0,"gold_loss":35.0,"damage_taken":0.0},{"damage_healed":0.0,"max_hp_gain":0.0,"max_hp_loss":0.0,"gold_gain":0.0,"cards_transformed":["Strike_Lin:ReiMu"],"event_name":"Transmorgrifier","player_choice":"Transformed","floor":8.0,"gold_loss":0.0,"damage_taken":0.0,"cards_obtained":["SubcavityFantasy:ReiMu"]}],"is_beta":false,"boss_relics":[],"items_purged_floors":[],"is_endless":false,"potions_floor_spawned":[1,3,7,10,11],"killed_by":"3 Sentries","ascension_level":0}}