{"host":"b7mawubrjc2hdxhd","time":1611342017,"event":{"mods":["AchievementEnabler","BaseMod","BetterRewards","Ironclad Rager","Minty Spire (QoL Compilation)","Relic Stats","Spicy Shops","Spire Arcade","StSLib"],"gold_per_floor":[115,132,132,132,147,181,181,216,243,243,273,289,300,317,317,418,418,433,452,56,67,78,97,97,97],"floor_reached":24,"language":"ENG","playtime":1109,"items_purged":[],"score":233,"play_id":"b9c5384f-acd1-48fa-95dd-5c5485d344d9","local_time":"20210122190017","is_ascension_mode":true,"campfire_choices":[{"floor":7,"key":"REST"},{"floor":15,"key":"REST"}],"circlet_count":0,"master_deck":["Bash","Carnage","Anger+1","Regret","Anger","Juggernaut","Heavy Blade","Warcry","Anger","Clash","Flex","Fiend Fire","Twin Strike","Berserk","Fiend Fire","Offering","Cleave","Limit Break","Dual Wield","Sever Soul","Pummel","Iron Wave","Pommel Strike","Rupture","Armaments","Rampage"],"relics":["Burning Blood","Red Skull","Toy Ornithopter","Oddly Smooth Stone","Blood Vial","Omamori","Mango","Pandora\u0027s Box","Ornamental Fan","Sling"],"acts_visited":["Exordium","TheCity"],"potions_floor_usage":[11,16,24],"damage_taken":[{"damage":3,"enemies":"Jaw Worm","floor":1,"turns":3},{"damage":1,"enemies":"2 Louse","floor":2,"turns":2},{"damage":8,"enemies":"Small Slimes","floor":5,"turns":3},{"damage":27,"enemies":"3 Sentries","floor":6,"turns":7},{"damage":23,"enemies":"Gremlin Nob","floor":8,"turns":4},{"damage":22,"enemies":"3 Sentries","floor":11,"turns":6},{"damage":6,"enemies":"Gremlin Gang","floor":12,"turns":6},{"damage":16,"enemies":"Exordium Wildlife","floor":13,"turns":4},{"damage":8,"enemies":"Blue Slaver","floor":14,"turns":3},{"damage":48,"enemies":"Slime Boss","floor":16,"turns":9},{"damage":31,"enemies":"Shell Parasite","floor":18,"turns":3},{"damage":12,"enemies":"Chosen","floor":19,"turns":3},{"damage":46,"enemies":"Shelled Parasite and Fungi","floor":21,"turns":3},{"damage":16,"enemies":"Chosen and Byrds","floor":22,"turns":4},{"damage":8,"enemies":"Cultist and Chosen","floor":23,"turns":4},{"damage":26,"enemies":"Gremlin Leader","floor":24,"turns":2}],"seed_played":"-7015775303951381615","potions_obtained":[{"floor":2,"key":"Swift Potion"},{"floor":5,"key":"ColorlessPotion"},{"floor":6,"key":"AttackPotion"},{"floor":11,"key":"ElixirPotion"},{"floor":12,"key":"Block Potion"},{"floor":16,"key":"SmokeBomb"}],"is_trial":false,"path_per_floor":["M","M","?","?","M","E","R","E","T","?","E","M","M","M","R","B",null,"M","M","$","M","M","M","E"],"character_chosen":"IRONCLAD","items_purchased":["Ornamental Fan","Sling"],"campfire_rested":2,"item_purchase_floors":[20,20],"current_hp_per_floor":[80,80,80,80,78,57,80,63,63,63,68,70,62,62,90,55,94,69,65,65,27,19,19,0,0],"gold":97,"neow_bonus":"IRONCLAD_RAGER","is_daily":false,"chose_seed":false,"campfire_upgraded":0,"win_rate":0.0,"timestamp":1611342017,"path_taken":["M","M","?","?","M","E","R","E","T","?","E","M","M","M","R","BOSS","M","?","$","M","M","M","E"],"items_purchased_type":["Relic","Relic"],"build_version":"2020-12-22","purchased_purges":0,"victory":false,"max_hp_per_floor":[80,80,80,80,80,80,80,80,80,80,94,94,94,94,94,94,94,94,94,94,94,94,94,94,94],"relic_stats":{"Blood Vial":20,"counters":[170,771],"Ornamental Fan":[28],"Pandora\u0027s Box":["Twin Strike","Berserk","Fiend Fire","Offering","Cleave","Limit Break","Dual Wield","Sever Soul","Pummel"],"obtain_stats":[{"hubris:BallOfYels":8,"Golden Egg":7,"Sling":20,"relicPack:OneForAll":22,"Blood Vial":43,"Replay:Ringing Soul":9,"MealTicket":39,"StSpp:TwinEgg":24,"HandDrill":31,"relicPack:AllForOne":3,"Replay:Wax Seal":11,"aspiration:DSix":6,"Velvet Choker":17,"Pen Nib":11,"aspiration:IroncladSkillbook":17,"SlaversCollar":34,"Pandora\u0027s Box":17,"relicPack:WeightedSword":11,"conspire:Flyswatter":8,"Solar Panel":20,"hubris:Metronome":9,"Regal Pillow":21,"Painkiller Herb":17,"Bag of Preparation":23,"Smiling Mask":7,"Ancient Tea Set":38,"conspire:InfiniteJournal":0,"Replay:Rubber Ducky":20,"Replay:M_SmolderingBlood":14,"hubris:CuriousFeather":0,"WingedGreaves":0,"aspiration:FutureDiary":17,"InkBottle":6,"Ring of the Snake":20,"Potion Belt":26,"Lee\u0027s Waffle":0,"Replay:M_StaffOfTheSnake":0,"NeowsBlessing":0,"Golden Idol":5,"hubris:64BitClover":36,"conspire:RunicOctahedron":34,"PreservedInsect":19,"Geode":21,"Omamori":19,"Frozen Egg 2":11,"hubris:Towel":37,"Ornamental Fan":13,"hubris:Spice":47,"Ring of Misfortune":37,"StSpp:BrokenTotem":9,"Art of War":0,"Durian":49,"ReplayTheSpireMod:Lightbulb":26,"Toy Ornithopter":6,"Centennial Puzzle":19,"Replay:Frozen Program":36,"conspire:DecoderRing":40,"Strawberry":25,"Prayer Wheel":16,"Iron Hammer":26,"StSpp:WoodenStick":36,"conspire:Dentures":23,"hubris:DuctTape":12,"Happy Flower":24,"aspiration:Nostalgia":0,"hubris:SoftwareUpdate":9,"Replay:Grab Bag":17,"Oddly Smooth Stone":8,"conspire:Boomerang":6,"Letter Opener":43,"War Paint":11,"WarpedTongs":10,"OrangePellets":4,"ReplayTheSpireMod:Spearhead":19,"Shuriken":11,"Brimstone":22,"Molten Egg 2":10,"Onion Ring":13,"Grinning Jar":6,"conspire:IceCreamScoop":14,"Meat on the Bone":10,"ReplayFunnel":9,"Replay:PocketPolymizer":6,"Black Blood":17,"conspire:SpecialSausage":17,"Mango":11,"Juzu Bracelet":7,"conspire:TopHat":7,"SsserpentHead":5,"Replay:Bandana":6,"hubris:Icosahedron":13,"Pantograph":5,"Red Mask":19,"Cracked Core":0,"Red Skull":4,"Gremlin Food":9,"ReplayTheSpireMod:Ninjato":11,"aspiration:FetidBarrel":26,"aspiration:RunicSpoon":17,"Guide Book":21,"Orichalcum":31,"Mercury Hourglass":4,"Ring of Fury":37,"Bag of Marbles":5,"Membership Card":0,"aspiration:RitualDagger":17,"hubris:OldNail":4},{"hubris:BallOfYels":24,"Golden Egg":70,"Sling":166,"relicPack:OneForAll":90,"Blood Vial":114,"Replay:Ringing Soul":96,"MealTicket":44,"StSpp:TwinEgg":149,"HandDrill":109,"relicPack:AllForOne":94,"Replay:Wax Seal":54,"aspiration:DSix":23,"Velvet Choker":101,"Pen Nib":84,"aspiration:IroncladSkillbook":101,"SlaversCollar":110,"Pandora\u0027s Box":128,"relicPack:WeightedSword":142,"conspire:Flyswatter":142,"Solar Panel":36,"hubris:Metronome":84,"Regal Pillow":129,"Painkiller Herb":101,"Bag of Preparation":131,"Smiling Mask":4,"Ancient Tea Set":111,"conspire:InfiniteJournal":49,"Replay:Rubber Ducky":89,"Replay:M_SmolderingBlood":18,"hubris:CuriousFeather":79,"WingedGreaves":79,"aspiration:FutureDiary":87,"InkBottle":52,"Ring of the Snake":36,"Potion Belt":92,"Lee\u0027s Waffle":79,"Replay:M_StaffOfTheSnake":0,"NeowsBlessing":8,"Golden Idol":10,"hubris:64BitClover":43,"conspire:RunicOctahedron":42,"PreservedInsect":129,"Geode":59,"Omamori":129,"Frozen Egg 2":71,"hubris:Towel":111,"Ornamental Fan":32,"hubris:Spice":117,"Ring of Misfortune":43,"StSpp:BrokenTotem":70,"Art of War":19,"Durian":118,"ReplayTheSpireMod:Lightbulb":78,"Toy Ornithopter":158,"Centennial Puzzle":129,"Replay:Frozen Program":111,"conspire:DecoderRing":45,"Strawberry":92,"Prayer Wheel":34,"Iron Hammer":107,"StSpp:WoodenStick":111,"conspire:Dentures":78,"hubris:DuctTape":72,"Happy Flower":107,"aspiration:Nostalgia":0,"hubris:SoftwareUpdate":24,"Replay:Grab Bag":101,"Oddly Smooth Stone":159,"conspire:Boomerang":123,"Letter Opener":46,"War Paint":5,"WarpedTongs":16,"OrangePellets":50,"ReplayTheSpireMod:Spearhead":146,"Shuriken":31,"Brimstone":148,"Molten Egg 2":4,"Onion Ring":72,"Grinning Jar":16,"conspire:IceCreamScoop":8,"Meat on the Bone":96,"ReplayFunnel":4,"Replay:PocketPolymizer":140,"Black Blood":145,"conspire:SpecialSausage":34,"Mango":160,"Juzu Bracelet":31,"conspire:TopHat":84,"SsserpentHead":30,"Replay:Bandana":96,"hubris:Icosahedron":85,"Pantograph":51,"Red Mask":36,"Cracked Core":0,"Red Skull":156,"Gremlin Food":16,"ReplayTheSpireMod:Ninjato":97,"aspiration:FetidBarrel":39,"aspiration:RunicSpoon":57,"Guide Book":59,"Orichalcum":41,"Mercury Hourglass":50,"Ring of Fury":43,"Bag of Marbles":122,"Membership Card":49,"aspiration:RitualDagger":74,"hubris:OldNail":50},{"hubris:BallOfYels":110,"Golden Egg":283,"Sling":758,"relicPack:OneForAll":374,"Blood Vial":505,"Replay:Ringing Soul":403,"MealTicket":188,"StSpp:TwinEgg":694,"HandDrill":477,"relicPack:AllForOne":396,"Replay:Wax Seal":230,"aspiration:DSix":102,"Velvet Choker":434,"Pen Nib":341,"aspiration:IroncladSkillbook":434,"SlaversCollar":484,"Pandora\u0027s Box":588,"relicPack:WeightedSword":660,"conspire:Flyswatter":660,"Solar Panel":150,"hubris:Metronome":341,"Regal Pillow":598,"Painkiller Herb":434,"Bag of Preparation":608,"Smiling Mask":19,"Ancient Tea Set":487,"conspire:InfiniteJournal":211,"Replay:Rubber Ducky":368,"Replay:M_SmolderingBlood":78,"hubris:CuriousFeather":324,"WingedGreaves":324,"aspiration:FutureDiary":359,"InkBottle":224,"Ring of the Snake":150,"Potion Belt":387,"Lee\u0027s Waffle":324,"Replay:M_StaffOfTheSnake":0,"NeowsBlessing":54,"Golden Idol":56,"hubris:64BitClover":184,"conspire:RunicOctahedron":180,"PreservedInsect":598,"Geode":248,"Omamori":598,"Frozen Egg 2":286,"hubris:Towel":487,"Ornamental Fan":132,"hubris:Spice":523,"Ring of Misfortune":184,"StSpp:BrokenTotem":283,"Art of War":84,"Durian":528,"ReplayTheSpireMod:Lightbulb":319,"Toy Ornithopter":720,"Centennial Puzzle":598,"Replay:Frozen Program":487,"conspire:DecoderRing":193,"Strawberry":387,"Prayer Wheel":136,"Iron Hammer":469,"StSpp:WoodenStick":487,"conspire:Dentures":319,"hubris:DuctTape":291,"Happy Flower":469,"aspiration:Nostalgia":0,"hubris:SoftwareUpdate":110,"Replay:Grab Bag":434,"Oddly Smooth Stone":724,"conspire:Boomerang":558,"Letter Opener":198,"War Paint":30,"WarpedTongs":70,"OrangePellets":213,"ReplayTheSpireMod:Spearhead":679,"Shuriken":127,"Brimstone":690,"Molten Egg 2":19,"Onion Ring":291,"Grinning Jar":70,"conspire:IceCreamScoop":54,"Meat on the Bone":403,"ReplayFunnel":19,"Replay:PocketPolymizer":649,"Black Blood":674,"conspire:SpecialSausage":143,"Mango":730,"Juzu Bracelet":127,"conspire:TopHat":341,"SsserpentHead":120,"Replay:Bandana":403,"hubris:Icosahedron":347,"Pantograph":218,"Red Mask":150,"Cracked Core":0,"Red Skull":710,"Gremlin Food":70,"ReplayTheSpireMod:Ninjato":412,"aspiration:FetidBarrel":164,"aspiration:RunicSpoon":242,"Guide Book":248,"Orichalcum":172,"Mercury Hourglass":213,"Ring of Fury":184,"Bag of Marbles":547,"Membership Card":211,"aspiration:RitualDagger":300,"hubris:OldNail":213}],"Burning Blood":296,"Toy Ornithopter":15},"card_choices":[{"not_picked":["Warcry","Dual Wield"],"picked":"Carnage","floor":1},{"not_picked":["Whirlwind","Headbutt"],"picked":"Anger","floor":2},{"not_picked":["Rupture","Second Wind"],"picked":"Anger","floor":5},{"not_picked":["Heavy Blade","Intimidate"],"picked":"Juggernaut","floor":6},{"not_picked":["Shrug It Off","Pummel"],"picked":"Heavy Blade","floor":8},{"not_picked":["True Grit","Heavy Blade"],"picked":"Warcry","floor":11},{"not_picked":["Sword Boomerang","Shrug It Off"],"picked":"Anger","floor":12},{"not_picked":["Sword Boomerang","Twin Strike"],"picked":"Clash","floor":13},{"not_picked":["Impervious","Body Slam"],"picked":"Flex","floor":14},{"not_picked":["Impervious","Double Tap"],"picked":"Fiend Fire","floor":16},{"not_picked":["Heavy Blade","Perfected Strike+1"],"picked":"Iron Wave","floor":18},{"not_picked":["Sword Boomerang","Hemokinesis"],"picked":"Pommel Strike","floor":19},{"not_picked":["Cleave","Thunderclap"],"picked":"Rupture","floor":21},{"not_picked":["Sword Boomerang","Power Through"],"picked":"Armaments","floor":22},{"not_picked":["Warcry","Heavy Blade"],"picked":"Rampage","floor":23}],"player_experience":55997,"relics_obtained":[{"floor":6,"key":"Toy Ornithopter"},{"floor":8,"key":"Oddly Smooth Stone"},{"floor":9,"key":"Blood Vial"},{"floor":11,"key":"Mango"}],"event_choices":[{"damage_healed":0,"gold_gain":0,"player_choice":"Grow","damage_taken":0,"max_hp_gain":0,"max_hp_loss":0,"event_name":"Living Wall","floor":3,"gold_loss":0,"cards_upgraded":["Anger"]},{"damage_healed":0,"gold_gain":0,"player_choice":"Box","damage_taken":0,"relics_obtained":["Red Skull"],"max_hp_gain":0,"max_hp_loss":0,"event_name":"Big Fish","floor":4,"gold_loss":0,"cards_obtained":["Regret"]},{"damage_healed":0,"gold_gain":0,"player_choice":"Gave Potion","damage_taken":0,"relics_obtained":["Omamori"],"max_hp_gain":0,"max_hp_loss":0,"event_name":"WeMeetAgain","floor":10,"gold_loss":0}],"is_beta":false,"boss_relics":[{"not_picked":["Snecko Eye","Runic Pyramid"],"picked":"Pandora\u0027s Box"}],"items_purged_floors":[],"is_endless":false,"potions_floor_spawned":[2,5,6,11,12,16,22],"killed_by":"Gremlin Leader","ascension_level":1}}