{"host":"a7n5dzefz0hsmd08","time":1611338942,"event":{"mods":["2.2 Compatiblity","AchievementEnabler","BaseMod","Minty Spire (QoL Compilation)","Relic Stats","StSLib"],"gold_per_floor":[109,109,109,126,142,142,159,187,187,262,297,297,311,47,47,145,145,156,171,186,197,212,239,259,285,285,285,59,259,275,295,295,393,393,408,458,458,458,214,242,242,269,269,269,279,298,330,330,330,330],"floor_reached":51,"language":"ENG","playtime":3327,"items_purged":[],"score":926,"play_id":"57c3c369-cb16-48fc-a7a4-1fba9d8fb3e5","local_time":"20210122190902","is_ascension_mode":true,"campfire_choices":[{"data":"Blade Dance","floor":6.0,"key":"SMITH"},{"data":"Bouncing Flask","floor":12,"key":"SMITH"},{"data":"Prepared","floor":15,"key":"SMITH"},{"data":"Cloak And Dagger","floor":27,"key":"SMITH"},{"data":"Venomology","floor":32,"key":"SMITH"},{"data":"Accuracy","floor":41,"key":"SMITH"},{"data":"Noxious Fumes","floor":44,"key":"SMITH"},{"data":"Phantasmal Killer","floor":49,"key":"SMITH"}],"circlet_count":0,"master_deck":["Strike_G","Strike_G","Strike_G","Strike_G","Defend_G","Defend_G","Defend_G","Defend_G","Defend_G","Survivor","Neutralize","Dagger Throw","Prepared+1","Blade Dance+1","Eviscerate","Bouncing Flask+1","Bane","Finisher","Dagger Spray","Phantasmal Killer+1","Underhanded Strike","Setup+1","Cloak And Dagger+1","Flying Knee","Dagger Throw+1","Expertise","Acrobatics","Noxious Fumes+1","Poisoned Stab","Venomology+1","Unload","CurseOfTheBell","Accuracy+1","Blade Dance+1","Catalyst+1","Acrobatics+1","Poisoned Stab+1"],"relics":["Ring of the Snake","Mango","Meat on the Bone","Darkstone Periapt","Eternal Feather","Shuriken","Coffee Dripper","Smiling Mask","Singing Bowl","Du-Vu Doll","Lee\u0027s Waffle","Calling Bell","Oddly Smooth Stone","HornCleat","Prayer Wheel","WingedGreaves","Pear","Gremlin Horn","Incense Burner","Strawberry","Molten Egg 2","TungstenRod"],"acts_visited":["Exordium","TheCity","TheBeyond"],"potions_floor_usage":[19,20,22,23,25,25,33,35,40,40,40,45,45,46,46,46,50,50],"damage_taken":[{"damage":0.0,"enemies":"2 Louse","floor":1.0,"turns":2.0},{"damage":3.0,"enemies":"Jaw Worm","floor":4.0,"turns":3.0},{"damage":1.0,"enemies":"Cultist","floor":5.0,"turns":4.0},{"damage":22.0,"enemies":"Gremlin Gang","floor":7.0,"turns":5.0},{"damage":28.0,"enemies":"Lagavulin","floor":8.0,"turns":8.0},{"damage":10,"enemies":"Gremlin Nob","floor":11,"turns":3},{"damage":4,"enemies":"2 Fungi Beasts","floor":13,"turns":2},{"damage":0,"enemies":"Slime Boss","floor":16,"turns":3},{"damage":17,"enemies":"2 Thieves","floor":18,"turns":2},{"damage":0,"enemies":"Chosen","floor":19,"turns":2},{"damage":27,"enemies":"Centurion and Healer","floor":20,"turns":4},{"damage":16,"enemies":"Snake Plant","floor":21,"turns":3},{"damage":0,"enemies":"Cultist and Chosen","floor":22,"turns":3},{"damage":37,"enemies":"Slavers","floor":23,"turns":5},{"damage":0,"enemies":"3 Cultists","floor":24,"turns":2},{"damage":21,"enemies":"Gremlin Leader","floor":25,"turns":5},{"damage":4,"enemies":"Sentry and Sphere","floor":30,"turns":3},{"damage":29,"enemies":"Shelled Parasite and Fungi","floor":31,"turns":4},{"damage":44,"enemies":"Champ","floor":33,"turns":8},{"damage":15,"enemies":"Orb Walker","floor":35,"turns":2},{"damage":23,"enemies":"Mind Bloom Boss Battle","floor":36,"turns":5},{"damage":6,"enemies":"Reptomancer","floor":40,"turns":2},{"damage":25,"enemies":"Giant Head","floor":42,"turns":7},{"damage":13,"enemies":"3 Darklings","floor":45,"turns":3},{"damage":4,"enemies":"Transient","floor":46,"turns":5},{"damage":17,"enemies":"Reptomancer","floor":47,"turns":3},{"damage":59,"enemies":"Donu and Deca","floor":50,"turns":6}],"seed_played":"6087543377408293473","potions_obtained":[{"floor":7.0,"key":"Fire Potion"},{"floor":11,"key":"LiquidMemories"},{"floor":18,"key":"DuplicationPotion"},{"floor":21,"key":"BlessingOfTheForge"},{"floor":23,"key":"AttackPotion"},{"floor":24,"key":"BlessingOfTheForge"},{"floor":31,"key":"Block Potion"},{"floor":33,"key":"Strength Potion"},{"floor":35,"key":"BlessingOfTheForge"},{"floor":45,"key":"Regen Potion"},{"floor":46,"key":"SkillPotion"}],"is_trial":false,"path_per_floor":["M","?","T","M","M","R","M","E","T","?","E","R","M","$","R","B",null,"M","M","M","M","M","E","M","E","T","R","$","?","M","M","R","B",null,"M","?","?","T","$","E","R","E","T","R","M","M","E","?","R","B",null],"character_chosen":"THE_SILENT","items_purchased":["Dagger Spray","Shuriken","Lee\u0027s Waffle","Noxious Fumes","Gremlin Horn"],"campfire_rested":0,"item_purchase_floors":[14,14,28,28,39],"current_hp_per_floor":[77,82,96,93,92,92,70,42,42,33,35,44,52,52,64,64,96,79,79,52,48,60,35,47,40,40,55,105,105,101,72,90,58,111,98,77,77,87,87,81,99,81,81,102,89,102,87,87,108,61],"gold":330,"neow_bonus":"TEN_PERCENT_HP_BONUS","is_daily":false,"chose_seed":false,"campfire_upgraded":8,"win_rate":0.0,"timestamp":1611338942,"path_taken":["M","?","?","M","M","R","M","E","T","?","E","R","M","$","R","BOSS","M","?","M","?","M","E","M","E","T","R","$","?","M","M","R","BOSS","M","?","?","?","$","E","R","E","T","R","M","?","E","?","R","BOSS"],"items_purchased_type":["Card","Relic","Relic","Card","Relic"],"build_version":"2020-12-22","purchased_purges":0,"victory":true,"max_hp_per_floor":[77,82,96,96,96,96,96,96,96,96,96,96,96,96,96,96,96,96,96,96,96,96,96,96,98,98,98,105,105,105,105,105,105,111,113,115,115,125,125,125,125,132,132,132,132,134,136,136,136,136],"relic_stats":{"Darkstone Periapt":6,"Lee\u0027s Waffle":50,"Singing Bowl":10,"Gremlin Horn":[9,9],"counters":[27,104],"Eternal Feather":114,"Smiling Mask":0,"Shuriken":[72],"Prayer Wheel":3,"obtain_stats":[{"Darkstone Periapt":9,"Lee\u0027s Waffle":28,"Pear":38,"Singing Bowl":25,"Gremlin Horn":39,"Oddly Smooth Stone":34,"Mango":3,"Eternal Feather":11,"Incense Burner":40,"Smiling Mask":23,"Du-Vu Doll":26,"Calling Bell":34,"HornCleat":34,"Shuriken":14,"Strawberry":42,"Prayer Wheel":34,"Molten Egg 2":43,"WingedGreaves":36,"Coffee Dripper":17,"TungstenRod":47,"Ring of the Snake":0,"Meat on the Bone":8},{"Darkstone Periapt":5,"Lee\u0027s Waffle":16,"Pear":21,"Singing Bowl":16,"Gremlin Horn":21,"Oddly Smooth Stone":19,"Mango":1,"Eternal Feather":6,"Incense Burner":22,"Smiling Mask":14,"Du-Vu Doll":16,"Calling Bell":19,"HornCleat":19,"Shuriken":7,"Strawberry":23,"Prayer Wheel":19,"Molten Egg 2":23,"WingedGreaves":21,"Coffee Dripper":8,"TungstenRod":26,"Ring of the Snake":0,"Meat on the Bone":5},{"Darkstone Periapt":22,"Lee\u0027s Waffle":56,"Pear":78,"Singing Bowl":56,"Gremlin Horn":78,"Oddly Smooth Stone":71,"Mango":2,"Eternal Feather":25,"Incense Burner":80,"Smiling Mask":49,"Du-Vu Doll":56,"Calling Bell":71,"HornCleat":71,"Shuriken":27,"Strawberry":87,"Prayer Wheel":71,"Molten Egg 2":87,"WingedGreaves":78,"Coffee Dripper":30,"TungstenRod":98,"Ring of the Snake":0,"Meat on the Bone":22}],"TungstenRod":6,"Ring of the Snake":[54],"Meat on the Bone":108},"card_choices":[{"not_picked":["Slice","Blur"],"picked":"Dagger Throw","floor":1.0},{"not_picked":["Bane","Acrobatics"],"picked":"Prepared","floor":4.0},{"not_picked":["Backflip","Acrobatics"],"picked":"Blade Dance","floor":5.0},{"not_picked":["Cloak And Dagger","Underhanded Strike"],"picked":"Eviscerate","floor":7.0},{"not_picked":["Backstab","Leg Sweep"],"picked":"Bouncing Flask","floor":8.0},{"not_picked":["Tactician","Phantasmal Killer"],"picked":"Bane","floor":11},{"not_picked":["Bane","Leg Sweep"],"picked":"Finisher","floor":13},{"not_picked":["Night Terror","Venomology"],"picked":"Phantasmal Killer","floor":16},{"not_picked":["Masterful Stab","Dodge and Roll"],"picked":"Underhanded Strike","floor":18},{"not_picked":["Acrobatics","Dagger Throw"],"picked":"Setup+1","floor":19},{"not_picked":["Prepared","Dagger Spray"],"picked":"Cloak And Dagger","floor":20},{"not_picked":["Deflect","Tactician+1"],"picked":"Flying Knee","floor":21},{"not_picked":["Bane+1","Bouncing Flask"],"picked":"Dagger Throw+1","floor":22},{"not_picked":["Predator","Cloak And Dagger"],"picked":"Expertise","floor":23},{"not_picked":["Sucker Punch","Blur"],"picked":"Acrobatics","floor":24},{"not_picked":["Prepared+1","Backstab","Quick Slash"],"picked":"Singing Bowl","floor":25},{"not_picked":["Dodge and Roll","Bane"],"picked":"Poisoned Stab","floor":30},{"not_picked":["Setup+1","Bouncing Flask"],"picked":"Venomology","floor":31},{"not_picked":["Tools of the Trade","Glass Knife"],"picked":"Unload","floor":33},{"not_picked":["PiercingWail+1","Underhanded Strike+1"],"picked":"Accuracy","floor":35},{"not_picked":["Expertise+1","Deflect","Grand Finale"],"picked":"Singing Bowl","floor":35},{"not_picked":["Sucker Punch+1","Bane+1","Dodge and Roll+1"],"picked":"Singing Bowl","floor":36},{"not_picked":["Corpse Explosion","Cloak And Dagger"],"picked":"Blade Dance+1","floor":40},{"not_picked":["Unload","Dodge and Roll"],"picked":"Catalyst+1","floor":42},{"not_picked":["Bane+1","Noxious Fumes"],"picked":"Acrobatics+1","floor":45},{"not_picked":["Escape Plan+1","Backstab+1","Tactician+1"],"picked":"SKIP","floor":45},{"not_picked":["Riddle With Holes+1","Outmaneuver","Deadly Poison+1"],"picked":"Singing Bowl","floor":46},{"not_picked":["Bouncing Flask","Outmaneuver"],"picked":"Poisoned Stab+1","floor":46},{"not_picked":["Masterful Stab+1","Dagger Throw+1","Quick Slash+1"],"picked":"Singing Bowl","floor":47}],"player_experience":172532,"relics_obtained":[{"floor":3.0,"key":"Mango"},{"floor":8.0,"key":"Meat on the Bone"},{"floor":9.0,"key":"Darkstone Periapt"},{"floor":11,"key":"Eternal Feather"},{"floor":23,"key":"Smiling Mask"},{"floor":25,"key":"Singing Bowl"},{"floor":26,"key":"Du-Vu Doll"},{"floor":34,"key":"Oddly Smooth Stone"},{"floor":34,"key":"HornCleat"},{"floor":34,"key":"Prayer Wheel"},{"floor":36,"key":"WingedGreaves"},{"floor":38,"key":"Pear"},{"floor":40,"key":"Incense Burner"},{"floor":42,"key":"Strawberry"},{"floor":43,"key":"Molten Egg 2"},{"floor":47,"key":"TungstenRod"}],"event_choices":[{"damage_healed":0.0,"max_hp_gain":5.0,"max_hp_loss":0.0,"gold_gain":0.0,"event_name":"Big Fish","player_choice":"Donut","floor":2.0,"gold_loss":0.0,"damage_taken":0.0},{"damage_healed":0.0,"max_hp_gain":0.0,"max_hp_loss":0.0,"gold_gain":75.0,"event_name":"FaceTrader","player_choice":"Touch","floor":10.0,"gold_loss":0.0,"damage_taken":9.0},{"damage_healed":0,"gold_gain":200,"player_choice":"Gold","damage_taken":0,"max_hp_gain":0,"max_hp_loss":0,"event_name":"Wheel of Change","floor":29,"gold_loss":0},{"damage_healed":0,"gold_gain":0,"player_choice":"Fight","damage_taken":0,"max_hp_gain":0,"max_hp_loss":0,"event_name":"MindBloom","floor":36,"gold_loss":0},{"cards_removed":["Strike_G"],"damage_healed":0,"gold_gain":0,"player_choice":"Removed Attack","damage_taken":0,"max_hp_gain":0,"max_hp_loss":0,"event_name":"Falling","floor":37,"gold_loss":0},{"damage_healed":0,"gold_gain":0,"player_choice":"Ignored","damage_taken":0,"max_hp_gain":0,"max_hp_loss":0,"event_name":"Purifier","floor":48,"gold_loss":0}],"is_beta":false,"boss_relics":[{"not_picked":["Philosopher\u0027s Stone","Runic Pyramid"],"picked":"Coffee Dripper"},{"not_picked":["Runic Dome","Black Star"],"picked":"Calling Bell"}],"items_purged_floors":[],"is_endless":false,"potions_floor_spawned":[7,11,18,21,23,24,31,33,35,45,46],"ascension_level":1}}