{"host":"kw4o7b3ro2ktmmbe","time":1611319315,"event":{"mods":["100% Spire Juice","BaseMod","Evolution","Minty Spire (QoL Compilation)","Spire Arcade","StSLib"],"gold_per_floor":[110,122,141,96,113,113,133,167,167,47,61,84,97,107,107,202,82,96,109,69,69,82,82,116,13,88,113,113,140,190,190,190,293,293,307,158,158,0,0,29,29,42,42,42,42,58,58,69,69,69],"floor_reached":51,"language":"ENG","playtime":6557,"items_purged":[],"score":1121,"play_id":"91aa88df-a570-486c-a958-278055ce842c","local_time":"20210123014155","is_ascension_mode":true,"campfire_choices":[{"data":"Moonworks:CrystalBarrier","floor":6.0,"key":"SMITH"},{"data":"Moonworks:Dinner","floor":10.0,"key":"SMITH"},{"data":"Moonworks:CloudOfSeagulls","floor":15.0,"key":"SMITH"},{"data":"Moonworks:StarBlastingFuse","floor":23.0,"key":"SMITH"},{"data":"Moonworks:AnotherUltimateWeapon","floor":32.0,"key":"SMITH"},{"data":"Moonworks:MetallicMonocoque","floor":41.0,"key":"SMITH"},{"data":"Moonworks:CrystalBarrier","floor":44,"key":"SMITH"},{"data":"Apotheosis","floor":49,"key":"SMITH"}],"circlet_count":0,"master_deck":["Moonworks:Strike+1","Moonworks:Strike+1","Moonworks:Strike+1","Moonworks:Strike+1","Moonworks:Defend+1","Moonworks:Defend+1","Moonworks:Defend+1","Moonworks:Defend+1","Moonworks:Ambush","Moonworks:LongDistanceShot","Moonworks:NicePresent","Moonworks:CrystalBarrier+1","Moonworks:WindyEnchantment","Moonworks:Dinner+1","Moonworks:CloudOfSeagulls+1","Moonworks:ShieldCounter","Moonworks:NicePresent","Moonworks:StarBlastingFuse+1","Moonworks:MiracleRedBeanIceCream","Moonworks:CrystalBarrier+1","Moonworks:AnotherUltimateWeapon+1","Moonworks:BackdoorTrade+1","Moonworks:UnpaidWork","Moonworks:MetallicMonocoque+1","Moonworks:TacticalRetreat+1","Madness","Madness","Moonworks:JonathanRush+1","Moonworks:LuckyCharm+1","Moonworks:OutOfAmmo","Bandage Up","Madness","Apotheosis+1"],"relics":["Moonworks:Homemark","EVO:Axolotl","Sozu","Regal Pillow","Question Card","Odd Mushroom","Coffee Dripper","Moonworks:LittleGull","Pear","Dream Catcher","Bag of Marbles","Bronze Scales","Cursed Key","Akabeko","Red Mask","Molten Egg 2"],"acts_visited":["Exordium","TheCity","TheBeyond"],"potions_floor_usage":[],"damage_taken":[{"damage":0.0,"enemies":"2 Louse","floor":1.0,"turns":3.0},{"damage":7.0,"enemies":"Small Slimes","floor":2.0,"turns":3.0},{"damage":2.0,"enemies":"Cultist","floor":3.0,"turns":4.0},{"damage":0.0,"enemies":"Exordium Thugs","floor":5.0,"turns":4.0},{"damage":6.0,"enemies":"Gremlin Gang","floor":7.0,"turns":5.0},{"damage":0.0,"enemies":"3 Sentries","floor":8.0,"turns":13.0},{"damage":0.0,"enemies":"3 Louse","floor":11.0,"turns":4.0},{"damage":3.0,"enemies":"The Mushroom Lair","floor":12.0,"turns":5.0},{"damage":0.0,"enemies":"Looter","floor":13.0,"turns":3.0},{"damage":0.0,"enemies":"Exordium Wildlife","floor":14.0,"turns":5.0},{"damage":0.0,"enemies":"Slime Boss","floor":16.0,"turns":13.0},{"damage":0.0,"enemies":"Shell Parasite","floor":18.0,"turns":3.0},{"damage":0.0,"enemies":"3 Byrds","floor":19.0,"turns":4.0},{"damage":0.0,"enemies":"Centurion and Healer","floor":22.0,"turns":4.0},{"damage":21.0,"enemies":"Slavers","floor":24.0,"turns":4.0},{"damage":0.0,"enemies":"Snake Plant","floor":25.0,"turns":4.0},{"damage":24.0,"enemies":"Gremlin Leader","floor":27.0,"turns":6.0},{"damage":0.0,"enemies":"Book of Stabbing","floor":29.0,"turns":5.0},{"damage":4.0,"enemies":"Automaton","floor":33.0,"turns":8.0},{"damage":0.0,"enemies":"3 Shapes","floor":35.0,"turns":5.0},{"damage":0.0,"enemies":"Giant Head","floor":40.0,"turns":6.0},{"damage":0.0,"enemies":"3 Darklings","floor":42.0,"turns":4.0},{"damage":0,"enemies":"Maw","floor":46,"turns":6},{"damage":0,"enemies":"Sphere and 2 Shapes","floor":48,"turns":4},{"damage":0,"enemies":"Awakened One","floor":50,"turns":7}],"seed_played":"767868004750905572","potions_obtained":[],"is_trial":false,"path_per_floor":["M","M","M","?","M","R","M","E","T","R","M","?","M","M","R","B",null,"M","M","?","$","M","R","E","M","T","E","$","E","T","?","R","B",null,"M","$","?","?","$","E","R","M","T","R","$","M","?","M","R","B",null],"character_chosen":"THE_STARBREAKER","items_purchased":["Akabeko"],"campfire_rested":0,"item_purchase_floors":[36],"current_hp_per_floor":[54,47,45,34,34,34,28,28,28,28,37,43,50,60,60,60,60,60,60,60,60,60,60,49,60,70,60,60,69,69,69,69,70,70,70,70,61,61,61,70,70,70,70,70,70,70,60,70,70,70],"gold":69,"neow_bonus":"BOSS_RELIC","is_daily":false,"chose_seed":false,"campfire_upgraded":8,"win_rate":0.0,"timestamp":1611319315,"path_taken":["M","M","M","?","M","R","M","E","T","R","M","?","M","M","R","BOSS","M","M","?","?","?","R","E","?","T","E","$","E","?","?","R","BOSS","M","$","?","?","$","E","R","M","T","R","?","?","?","M","R","BOSS"],"items_purchased_type":["Relic"],"build_version":"2020-12-22","purchased_purges":0,"victory":true,"max_hp_per_floor":[60,60,60,60,60,60,60,60,60,60,60,60,60,60,60,60,60,60,60,60,60,60,60,60,60,70,70,70,70,70,70,70,70,70,70,70,70,70,70,70,70,70,70,70,70,70,70,70,70,70],"card_choices":[{"not_picked":["Moonworks:StiffCrystal","Moonworks:SakisCookie"],"picked":"Moonworks:NicePresent","floor":1.0},{"not_picked":["Moonworks:DeployBits","Moonworks:Assault"],"picked":"Moonworks:CrystalBarrier","floor":2.0},{"not_picked":["Moonworks:CookingTime","Moonworks:ForcedRevival"],"picked":"Moonworks:WindyEnchantment","floor":3.0},{"not_picked":["Moonworks:IndiscriminateFireSupport","Moonworks:ImOnFire","Moonworks:CastOff"],"picked":"SKIP","floor":5.0},{"not_picked":["Moonworks:IndiscriminateFireSupport","Moonworks:FinalSurgery","Moonworks:ForcedRevival"],"picked":"SKIP","floor":7.0},{"not_picked":["Moonworks:UnluckyCharm","Moonworks:LulusLuckyEgg"],"picked":"Moonworks:Dinner","floor":8.0},{"not_picked":["Moonworks:LulusLuckyEgg","Moonworks:ImOnFire","Moonworks:SealedMemories","Moonworks:ImmovableObject"],"picked":"SKIP","floor":11.0},{"not_picked":["Moonworks:IndiscriminateFireSupport","Moonworks:EvilSpyWorkPreparation","Moonworks:Assault"],"picked":"Moonworks:CloudOfSeagulls","floor":12.0},{"not_picked":["Moonworks:Dash","Moonworks:FinalSurgery","Moonworks:CookingTime"],"picked":"Moonworks:ShieldCounter","floor":13.0},{"not_picked":["Moonworks:CloudOfSeagulls","Moonworks:Poppoformation","Moonworks:DeployBits"],"picked":"Moonworks:NicePresent","floor":14.0},{"not_picked":["Moonworks:ReflectiveShell","Moonworks:Gamble","Moonworks:SinkOrSwim"],"picked":"Moonworks:StarBlastingFuse","floor":16.0},{"not_picked":["Moonworks:LulusLuckyEgg","Moonworks:Assault+1","Moonworks:BigMagnum"],"picked":"Moonworks:MiracleRedBeanIceCream","floor":18.0},{"not_picked":["Moonworks:EvilSpyWorkPreparation","Moonworks:ImOnFire+1","Moonworks:UnpaidWork","Moonworks:IndiscriminateFireSupport"],"picked":"SKIP","floor":19.0},{"not_picked":["Moonworks:NicePresent","Moonworks:LulusLuckyEgg","Moonworks:SakisCookie"],"picked":"Moonworks:CrystalBarrier","floor":22.0},{"not_picked":["Moonworks:Assault","Moonworks:JonathanRush","Moonworks:DeployBits"],"picked":"Moonworks:AnotherUltimateWeapon","floor":24.0},{"not_picked":["Moonworks:CloudOfSeagulls","Moonworks:BigMagnum","Moonworks:ImOnFire"],"picked":"Moonworks:BackdoorTrade+1","floor":25.0},{"not_picked":["Moonworks:BeyondHell","Moonworks:BigMagnum","Moonworks:DeployBits","Moonworks:SealedMemories"],"picked":"SKIP","floor":27.0},{"not_picked":["Moonworks:SakisCookie","Moonworks:LuckyCharm","Moonworks:ReproductionOfRecords"],"picked":"Moonworks:UnpaidWork","floor":29.0},{"not_picked":["Moonworks:MeltingMemories","Moonworks:WeAreWaruda","Moonworks:Blazing"],"picked":"Moonworks:MetallicMonocoque","floor":33.0},{"not_picked":["Moonworks:Assault+1","Moonworks:LulusLuckyEgg+1","Moonworks:Flamethrower"],"picked":"Moonworks:TacticalRetreat+1","floor":35.0},{"not_picked":["Moonworks:SakisCookie","Moonworks:Assault+1","Moonworks:NicePresent+1"],"picked":"Moonworks:JonathanRush+1","floor":40.0},{"not_picked":["Moonworks:BeyondHell+1","Moonworks:SelfDestruct+1","Moonworks:IndiscriminateFireSupport+1"],"picked":"Moonworks:LuckyCharm+1","floor":42.0},{"not_picked":["Moonworks:LulusLuckyEgg+1","Moonworks:ExtendedPhotonRifle+1","Moonworks:FullSpeedAlicianrone+1"],"picked":"Moonworks:OutOfAmmo","floor":46},{"not_picked":["Violence","Forethought","Deep Breath"],"picked":"Bandage Up","floor":47},{"not_picked":["Dark Shackles","Good Instincts","Impatience"],"picked":"Madness","floor":47},{"not_picked":["Dark Shackles","Madness","Swift Strike+1"],"picked":"Apotheosis","floor":47},{"not_picked":["Moonworks:EvilSpyWorkPreparation","Moonworks:ImOnFire+1","Moonworks:IntelligenceOfficer+1","Moonworks:LulusLuckyEgg+1"],"picked":"SKIP","floor":48}],"player_experience":1869450,"relics_obtained":[{"floor":8.0,"key":"Regal Pillow"},{"floor":9.0,"key":"Question Card"},{"floor":12.0,"key":"Odd Mushroom"},{"floor":24.0,"key":"Moonworks:LittleGull"},{"floor":26.0,"key":"Pear"},{"floor":27.0,"key":"Dream Catcher"},{"floor":29.0,"key":"Bag of Marbles"},{"floor":30.0,"key":"Bronze Scales"},{"floor":40.0,"key":"Molten Egg 2"}],"event_choices":[{"damage_healed":0.0,"max_hp_gain":0.0,"max_hp_loss":0.0,"gold_gain":75.0,"event_name":"World of Goop","player_choice":"Gather Gold","floor":4.0,"gold_loss":0.0,"damage_taken":11.0},{"damage_healed":0.0,"max_hp_gain":0.0,"max_hp_loss":0.0,"gold_gain":0.0,"event_name":"Mushrooms","player_choice":"Fought Mushrooms","floor":12.0,"gold_loss":0.0,"damage_taken":0.0},{"damage_healed":0.0,"max_hp_gain":0.0,"max_hp_loss":0.0,"gold_gain":0.0,"event_name":"Designer","player_choice":"Upgraded Two","floor":20.0,"gold_loss":40.0,"damage_taken":0.0,"cards_upgraded":["Moonworks:Defend","Moonworks:Defend"]},{"damage_healed":0.0,"max_hp_gain":0.0,"max_hp_loss":0.0,"gold_gain":0.0,"event_name":"Back to Basics","player_choice":"Simplicity","floor":31.0,"gold_loss":0.0,"damage_taken":0.0,"cards_upgraded":["Moonworks:Strike","Moonworks:Strike","Moonworks:Strike","Moonworks:Strike","Moonworks:Defend","Moonworks:Defend"]},{"damage_healed":0.0,"max_hp_gain":0.0,"max_hp_loss":0.0,"gold_gain":0.0,"event_name":"Winding Halls","player_choice":"Embrace Madness","floor":37.0,"gold_loss":0.0,"damage_taken":9.0,"cards_obtained":["Madness","Madness"]},{"damage_healed":0.0,"max_hp_gain":0.0,"max_hp_loss":0.0,"gold_gain":0.0,"event_name":"Tomb of Lord Red Mask","player_choice":"Paid","floor":38.0,"gold_loss":158.0,"damage_taken":0.0,"relics_obtained":["Red Mask"]},{"damage_healed":0,"gold_gain":0,"player_choice":"Memory 3","damage_taken":10,"max_hp_gain":0,"max_hp_loss":0,"event_name":"SensoryStone","floor":47,"gold_loss":0}],"is_beta":false,"boss_relics":[{"not_picked":["Velvet Choker","Calling Bell"],"picked":"Coffee Dripper"},{"not_picked":["Fusion Hammer","Snecko Eye"],"picked":"Cursed Key"}],"items_purged_floors":[],"is_endless":false,"potions_floor_spawned":[1,3,5,8,14,19,22,25,29,33,40,46,48],"ascension_level":6}}