{"host":"w23c85yopnejbyem","time":1611308946,"event":{"mods":["100% Spire Juice","2.2 Compatiblity","AchievementEnabler","Act Like it!","Arknights The Spire","BaseMod","Beaked The Cultist","BetterRewards","CapriCore","ChefMod","Colored Map","Colored Powertips","Conspire","Downfall-Rebalance","Duelist Mod","Elementarium","Gensokyo","GifTheSpireLib","Halation","Hallownest","Hermit","Highlight Path","JesterMod","KinomotoSakuraMod(????)","Luminous","Menagerie","Mimic Mod","Minty Spire (QoL Compilation)","MostiFishMod","Permanent Neow","Quarter Circle Forward PUNCH!","Quick Restart","Replay The Spire","Robot Space Explorer","Shade Mod","Shedinja","Shop Mod","Spicy Shops","Spikes Relics","Spire Arcade","StS++","StSLib","Stuff the Spire","The Animator","The Blue Laboratory","The Bug Knight","The Dragon Tamer","The Fake Hero","The Immortal","The Marked","The Mystic","The Necromancer","The Senshi","The Trickster","TheSwordswoman","TheVacant","TheVelvet","Useless Jewels Mod","Yakumo Yukari mod","??????REMEMod"],"gold_per_floor":[116,291,11,22,37,37,69,69,69,69,86,105,136,150,150,253,253,266,283,297,297,329,329,346,375,399,409,437,437,64,114,114,211,211,224,241,133,133,133,166,166,180,214,91,91,91,91,106,106,106,106,106,106,132,132],"floor_reached":54,"language":"ENG","playtime":2200,"items_purged":["Doubt","Hallownest:curseDreamersLament"],"score":920,"play_id":"6630597a-218d-46bd-b93c-358dafdf1608","local_time":"20210122094906","is_ascension_mode":false,"campfire_choices":[{"data":"beaked:MaddeningMurmurs","floor":6,"key":"SMITH"},{"data":"beaked:Ceremony","floor":10,"key":"SMITH"},{"data":"beaked:CrazyRituals","floor":15,"key":"SMITH"},{"data":"beaked:Ceremony","floor":23,"key":"SMITH"},{"data":"beaked:MimicWarrior","floor":29,"key":"SMITH"},{"floor":32,"key":"RECALL"},{"data":"MostiFishMod:PerfectForm","floor":41,"key":"SMITH"},{"data":"beaked:Insight","floor":49,"key":"SMITH"},{"data":"ReplayTheSpireMod:Prepare the Ceremony","floor":52,"key":"SMITH"}],"circlet_count":0,"master_deck":["beaked:Strike_Y","beaked:Strike_Y","beaked:Strike_Y","beaked:Strike_Y","beaked:Strike_Y","beaked:Strike_Y","beaked:Defend_Y","beaked:Defend_Y","beaked:Defend_Y","beaked:Defend_Y","beaked:Ceremony","beaked:Ceremony+1","beaked:Ceremony+1","beaked:MaddeningMurmurs+1","ReplayTheSpireMod:Prepare the Ceremony","beaked:BraceForImpact","beaked:Evade","Hallownest:curseDreamersLament","beaked:CrazyRituals+1","beaked:Brace","ReplayTheSpireMod:Prepare the Ceremony+1","beaked:MachineSpirit","beaked:KnowThyFoe","beaked:Evade+1","beaked:MimicHuntress+1","beaked:Foresight+1","beaked:Daydream","beaked:MimicWarrior+1","beaked:Sacrifice","beaked:SacrificialDive+1","MostiFishMod:PerfectForm+1","beaked:CrazyRituals+1","beaked:Insight+1","Gensokyo:BlemishedSteel"],"relics":["beaked:MendingPlumage","REME_ComplimentaryCards","DaveBox","ShadowXiaoBlade","SynthV:TestCard","halation:TrafficLight","qcfpunch:Wild_Herbs_Ointment","Pear","FeatherPendant","Dream Catcher","halation:TwoAmDonut","Omamori","Elementarium:GoldenMirage","Elementarium:ElementariumTrophy","ChiXiaoBlade","halation:SelfBoilingWater","Durian","REME_HourglassOfDeath","halation:EternalFortune","StSpp:SailorCap","theSenshi:FeatherClipsRelic"],"acts_visited":["Exordium","Elementarium:Elementarium","Gensokyo:Gensokyoest","TheEnding"],"potions_floor_usage":[13,16,24],"damage_taken":[{"damage":7,"enemies":"Jaw Worm","floor":1,"turns":3},{"damage":10,"enemies":"2 Louse","floor":4,"turns":3},{"damage":8,"enemies":"Cultist","floor":5,"turns":3},{"damage":16,"enemies":"Gremlin Nob","floor":7,"turns":4},{"damage":2,"enemies":"Exordium Thugs","floor":11,"turns":3},{"damage":17,"enemies":"2 Fungi Beasts","floor":12,"turns":4},{"damage":3,"enemies":"HollowMod:MossKnight","floor":13,"turns":6},{"damage":10,"enemies":"Looter","floor":14,"turns":3},{"damage":41,"enemies":"The Guardian","floor":16,"turns":7},{"damage":0,"enemies":"Elementarium:2_ELEMENTALS","floor":18,"turns":2},{"damage":5,"enemies":"Elementarium:Cyclone","floor":19,"turns":3},{"damage":14,"enemies":"Elementarium:STONE_GOLEMS","floor":20,"turns":2},{"damage":2,"enemies":"conspire:MimicChest","floor":22,"turns":2},{"damage":5,"enemies":"Elementarium:RubyGolem","floor":24,"turns":3},{"damage":25,"enemies":"Elementarium:FIRE_NOBILITY","floor":25,"turns":3},{"damage":11,"enemies":"Elementarium:Hydrostalker","floor":27,"turns":2},{"damage":4,"enemies":"Elementarium:GOLDEN_STATUES","floor":28,"turns":3},{"damage":2,"enemies":"Elementarium:GolemEmperor","floor":33,"turns":3},{"damage":10,"enemies":"Gensokyo:3_Boulders","floor":35,"turns":3},{"damage":0,"enemies":"Gensokyo:3_Bats","floor":36,"turns":3},{"damage":0,"enemies":"Gensokyo:Marisa","floor":40,"turns":4},{"damage":4,"enemies":"Gensokyo:SeedOfUnknown","floor":42,"turns":3},{"damage":0,"enemies":"Gensokyo:AtlasGolem","floor":43,"turns":3},{"damage":0,"enemies":"Gensokyo:AtlasGolem","floor":48,"turns":4},{"damage":0,"enemies":"Gensokyo:Shinki","floor":50,"turns":5},{"damage":0,"enemies":"Shield and Spear","floor":54,"turns":4}],"seed_played":"4364488365590800409","potions_obtained":[{"floor":5,"key":"blueLaboratory:HorrorPotion"},{"floor":12,"key":"blueLaboratory:BubblePotion"},{"floor":14,"key":"Block Potion"},{"floor":18,"key":"Explosive Potion"},{"floor":19,"key":"Guardian:BlockOnCardUsePotion"},{"floor":25,"key":"Fire Potion"}],"is_trial":false,"path_per_floor":["M","?","$","M","M","R","E","?","T","R","M","M","E","M","R","B",null,"M","M","M","?","?","R","M","E","T","M","?","R","$","?","R","B",null,"M","M","COS","$","?","E","R","M","MIM","$","?","?","T","M","R","B",null,"R","$","E"],"character_chosen":"BEAKED_THE_CULTIST","items_purchased":["halation:TrafficLight","MostiFishMod:PerfectForm","REME_HourglassOfDeath"],"campfire_rested":0,"item_purchase_floors":[3,30,44],"current_hp_per_floor":[58,58,58,53,51,51,47,47,47,47,54,47,69,64,64,49,70,70,70,70,67,70,70,69,69,69,70,73,73,73,73,73,73,73,71,73,73,73,73,73,73,73,78,78,81,81,81,81,81,84,84,84,84,84,84],"gold":132,"neow_bonus":"TWENTY_PERCENT_HP_BONUS","is_daily":false,"chose_seed":false,"campfire_upgraded":8,"win_rate":0.0,"timestamp":1611308946,"path_taken":["M","?","$","M","M","R","E","?","T","R","?","M","E","?","R","BOSS","M","M","M","?","?","R","M","E","T","M","?","R","$","?","R","BOSS","M","?","COS","?","?","E","R","M","MIM","$","?","?","?","M","R","BOSS","R","$","E"],"items_purchased_type":["Relic","Card","Relic"],"build_version":"2020-12-22","purchased_purges":2,"victory":false,"max_hp_per_floor":[60,60,60,60,60,60,60,60,60,60,60,60,70,70,70,70,70,70,70,70,70,70,70,70,70,70,70,73,73,73,73,73,73,73,73,73,73,73,73,73,73,73,78,78,81,81,81,81,81,84,84,84,84,84,84],"card_choices":[{"not_picked":["beaked:BraceForImpact","beaked:SurvivalInstinct"],"picked":"beaked:MaddeningMurmurs","floor":1},{"not_picked":["beaked:BarbedWire","beaked:Redirect","beaked:DigDeeper","beaked:StunningBlow"],"picked":"ReplayTheSpireMod:Prepare the Ceremony","floor":4},{"not_picked":["beaked:FeelMyPain","beaked:Tweet","beaked:Redirect","beaked:Replenish"],"picked":"beaked:BraceForImpact","floor":5},{"not_picked":["beaked:WarriorEssence","beaked:HuntressSpirit","beaked:MaddeningMurmurs","beaked:RitualOfBody"],"picked":"beaked:Evade","floor":7},{"not_picked":["beaked:TuckingFeathers","beaked:DesperateSwing","beaked:Hexing","beaked:SacrificialAttack"],"picked":"beaked:CrazyRituals","floor":11},{"not_picked":["beaked:Cower","beaked:MimicWarrior","beaked:CursingBlood","beaked:Evade"],"picked":"beaked:Brace","floor":12},{"not_picked":["ReplayTheSpireMod:Wings of Steel","beaked:Roost","beaked:Caw","beaked:Evade"],"picked":"ReplayTheSpireMod:Prepare the Ceremony","floor":13},{"not_picked":["beaked:Resilience","beaked:WarriorEssence","beaked:Brace","beaked:Redirect"],"picked":"beaked:MachineSpirit","floor":14},{"not_picked":["beaked:CheekyTricks","beaked:VolatileMisfortune","beaked:LiftOff","beaked:DarkTribute"],"picked":"beaked:KnowThyFoe","floor":16},{"not_picked":["beaked:Tweet","beaked:Resilience","beaked:Struggle","beaked:DigDeep+1"],"picked":"beaked:Evade+1","floor":18},{"not_picked":["ReplayTheSpireMod:Wings of Steel","beaked:Resilience","beaked:BarbedWire+1","beaked:Pecker"],"picked":"beaked:MimicHuntress+1","floor":19},{"not_picked":["beaked:DigDeeper","beaked:BraceForImpact","beaked:Roost","ReplayTheSpireMod:RavenHex"],"picked":"beaked:Foresight+1","floor":20},{"not_picked":["beaked:Redirect","beaked:MachineEssence","beaked:Tweet","beaked:Brace"],"picked":"beaked:Daydream","floor":22},{"not_picked":["beaked:Daydream","beaked:WarriorSpirit","beaked:DigDeeper","beaked:Overpower"],"picked":"beaked:MimicWarrior","floor":24},{"not_picked":["beaked:Daydream+1","beaked:Tradeoff","beaked:Foresight+1","beaked:Insight"],"picked":"beaked:Sacrifice","floor":25},{"not_picked":["beaked:BloodForTheGods","beaked:Overexert","beaked:StunningBlow","beaked:TuckingFeathers"],"picked":"beaked:SacrificialDive+1","floor":27},{"not_picked":["beaked:Pecker","beaked:BloodForTheGods","beaked:SurvivalInstinct+1","beaked:Poke+1"],"picked":"beaked:CrazyRituals+1","floor":35},{"not_picked":["beaked:Tradeoff+1","beaked:FeelMyPain+1","beaked:RuinSticks+1","beaked:Cower+1"],"picked":"beaked:Insight","floor":36},{"not_picked":["beaked:BraceForImpact+1","beaked:Resilience+1","beaked:HuntressEssence+1","beaked:Mantra+1","beaked:RitualOfBody+1"],"picked":"SKIP","floor":40},{"not_picked":["beaked:Struggle+1","beaked:BloodForTheGods","beaked:KnowThyFoe","beaked:SacrificialDive+1","beaked:Evade+1"],"picked":"SKIP","floor":40},{"not_picked":["beaked:Overpower","beaked:BloodForTheGods","beaked:BraceForImpact","beaked:RitualOfBody","beaked:TuckingFeathers"],"picked":"SKIP","floor":42},{"not_picked":["beaked:FeelMyPain+1","beaked:Redirect","beaked:Evade","beaked:StunningBlow","beaked:TuckingFeathers"],"picked":"SKIP","floor":48},{"not_picked":["beaked:ScreechingChant","beaked:MaddeningMurmurs","beaked:Molting+1","beaked:FeelMyPain+1","beaked:Negation+1"],"picked":"SKIP","floor":54}],"player_experience":514862,"relics_obtained":[{"floor":1,"key":"SynthV:TestCard"},{"floor":7,"key":"qcfpunch:Wild_Herbs_Ointment"},{"floor":13,"key":"Pear"},{"floor":22,"key":"Dream Catcher"},{"floor":25,"key":"halation:TwoAmDonut"},{"floor":26,"key":"Omamori"},{"floor":28,"key":"Elementarium:GoldenMirage"},{"floor":40,"key":"halation:SelfBoilingWater"},{"floor":43,"key":"Durian"},{"floor":47,"key":"StSpp:SailorCap"},{"floor":54,"key":"theSenshi:FeatherClipsRelic"}],"event_choices":[{"damage_healed":0,"gold_gain":175,"player_choice":"AGREE","damage_taken":0,"max_hp_gain":0,"max_hp_loss":0,"event_name":"Liars Game","floor":2,"gold_loss":0,"cards_obtained":["Doubt"]},{"damage_healed":0,"gold_gain":0,"player_choice":"Poke through","damage_taken":3,"max_hp_gain":0,"max_hp_loss":0,"event_name":"Elementarium:GreatTreasure","floor":21,"gold_loss":0},{"damage_healed":0,"gold_gain":0,"player_choice":"Fight","damage_taken":0,"max_hp_gain":0,"max_hp_loss":0,"event_name":"Elementarium:GoldenStatues","floor":28,"gold_loss":0},{"damage_healed":0,"gold_gain":50,"player_choice":"Take","damage_taken":0,"max_hp_gain":0,"max_hp_loss":0,"event_name":"Elementarium:StickySituation","floor":31,"gold_loss":0},{"damage_healed":0,"gold_gain":0,"player_choice":"Leave","damage_taken":0,"max_hp_gain":0,"max_hp_loss":0,"event_name":"conspire:Investor","floor":39,"gold_loss":0}],"is_beta":false,"boss_relics":[{"not_picked":["Busted Crown","MoonlightInvasionPlan"],"picked":"FeatherPendant"},{"not_picked":["halation:LoveArrow","BloodWine"],"picked":"ChiXiaoBlade"}],"items_purged_floors":[3,30],"is_endless":false,"potions_floor_spawned":[5,12,14,18,19,22,25,33,35,36],"killed_by":"Shield and Spear","ascension_level":0}}