{"host":"ixtszv54kd1m8623","time":1611341681,"event":{"mods":["Act Like it!","Aspiration","Bard","BaseMod","Beaked The Cultist","ChefMod","Colored Map","Colored Powertips","Conspire","Downfall","Duelist Mod","Gensokyo","GifTheSpireLib","Halation","Hermit","Hubris","Infinite Spire","Jorbs\u0027s Wanderer Trilogy","Lobotomy","Minty Spire (QoL Compilation)","Replay The Spire","Robot Space Explorer","Shade Mod","StSLib","The Animator","The Blackbeard","The Bug Knight","The Cursed","The Disciple","The Dragon Tamer","The Marked","The Runesmith","The Servant 0.9.4"],"gold_per_floor":[99,110,129,139,172,190,190,205,233,252,62,62,78,147,163,260,260,260,270,288,288,288,302,371,381,49,49,64,1,1,20,34,138,238,313,332,332,607,621,621,699,716,728,245,270,270,290,301,316,316,316,316],"floor_reached":50,"language":"ENG","playtime":3419,"items_purged":["Pride"],"score":559,"play_id":"64e0f59c-d606-4f85-b705-1d309c6a3d7f","local_time":"20210122105441","is_ascension_mode":false,"campfire_choices":[{"data":"champ:CheapShot","floor":1,"key":"SMITH"},{"data":"champ:EndlessRage","floor":18,"key":"SMITH"},{"floor":30,"key":"REST"},{"data":"champ:EnchantSword","floor":40,"key":"SMITH"},{"floor":46,"key":"REST"}],"circlet_count":0,"master_deck":["champ:Strike","champ:Strike","champ:Strike","champ:Strike","champ:Defend","champ:Defend","champ:Defend","champ:Defend","champ:Execute","champ:Taunt","champ:CheapShot+1","champ:AdrenalArmor","champ:DefensiveShout","champ:FanOfKnives","champ:StanceDance","champ:IronFortress","champ:SwordSigil","ReplayReversal","Battle Trance","champ:GladiatorStyle","champ:Duel","champ:FocusedBerserking","champ:EndlessRage+1","champ:CheapShot+1","champ:BerserkerStyle","champ:BringItOn","Reaper","champ:PreciseThrust+1","Metallicize","champ:FlashCut","Armaments+1","champ:Haymaker","expansioncontent:AwakenDeath","champ:EnGarde+1","champ:GutPunch+1","champ:FancyFootwork","champ:ShieldSlam","champ:EnchantSword+1","Anger","Regret","champ:Circumvent","champ:AdrenalArmor+1","champ:Shatter+1","champ:Devastate","Flame Barrier","champ:FanOfKnives+1","champ:ShieldSigil+1"],"relics":["champ:ChampionCrownUpgraded","hubris:MedicalManual","hubris:DisguiseKit","Pondfish Scales","Snack Pack","Nunchaku","hubris:Towel","infinitespire:ShieldingShard","Bag of Marbles","Replay:Wanted Poster","halation:PapillonHeart","InkBottle","Counterbalance"],"acts_visited":["Exordium","TheCity","TheBeyond"],"potions_floor_usage":[15,16,33,47,48,50,50,50],"damage_taken":[{"damage":10,"enemies":"conspire:RoseBush","floor":2,"turns":4},{"damage":10,"enemies":"Small Slimes","floor":3,"turns":4},{"damage":20,"enemies":"Cultist","floor":4,"turns":4},{"damage":11,"enemies":"2 Fungi Beasts","floor":6,"turns":3},{"damage":10,"enemies":"Lots of Slimes","floor":8,"turns":4},{"damage":48,"enemies":"HollowMod:MossKnight","floor":9,"turns":7},{"damage":15,"enemies":"Exordium Wildlife","floor":10,"turns":3},{"damage":35,"enemies":"downfall:FleeingMerchant","floor":11,"turns":5},{"damage":15,"enemies":"Blue Slaver","floor":13,"turns":2},{"damage":23,"enemies":"Large Slime","floor":15,"turns":3},{"damage":67,"enemies":"SI_SHIV_ARCHETYPE","floor":16,"turns":7},{"damage":71,"enemies":"Shell Parasite","floor":19,"turns":7},{"damage":98,"enemies":"Shelled Parasite and Fungi","floor":20,"turns":7},{"damage":76,"enemies":"Cultist and Chosen","floor":23,"turns":13},{"damage":40,"enemies":"Snecko","floor":25,"turns":7},{"damage":29,"enemies":"downfall:FleeingMerchant","floor":26,"turns":4},{"damage":43,"enemies":"conspire:HollyBat","floor":28,"turns":11},{"damage":30,"enemies":"downfall:FleeingMerchant","floor":29,"turns":4},{"damage":45,"enemies":"Shelled Parasite and Fungi","floor":31,"turns":8},{"damage":33,"enemies":"Snecko","floor":32,"turns":6},{"damage":87,"enemies":"IC_MUSHROOM_ARCHETYPE","floor":33,"turns":7},{"damage":81,"enemies":"3 Darklings","floor":36,"turns":7},{"damage":21,"enemies":"3 Shapes","floor":39,"turns":5},{"damage":36,"enemies":"Transient","floor":42,"turns":5},{"damage":62,"enemies":"3 Darklings","floor":43,"turns":7},{"damage":0,"enemies":"Nemesis","floor":45,"turns":3},{"damage":46,"enemies":"Spire Growth","floor":47,"turns":4},{"damage":57,"enemies":"Sphere and 2 Shapes","floor":48,"turns":4},{"damage":37,"enemies":"Jaw Worm Horde","floor":49,"turns":5},{"damage":176,"enemies":"WA_ARCHETYPE_DIVINITY","floor":50,"turns":5}],"seed_played":"7099075239402490151","potions_obtained":[{"floor":3,"key":"Energy Potion"},{"floor":4,"key":"champ:UltimateStancePotion"},{"floor":8,"key":"FairyPotion"},{"floor":15,"key":"GamblersBrew"},{"floor":23,"key":"LifebloodPotion"},{"floor":28,"key":"Explosive Potion"},{"floor":31,"key":"SkillPotion"},{"floor":33,"key":"Fire Potion"},{"floor":36,"key":"Energy Potion"},{"floor":43,"key":"Fire Potion"},{"floor":47,"key":"AttackPotion"},{"floor":48,"key":"champ:CounterPotion"}],"is_trial":false,"path_per_floor":["R","M","M","M","?","M","T","M","E","M","$","?","M","T","M","B",null,"R","M","M","?","?","M","T","M","$","?","M","$","R","M","M","B",null,"R_BF","M","?","?","M","R","T","M","M","?","E","R","M","M","M","B"],"character_chosen":"THE_CHAMP","items_purchased":["champ:Duel","champ:FocusedBerserking","champ:EndlessRage","expansioncontent:AwakenDeath","Bag of Marbles","PowerPotion"],"campfire_rested":2,"item_purchase_floors":[11,11,11,26,26,29],"current_hp_per_floor":[90,90,90,90,90,89,89,79,76,76,76,76,76,76,76,65,90,90,87,39,39,39,41,41,46,44,36,33,24,51,41,44,5,90,90,59,59,59,60,60,60,52,54,54,58,83,71,71,68,0,0,0],"gold":316,"neow_bonus":"ONE_RANDOM_RARE_CARD","is_daily":false,"chose_seed":false,"campfire_upgraded":3,"win_rate":0.0,"timestamp":1611341681,"path_taken":["R","M","M","M","?","?","T","M","E","M","$","?","?","?","M","BOSS","R","M","M","?","?","M","T","M","$","?","?","$","R","M","M","BOSS","R_BF","M","?","?","M","R","T","?","M","?","E","R","M","M","M","BOSS"],"items_purchased_type":["Card","Card","Card","Card","Relic","Potion"],"build_version":"2020-12-22","purchased_purges":1,"victory":false,"max_hp_per_floor":[90,90,90,90,90,90,90,90,90,90,90,90,90,90,90,90,90,90,90,90,90,90,90,90,90,90,90,90,90,90,90,90,90,90,90,90,85,85,85,85,85,85,85,85,85,85,85,85,85,85,85,85],"card_choices":[{"not_picked":["champ:EnGarde","champ:BerserkersShout"],"picked":"champ:AdrenalArmor","floor":2},{"not_picked":["champ:FlashCut","champ:SwordThrow"],"picked":"champ:DefensiveShout","floor":3},{"not_picked":["champ:ViciousMockery","champ:GutPunch"],"picked":"champ:FanOfKnives","floor":4},{"not_picked":["champ:BringItOn","champ:PreciseThrust"],"picked":"champ:StanceDance","floor":5},{"not_picked":["champ:EnGarde","champ:HeartStrike"],"picked":"champ:IronFortress","floor":6},{"not_picked":["champ:Endure","champ:FancyFootwork","ReplayTheSpireMod:Stacked"],"picked":"champ:SwordSigil","floor":8},{"not_picked":["champ:FanOfKnives","champ:RecklessLeap","champ:BringItOn"],"picked":"ReplayReversal","floor":9},{"not_picked":["champ:BringItOn","champ:ArenaPreparation","champ:Haymaker"],"picked":"Battle Trance","floor":10},{"not_picked":["champ:ArenaPreparation","champ:RecklessLeap","Barricade"],"picked":"champ:GladiatorStyle","floor":11},{"not_picked":["champ:SteelEdge","champ:SwordSigil","True Grit"],"picked":"champ:BerserkerStyle","floor":13},{"not_picked":["champ:ViciousMockery","champ:PerfectedStrike","Ghostly Armor"],"picked":"champ:BringItOn","floor":15},{"not_picked":["champ:Devastate","champ:HeavySlash","champ:ShieldThrow"],"picked":"Reaper","floor":16},{"not_picked":["champ:AdrenalArmor","champ:RageSigil","ReplayTheSpireMod:Strike From Hell"],"picked":"champ:PreciseThrust+1","floor":19},{"not_picked":["champ:BladeFlurry","champ:HeartStrike","champ:BerserkerStyle"],"picked":"Metallicize","floor":20},{"not_picked":["champ:StanceDance","champ:IronFortress","Pommel Strike"],"picked":"champ:FlashCut","floor":23},{"not_picked":["champ:ShieldSigil","champ:SetATrap","champ:AdrenalArmor+1"],"picked":"Armaments","floor":25},{"not_picked":["champ:SkillfulDodge","champ:GladiatorStyle","Uppercut"],"picked":"champ:Haymaker","floor":26},{"not_picked":["champ:Shatter","champ:PreciseThrust","Iron Wave"],"picked":"champ:EnGarde+1","floor":28},{"not_picked":["champ:AdrenalArmor","champ:EnGarde","True Grit"],"picked":"champ:GutPunch+1","floor":29},{"not_picked":["champ:CrownThrow","champ:CheapShot","Perfected Strike"],"picked":"champ:FancyFootwork","floor":31},{"not_picked":["champ:EnGarde","champ:CrownThrow","Clash"],"picked":"champ:ShieldSlam","floor":32},{"not_picked":["champ:MurderStrike","champ:ShieldThrow","Offering"],"picked":"champ:EnchantSword","floor":33},{"not_picked":["champ:FlashCut","champ:Haymaker","champ:CrownThrow+1"],"picked":"Anger","floor":36},{"not_picked":["champ:ShieldSlam+1","champ:BringItOn","Burning Pact"],"picked":"champ:Circumvent","floor":39},{"not_picked":["champ:PerfectedStrike","champ:GutPunch+1","True Grit"],"picked":"champ:AdrenalArmor+1","floor":42},{"not_picked":["champ:FanOfKnives+1","champ:CrownThrow","Second Wind"],"picked":"champ:Shatter+1","floor":43},{"not_picked":["Replay:Fractal Strike","ReplayTheSpireMod:Haul"],"picked":"infinitespire:SealOfDarkness+","floor":44},{"not_picked":["champ:TornadoPunch","champ:Shatter+1","Blood for Blood"],"picked":"champ:Devastate","floor":45},{"not_picked":["champ:TornadoPunch","champ:Haymaker","champ:DefensiveStyle"],"picked":"Flame Barrier","floor":47},{"not_picked":["champ:Shatter+1","champ:FocusedDefense+1","Searing Blow"],"picked":"champ:FanOfKnives+1","floor":48},{"not_picked":["champ:Haymaker+1","champ:BringItOn","Uppercut"],"picked":"champ:ShieldSigil+1","floor":49}],"player_experience":194535,"relics_obtained":[{"floor":5,"key":"hubris:MedicalManual"},{"floor":7,"key":"hubris:DisguiseKit"},{"floor":9,"key":"Pondfish Scales"},{"floor":14,"key":"Snack Pack"},{"floor":24,"key":"infinitespire:ShieldingShard"},{"floor":41,"key":"InkBottle"},{"floor":45,"key":"Counterbalance"}],"event_choices":[{"damage_healed":0,"gold_gain":0,"player_choice":"Stole Relic","damage_taken":0,"relics_obtained":["Nunchaku"],"max_hp_gain":0,"max_hp_loss":0,"event_name":"Addict","floor":21,"gold_loss":0,"cards_obtained":["Pride"]}],"is_beta":false,"boss_relics":[{"not_picked":["halation:PinkAlligatorPlush","Replay:Drink Me"],"picked":"champ:ChampionCrownUpgraded"},{"not_picked":["infinitespire:Cupcake","Replay:Bronze Core"],"picked":"Replay:Wanted Poster"}],"items_purged_floors":[26],"is_endless":false,"potions_floor_spawned":[3,4,8,15,23,28,31,32,33,36,43,47,48],"killed_by":"WA_ARCHETYPE_DIVINITY","ascension_level":0}}