{"host":"agbyy69nq62afhwx","time":1611318989,"event":{"mods":["BaseMod","Colored Map","DeckTracker","Highlight Path","Keyboard Shortcuts","Minty Spire (QoL Compilation)","Quick Restart","StSLib","SuperFastMode","everything is the same but u backflip on backflip"],"gold_per_floor":[116,191,210,54,69,69,100,100,149,161,161,161],"floor_reached":11,"language":"KOR","playtime":195,"items_purged":["Strike_B"],"score":120,"play_id":"76024594-88b4-46cb-9f9c-3a940b4d18a2","local_time":"20210122213629","is_ascension_mode":true,"campfire_choices":[{"data":"Defragment","floor":6,"key":"SMITH"},{"data":"Zap","floor":8,"key":"SMITH"}],"circlet_count":0,"master_deck":["AscendersBane","Strike_B","Strike_B","Strike_B","Defend_B","Defend_B","Defend_B","Defend_B","Zap+1","Dualcast","Core Surge","Conserve Battery","Go for the Eyes","Defragment+1","Storm","Chill","Undo"],"relics":["Cracked Core","Smiling Mask","Centennial Puzzle"],"acts_visited":["Exordium"],"potions_floor_usage":[],"damage_taken":[{"damage":2.0,"enemies":"Jaw Worm","floor":1.0,"turns":3.0},{"damage":0,"enemies":"Cultist","floor":3,"turns":2},{"damage":0,"enemies":"Small Slimes","floor":5,"turns":3},{"damage":38,"enemies":"Gremlin Nob","floor":7,"turns":6},{"damage":6,"enemies":"2 Fungi Beasts","floor":10,"turns":3},{"damage":19,"enemies":"Lagavulin","floor":11,"turns":5}],"seed_played":"-1343170235222471850","potions_obtained":[{"floor":10,"key":"LiquidBronze"}],"is_trial":false,"path_per_floor":["M","?","M","$","M","R","E","R","T","M","E"],"character_chosen":"DEFECT","items_purchased":["Defragment"],"campfire_rested":0,"item_purchase_floors":[4],"current_hp_per_floor":[66,60,60,60,60,60,22,22,22,16,0,0],"gold":161,"neow_bonus":"THREE_RARE_CARDS","is_daily":false,"chose_seed":false,"campfire_upgraded":2,"win_rate":0.0,"timestamp":1611318989,"path_taken":["M","?","M","?","M","R","E","R","T","M","E"],"items_purchased_type":["Card"],"build_version":"2020-12-22","purchased_purges":1,"victory":false,"max_hp_per_floor":[68,68,68,68,68,68,68,68,68,68,68,68],"card_choices":[{"not_picked":["Amplify","Machine Learning"],"picked":"Core Surge","floor":0.0},{"not_picked":["Cold Snap","BootSequence"],"picked":"Conserve Battery","floor":1.0},{"not_picked":["Streamline","Redo"],"picked":"Go for the Eyes","floor":3},{"not_picked":["Capacitor","Double Energy"],"picked":"Storm","floor":5},{"not_picked":["Blizzard","Capacitor"],"picked":"Chill","floor":7},{"not_picked":["Conserve Battery","Auto Shields"],"picked":"Undo","floor":10}],"player_experience":432129,"relics_obtained":[{"floor":7,"key":"Smiling Mask"},{"floor":9,"key":"Centennial Puzzle"}],"event_choices":[{"damage_healed":0,"gold_gain":75,"player_choice":"Touch","damage_taken":6,"max_hp_gain":0,"max_hp_loss":0,"event_name":"FaceTrader","floor":2,"gold_loss":0}],"is_beta":false,"boss_relics":[],"items_purged_floors":[4],"is_endless":false,"potions_floor_spawned":[10],"killed_by":"Lagavulin","ascension_level":13}}