{"host":"s41rn2jhghpwfrvz","time":1611328464,"event":{"mods":["BaseMod","Minty Spire (QoL Compilation)","Quick Restart","Relic Stats","SuperFastMode"],"gold_per_floor":[110,35,35,35,35,35,61,90,90,124,124,150,167,183,183,260,260,272,290,215,215,242,275,310,235,261,288,298,313,341,352,352,429,429,448,460,486,514,546,584,615,658,670,710,722,752,790,834,846,858,870,882,894,87,112,112],"floor_reached":57,"language":"ENG","playtime":1945,"items_purged":["PiercingWail","Dash+1"],"score":3841,"play_id":"f04c3fd7-bb14-4321-be48-d2ab70aaa5cf","local_time":"20210122171424","daily_mods":["SealedDeck","Diverse","DeadlyEvents"],"is_ascension_mode":true,"campfire_choices":[{"data":"Body Slam","floor":6,"key":"SMITH"},{"data":"Shrug It Off","floor":11,"key":"SMITH"},{"data":"Blade Dance","floor":15,"key":"SMITH"},{"data":"Shrug It Off","floor":32,"key":"SMITH"},{"floor":49,"key":"RECALL"},{"data":"Double Energy","floor":53,"key":"SMITH"}],"circlet_count":0,"master_deck":["AscendersBane","Double Energy+1","Conserve Battery+1","Second Wind","Blade Dance+1","Body Slam+1","Shrug It Off+1","Expertise+1","Shrug It Off+1"],"relics":["Burning Blood","Letter Opener","Incense Burner","Bag of Preparation","Ornamental Fan","WingedGreaves","Whetstone","Black Star","Dream Catcher","Eternal Feather","Gambling Chip","Oddly Smooth Stone","Bronze Scales","Vajra","Self Forming Clay","TungstenRod","Mango","Busted Crown","Boot","MawBank","Pear","Akabeko","War Paint","Charon\u0027s Ashes","Bag of Marbles","Potion Belt","Darkstone Periapt","Toxic Egg 2","Blood Vial","Pen Nib","Bird Faced Urn","InkBottle","Cauldron","Bottled Lightning","Toy Ornithopter","Paper Frog"],"acts_visited":["Exordium","TheCity","TheBeyond","TheEnding"],"potions_floor_usage":[33,33,44,48,56,56,56,56],"damage_taken":[{"damage":0,"enemies":"Cultist","floor":1,"turns":3},{"damage":12,"enemies":"3 Sentries","floor":7,"turns":9},{"damage":0,"enemies":"Gremlin Nob","floor":8,"turns":3},{"damage":2,"enemies":"3 Sentries","floor":10,"turns":7},{"damage":0,"enemies":"Gremlin Nob","floor":12,"turns":3},{"damage":0,"enemies":"2 Louse","floor":13,"turns":2},{"damage":0,"enemies":"Small Slimes","floor":14,"turns":2},{"damage":0,"enemies":"Slime Boss","floor":16,"turns":9},{"damage":0,"enemies":"Chosen","floor":18,"turns":4},{"damage":0,"enemies":"2 Thieves","floor":19,"turns":3},{"damage":23,"enemies":"Slavers","floor":22,"turns":7},{"damage":12,"enemies":"Gremlin Leader","floor":23,"turns":7},{"damage":3,"enemies":"Book of Stabbing","floor":24,"turns":4},{"damage":4,"enemies":"Gremlin Leader","floor":27,"turns":5},{"damage":0,"enemies":"Snecko","floor":28,"turns":3},{"damage":0,"enemies":"Chosen and Byrds","floor":29,"turns":5},{"damage":19,"enemies":"Slavers","floor":30,"turns":5},{"damage":2,"enemies":"Snake Plant","floor":31,"turns":3},{"damage":49,"enemies":"Champ","floor":33,"turns":11},{"damage":0,"enemies":"3 Shapes","floor":35,"turns":2},{"damage":0,"enemies":"3 Darklings","floor":36,"turns":2},{"damage":66,"enemies":"Nemesis","floor":37,"turns":7},{"damage":0,"enemies":"Jaw Worm Horde","floor":38,"turns":2},{"damage":0,"enemies":"Spire Growth","floor":39,"turns":3},{"damage":0,"enemies":"Giant Head","floor":40,"turns":4},{"damage":0,"enemies":"Sphere and 2 Shapes","floor":41,"turns":3},{"damage":4,"enemies":"Nemesis","floor":42,"turns":5},{"damage":0,"enemies":"Giant Head","floor":44,"turns":4},{"damage":0,"enemies":"Jaw Worm Horde","floor":46,"turns":2},{"damage":0,"enemies":"Reptomancer","floor":47,"turns":2},{"damage":0,"enemies":"Giant Head","floor":48,"turns":3},{"damage":83,"enemies":"Time Eater","floor":50,"turns":11},{"damage":0,"enemies":"Awakened One","floor":51,"turns":5},{"damage":0,"enemies":"Shield and Spear","floor":55,"turns":3},{"damage":20,"enemies":"The Heart","floor":56,"turns":6}],"seed_played":"-4580695868047126911","potions_obtained":[{"floor":1,"key":"Dexterity Potion"},{"floor":7,"key":"EntropicBrew"},{"floor":24,"key":"SpeedPotion"},{"floor":38,"key":"PowerPotion"},{"floor":42,"key":"Ancient Potion"},{"floor":44,"key":"Fruit Juice"},{"floor":48,"key":"Fruit Juice"},{"floor":54,"key":"DuplicationPotion"},{"floor":54,"key":"SpeedPotion"}],"is_trial":true,"path_per_floor":["M","?","?","?","$","R","E","E","T","E","R","E","M","M","R","B",null,"M","M","?","?","E","E","E","$","T","E","M","M","E","M","R","B",null,"M","M","E","M","M","E","M","E","T","E","T","M","E","E","R","B","B",null,"R","$","E","B",null],"character_chosen":"IRONCLAD","items_purchased":["InkBottle","Cauldron","Bottled Lightning"],"campfire_rested":0,"item_purchase_floors":[54,54,54],"current_hp_per_floor":[74,74,69,74,74,74,68,74,74,78,78,80,80,80,80,80,80,80,80,80,80,63,57,60,60,60,62,68,74,75,79,85,42,81,87,93,33,39,45,61,67,69,69,80,80,86,92,105,111,36,44,97,103,103,111,100],"gold":112,"neow_bonus":"","is_daily":false,"chose_seed":false,"campfire_upgraded":5,"win_rate":0.0,"timestamp":1611328464,"path_taken":["M","?","?","?","?","R","E","?","T","E","R","E","M","M","R","BOSS","M","?","?","?","?","E","E","$","T","E","M","M","E","M","R","BOSS","M","?","?","M","M","E","M","E","T","?","?","M","E","E","R","BOSS","BOSS","R","$","E","BOSS"],"items_purchased_type":["Relic","Relic","Relic"],"build_version":"2020-12-22","purchased_purges":2,"victory":true,"max_hp_per_floor":[75,75,75,80,80,80,80,80,80,80,80,80,80,80,80,80,80,80,80,80,80,80,80,80,80,80,80,80,80,94,94,94,94,94,94,94,94,94,94,104,104,104,104,109,109,109,109,114,114,114,114,114,114,114,114,114],"relic_stats":{"Darkstone Periapt":0,"Bag of Preparation":[64],"Whetstone":["Dash"],"Boot":[72],"Burning Blood":176,"Blood Vial":10,"Dream Catcher":0,"Gambling Chip":[0],"InkBottle":[7],"counters":[35,159],"Self Forming Clay":[93],"Eternal Feather":18,"Charon\u0027s Ashes":[511],"Pen Nib":[9],"Letter Opener":[713],"War Paint":["Conserve Battery","Expertise"],"MawBank":204,"Busted Crown":28,"Ornamental Fan":[436],"Bronze Scales":[255],"Bird Faced Urn":[0],"Black Star":12,"obtain_stats":[{"Darkstone Periapt":45,"Vajra":26,"Mango":30,"Incense Burner":7,"Bag of Preparation":8,"Whetstone":12,"Boot":37,"Burning Blood":0,"Blood Vial":47,"Dream Catcher":22,"Gambling Chip":23,"WingedGreaves":10,"Toxic Egg 2":47,"InkBottle":54,"Paper Frog":55,"Potion Belt":44,"Pear":40,"Self Forming Clay":27,"Oddly Smooth Stone":24,"Eternal Feather":23,"Charon\u0027s Ashes":42,"Pen Nib":48,"Letter Opener":3,"War Paint":42,"MawBank":37,"Akabeko":40,"Cauldron":54,"Busted Crown":34,"Ornamental Fan":9,"Bronze Scales":24,"Bird Faced Urn":48,"Black Star":17,"Bag of Marbles":44,"Bottled Lightning":54,"TungstenRod":30,"Toy Ornithopter":55},{"Darkstone Periapt":28,"Vajra":13,"Mango":17,"Incense Burner":2,"Bag of Preparation":3,"Whetstone":5,"Boot":22,"Burning Blood":0,"Blood Vial":30,"Dream Catcher":11,"Gambling Chip":12,"WingedGreaves":4,"Toxic Egg 2":30,"InkBottle":33,"Paper Frog":34,"Potion Belt":28,"Pear":25,"Self Forming Clay":14,"Oddly Smooth Stone":13,"Eternal Feather":12,"Charon\u0027s Ashes":27,"Pen Nib":31,"Letter Opener":1,"War Paint":27,"MawBank":22,"Akabeko":25,"Cauldron":33,"Busted Crown":19,"Ornamental Fan":3,"Bronze Scales":13,"Bird Faced Urn":31,"Black Star":8,"Bag of Marbles":28,"Bottled Lightning":33,"TungstenRod":17,"Toy Ornithopter":34},{"Darkstone Periapt":127,"Vajra":63,"Mango":81,"Incense Burner":12,"Bag of Preparation":15,"Whetstone":25,"Boot":106,"Burning Blood":0,"Blood Vial":131,"Dream Catcher":52,"Gambling Chip":59,"WingedGreaves":22,"Toxic Egg 2":131,"InkBottle":150,"Paper Frog":153,"Potion Belt":127,"Pear":115,"Self Forming Clay":68,"Oddly Smooth Stone":63,"Eternal Feather":59,"Charon\u0027s Ashes":123,"Pen Nib":134,"Letter Opener":3,"War Paint":123,"MawBank":106,"Akabeko":115,"Cauldron":150,"Busted Crown":95,"Ornamental Fan":15,"Bronze Scales":63,"Bird Faced Urn":134,"Black Star":38,"Bag of Marbles":127,"Bottled Lightning":150,"TungstenRod":81,"Toy Ornithopter":153}],"TungstenRod":31,"Toy Ornithopter":1},"card_choices":[{"not_picked":["Deflect","Armaments","Sweeping Beam"],"picked":"SKIP","floor":1},{"not_picked":["Ball Lightning","Flex","Dagger Throw"],"picked":"SKIP","floor":7},{"not_picked":["Anger","Blizzard","Combust"],"picked":"SKIP","floor":8},{"not_picked":["DeceiveReality","Turbo","FearNoEvil"],"picked":"SKIP","floor":10},{"not_picked":["Thunderclap","FlyingSleeves","Rupture"],"picked":"SKIP","floor":12},{"not_picked":["Dash","ClearTheMind","WaveOfTheHand"],"picked":"SKIP","floor":13},{"not_picked":["MentalFortress","Hello World","Deadly Poison"],"picked":"SKIP","floor":14},{"not_picked":["Searing Blow","Well Laid Plans","Wild Strike"],"picked":"SKIP","floor":18},{"not_picked":["Burning Pact","Inflame","FlyingSleeves"],"picked":"SKIP","floor":19},{"not_picked":["Turbo","Rebound","Envenom"],"picked":"SKIP","floor":22},{"not_picked":["CrushJoints","Combust"],"picked":"Expertise","floor":23},{"not_picked":["Pray","Infernal Blade"],"picked":"Shrug It Off","floor":24},{"not_picked":["Choke+1","Leg Sweep","Heel Hook"],"picked":"SKIP","floor":27},{"not_picked":["MentalFortress+1","Lockon+1","Storm"],"picked":"SKIP","floor":28},{"not_picked":["Rebound","PathToVictory","ThirdEye"],"picked":"SKIP","floor":29},{"not_picked":["Sucker Punch","Flame Barrier","Dash"],"picked":"SKIP","floor":30},{"not_picked":["Establishment","ThirdEye","Footwork"],"picked":"SKIP","floor":31},{"not_picked":["Shrug It Off"],"picked":"SKIP","floor":35},{"not_picked":["Protect+1"],"picked":"SKIP","floor":36},{"not_picked":["Deflect"],"picked":"SKIP","floor":37},{"not_picked":["Steam+1"],"picked":"SKIP","floor":38},{"not_picked":["Clothesline"],"picked":"SKIP","floor":39},{"not_picked":["Shrug It Off"],"picked":"SKIP","floor":40},{"not_picked":["Recycle"],"picked":"SKIP","floor":41},{"not_picked":["FlurryOfBlows"],"picked":"SKIP","floor":42},{"not_picked":["Force Field"],"picked":"SKIP","floor":44},{"not_picked":["Blood for Blood"],"picked":"SKIP","floor":46},{"not_picked":["Vengeance+1"],"picked":"SKIP","floor":47},{"not_picked":["FlyingSleeves"],"picked":"SKIP","floor":48},{"not_picked":["Establishment"],"picked":"SKIP","floor":55}],"player_experience":1825274,"relics_obtained":[{"floor":7,"key":"Incense Burner"},{"floor":8,"key":"Bag of Preparation"},{"floor":9,"key":"Ornamental Fan"},{"floor":10,"key":"WingedGreaves"},{"floor":12,"key":"Whetstone"},{"floor":22,"key":"Dream Catcher"},{"floor":23,"key":"Eternal Feather"},{"floor":23,"key":"Gambling Chip"},{"floor":24,"key":"Oddly Smooth Stone"},{"floor":24,"key":"Bronze Scales"},{"floor":26,"key":"Vajra"},{"floor":27,"key":"Self Forming Clay"},{"floor":30,"key":"TungstenRod"},{"floor":30,"key":"Mango"},{"floor":37,"key":"Boot"},{"floor":37,"key":"MawBank"},{"floor":40,"key":"Pear"},{"floor":40,"key":"Akabeko"},{"floor":42,"key":"War Paint"},{"floor":42,"key":"Charon\u0027s Ashes"},{"floor":44,"key":"Bag of Marbles"},{"floor":44,"key":"Potion Belt"},{"floor":45,"key":"Darkstone Periapt"},{"floor":47,"key":"Toxic Egg 2"},{"floor":47,"key":"Blood Vial"},{"floor":48,"key":"Pen Nib"},{"floor":48,"key":"Bird Faced Urn"},{"floor":55,"key":"Toy Ornithopter"},{"floor":55,"key":"Paper Frog"}],"event_choices":[{"cards_removed":["Armaments"],"damage_healed":0,"gold_gain":0,"player_choice":"Card Removal","damage_taken":0,"max_hp_gain":0,"max_hp_loss":0,"event_name":"The Cleric","floor":2,"gold_loss":75},{"damage_healed":0,"gold_gain":0,"player_choice":"Success","damage_taken":5,"relics_obtained":["Letter Opener"],"max_hp_gain":0,"max_hp_loss":0,"event_name":"Scrap Ooze","floor":3,"gold_loss":0},{"damage_healed":0,"gold_gain":0,"player_choice":"Donut","damage_taken":0,"max_hp_gain":5,"max_hp_loss":0,"event_name":"Big Fish","floor":4,"gold_loss":0},{"cards_removed":["Tempest"],"damage_healed":0,"gold_gain":0,"player_choice":"Gave Gold","damage_taken":0,"max_hp_gain":0,"max_hp_loss":0,"event_name":"Beggar","floor":20,"gold_loss":75},{"damage_healed":0,"gold_gain":0,"player_choice":"Ignored","damage_taken":0,"max_hp_gain":0,"max_hp_loss":0,"event_name":"Cursed Tome","floor":21,"gold_loss":0}],"is_beta":false,"boss_relics":[{"not_picked":["Snecko Eye","Empty Cage"],"picked":"Black Star"},{"not_picked":["Astrolabe","Tiny House"],"picked":"Busted Crown"}],"items_purged_floors":[25,54],"is_endless":false,"potions_floor_spawned":[1,7,8,22,24,27,28,29,33,38,40,41,42,44,48,55],"ascension_level":20}}