{"host":"vc42n08di9czm3e7","time":1611286204,"event":{"mods":["AchievementEnabler","Act Like it!","BaseMod","Colored Powertips","Downfall","Friendly Minions","GifTheSpireLib","Minty Spire (QoL Compilation)","Quick Restart","Rare Cards Sparkle","StSLib"],"gold_per_floor":[117,130,130,149,224,224,255,269,293,333,333,369,369,404,404,527,527,552,573,97,115,39,82,106,106,106,139,139,139,157,181,181,181,181],"floor_reached":33,"language":"ENG","playtime":1472,"items_purged":["Strike_B"],"score":383,"play_id":"7f0a8214-6fad-4282-803e-64dc81ca0e3e","local_time":"20210121223004","is_ascension_mode":true,"campfire_choices":[{"floor":6,"key":"REST"},{"floor":11,"key":"REST"},{"data":"Turbo","floor":13,"key":"SMITH"},{"data":"1","floor":15,"key":"LIFT"},{"data":"2","floor":25,"key":"LIFT"},{"floor":28,"key":"REST"},{"floor":32,"key":"REST"}],"circlet_count":0,"master_deck":["Strike_B","Strike_B","Strike_B+1","Defend_B","Defend_B","Defend_B","Defend_B","Zap","Dualcast","Gash","Static Discharge","Genetic Algorithm","FTL+1","Melter","Hologram","Turbo+1","Steam","Buffer","Conserve Battery+1","Defragment+1","Coolheaded","Capacitor","Self Repair","Coolheaded+1","Reprogram","Seek","Writhe","Barrage"],"relics":["Cracked Core","NeowsBlessing","Golden Idol","Oddly Smooth Stone","Whetstone","Orichalcum","CaptainsWheel","Girya","expansioncontent:StudyCardRelic","Ginger","StoneCalendar","Thread and Needle","Vajra"],"acts_visited":["Exordium","TheCity"],"potions_floor_usage":[7,14,16,16,27,30],"damage_taken":[{"damage":0,"enemies":"Jaw Worm","floor":1,"turns":1},{"damage":0,"enemies":"Small Slimes","floor":2,"turns":1},{"damage":0,"enemies":"Cultist","floor":4,"turns":1},{"damage":29,"enemies":"Lagavulin","floor":7,"turns":6},{"damage":1,"enemies":"Exordium Wildlife","floor":8,"turns":4},{"damage":15,"enemies":"Gremlin Nob","floor":10,"turns":4},{"damage":16,"enemies":"3 Sentries","floor":12,"turns":7},{"damage":0,"enemies":"Gremlin Nob","floor":14,"turns":4},{"damage":26,"enemies":"Hexaghost","floor":16,"turns":8},{"damage":9,"enemies":"2 Thieves","floor":18,"turns":4},{"damage":1,"enemies":"Shell Parasite","floor":19,"turns":4},{"damage":16,"enemies":"Snake Plant","floor":21,"turns":3},{"damage":0,"enemies":"Book of Stabbing","floor":23,"turns":5},{"damage":1,"enemies":"Snecko","floor":24,"turns":6},{"damage":36,"enemies":"Gremlin Leader","floor":27,"turns":9},{"damage":17,"enemies":"3 Cultists","floor":30,"turns":6},{"damage":18,"enemies":"Centurion and Healer","floor":31,"turns":5},{"damage":68,"enemies":"Collector","floor":33,"turns":6}],"seed_played":"-7584897008033609636","potions_obtained":[{"floor":1,"key":"PowerPotion"},{"floor":2,"key":"Energy Potion"},{"floor":8,"key":"SteroidPotion"},{"floor":12,"key":"EssenceOfDarkness"},{"floor":16,"key":"Ancient Potion"},{"floor":18,"key":"LiquidBronze"},{"floor":21,"key":"sneckomod:MuddlingPotion"},{"floor":31,"key":"AttackPotion"}],"is_trial":false,"path_per_floor":["M","M","?","M","?","R","E","M","T","E","R","E","R","E","R","B",null,"M","M","$","M","$","E","M","R","T","E","R","?","M","M","R","B"],"character_chosen":"DEFECT","items_purchased":["Coolheaded","Ginger","Capacitor","Self Repair"],"campfire_rested":4,"item_purchase_floors":[20,20,20,22],"current_hp_per_floor":[75,75,57,57,46,68,39,38,38,23,45,29,29,29,29,3,75,66,65,65,49,49,49,55,55,55,26,48,48,38,27,49,0,0],"gold":181,"neow_bonus":"THREE_ENEMY_KILL","is_daily":false,"chose_seed":false,"campfire_upgraded":1,"win_rate":0.0,"timestamp":1611286204,"path_taken":["M","M","?","M","?","R","E","M","T","E","R","E","R","E","R","BOSS","M","M","$","M","$","E","M","R","T","E","R","?","M","M","R","BOSS"],"items_purchased_type":["Card","Relic","Card","Card"],"build_version":"2020-12-22","purchased_purges":1,"victory":false,"max_hp_per_floor":[75,75,75,75,75,75,75,75,75,75,75,75,75,75,75,75,75,75,75,75,75,75,75,75,75,75,75,75,75,75,75,75,75,75],"card_choices":[{"not_picked":["Scrape","Beam Cell"],"picked":"Gash","floor":1},{"not_picked":["Streamline","Ball Lightning"],"picked":"Static Discharge","floor":2},{"not_picked":["White Noise","Reinforced Body"],"picked":"Genetic Algorithm","floor":4},{"not_picked":["Fission","Heatsinks"],"picked":"FTL","floor":7},{"not_picked":["Loop","Ball Lightning"],"picked":"Melter","floor":8},{"not_picked":["Double Energy","Sweeping Beam"],"picked":"Hologram","floor":10},{"not_picked":["Streamline","Redo"],"picked":"Turbo","floor":12},{"not_picked":["Heatsinks","Barrage"],"picked":"Steam","floor":14},{"not_picked":["All For One","Amplify"],"picked":"Buffer","floor":16},{"not_picked":["Hologram+1","Double Energy"],"picked":"Conserve Battery+1","floor":18},{"not_picked":["Beam Cell+1","Leap"],"picked":"Defragment+1","floor":19},{"not_picked":["Turbo","Steam","Stack+1"],"picked":"SKIP","floor":21},{"not_picked":["Streamline+1","Compile Driver"],"picked":"Coolheaded+1","floor":23},{"not_picked":["Steam","Loop"],"picked":"Reprogram","floor":24},{"not_picked":["Doom and Gloom","Ball Lightning"],"picked":"Seek","floor":27},{"not_picked":["Sweeping Beam","Coolheaded+1"],"picked":"Barrage","floor":30},{"not_picked":["Chaos","Streamline","Steam"],"picked":"SKIP","floor":31}],"player_experience":289445,"relics_obtained":[{"floor":7,"key":"Oddly Smooth Stone"},{"floor":9,"key":"Whetstone"},{"floor":10,"key":"Orichalcum"},{"floor":12,"key":"CaptainsWheel"},{"floor":14,"key":"Girya"},{"floor":23,"key":"StoneCalendar"},{"floor":27,"key":"Thread and Needle"}],"event_choices":[{"damage_healed":0,"gold_gain":0,"player_choice":"Take Damage","damage_taken":18,"relics_obtained":["Golden Idol"],"max_hp_gain":0,"max_hp_loss":0,"event_name":"Golden Idol","floor":3,"gold_loss":0},{"damage_healed":0,"gold_gain":75,"player_choice":"Gather Gold","damage_taken":11,"max_hp_gain":0,"max_hp_loss":0,"event_name":"World of Goop","floor":5,"gold_loss":0},{"damage_healed":0,"gold_gain":0,"player_choice":"Opened","damage_taken":0,"relics_obtained":["Vajra"],"max_hp_gain":0,"max_hp_loss":0,"event_name":"The Mausoleum","floor":29,"gold_loss":0,"cards_obtained":["Writhe"]}],"is_beta":false,"boss_relics":[{"not_picked":["bronze:MakeshiftBattery","Empty Cage"],"picked":"expansioncontent:StudyCardRelic"}],"items_purged_floors":[20],"is_endless":false,"potions_floor_spawned":[1,2,8,12,16,18,21,31],"killed_by":"Collector","ascension_level":1}}