{"host":"9709z2dy8v1s63sm","time":1611321649,"event":{"mods":["AchievementEnabler","BaseMod","Minty Spire (QoL Compilation)","StSLib","SuperFastMode"],"gold_per_floor":[212,67,81,81,81,110,130,161,185,199,99,99,124,134,134,233,233,248,261,176,194,194,220,220,232,300,318,348,348,375,386,386,482,482,496,198,208,208,208,208],"floor_reached":39,"language":"KOR","playtime":2146,"items_purged":["Strike_R","Strike_R","Strike_R"],"score":780,"play_id":"f3610cab-f93f-4e6d-a0c5-f0a3d4dd6f94","local_time":"20210122222049","is_ascension_mode":true,"campfire_choices":[{"data":"Dark Embrace","floor":15.0,"key":"SMITH"},{"data":"Evolve","floor":24.0,"key":"SMITH"},{"data":"Second Wind","floor":32.0,"key":"SMITH"}],"circlet_count":0,"master_deck":["Strike_R+1","Strike_R","Defend_R","Defend_R","Defend_R+1","Defend_R+1","Bash","Clash","Second Wind+1","Power Through","Evolve+1","Shrug It Off","Body Slam+1","Dark Embrace+1","Impervious","Burning Pact+1","Offering","CurseOfTheBell","Body Slam+1"],"relics":["Burning Blood","Ginger","PreservedInsect","Whetstone","Pen Nib","Mark of Pain","Juzu Bracelet","Peace Pipe","InkBottle","The Courier","Pocketwatch","Bottled Lightning","Calling Bell","War Paint","Sundial","Unceasing Top","Mummified Hand"],"acts_visited":["Exordium","TheCity","TheBeyond"],"potions_floor_usage":[],"damage_taken":[{"damage":5.0,"enemies":"Small Slimes","floor":1.0,"turns":3.0},{"damage":9.0,"enemies":"Jaw Worm","floor":3.0,"turns":3.0},{"damage":1.0,"enemies":"Cultist","floor":5.0,"turns":3.0},{"damage":25.0,"enemies":"3 Sentries","floor":6.0,"turns":13.0},{"damage":4.0,"enemies":"Looter","floor":7.0,"turns":4.0},{"damage":13.0,"enemies":"Gremlin Nob","floor":8.0,"turns":5.0},{"damage":8.0,"enemies":"Lots of Slimes","floor":10.0,"turns":4.0},{"damage":12.0,"enemies":"Lagavulin","floor":13.0,"turns":5.0},{"damage":13.0,"enemies":"3 Louse","floor":14.0,"turns":4.0},{"damage":19.0,"enemies":"The Guardian","floor":16.0,"turns":9.0},{"damage":18.0,"enemies":"Shell Parasite","floor":18.0,"turns":9.0},{"damage":3.0,"enemies":"Chosen","floor":19.0,"turns":5.0},{"damage":7.0,"enemies":"Snake Plant","floor":21.0,"turns":5.0},{"damage":19.0,"enemies":"Gremlin Leader","floor":23.0,"turns":4.0},{"damage":8.0,"enemies":"Shelled Parasite and Fungi","floor":25.0,"turns":7.0},{"damage":2.0,"enemies":"Snecko","floor":27.0,"turns":8.0},{"damage":10.0,"enemies":"Book of Stabbing","floor":28.0,"turns":6.0},{"damage":10.0,"enemies":"Gremlin Leader","floor":30.0,"turns":5.0},{"damage":7.0,"enemies":"Chosen and Byrds","floor":31.0,"turns":3.0},{"damage":0.0,"enemies":"Automaton","floor":33.0,"turns":8.0},{"damage":22.0,"enemies":"3 Darklings","floor":35.0,"turns":5.0},{"damage":0,"enemies":"Orb Walker","floor":37,"turns":3},{"damage":0,"enemies":"Mind Bloom Boss Battle","floor":39,"turns":1}],"seed_played":"566915408408810291","potions_obtained":[{"floor":3.0,"key":"Strength Potion"},{"floor":6.0,"key":"FearPotion"},{"floor":8.0,"key":"Swift Potion"},{"floor":10.0,"key":"FearPotion"},{"floor":25.0,"key":"Weak Potion"},{"floor":27.0,"key":"Explosive Potion"},{"floor":28.0,"key":"ColorlessPotion"},{"floor":30.0,"key":"AttackPotion"},{"floor":33.0,"key":"Dexterity Potion"},{"floor":35.0,"key":"EntropicBrew"}],"is_trial":false,"path_per_floor":["M","$","M","?","M","E","M","E","T","M","$","?","E","M","R","B",null,"M","M","?","M","?","E","R","M","T","M","E","?","E","M","R","B",null,"M","$","M","?","?"],"character_chosen":"IRONCLAD","items_purchased":["Second Wind","Mummified Hand"],"campfire_rested":0,"item_purchase_floors":[2,36],"current_hp_per_floor":[73,73,70,75,80,61,63,56,56,54,54,54,48,41,41,28,71,59,62,62,61,61,48,48,46,46,50,46,46,42,41,41,47,76,60,60,66,66,66,66],"gold":208,"neow_bonus":"HUNDRED_GOLD","is_daily":false,"chose_seed":false,"campfire_upgraded":3,"win_rate":0.0,"timestamp":1611321649,"path_taken":["M","$","M","?","M","E","M","E","T","M","$","?","E","M","R","BOSS","M","M","?","M","?","E","R","M","T","M","E","?","E","M","R","BOSS","M","$","M","?","?"],"items_purchased_type":["Card","Relic"],"build_version":"2020-12-22","purchased_purges":3,"victory":false,"max_hp_per_floor":[80,80,80,85,85,85,85,85,85,85,85,85,85,85,85,85,85,85,85,85,85,85,85,85,85,85,85,85,85,85,85,85,85,85,85,85,85,85,85,85],"card_choices":[{"not_picked":["Iron Wave","Havoc"],"picked":"Clash","floor":1.0},{"not_picked":["Pommel Strike","Rampage"],"picked":"Power Through","floor":3.0},{"not_picked":["Clash","Twin Strike"],"picked":"Evolve","floor":5.0},{"not_picked":["Seeing Red","Dropkick"],"picked":"Shrug It Off","floor":6.0},{"not_picked":["Uppercut","Impervious"],"picked":"Body Slam","floor":7.0},{"not_picked":["Disarm","Anger","Warcry"],"picked":"SKIP","floor":8.0},{"not_picked":["Hemokinesis","Havoc"],"picked":"Dark Embrace","floor":10.0},{"not_picked":["Ghostly Armor","Wild Strike","Headbutt"],"picked":"SKIP","floor":13.0},{"not_picked":["Havoc","Flex","Shrug It Off"],"picked":"SKIP","floor":14.0},{"not_picked":["Bludgeon","Reaper"],"picked":"Impervious","floor":16.0},{"not_picked":["Anger","Headbutt","Seeing Red"],"picked":"SKIP","floor":18.0},{"not_picked":["True Grit+1","Evolve","Twin Strike"],"picked":"SKIP","floor":19.0},{"not_picked":["Heavy Blade+1","Dark Embrace","Bloodletting"],"picked":"SKIP","floor":21.0},{"not_picked":["Cleave","Disarm","Pommel Strike"],"picked":"SKIP","floor":23.0},{"not_picked":["Cleave","Disarm","Pommel Strike"],"picked":"SKIP","floor":23.0},{"not_picked":["Sword Boomerang+1","Warcry"],"picked":"Entrench+1","floor":25.0},{"not_picked":["Sword Boomerang","Wild Strike","Cleave"],"picked":"SKIP","floor":27.0},{"not_picked":["Pummel","Dropkick","Flex"],"picked":"SKIP","floor":28.0},{"not_picked":["Impervious","Clothesline+1"],"picked":"Burning Pact+1","floor":30.0},{"not_picked":["Clash","Ghostly Armor","Thunderclap"],"picked":"SKIP","floor":31.0},{"not_picked":["Impervious","Bludgeon"],"picked":"Offering","floor":33.0},{"not_picked":["Flex+1","Havoc"],"picked":"Body Slam+1","floor":35.0},{"not_picked":["Sword Boomerang+1","Clothesline","Combust+1"],"picked":"SKIP","floor":37}],"player_experience":80227,"relics_obtained":[{"floor":6.0,"key":"Ginger"},{"floor":8.0,"key":"PreservedInsect"},{"floor":9.0,"key":"Whetstone"},{"floor":13.0,"key":"Pen Nib"},{"floor":23.0,"key":"Peace Pipe"},{"floor":26.0,"key":"InkBottle"},{"floor":28.0,"key":"The Courier"},{"floor":30.0,"key":"Bottled Lightning"},{"floor":34.0,"key":"War Paint"},{"floor":34.0,"key":"Sundial"},{"floor":34.0,"key":"Unceasing Top"}],"event_choices":[{"damage_healed":0.0,"max_hp_gain":5.0,"max_hp_loss":0.0,"gold_gain":0.0,"event_name":"Big Fish","player_choice":"Donut","floor":4.0,"gold_loss":0.0,"damage_taken":0.0},{"damage_healed":0.0,"max_hp_gain":0.0,"max_hp_loss":0.0,"gold_gain":0.0,"event_name":"Match and Keep!","player_choice":"0 cards matched","floor":12.0,"gold_loss":0.0,"damage_taken":0.0,"cards_obtained":[]},{"damage_healed":0.0,"max_hp_gain":0.0,"max_hp_loss":0.0,"gold_gain":0.0,"event_name":"Addict","player_choice":"Obtained Relic","floor":20.0,"gold_loss":85.0,"damage_taken":0.0,"relics_obtained":["Juzu Bracelet"]},{"damage_healed":0.0,"max_hp_gain":0.0,"max_hp_loss":0.0,"gold_gain":0.0,"event_name":"The Woman in Blue","player_choice":"Bought 0 Potions","floor":22.0,"gold_loss":0.0,"damage_taken":0.0},{"damage_healed":0.0,"max_hp_gain":0.0,"max_hp_loss":0.0,"gold_gain":0.0,"event_name":"The Mausoleum","player_choice":"Opened","floor":29.0,"gold_loss":0.0,"damage_taken":0.0,"relics_obtained":["Pocketwatch"]},{"cards_removed":["Entrench"],"damage_healed":0,"gold_gain":0,"player_choice":"Removed Skill","damage_taken":0,"max_hp_gain":0,"max_hp_loss":0,"event_name":"Falling","floor":38,"gold_loss":0},{"damage_healed":0,"gold_gain":0,"player_choice":"Fight","damage_taken":0,"max_hp_gain":0,"max_hp_loss":0,"event_name":"MindBloom","floor":39,"gold_loss":0}],"is_beta":false,"boss_relics":[{"not_picked":["Runic Dome","Coffee Dripper"],"picked":"Mark of Pain"},{"not_picked":["SacredBark","Astrolabe"],"picked":"Calling Bell"}],"items_purged_floors":[2,11,36],"is_endless":false,"potions_floor_spawned":[3,6,8,10,16,25,27,28,30,33,35],"killed_by":"Mind Bloom Boss Battle","ascension_level":9}}