{"host":"vb9tx51ayxprrw9u","time":1611298136,"event":{"mods":["AchievementEnabler","BaseMod","Colored Map","Colored Powertips","Highlight Path","Minty Spire (QoL Compilation)","StSLib"],"gold_per_floor":[119,44,44,64,64,64,90,90,90,123,136,136,154,184,184,287,287,297,297,317,317,317],"floor_reached":21,"language":"ENG","playtime":952,"items_purged":["Defend_B"],"score":266,"play_id":"1e357ce5-361e-477d-8ba1-d3afd21dc008","local_time":"20210122004856","is_ascension_mode":true,"campfire_choices":[{"data":"Storm","floor":6,"key":"SMITH"},{"data":"Zap","floor":8,"key":"SMITH"},{"data":"Creative AI","floor":15,"key":"SMITH"}],"circlet_count":0,"master_deck":["Strike_B","Strike_B","Strike_B","Strike_B","Defend_B","Defend_B+1","Defend_B+1","Zap+1","Dualcast","Cold Snap","Storm+1","Self Repair","Seek","Defragment","Creative AI+1","Machine Learning","Gash+1","Coolheaded"],"relics":["FrozenCore","NeowsBlessing","War Paint","Blue Candle","Question Card","Meat on the Bone","Thread and Needle"],"acts_visited":["Exordium","TheCity"],"potions_floor_usage":[],"damage_taken":[{"damage":0,"enemies":"Small Slimes","floor":1,"turns":1},{"damage":0,"enemies":"Jaw Worm","floor":4,"turns":1},{"damage":0,"enemies":"Lagavulin","floor":7,"turns":1},{"damage":20,"enemies":"Gremlin Nob","floor":10,"turns":4},{"damage":7,"enemies":"2 Louse","floor":11,"turns":3},{"damage":9,"enemies":"Red Slaver","floor":13,"turns":3},{"damage":19,"enemies":"Lagavulin","floor":14,"turns":6},{"damage":23,"enemies":"Hexaghost","floor":16,"turns":8},{"damage":13,"enemies":"Shell Parasite","floor":18,"turns":7},{"damage":9,"enemies":"Spheric Guardian","floor":20,"turns":4},{"damage":87,"enemies":"3 Cultists","floor":21,"turns":6}],"seed_played":"5267521829259929945","potions_obtained":[{"floor":1,"key":"Strength Potion"},{"floor":13,"key":"FearPotion"},{"floor":14,"key":"LiquidBronze"},{"floor":20,"key":"FocusPotion"}],"is_trial":false,"path_per_floor":["M","$","?","M","$","R","E","R","T","E","M","?","M","E","R","B",null,"M","?","M","M"],"character_chosen":"DEFECT","items_purchased":[],"campfire_rested":0,"item_purchase_floors":[],"current_hp_per_floor":[75,75,75,75,75,75,75,75,75,55,55,60,58,46,46,42,80,74,74,72,0,0],"gold":317,"neow_bonus":"THREE_ENEMY_KILL","is_daily":false,"chose_seed":false,"campfire_upgraded":3,"win_rate":0.0,"timestamp":1611298136,"path_taken":["M","$","?","M","$","R","E","R","T","E","M","?","M","E","R","BOSS","M","?","M","?"],"items_purchased_type":[],"build_version":"2020-12-22","purchased_purges":1,"victory":false,"max_hp_per_floor":[75,75,75,75,75,75,75,75,75,75,75,80,80,80,80,80,80,80,80,80,80,80],"card_choices":[{"not_picked":["Self Repair","Glacier"],"picked":"Cold Snap","floor":1},{"not_picked":["Beam Cell","Barrage"],"picked":"Storm","floor":4},{"not_picked":["Hello World","Sweeping Beam","Barrage"],"picked":"SKIP","floor":7},{"not_picked":["Melter","Chaos"],"picked":"Self Repair","floor":10},{"not_picked":["Go for the Eyes","Rip and Tear","Undo"],"picked":"Seek","floor":11},{"not_picked":["Sweeping Beam","Redo","Turbo"],"picked":"Defragment","floor":13},{"not_picked":["Rebound","Compile Driver","Hologram"],"picked":"Creative AI","floor":14},{"not_picked":["Meteor Strike","Creative AI","Fission"],"picked":"Machine Learning","floor":16},{"not_picked":["Streamline","Heatsinks","Compile Driver"],"picked":"Gash+1","floor":18},{"not_picked":["FTL","Sunder","Compile Driver"],"picked":"Coolheaded","floor":20}],"player_experience":170037,"relics_obtained":[{"floor":7,"key":"War Paint"},{"floor":9,"key":"Blue Candle"},{"floor":10,"key":"Question Card"},{"floor":14,"key":"Meat on the Bone"}],"event_choices":[{"damage_healed":0,"gold_gain":0,"player_choice":"Leave","damage_taken":0,"max_hp_gain":0,"max_hp_loss":0,"event_name":"The Cleric","floor":3,"gold_loss":0},{"damage_healed":0,"gold_gain":0,"player_choice":"Donut","damage_taken":0,"max_hp_gain":5,"max_hp_loss":0,"event_name":"Big Fish","floor":12,"gold_loss":0},{"damage_healed":0,"gold_gain":0,"player_choice":"Gave Potion","damage_taken":0,"relics_obtained":["Thread and Needle"],"max_hp_gain":0,"max_hp_loss":0,"event_name":"WeMeetAgain","floor":19,"gold_loss":0}],"is_beta":false,"boss_relics":[{"not_picked":["Inserter","Empty Cage"],"picked":"FrozenCore"}],"items_purged_floors":[2],"is_endless":false,"potions_floor_spawned":[1,13,14,20],"killed_by":"3 Cultists","ascension_level":4}}