{"host":"avq773cl9g5msfol","time":1611342802,"event":{"mods":["100% Spire Juice","AchievementEnabler","Act Like it!","Ascension Unlocker","Aspiration","Astrologer","Bard","Bartender","BaseMod","Better Altar","Better Third Choice","BetterRewards","CapriCore","ChefMod","Colored Map","Colored Powertips","Conspire","Dio Mod","Downfall","Elementarium","Energized Spire","Gensokyo","GifTheSpireLib","GungeonMod","Hallownest","Hermit","Highlight Path","Hubris","Humility","Infinite Spire","Jorbs\u0027s Wanderer Trilogy","Koishi","Magitek Elite","Marisa????????","Marked Mod","Menagerie","Minty Spire (QoL Compilation)","Pale of the Ancients","Potionbrewer","Quarter Circle Forward PUNCH!","Rare Cards Sparkle","Reimu??????","Relic Stats","Remilia??????","Replay The Spire","SacredBarkPlus","Shade Mod","Somnambulant","Spicy Shops","Spire Arcade","StSLib","The Administrix","The Blue Laboratory","The Bug Knight","The Construct","The Cursed","The Disciple","The Dragon Tamer","The Exalted","The Hayseed","The Hierophant","The Immortal","The Marked","The Mystic","The Problem Sleuth","The Runesmith","The Senshi","The Vixen","The Wild Card","TheFirefly","Wandering Minibosses","vexMod"],"gold_per_floor":[99,117,357,373,385,403,453,473,493,519,419,453,453,471,489,568,568,568,583,599,599,599,599,623,638,653,671,690,700,700,726,736,814,814,814,830,840,840,855,882,935,964,964,964,1124,1024,1041,1066,1083,1083],"floor_reached":51,"language":"ENG","playtime":3897,"items_purged":["champ:BerserkerStyle","champ:BladeFlurry+1"],"score":2249,"play_id":"ddd35a11-133d-402c-ab25-8cb5a6c201ce","local_time":"20210123021322","is_ascension_mode":true,"campfire_choices":[{"data":"champ:BerserkerStyle","floor":1,"key":"SMITH"},{"data":"champ:Taunt","floor":11,"key":"SMITH"},{"data":"champ:LastStand","floor":18,"key":"SMITH"},{"data":"champ:Execute","floor":23,"key":"SMITH"},{"data":"champ:Improvising","floor":30,"key":"SMITH"},{"data":"champ:StrikeOfGenius","floor":43,"key":"SMITH"}],"circlet_count":0,"master_deck":["AscendersBane","champ:Execute+1","champ:Taunt+1","champ:LastStand+1","champ:TripleStrike+1","champ:FalseCounter+1","champ:VampiricStrike+1","champ:BerserkerStyle+1","champ:FlashCut+1","champ:TornadoPunch+1","champ:Backstep+1","champ:RageSigil+1","champ:CalledShot+1","champ:EnGarde+1","champ:FaceSlap+1","wanderingMiniBosses:FinaleOfPromise+1","champ:PreciseThrust+1","champ:EnragedBash+1","champ:Endure+1","champ:HoldFirm+1","champ:Duel+1","infinitespire:Collect+1","ReplayTheSpireMod:Echoes of Time+1","champ:Improvising+1","champ:AdrenalArmor+1","champ:EnchantSword+1","champ:IronFortress+1","champ:StrikeOfGenius+1","Master of Strategy+1","hubris:EnhanceAbility","Replay:BasicMightCard","hubris:Fate+1"],"relics":["champ:ChampionCrownUpgraded","Toxic Egg 2","Molten Egg 2","hubris:64BitClover","PaintedHorse:ReiMu","wanderingMiniBosses:Blackblade","aspiration:Lifesprig","downfall:HeartBlessingBlue","Oddly Smooth Stone","Bottled Tornado","infinitespire:EmpoweringShard","DemoMod:GlassGuonStoneRelic","vexMod:CardConverter","hubris:Backtick","hubris:CuriousFeather","RuthlessExorcism:ReiMu","Mummified Hand","ReplayTheSpireMod:Lightbulb","aspiration:FutureDiary","vexMod:PlasmaPancake","Omamori","Orichalcum","champ:FightingForDummies","bronze:MakeshiftBattery","ReplayTheSpireMod:ShopPack","Hallownest:GodTamersBeastRelic","Hallownest:SoulVesselRelic","TheSimpletonMod:PicklingJar"],"acts_visited":["Exordium","Elementarium:Elementarium","Hallownest:KingdomsEdge"],"potions_floor_usage":[9,9,9,9,9,9,10,10,10,12,12,14,14,16,16,16,19,19,19,39],"damage_taken":[{"damage":22,"enemies":"Small Slimes","floor":2,"turns":2},{"damage":13,"enemies":"conspire:RoseBush","floor":4,"turns":2},{"damage":46,"enemies":"Jaw Worm","floor":5,"turns":3},{"damage":17,"enemies":"3 Louse","floor":6,"turns":2},{"damage":12,"enemies":"conspire:2 RoseBushes","floor":8,"turns":3},{"damage":4,"enemies":"Exordium Wildlife","floor":9,"turns":2},{"damage":7,"enemies":"3 Sentries","floor":10,"turns":3},{"damage":31,"enemies":"conspire:MimicChest","floor":12,"turns":3},{"damage":18,"enemies":"Gremlin Gang","floor":14,"turns":3},{"damage":14,"enemies":"3 Louse","floor":15,"turns":1},{"damage":21,"enemies":"IC_STATUS_ARCHETYPE","floor":16,"turns":3},{"damage":5,"enemies":"Elementarium:2_ELEMENTALS","floor":19,"turns":2},{"damage":30,"enemies":"Elementarium:Cyclone","floor":20,"turns":2},{"damage":19,"enemies":"Elementarium:RubyGolem","floor":25,"turns":2},{"damage":26,"enemies":"Elementarium:3_ELEMENTALS","floor":26,"turns":2},{"damage":24,"enemies":"Elementarium:VoidBeast","floor":27,"turns":2},{"damage":33,"enemies":"Elementarium:Hydrostalker","floor":28,"turns":2},{"damage":33,"enemies":"Elementarium:3_ELEMENTALS","floor":29,"turns":2},{"damage":35,"enemies":"Elementarium:ElementalPortal","floor":31,"turns":5},{"damage":28,"enemies":"Elementarium:RubyGolem","floor":32,"turns":1},{"damage":45,"enemies":"WA_ARCHETYPE_CALM","floor":33,"turns":3},{"damage":45,"enemies":"Hallownest:3_Siblings","floor":36,"turns":2},{"damage":42,"enemies":"Hallownest:Shield_Heavy","floor":37,"turns":2},{"damage":45,"enemies":"Hallownest:2_Soldiers_and_1_Guardian","floor":39,"turns":2},{"damage":35,"enemies":"Hallownest:eliteCollector","floor":40,"turns":3},{"damage":50,"enemies":"Hallownest:StalkingDevout","floor":42,"turns":2},{"damage":33,"enemies":"Hallownest:StalkingDevout","floor":45,"turns":2},{"damage":54,"enemies":"Hallownest:StalkingDevout","floor":45,"turns":2},{"damage":66,"enemies":"Hallownest:StalkingDevout","floor":45,"turns":3},{"damage":0,"enemies":"Hallownest:StalkingDevout","floor":45,"turns":2},{"damage":41,"enemies":"Hallownest:2_Wandering_and_1_Horned","floor":47,"turns":4},{"damage":26,"enemies":"Nightmare","floor":48,"turns":2},{"damage":78,"enemies":"Hallownest:Slobbering_and_Violent","floor":49,"turns":3},{"damage":59,"enemies":"SI_POISON_ARCHETYPE","floor":50,"turns":2}],"seed_played":"1858233200306151588","potions_obtained":[{"floor":2,"key":"blueLaboratory:CorrosionFlask"},{"floor":10,"key":"AttackPotion"},{"floor":15,"key":"Fire Potion"},{"floor":16,"key":"DemoMod:LeadSkinPotion"},{"floor":19,"key":"blueLaboratory:BottledHope"},{"floor":29,"key":"EssenceOfSteel"},{"floor":48,"key":"potionbrewer:DiscountPotion"}],"is_trial":false,"path_per_floor":["R","M","?","M","M","M","T","M","M","E","R","?","?","M","M","B",null,"R","M","M","?","AVR","R","T","M","M","M","M","M","R","E","M","B",null,"R_BF","M","M","?","M","E","T","E","R","AVR","?","?","M","NM","M","B",null],"character_chosen":"THE_CHAMP","items_purchased":[],"campfire_rested":0,"item_purchase_floors":[],"current_hp_per_floor":[81,73,73,67,51,34,34,31,27,27,37,25,25,22,22,22,80,80,80,80,45,47,47,47,49,49,46,48,48,48,48,48,50,93,58,58,60,60,66,68,68,70,70,78,78,78,72,72,72,72],"gold":1083,"neow_bonus":"TEN_PERCENT_HP_BONUS","is_daily":false,"chose_seed":false,"campfire_upgraded":6,"win_rate":0.0,"timestamp":1611342802,"path_taken":["R","M","?","M","M","M","T","M","M","E","R","?","?","?","M","BOSS","R","M","M","?","AVR","R","T","M","M","M","M","M","R","E","M","BOSS","R_BF","M","M","?","M","E","T","E","R","AVR","?","?","M","NM","M","BOSS"],"items_purchased_type":[],"build_version":"2020-12-22","purchased_purges":2,"victory":true,"max_hp_per_floor":[89,89,89,89,89,89,89,89,89,89,99,99,99,99,99,99,99,99,99,99,99,101,101,101,103,103,103,105,105,105,105,105,107,107,107,107,109,109,115,117,117,119,119,127,127,127,127,127,127,127],"relic_stats":{"counters":[34,81],"Mummified Hand":[57],"Orichalcum":[6],"obtain_stats":[{"vexMod:PlasmaPancake":39,"aspiration:Lifesprig":10,"champ:ChampionCrown":0,"DemoMod:GlassGuonStoneRelic":2,"Bottled Tornado":13,"Hallownest:GodTamersBeastRelic":45,"hubris:Backtick":22,"vexMod:CardConverter":22,"downfall:HeartBlessingBlue":11,"Mummified Hand":27,"hubris:CuriousFeather":22,"Toxic Egg 2":0,"aspiration:FutureDiary":34,"champ:FightingForDummies":42,"TheSimpletonMod:PicklingJar":48,"hubris:64BitClover":1,"Hallownest:SoulVesselRelic":46,"Oddly Smooth Stone":12,"champ:ChampionCrownUpgraded":17,"Omamori":40,"Orichalcum":41,"wanderingMiniBosses:Blackblade":9,"PaintedHorse:ReiMu":3,"Molten Egg 2":0,"Pandora\u0027s Box":0,"infinitespire:EmpoweringShard":14,"ReplayTheSpireMod:Lightbulb":31,"bronze:MakeshiftBattery":44,"RuthlessExorcism:ReiMu":24,"ReplayTheSpireMod:ShopPack":44},{"vexMod:PlasmaPancake":24,"aspiration:Lifesprig":7,"champ:ChampionCrown":0,"DemoMod:GlassGuonStoneRelic":1,"Bottled Tornado":8,"Hallownest:GodTamersBeastRelic":30,"hubris:Backtick":13,"vexMod:CardConverter":13,"downfall:HeartBlessingBlue":7,"Mummified Hand":16,"hubris:CuriousFeather":13,"Toxic Egg 2":0,"aspiration:FutureDiary":21,"champ:FightingForDummies":26,"TheSimpletonMod:PicklingJar":32,"hubris:64BitClover":0,"Hallownest:SoulVesselRelic":30,"Oddly Smooth Stone":8,"champ:ChampionCrownUpgraded":11,"Omamori":25,"Orichalcum":25,"wanderingMiniBosses:Blackblade":6,"PaintedHorse:ReiMu":1,"Molten Egg 2":0,"Pandora\u0027s Box":0,"infinitespire:EmpoweringShard":9,"ReplayTheSpireMod:Lightbulb":19,"bronze:MakeshiftBattery":26,"RuthlessExorcism:ReiMu":13,"ReplayTheSpireMod:ShopPack":26},{"vexMod:PlasmaPancake":56,"aspiration:Lifesprig":17,"champ:ChampionCrown":0,"DemoMod:GlassGuonStoneRelic":2,"Bottled Tornado":20,"Hallownest:GodTamersBeastRelic":70,"hubris:Backtick":31,"vexMod:CardConverter":31,"downfall:HeartBlessingBlue":17,"Mummified Hand":37,"hubris:CuriousFeather":31,"Toxic Egg 2":0,"aspiration:FutureDiary":50,"champ:FightingForDummies":61,"TheSimpletonMod:PicklingJar":76,"hubris:64BitClover":0,"Hallownest:SoulVesselRelic":70,"Oddly Smooth Stone":20,"champ:ChampionCrownUpgraded":27,"Omamori":59,"Orichalcum":59,"wanderingMiniBosses:Blackblade":14,"PaintedHorse:ReiMu":2,"Molten Egg 2":0,"Pandora\u0027s Box":0,"infinitespire:EmpoweringShard":23,"ReplayTheSpireMod:Lightbulb":46,"bronze:MakeshiftBattery":61,"RuthlessExorcism:ReiMu":31,"ReplayTheSpireMod:ShopPack":61}]},"card_choices":[{"not_picked":["champ:GutPunch+1","champ:Parry+1"],"picked":"champ:Backstep+1","floor":2},{"not_picked":["champ:Shatter+1","champ:Circumvent+1"],"picked":"champ:RageSigil+1","floor":4},{"not_picked":["champ:Haymaker+1","champ:BerserkerStyle"],"picked":"champ:CalledShot+1","floor":5},{"not_picked":["champ:HeartStrike+1","champ:Haymaker+1","champ:CalledShot+1"],"picked":"SKIP","floor":6},{"not_picked":["champ:FanOfKnives+1","champ:FaceSlap+1"],"picked":"champ:EnGarde+1","floor":8},{"not_picked":["champ:Haymaker+1","champ:FanOfKnives+1"],"picked":"champ:FaceSlap+1","floor":9},{"not_picked":[],"picked":"wanderingMiniBosses:FinaleOfPromise","floor":9},{"not_picked":["champ:Devastate+1","champ:SetATrap+1"],"picked":"champ:PreciseThrust+1","floor":10},{"not_picked":["champ:PreciseThrust+1","champ:BladeFlurry+1"],"picked":"champ:EnragedBash+1","floor":12},{"not_picked":["champ:Shatter+1","champ:StanceDance+1","champ:FaceSlap+1"],"picked":"SKIP","floor":14},{"not_picked":["champ:SwordSigil+1","champ:CrookedStrike+1"],"picked":"champ:Endure+1","floor":15},{"not_picked":["champ:MurderStrike+1","champ:EnchantSword+1"],"picked":"champ:HoldFirm+1","floor":16},{"not_picked":["champ:EndlessRage","champ:RapidStrikes+1","champ:GladiatorStyle"],"picked":"SKIP","floor":19},{"not_picked":["champ:StanceDance+1","champ:ArenaPreparation+1"],"picked":"champ:Duel+1","floor":20},{"not_picked":["champ:BladeFlurry+1","champ:TornadoPunch+1"],"picked":"champ:Improvising","floor":25},{"not_picked":["champ:TornadoPunch+1","champ:CalledShot+1","champ:BerserkersShout+1"],"picked":"SKIP","floor":26},{"not_picked":["champ:Duel+1","champ:Shatter+1","champ:TornadoPunch+1"],"picked":"SKIP","floor":27},{"not_picked":["champ:PreciseThrust+1","champ:ShieldSigil+1"],"picked":"champ:AdrenalArmor+1","floor":28},{"not_picked":["champ:Backstep+1","champ:Lariat+1","champ:ShieldSigil+1"],"picked":"SKIP","floor":29},{"not_picked":["champ:Haymaker+1","champ:ShieldSigil+1","champ:Encircle+1"],"picked":"SKIP","floor":31},{"not_picked":["champ:ArenaPreparation+1","champ:DefensiveShout+1","champ:FaceSlap+1"],"picked":"SKIP","floor":32},{"not_picked":["champ:LastStand","champ:VampiricStrike+1"],"picked":"champ:EnchantSword+1","floor":33},{"not_picked":["champ:SetATrap+1","champ:FaceSlap+1","champ:Circumvent+1"],"picked":"SKIP","floor":36},{"not_picked":["champ:SkillfulDodge+1","champ:GladiatorStyle"],"picked":"champ:IronFortress+1","floor":37},{"not_picked":["champ:PreciseThrust+1","champ:FocusedDefense+1","champ:Shatter+1"],"picked":"SKIP","floor":39},{"not_picked":["champ:Lariat+1","champ:FanOfKnives+1"],"picked":"champ:StrikeOfGenius","floor":40},{"not_picked":["champ:DefensiveShout+1","champ:PreemptiveStrike+1"],"picked":"champ:BladeFlurry+1","floor":42},{"not_picked":["Secret Technique","Thinking Ahead"],"picked":"Master of Strategy","floor":44},{"not_picked":["Discovery","ReplayTheSpireMod:Uncanny Aura"],"picked":"hubris:EnhanceAbility","floor":44},{"not_picked":["Impatience","DemoMod:Spice"],"picked":"Replay:BasicMightCard","floor":44},{"not_picked":["champ:BladeFlurry+1","champ:DefensiveStyle","champ:GladiatorStyle"],"picked":"SKIP","floor":47},{"not_picked":["champ:SteelEdge+1","champ:AdrenalArmor+1","champ:IronFortress"],"picked":"SKIP","floor":48},{"not_picked":["champ:SteelEdge+1","champ:AdrenalArmor+1","champ:IronFortress"],"picked":"SKIP","floor":48},{"not_picked":["champ:DefensiveShout+1","champ:ShieldSigil+1","champ:FanOfKnives+1"],"picked":"SKIP","floor":49}],"player_experience":1327274,"relics_obtained":[{"floor":9,"key":"wanderingMiniBosses:Blackblade"},{"floor":10,"key":"aspiration:Lifesprig"},{"floor":12,"key":"Oddly Smooth Stone"},{"floor":14,"key":"infinitespire:EmpoweringShard"},{"floor":24,"key":"RuthlessExorcism:ReiMu"},{"floor":31,"key":"ReplayTheSpireMod:Lightbulb"},{"floor":39,"key":"vexMod:PlasmaPancake"},{"floor":40,"key":"Omamori"},{"floor":41,"key":"Orichalcum"},{"floor":42,"key":"champ:FightingForDummies"},{"floor":48,"key":"TheSimpletonMod:PicklingJar"}],"event_choices":[{"damage_healed":0,"gold_gain":0,"player_choice":"Donate","damage_taken":0,"relics_obtained":["PaintedHorse:ReiMu"],"max_hp_gain":0,"max_hp_loss":0,"event_name":"yidonshenshe","floor":3,"gold_loss":60}],"is_beta":false,"boss_relics":[{"not_picked":["Bromod:ArcaneGrace","aspiration:PoetsPen"],"picked":"champ:ChampionCrownUpgraded"},{"not_picked":["hubris:ScarierMask","theSenshi:MoonKaleidoScopeRelic"],"picked":"aspiration:FutureDiary"}],"items_purged_floors":[22,44],"is_endless":false,"potions_floor_spawned":[2,5,10,15,16,19,27,29,31,32,33,37,45,45,45,45,48],"ascension_level":20}}