{"host":"y56d1fjpgcjsodvy","time":1611283974,"event":{"mods":["Arknights The Spire","BaseMod","Colored Powertips","GifTheSpireLib","Highlight Path","Minty Spire (QoL Compilation)","StSLib","SuperFastMode","everything is the same but u backflip on backflip"],"gold_per_floor":[12,12,12,26,26,26,42,42,54,82,94,119,192,204,216,228,228],"floor_reached":16,"language":"KOR","playtime":300,"items_purged":[],"score":95,"play_id":"0768414f-b328-4fae-9c7a-d064ab74cff9","local_time":"20210122115254","is_ascension_mode":true,"campfire_choices":[{"floor":6,"key":"DIG"},{"floor":8,"key":"DIG"},{"floor":11,"key":"DIG"},{"floor":15,"key":"DIG"}],"circlet_count":0,"master_deck":["ats:Strike C","ats:Strike G","ats:Strike S","ats:Armor Crushing Shot","ats:Defend","ats:Defend","ats:Defend","ats:Defend","ats:Emotion Absorption","ats:Overload","ats:Rapid Magazine","ats:Neurotoxin","ats:Apocalypse"],"relics":["ats:Sanity","Shovel","Golden Idol","Anchor","MawBank","Singing Bowl","Mercury Hourglass","Molten Egg 2","Ice Cream"],"acts_visited":["Exordium"],"potions_floor_usage":[13,13],"damage_taken":[{"damage":7,"enemies":"Jaw Worm","floor":1,"turns":6},{"damage":0,"enemies":"2 Louse","floor":4,"turns":2},{"damage":0,"enemies":"Cultist","floor":7,"turns":2},{"damage":9,"enemies":"3 Louse","floor":10,"turns":4},{"damage":0,"enemies":"Looter","floor":12,"turns":2},{"damage":27,"enemies":"3 Sentries","floor":13,"turns":6},{"damage":32,"enemies":"Hexaghost","floor":16,"turns":7}],"seed_played":"2242363250355166399","potions_obtained":[{"floor":1,"key":"Strength Potion"},{"floor":4,"key":"Regen Potion"}],"is_trial":false,"path_per_floor":["M","?","?","M","?","R","M","R","T","M","R","M","?","?","R","B"],"character_chosen":"DOCTOR_CLASS","items_purchased":[],"campfire_rested":0,"item_purchase_floors":[],"current_hp_per_floor":[65,65,47,47,40,40,40,40,40,33,33,33,21,21,21,0,0],"gold":228,"neow_bonus":"ONE_RARE_RELIC","is_daily":false,"chose_seed":false,"campfire_upgraded":0,"win_rate":0.0,"timestamp":1611283974,"path_taken":["M","?","?","M","?","R","M","R","T","?","R","M","?","?","R","BOSS"],"items_purchased_type":[],"build_version":"2020-12-22","purchased_purges":0,"victory":false,"max_hp_per_floor":[72,72,72,72,72,72,72,72,72,74,74,74,74,74,74,74,74],"card_choices":[{"not_picked":["ats:Collapsing Strike","ats:Assault Order","ats:Curse Doll"],"picked":"SKIP","floor":1},{"not_picked":["ats:Shell Defense","ats:Leaping Hammer","ats:Powerful Strike"],"picked":"SKIP","floor":4},{"not_picked":["ats:Explosion Area Strengthen","ats:Flexible Camouflage"],"picked":"ats:Rapid Magazine","floor":7},{"not_picked":["ats:Red Shift","ats:Healing Drone","ats:Burning Ground"],"picked":"Singing Bowl","floor":10},{"not_picked":["ats:Explosion Area Strengthen","ats:Cat Scratch"],"picked":"ats:Neurotoxin","floor":12},{"not_picked":["ats:Very Hot Blade+1","ats:Blood Oath+1"],"picked":"ats:Apocalypse","floor":13}],"player_experience":1190872,"relics_obtained":[{"floor":6,"key":"Anchor"},{"floor":8,"key":"MawBank"},{"floor":9,"key":"Singing Bowl"},{"floor":11,"key":"Mercury Hourglass"},{"floor":15,"key":"Ice Cream"}],"event_choices":[{"damage_healed":0,"gold_gain":0,"cards_transformed":["ats:Strike V"],"player_choice":"Change","damage_taken":0,"max_hp_gain":0,"max_hp_loss":0,"event_name":"Living Wall","floor":2,"gold_loss":0,"cards_obtained":["ats:Overload"]},{"damage_healed":0,"gold_gain":0,"player_choice":"Take Damage","damage_taken":18,"relics_obtained":["Golden Idol"],"max_hp_gain":0,"max_hp_loss":0,"event_name":"Golden Idol","floor":3,"gold_loss":0},{"damage_healed":0,"gold_gain":0,"player_choice":"Damaged","damage_taken":7,"max_hp_gain":0,"max_hp_loss":0,"event_name":"Wheel of Change","floor":5,"gold_loss":0},{"damage_healed":0,"gold_gain":30,"player_choice":"Searched \u00273\u0027 times","damage_taken":0,"relics_obtained":["Molten Egg 2"],"max_hp_gain":0,"max_hp_loss":0,"event_name":"Dead Adventurer","floor":13,"gold_loss":0},{"damage_healed":0,"gold_gain":0,"player_choice":"Ignored","damage_taken":0,"max_hp_gain":0,"max_hp_loss":0,"event_name":"Liars Game","floor":14,"gold_loss":0}],"is_beta":false,"boss_relics":[],"items_purged_floors":[],"is_endless":false,"potions_floor_spawned":[1,4],"killed_by":"Hexaghost","ascension_level":1}}