{"host":"aqym1xxr3lb31d9m","time":1611321881,"event":{"mods":["BaseMod","Block Reminder","Colored Map","Colored Powertips","DeckTracker","Highlight Path","Minty Spire (QoL Compilation)","Quick Restart","Random Character Button","StSLib","SuperFastMode","UnlockEverythingMod"],"gold_per_floor":[15,31,31,31,48,48,73,73,149,163,191,210,210,240,240,316,316,335,350,350,40,40,73,73,103,126,143,143,33,51,79,79,153,153,172,172,219,219,234,264,264,290,290,308,308,343,358,375,375,375,375,375,375,24,52,52,52],"floor_reached":56,"language":"JPN","playtime":2891,"items_purged":[],"score":2101,"play_id":"689da160-b3ed-4ecd-a29c-7179be718eb0","local_time":"20210122222441","is_ascension_mode":true,"campfire_choices":[{"data":"Immolate","floor":6.0,"key":"SMITH"},{"data":"Shockwave","floor":8.0,"key":"SMITH"},{"data":"Armaments","floor":15.0,"key":"SMITH"},{"floor":24.0,"key":"REST"},{"data":"Rage","floor":28.0,"key":"SMITH"},{"data":"Havoc","floor":32.0,"key":"SMITH"},{"floor":41.0,"key":"RECALL"},{"floor":45.0,"key":"REST"},{"floor":49.0,"key":"REST"},{"floor":53.0,"key":"REST"}],"circlet_count":0,"master_deck":["AscendersBane","Strike_R","Strike_R+1","Strike_R","Strike_R","Strike_R","Defend_R","Defend_R","Defend_R","Defend_R+1","Bash+1","Violence","Carnage","Carnage","Immolate+1","Shockwave+1","Reaper+1","Armaments+1","Warcry","Headbutt","Immolate","Metallicize+1","Inflame+1","Necronomicurse","Spot Weakness","True Grit+1","Rage+1","Dark Embrace+1","Havoc+1","Armaments+1","True Grit","Trip","Blind","Finesse","Second Wind+1","Clothesline+1","Exhume+1","Feel No Pain+1","Evolve+1","Feel No Pain+1","Second Wind+1"],"relics":["Burning Blood","Blood Vial","Pear","Frozen Egg 2","Bottled Flame","HornCleat","Black Star","Necronomicon","Potion Belt","MealTicket","Bag of Preparation","Nunchaku","TungstenRod","Lantern","Letter Opener","StoneCalendar","Fusion Hammer","Turnip","Kunai","Whetstone","Du-Vu Doll","Orichalcum","Red Skull","War Paint","Ornamental Fan","Art of War","Bottled Lightning"],"acts_visited":["Exordium","TheCity","TheBeyond","TheEnding"],"potions_floor_usage":[55,56,56,56,56],"damage_taken":[{"damage":19.0,"enemies":"Jaw Worm","floor":1.0,"turns":4.0},{"damage":13.0,"enemies":"Small Slimes","floor":2.0,"turns":3.0},{"damage":0.0,"enemies":"Cultist","floor":5.0,"turns":3.0},{"damage":25.0,"enemies":"3 Sentries","floor":7.0,"turns":5.0},{"damage":7.0,"enemies":"Exordium Wildlife","floor":10.0,"turns":5.0},{"damage":29.0,"enemies":"Gremlin Nob","floor":11.0,"turns":4.0},{"damage":9.0,"enemies":"Looter","floor":12.0,"turns":5.0},{"damage":12.0,"enemies":"Lagavulin","floor":14.0,"turns":6.0},{"damage":23.0,"enemies":"Slime Boss","floor":16.0,"turns":8.0},{"damage":24.0,"enemies":"Shell Parasite","floor":18.0,"turns":4.0},{"damage":22.0,"enemies":"Spheric Guardian","floor":19.0,"turns":5.0},{"damage":23.0,"enemies":"Book of Stabbing","floor":23.0,"turns":4.0},{"damage":0.0,"enemies":"Slavers","floor":25.0,"turns":1.0},{"damage":30.0,"enemies":"Snake Plant","floor":27.0,"turns":4.0},{"damage":0.0,"enemies":"Cultist and Chosen","floor":30.0,"turns":3.0},{"damage":10.0,"enemies":"Book of Stabbing","floor":31.0,"turns":4.0},{"damage":55.0,"enemies":"Automaton","floor":33.0,"turns":8.0},{"damage":21.0,"enemies":"3 Shapes","floor":35.0,"turns":2.0},{"damage":0.0,"enemies":"2 Orb Walkers","floor":37.0,"turns":3.0},{"damage":0.0,"enemies":"3 Darklings","floor":39.0,"turns":1.0},{"damage":55.0,"enemies":"Giant Head","floor":40.0,"turns":8.0},{"damage":43.0,"enemies":"Reptomancer","floor":42.0,"turns":5.0},{"damage":0.0,"enemies":"Maw","floor":44.0,"turns":7.0},{"damage":17.0,"enemies":"Giant Head","floor":46.0,"turns":6.0},{"damage":9.0,"enemies":"Spire Growth","floor":47.0,"turns":4.0},{"damage":0.0,"enemies":"3 Darklings","floor":48.0,"turns":1.0},{"damage":70.0,"enemies":"Time Eater","floor":50.0,"turns":10.0},{"damage":47.0,"enemies":"Awakened One","floor":51.0,"turns":15.0},{"damage":49,"enemies":"Shield and Spear","floor":55,"turns":12},{"damage":82,"enemies":"The Heart","floor":56,"turns":8}],"seed_played":"-1364446737604867547","potions_obtained":[{"floor":2.0,"key":"BloodPotion"},{"floor":7.0,"key":"Dexterity Potion"},{"floor":11.0,"key":"Fire Potion"},{"floor":23.0,"key":"Regen Potion"},{"floor":31.0,"key":"Fire Potion"},{"floor":42.0,"key":"SteroidPotion"},{"floor":46.0,"key":"Ancient Potion"},{"floor":47.0,"key":"DuplicationPotion"},{"floor":48.0,"key":"LiquidMemories"},{"floor":55,"key":"Strength Potion"}],"is_trial":false,"path_per_floor":["M","M","?","?","M","R","E","R","T","M","E","M","T","E","R","B",null,"M","M","?","$","?","E","R","E","T","M","R","$","M","E","R","B",null,"M","?","?","?","M","E","R","E","T","M","R","E","M","M","R","B","B",null,"R","$","E","B"],"character_chosen":"IRONCLAD","items_purchased":["Spot Weakness","Potion Belt","Block Potion","Energy Potion","CultistPotion","Feel No Pain+1","Ornamental Fan"],"campfire_rested":4,"item_purchase_floors":[21,21,21,21,29,54,54],"current_hp_per_floor":[55,48,48,48,54,54,35,35,45,46,25,31,31,27,27,18,68,52,38,34,34,51,36,61,69,69,48,48,63,85,81,81,64,80,82,82,85,76,84,61,61,79,79,85,85,85,82,85,85,85,70,81,85,85,66,0,0],"gold":52,"neow_bonus":"RANDOM_COLORLESS_2","is_daily":false,"chose_seed":false,"campfire_upgraded":5,"win_rate":0.0,"timestamp":1611321881,"path_taken":["M","M","?","?","M","R","E","R","T","M","E","?","?","E","R","BOSS","M","M","?","$","?","E","R","E","T","M","R","$","M","E","R","BOSS","M","?","?","?","?","E","R","E","T","M","R","E","M","?","R","BOSS","BOSS","R","$","E","BOSS"],"items_purchased_type":["Card","Relic","Potion","Potion","Potion","Card","Relic"],"build_version":"2020-12-22","purchased_purges":0,"victory":false,"max_hp_per_floor":[75,75,75,75,75,75,75,75,85,85,85,85,85,85,85,85,85,85,85,85,85,85,85,85,85,85,85,85,85,85,85,85,85,85,85,85,85,85,85,85,85,85,85,85,85,85,85,85,85,85,85,85,85,85,85,85,85],"card_choices":[{"not_picked":["Panache","Sadistic Nature"],"picked":"Violence","floor":0.0},{"not_picked":["Sever Soul","Anger"],"picked":"Carnage","floor":1.0},{"not_picked":["Thunderclap","Armaments"],"picked":"Carnage","floor":2.0},{"not_picked":["Warcry","Anger"],"picked":"Shockwave","floor":5.0},{"not_picked":["Immolate","Heavy Blade"],"picked":"Reaper","floor":7.0},{"not_picked":["Havoc","Pommel Strike"],"picked":"Armaments","floor":10.0},{"not_picked":["Infernal Blade","Twin Strike","Rupture+1"],"picked":"SKIP","floor":11.0},{"not_picked":["Sword Boomerang","Pummel"],"picked":"Warcry","floor":12.0},{"not_picked":["Corruption+1","Armaments"],"picked":"Headbutt","floor":14.0},{"not_picked":["Barricade+1","Juggernaut+1"],"picked":"Immolate","floor":16.0},{"not_picked":["Wild Strike+1","Havoc"],"picked":"Metallicize+1","floor":18.0},{"not_picked":["Warcry","Iron Wave"],"picked":"Inflame+1","floor":19.0},{"not_picked":["Pommel Strike","Body Slam+1"],"picked":"True Grit+1","floor":23.0},{"not_picked":["Pummel","Shrug It Off"],"picked":"Rage","floor":25.0},{"not_picked":["Body Slam","Entrench","Perfected Strike"],"picked":"SKIP","floor":27.0},{"not_picked":["Body Slam","Infernal Blade"],"picked":"Dark Embrace+1","floor":30.0},{"not_picked":["Spot Weakness","Thunderclap+1"],"picked":"Havoc","floor":31.0},{"not_picked":["Immolate","Brutality+1"],"picked":"Bludgeon","floor":33.0},{"not_picked":["Inflame+1","Iron Wave"],"picked":"Armaments+1","floor":35.0},{"not_picked":["Perfected Strike","Spot Weakness"],"picked":"True Grit","floor":37.0},{"not_picked":["Deep Breath","Panacea"],"picked":"Trip","floor":38.0},{"not_picked":["Dramatic Entrance","Mind Blast"],"picked":"Blind","floor":38.0},{"not_picked":["Trip","Violence"],"picked":"Finesse","floor":38.0},{"not_picked":["Wild Strike","Twin Strike+1"],"picked":"Second Wind+1","floor":39.0},{"not_picked":["Dual Wield","Perfected Strike"],"picked":"Clothesline+1","floor":40.0},{"not_picked":["Perfected Strike","Sword Boomerang"],"picked":"Exhume","floor":42.0},{"not_picked":["Dark Embrace+1","Shockwave","Wild Strike"],"picked":"SKIP","floor":44.0},{"not_picked":["Sever Soul","Bludgeon"],"picked":"Feel No Pain+1","floor":46.0},{"not_picked":["Cleave","Clash+1"],"picked":"Evolve+1","floor":47.0},{"not_picked":["Hemokinesis+1","Cleave","Heavy Blade"],"picked":"SKIP","floor":48.0},{"not_picked":["Sentinel","Reckless Charge"],"picked":"Second Wind+1","floor":55}],"player_experience":3966854,"relics_obtained":[{"floor":7.0,"key":"Blood Vial"},{"floor":9.0,"key":"Pear"},{"floor":11.0,"key":"Frozen Egg 2"},{"floor":13.0,"key":"Bottled Flame"},{"floor":14.0,"key":"HornCleat"},{"floor":20.0,"key":"Necronomicon"},{"floor":23.0,"key":"MealTicket"},{"floor":23.0,"key":"Bag of Preparation"},{"floor":25.0,"key":"Nunchaku"},{"floor":25.0,"key":"TungstenRod"},{"floor":26.0,"key":"Lantern"},{"floor":31.0,"key":"Letter Opener"},{"floor":31.0,"key":"StoneCalendar"},{"floor":37.0,"key":"Turnip"},{"floor":40.0,"key":"Kunai"},{"floor":40.0,"key":"Whetstone"},{"floor":42.0,"key":"Du-Vu Doll"},{"floor":42.0,"key":"Orichalcum"},{"floor":46.0,"key":"Red Skull"},{"floor":46.0,"key":"War Paint"},{"floor":55,"key":"Art of War"},{"floor":55,"key":"Bottled Lightning"}],"event_choices":[{"damage_healed":0.0,"max_hp_gain":0.0,"max_hp_loss":0.0,"gold_gain":0.0,"event_name":"Living Wall","player_choice":"Grow","floor":3.0,"gold_loss":0.0,"damage_taken":0.0,"cards_upgraded":["Bash"]},{"damage_healed":0.0,"max_hp_gain":0.0,"max_hp_loss":0.0,"gold_gain":0.0,"event_name":"Match and Keep!","player_choice":"1 cards matched","floor":4.0,"gold_loss":0.0,"damage_taken":0.0,"cards_obtained":["Immolate"]},{"damage_healed":0.0,"max_hp_gain":0.0,"max_hp_loss":0.0,"gold_gain":0.0,"event_name":"Cursed Tome","player_choice":"Obtained Book","floor":20.0,"gold_loss":0.0,"damage_taken":21.0},{"damage_healed":17.0,"max_hp_gain":0.0,"max_hp_loss":0.0,"gold_gain":0.0,"event_name":"The Library","player_choice":"Heal","floor":22.0,"gold_loss":0.0,"damage_taken":0.0},{"cards_removed":["Bludgeon"],"damage_healed":0.0,"max_hp_gain":0.0,"max_hp_loss":0.0,"gold_gain":0.0,"event_name":"Falling","player_choice":"Removed Attack","floor":36.0,"gold_loss":0.0,"damage_taken":0.0},{"damage_healed":0.0,"max_hp_gain":0.0,"max_hp_loss":0.0,"gold_gain":0.0,"event_name":"Mysterious Sphere","player_choice":"Fight","floor":37.0,"gold_loss":0.0,"damage_taken":0.0},{"damage_healed":0.0,"max_hp_gain":0.0,"max_hp_loss":0.0,"gold_gain":0.0,"event_name":"SensoryStone","player_choice":"Memory 3","floor":38.0,"gold_loss":0.0,"damage_taken":10.0}],"is_beta":false,"boss_relics":[{"not_picked":["Runic Dome","Busted Crown"],"picked":"Black Star"},{"not_picked":["SlaversCollar","Empty Cage"],"picked":"Fusion Hammer"}],"items_purged_floors":[],"is_endless":false,"potions_floor_spawned":[2,7,11,16,18,23,30,31,42,46,47,48,55],"killed_by":"The Heart","ascension_level":20}}