{"host":"gzk4gkgy3zij1c51","time":1611291471,"event":{"mods":["BaseMod","Colored Map","Downfall","Highlight Path","Marked Mod","Minty Spire (QoL Compilation)","Relic Stats","StSLib","everything is the same but u backflip on backflip"],"gold_per_floor":[99,99,99,99,99,22,22,41,378,78,113,113,113,128,152,258,258,258,281,142,242,253,275,299,328,356,55,83,83,127,146,162,266,266,266,279,369,397,447,456,456,474,474,510,537,307,343,0,20,20,20,54,25,25,25,25,25,25],"floor_reached":56,"language":"ENG","playtime":9489,"items_purged":["bronze:Strike"],"score":905,"play_id":"b4eee821-e814-4811-bbf9-84ae84605407","local_time":"20210122045751","is_ascension_mode":false,"campfire_choices":[{"floor":1.0,"key":"RECALL"},{"data":"bronze:BuggyMess","floor":10.0,"key":"SMITH"},{"floor":12.0,"key":"REST"},{"data":"bronze:Repulsor","floor":18.0,"key":"SMITH"},{"floor":29.0,"key":"REST"},{"data":"bronze:TinkerersToolbox","floor":35.0,"key":"SMITH"},{"data":"bronze:Spike","floor":43.0,"key":"SMITH"},{"floor":54,"key":"REST"}],"circlet_count":0,"master_deck":["bronze:Strike","bronze:Defend","bronze:Defend","bronze:Defend","bronze:Defend","bronze:Replicate+1","bronze:Goto","bronze:Repulsor+1","bronze:Spike","bronze:DazingPulse","bronze:BronzeArmor","bronze:BuggyMess+1","bronze:Fortify+1","bronze:WhirlingStrike","bronze:Iterate","bronze:Terminator","bronze:HyperBeam","bronze:AlphaBuild","bronze:WhirlingStrike","bronze:RecursiveStrike","bronze:FollowUp","bronze:BurnOut+1","bronze:Shield","bronze:ClassDefault","bronze:ItsAFeature","bronze:Repair+1","bronze:Optimize","bronze:BugBarrage+1","bronze:Constructor+1","bronze:Mutator","bronze:WhirlingStrike+1","bronze:TinkerersToolbox+1","bronze:ChosenStrike+1","bronze:Repair","bronze:GetLatest+1","bronze:Spike+1","bronze:Boost+1","bronze:FineTuning+1","Transmutation","bronze:Turbo+1","bronze:Break","bronze:ForceShield","bronze:ChildClass"],"relics":["bronze:BronzeCore","downfall:HeartsMalice","CeramicFish","Old Coin","downfall:HeartBlessingRed","downfall:HeartBlessingGreen","downfall:HeartBlessingBlue","Singing Bowl","bronze:MakeshiftBattery","downfall:GremlinWheel","Akabeko","StoneCalendar","champ:Barbells","HornCleat","expansioncontent:StudyCardRelic","Bag of Marbles","Membership Card","Ginger","StrikeDummy","Shovel","Guardian:PocketSentry","Lantern","Pen Nib","Kunai","Lizard Tail","Whetstone"],"acts_visited":["Exordium","TheCity","TheBeyond","TheEnding"],"potions_floor_usage":[47,49,55],"damage_taken":[{"damage":0.0,"enemies":"Jaw Worm","floor":2.0,"turns":1.0},{"damage":0.0,"enemies":"Jaw Worm","floor":3.0,"turns":1.0},{"damage":0.0,"enemies":"downfall:FleeingMerchant","floor":6.0,"turns":1.0},{"damage":1.0,"enemies":"Small Slimes","floor":8.0,"turns":4.0},{"damage":41.0,"enemies":"Gremlin Nob","floor":9.0,"turns":5.0},{"damage":15.0,"enemies":"3 Sentries","floor":11.0,"turns":6.0},{"damage":0.0,"enemies":"Cultist","floor":14.0,"turns":2.0},{"damage":0.0,"enemies":"Gremlin Gang","floor":15.0,"turns":3.0},{"damage":41.0,"enemies":"IC_STATUS_ARCHETYPE","floor":16.0,"turns":7.0},{"damage":14.0,"enemies":"Spheric Guardian","floor":19.0,"turns":4.0},{"damage":0.0,"enemies":"downfall:FleeingMerchant","floor":20.0,"turns":4.0},{"damage":2.0,"enemies":"downfall:FleeingMerchant","floor":21.0,"turns":3.0},{"damage":0.0,"enemies":"Chosen","floor":22.0,"turns":3.0},{"damage":27.0,"enemies":"Sentry and Sphere","floor":23.0,"turns":4.0},{"damage":17.0,"enemies":"Slavers","floor":25.0,"turns":4.0},{"damage":11.0,"enemies":"Shelled Parasite and Fungi","floor":26.0,"turns":4.0},{"damage":3.0,"enemies":"downfall:FleeingMerchant","floor":27.0,"turns":4.0},{"damage":11.0,"enemies":"Snake Plant","floor":28.0,"turns":4.0},{"damage":0.0,"enemies":"Gremlin Leader","floor":30.0,"turns":5.0},{"damage":11.0,"enemies":"Centurion and Healer","floor":31.0,"turns":7.0},{"damage":1.0,"enemies":"Snecko","floor":32.0,"turns":3.0},{"damage":53.0,"enemies":"WA_ARCHETYPE_CALM","floor":33.0,"turns":9.0},{"damage":23.0,"enemies":"3 Shapes","floor":36.0,"turns":2.0},{"damage":0.0,"enemies":"downfall:FleeingMerchant","floor":37.0,"turns":4.0},{"damage":4.0,"enemies":"Orb Walker","floor":38.0,"turns":4.0},{"damage":24.0,"enemies":"Orb Walker","floor":39.0,"turns":6.0},{"damage":0.0,"enemies":"3 Darklings","floor":42.0,"turns":2.0},{"damage":53.0,"enemies":"Reptomancer","floor":44.0,"turns":7.0},{"damage":16.0,"enemies":"Sphere and 2 Shapes","floor":45.0,"turns":4.0},{"damage":3,"enemies":"Giant Head","floor":47,"turns":5},{"damage":0,"enemies":"Writhing Mass","floor":49,"turns":4},{"damage":74,"enemies":"DF_ARCHETYPE_ORBS","floor":50,"turns":7},{"damage":134,"enemies":"downfall:CharBossMerchant","floor":52,"turns":7},{"damage":100,"enemies":"downfall:NeowBoss","floor":55,"turns":17},{"damage":19,"enemies":"downfall:NeowBossFinal","floor":56,"turns":2}],"seed_played":"-6024695992918076015","potions_obtained":[{"floor":9.0,"key":"SkillPotion"},{"floor":14.0,"key":"Slimebound:ThreeZeroPotion"},{"floor":15.0,"key":"BlessingOfTheForge"},{"floor":19.0,"key":"GamblersBrew"},{"floor":23.0,"key":"SteroidPotion"},{"floor":25.0,"key":"Guardian:BlockOnCardUsePotion"},{"floor":28.0,"key":"bronze:BuildAFunctionPotion"},{"floor":31.0,"key":"bronze:BuildAFunctionPotion"},{"floor":33.0,"key":"Block Potion"},{"floor":36.0,"key":"Swift Potion"},{"floor":38.0,"key":"CultistPotion"},{"floor":42.0,"key":"Weak Potion"},{"floor":52,"key":"LiquidMemories"}],"is_trial":false,"path_per_floor":["R","M","?","?","T","$","T","M","E","R","E","R","?","M","M","B",null,"R","M","$","?","M","M","T","E","M","$","M","R","E","M","M","B",null,"R","M","$","M","?","?","T","M","R","E","M","$","E","$","M","B",null,"E","$","R","B","B"],"character_chosen":"THE_AUTOMATON","items_purchased":["bronze:Fortify","bronze:FollowUp","bronze:BurnOut","champ:Barbells","bronze:Repair","bronze:Optimize","bronze:BugBarrage","Membership Card","bronze:ChosenStrike","bronze:Repair","Guardian:PocketSentry","Lantern","Transmutation","Kunai","bronze:Break","Lizard Tail","Regen Potion","bronze:ChildClass"],"campfire_rested":3,"item_purchase_floors":[6,20,20,27,27,27,27,37,37,37,46,46,46,48,48,48,48,53],"current_hp_per_floor":[70,70,70,70,70,70,70,69,28,38,23,47,47,49,49,8,82,82,68,68,66,68,41,41,26,15,12,11,36,43,39,47,1,88,88,67,69,75,70,70,70,72,72,39,23,23,27,27,43,39,98,40,40,69,11,0,0,0],"gold":25,"neow_bonus":"THREE_ENEMY_KILL","is_daily":false,"chose_seed":false,"campfire_upgraded":4,"win_rate":0.0,"timestamp":1611291471,"path_taken":["R","M","?","?","?","$","T","M","E","R","E","R","?","M","M","BOSS","R","M","$","?","M","?","T","E","M","$","M","R","E","M","M","BOSS","R","M","$","M","?","?","T","?","R","E","M","$","E","?","M","BOSS","E","$","R","BOSS","BOSS"],"items_purchased_type":["Card","Card","Card","Relic","Card","Card","Card","Relic","Card","Card","Relic","Relic","Card","Relic","Card","Relic","Potion","Card"],"build_version":"2020-12-22","purchased_purges":1,"victory":false,"max_hp_per_floor":[70,70,70,70,70,70,70,70,70,80,80,80,80,82,82,82,82,82,82,82,82,84,84,84,86,86,86,86,86,86,86,88,88,88,88,90,92,92,94,94,94,96,96,96,96,96,96,96,98,98,98,98,98,98,98,98,98,98],"relic_stats":{"Lizard Tail":49,"Shovel":0,"Singing Bowl":18,"counters":[35,156],"CeramicFish":270,"StoneCalendar":[104],"Pen Nib":[8],"Ginger":[36],"Kunai":[15],"Whetstone":["bronze:Replicate","bronze:BurnOut"],"obtain_stats":[{"Lantern":46,"bronze:BronzeCore":0,"Singing Bowl":11,"CeramicFish":7,"downfall:HeartBlessingGreen":10,"StoneCalendar":25,"expansioncontent:StudyCardRelic":34,"Ginger":39,"Whetstone":52,"Old Coin":9,"Lizard Tail":48,"downfall:GremlinWheel":21,"HornCleat":30,"Shovel":44,"downfall:HeartBlessingBlue":10,"Kunai":48,"champ:Barbells":27,"downfall:HeartBlessingRed":10,"downfall:HeartsMalice":0,"Pen Nib":47,"Guardian:PocketSentry":46,"Akabeko":24,"Bag of Marbles":35,"Membership Card":37,"StrikeDummy":41,"bronze:MakeshiftBattery":17},{"Lantern":29,"bronze:BronzeCore":0,"Singing Bowl":6,"CeramicFish":3,"downfall:HeartBlessingGreen":5,"StoneCalendar":15,"expansioncontent:StudyCardRelic":22,"Ginger":26,"Whetstone":33,"Old Coin":5,"Lizard Tail":30,"downfall:GremlinWheel":12,"HornCleat":19,"Shovel":28,"downfall:HeartBlessingBlue":5,"Kunai":30,"champ:Barbells":17,"downfall:HeartBlessingRed":5,"downfall:HeartsMalice":0,"Pen Nib":30,"Guardian:PocketSentry":29,"Akabeko":14,"Bag of Marbles":22,"Membership Card":24,"StrikeDummy":26,"bronze:MakeshiftBattery":9},{"Lantern":114,"bronze:BronzeCore":0,"Singing Bowl":15,"CeramicFish":0,"downfall:HeartBlessingGreen":9,"StoneCalendar":49,"expansioncontent:StudyCardRelic":85,"Ginger":101,"Whetstone":137,"Old Coin":9,"Lizard Tail":119,"downfall:GremlinWheel":38,"HornCleat":66,"Shovel":110,"downfall:HeartBlessingBlue":9,"Kunai":119,"champ:Barbells":57,"downfall:HeartBlessingRed":9,"downfall:HeartsMalice":0,"Pen Nib":119,"Guardian:PocketSentry":114,"Akabeko":45,"Bag of Marbles":85,"Membership Card":91,"StrikeDummy":101,"bronze:MakeshiftBattery":27}]},"card_choices":[{"not_picked":["bronze:OilSpill","bronze:Frontload"],"picked":"bronze:Repulsor","floor":2.0},{"not_picked":[],"picked":"bronze:Spike","floor":3.0},{"not_picked":[],"picked":"bronze:DazingPulse","floor":3.0},{"not_picked":["bronze:GetLatest","bronze:Overheat"],"picked":"bronze:BronzeArmor","floor":3.0},{"not_picked":["bronze:CutThrough","bronze:NullPointer"],"picked":"bronze:BuggyMess","floor":6.0},{"not_picked":["bronze:DelayedGuard","bronze:BronzeArmor"],"picked":"bronze:WhirlingStrike","floor":8.0},{"not_picked":["bronze:Backtrace","bronze:WildBeam"],"picked":"bronze:Iterate","floor":9.0},{"not_picked":["bronze:InfiniteBeams","bronze:Constructor"],"picked":"bronze:Terminator","floor":11.0},{"not_picked":["bronze:BitShift","bronze:MaxOutput","bronze:Terminator"],"picked":"Singing Bowl","floor":14.0},{"not_picked":["bronze:CutThrough","bronze:Branch"],"picked":"bronze:HyperBeam","floor":15.0},{"not_picked":["bronze:SpaghettiCode","bronze:FindAndReplace"],"picked":"bronze:AlphaBuild","floor":16.0},{"not_picked":["bronze:Invalidate","bronze:Frontload"],"picked":"bronze:WhirlingStrike","floor":19.0},{"not_picked":["bronze:Fortify","bronze:Optimize"],"picked":"bronze:RecursiveStrike","floor":20.0},{"not_picked":["bronze:MaxOutput","bronze:Philosophize","bronze:BitShift"],"picked":"Singing Bowl","floor":22.0},{"not_picked":["bronze:Frontload","bronze:InfiniteBeams"],"picked":"bronze:Shield","floor":23.0},{"not_picked":["bronze:DarkDash","bronze:Overheat","bronze:DelayedSlice"],"picked":"Singing Bowl","floor":25.0},{"not_picked":["bronze:Constructor","bronze:Fortify"],"picked":"bronze:ClassDefault","floor":26.0},{"not_picked":["bronze:ClassDefault","bronze:Overheat"],"picked":"bronze:ItsAFeature","floor":27.0},{"not_picked":["bronze:Branch","bronze:OilSpill"],"picked":"bronze:Constructor+1","floor":28.0},{"not_picked":["bronze:InfiniteBeams","bronze:MaxOutput"],"picked":"bronze:Mutator","floor":30.0},{"not_picked":["bronze:DelayedGuard","bronze:Deprecate"],"picked":"bronze:WhirlingStrike+1","floor":31.0},{"not_picked":["bronze:Shield+1","bronze:ClassDefault","bronze:Invalidate"],"picked":"Singing Bowl","floor":32.0},{"not_picked":["bronze:Assembly","bronze:Library"],"picked":"bronze:TinkerersToolbox","floor":33.0},{"not_picked":["bronze:BitShift","bronze:Branch+1","bronze:Iterate"],"picked":"Singing Bowl","floor":36.0},{"not_picked":["bronze:Separator","bronze:Constructor+1","bronze:Deprecate"],"picked":"Singing Bowl","floor":37.0},{"not_picked":["bronze:WhirlingStrike","bronze:ClassDefault"],"picked":"bronze:GetLatest+1","floor":38.0},{"not_picked":["bronze:Branch","bronze:BuggyMess+1","bronze:Fortify+1"],"picked":"Singing Bowl","floor":39.0},{"not_picked":["bronze:Fortify+1","bronze:BuggyMess","bronze:BugBarrage"],"picked":"Singing Bowl","floor":42.0},{"not_picked":["bronze:ChosenStrike+1","bronze:BronzeOrb"],"picked":"bronze:Boost+1","floor":44.0},{"not_picked":["bronze:Iterate+1","bronze:Branch"],"picked":"bronze:FineTuning+1","floor":45.0},{"not_picked":["bronze:BugBarrage","bronze:DarkDash"],"picked":"bronze:Turbo+1","floor":47},{"not_picked":["bronze:OilSpill+1","bronze:Iterate","bronze:MaxOutput"],"picked":"Singing Bowl","floor":49},{"not_picked":["bronze:CleanCode","bronze:Mutator"],"picked":"bronze:ForceShield","floor":52}],"player_experience":1061473,"relics_obtained":[{"floor":7.0,"key":"CeramicFish"},{"floor":9.0,"key":"Old Coin"},{"floor":11.0,"key":"Singing Bowl"},{"floor":21.0,"key":"downfall:GremlinWheel"},{"floor":24.0,"key":"Akabeko"},{"floor":25.0,"key":"StoneCalendar"},{"floor":30.0,"key":"HornCleat"},{"floor":35.0,"key":"Bag of Marbles"},{"floor":39.0,"key":"Ginger"},{"floor":41.0,"key":"StrikeDummy"},{"floor":44.0,"key":"Shovel"},{"floor":47,"key":"Pen Nib"},{"floor":52,"key":"Whetstone"}],"event_choices":[{"cards_removed":["bronze:Strike"],"damage_healed":0.0,"max_hp_gain":0.0,"max_hp_loss":0.0,"gold_gain":0.0,"event_name":"The Cleric","player_choice":"Card Removal","floor":4.0,"gold_loss":0.0,"damage_taken":0.0},{"damage_healed":0.0,"max_hp_gain":0.0,"max_hp_loss":0.0,"gold_gain":0.0,"event_name":"Wheel of Change","player_choice":"Relic","floor":35.0,"gold_loss":0.0,"damage_taken":0.0}],"is_beta":false,"boss_relics":[{"not_picked":["Runic Pyramid","Astrolabe"],"picked":"bronze:MakeshiftBattery"},{"not_picked":["Empty Cage","Philosopher\u0027s Stone"],"picked":"expansioncontent:StudyCardRelic"}],"items_purged_floors":[37],"is_endless":false,"potions_floor_spawned":[9,14,15,19,23,25,28,31,33,36,38,42,52],"killed_by":"downfall:NeowBossFinal","ascension_level":0}}