{"host":"gqcohn9v5baj3dmw","time":1611340486,"event":{"mods":["BaseMod","Better Note","Better Sensory Stone","Better Skull","Colored Map","Downfall","Marked Mod","Minty Spire (QoL Compilation)","Rare Cards Sparkle","Relic Stats","StSLib"],"gold_per_floor":[99,36,56,56,66,66,66,66,94,124,21,41,41,70,83,186,186,186,1,18,30,49,62,62,62,73,73,73,85,100,120,140,243,243,243,262,278,0,20,20,96,123,141,141,141,141,158,158,171,171],"floor_reached":51,"language":"ENG","playtime":5563,"items_purged":[],"score":761,"play_id":"e8522ba4-62e6-4394-b11d-c8a39cc9b0f0","local_time":"20210122193446","is_ascension_mode":true,"campfire_choices":[{"data":"Impatience","floor":1.0,"key":"SMITH"},{"data":"Guardian:PrismaticBarrier","floor":6.0,"key":"SMITH"},{"data":"Guardian:TwinSlam","floor":8.0,"key":"SMITH"},{"data":"Guardian:PrismaticBeam","floor":18.0,"key":"SMITH"},{"floor":25.0,"key":"REST"},{"floor":28.0,"key":"REST"},{"data":"Guardian:ExploitGems","floor":35.0,"key":"SMITH"},{"data":"Guardian:CurlUp","floor":40,"key":"SMITH"},{"data":"Guardian:PolyBeam","floor":44,"key":"SMITH"},{"data":"Guardian:SentryBeam","floor":46,"key":"SMITH"}],"circlet_count":0,"master_deck":["Guardian:Strike_Guardian","Guardian:Strike_Guardian","Guardian:Strike_Guardian","Guardian:Defend_Guardian","Guardian:Defend_Guardian","Guardian:CurlUp+1","Guardian:TwinSlam+1","Impatience+1","Guardian:PrismaticBarrier+1","Guardian:PrismaticBeam+1","Guardian:ExploitGems+1","Guardian:FloatingOrbs","Guardian:Recover","Guardian:CrystalBeam+1","Guardian:BronzeOrb+1","Guardian:SentryBeam+1","Guardian:PolyBeam+1","Guardian:SentryBeam"],"relics":["Guardian:ModeShifter","Darkstone Periapt","Ice Cream","Bronze Scales","Shuriken","Empty Cage","Anchor","Philosopher\u0027s Stone","Oddly Smooth Stone","FossilizedHelix","Gremlin Horn","Toy Ornithopter"],"acts_visited":["Exordium","TheCity","TheBeyond"],"potions_floor_usage":[38,39,43],"damage_taken":[{"damage":0.0,"enemies":"downfall:FleeingMerchant","floor":2.0,"turns":4.0},{"damage":0.0,"enemies":"Cultist","floor":3.0,"turns":3.0},{"damage":3.0,"enemies":"Small Slimes","floor":5.0,"turns":4.0},{"damage":22.0,"enemies":"Gremlin Nob","floor":9.0,"turns":4.0},{"damage":0.0,"enemies":"downfall:FleeingMerchant","floor":11.0,"turns":4.0},{"damage":0.0,"enemies":"Jaw Worm","floor":12.0,"turns":2.0},{"damage":11.0,"enemies":"Lagavulin","floor":14.0,"turns":5.0},{"damage":3.0,"enemies":"Exordium Thugs","floor":15.0,"turns":4.0},{"damage":23.0,"enemies":"SI_SHIV_ARCHETYPE","floor":16.0,"turns":4.0},{"damage":2.0,"enemies":"downfall:FleeingMerchant","floor":19.0,"turns":4.0},{"damage":13.0,"enemies":"Shell Parasite","floor":20.0,"turns":6.0},{"damage":7.0,"enemies":"Chosen","floor":21.0,"turns":3.0},{"damage":19.0,"enemies":"Snake Plant","floor":22.0,"turns":5.0},{"damage":14.0,"enemies":"Centurion and Healer","floor":23.0,"turns":6.0},{"damage":0.0,"enemies":"3 Cultists","floor":26.0,"turns":4.0},{"damage":11.0,"enemies":"Shelled Parasite and Fungi","floor":29.0,"turns":3.0},{"damage":2.0,"enemies":"Snecko","floor":30.0,"turns":6.0},{"damage":5.0,"enemies":"Cultist and Chosen","floor":31.0,"turns":5.0},{"damage":0.0,"enemies":"3 Cultists","floor":32.0,"turns":4.0},{"damage":7.0,"enemies":"WA_ARCHETYPE_CALM","floor":33.0,"turns":7.0},{"damage":22.0,"enemies":"3 Darklings","floor":36.0,"turns":5.0},{"damage":0,"enemies":"3 Shapes","floor":37,"turns":4},{"damage":0,"enemies":"downfall:FleeingMerchant","floor":38,"turns":4},{"damage":6,"enemies":"Sphere and 2 Shapes","floor":39,"turns":4},{"damage":0,"enemies":"Maw","floor":43,"turns":5},{"damage":12,"enemies":"Jaw Worm Horde","floor":47,"turns":3},{"damage":0,"enemies":"4 Shapes","floor":49,"turns":3},{"damage":6,"enemies":"DF_ARCHETYPE_ORBS","floor":50,"turns":6}],"seed_played":"8191939210194353867","potions_obtained":[{"floor":5.0,"key":"Fire Potion"},{"floor":9.0,"key":"EssenceOfSteel"},{"floor":12.0,"key":"hexamod:EctoCoolerPotion"},{"floor":14.0,"key":"CultistPotion"},{"floor":15.0,"key":"hexamod:SoulburnPotion"},{"floor":20.0,"key":"Guardian:AcceleratePotion"},{"floor":21.0,"key":"LiquidBronze"},{"floor":22.0,"key":"PowerPotion"},{"floor":30.0,"key":"Swift Potion"},{"floor":32.0,"key":"SpeedPotion"},{"floor":37,"key":"Strength Potion"},{"floor":47,"key":"hexamod:SoulburnPotion"}],"is_trial":false,"path_per_floor":["R","$","M","?","M","R","T","R","E","?","$","M","?","E","M","B",null,"R","$","M","M","M","M","T","R","M","?","R","M","M","M","M","B",null,"R","M","M","$","M","R","T","T","M","R","?","R","M","?","M","B",null],"character_chosen":"GUARDIAN","items_purchased":["Guardian:Gem_Cyan","Guardian:PrismaticBeam","champ:CounterPotion","Guardian:FloatingOrbs","Guardian:Gem_Lightblue","Swift Potion","Guardian:SentryBeam","Oddly Smooth Stone","FossilizedHelix","DistilledChaos"],"campfire_rested":2,"item_purchase_floors":[2,11,11,19,19,19,38,38,38,38],"current_hp_per_floor":[80,80,80,80,77,77,77,77,55,55,55,55,55,44,41,18,80,80,78,65,58,39,25,25,49,49,49,73,62,60,55,55,48,80,80,58,58,58,52,52,52,52,57,57,57,57,45,45,45,39],"gold":171,"neow_bonus":"RANDOM_COLORLESS","is_daily":false,"chose_seed":false,"campfire_upgraded":8,"win_rate":0.0,"timestamp":1611340486,"path_taken":["R","?","M","?","?","R","T","R","E","?","?","M","?","E","M","BOSS","R","$","M","M","M","M","T","R","M","?","R","M","M","M","M","BOSS","R","M","M","$","M","R","T","?","?","R","?","R","M","?","M","BOSS"],"items_purchased_type":["Card","Card","Potion","Card","Card","Potion","Card","Relic","Relic","Potion"],"build_version":"2020-12-22","purchased_purges":0,"victory":true,"max_hp_per_floor":[80,80,80,80,80,80,80,80,80,80,80,80,80,80,80,80,80,80,80,80,80,80,80,80,80,80,80,80,80,80,80,80,80,80,80,80,80,80,80,80,80,80,80,80,80,80,80,80,80,80],"relic_stats":{"Darkstone Periapt":0,"Gremlin Horn":[5,5],"counters":[28,121],"Shuriken":[82],"Bronze Scales":[289],"obtain_stats":[{"Darkstone Periapt":7,"Ice Cream":9,"Anchor":24,"Gremlin Horn":41,"Shuriken":14,"Bronze Scales":10,"Guardian:ModeShifter":0,"Oddly Smooth Stone":38,"Philosopher\u0027s Stone":34,"Empty Cage":17,"FossilizedHelix":38,"Toy Ornithopter":42},{"Darkstone Periapt":3,"Ice Cream":4,"Anchor":14,"Gremlin Horn":24,"Shuriken":7,"Bronze Scales":4,"Guardian:ModeShifter":0,"Oddly Smooth Stone":23,"Philosopher\u0027s Stone":20,"Empty Cage":9,"FossilizedHelix":23,"Toy Ornithopter":24},{"Darkstone Periapt":11,"Ice Cream":15,"Anchor":58,"Gremlin Horn":104,"Shuriken":26,"Bronze Scales":15,"Guardian:ModeShifter":0,"Oddly Smooth Stone":100,"Philosopher\u0027s Stone":87,"Empty Cage":34,"FossilizedHelix":100,"Toy Ornithopter":104}],"Toy Ornithopter":5},"card_choices":[{"not_picked":["expansioncontent:BronzeBeam","expansioncontent:DefensiveStance"],"picked":"Impatience","floor":0.0},{"not_picked":["Guardian:ChargeCore","Guardian:TemporalShield"],"picked":"Guardian:Gem_Fragmented","floor":2.0},{"not_picked":["Guardian:PiercingHide","Guardian:ChargeCore"],"picked":"Guardian:Gem_Purple","floor":3.0},{"not_picked":["Guardian:Gem_Green","Guardian:FuturePlans"],"picked":"Guardian:PrismaticBarrier","floor":5.0},{"not_picked":["Guardian:DecasProtection","Guardian:Suspension","Guardian:ShieldCharger"],"picked":"SKIP","floor":9.0},{"not_picked":["Guardian:TemporalShield","Guardian:WalkerClaw"],"picked":"Guardian:Gem_Lightblue","floor":11.0},{"not_picked":["Guardian:Clone","Guardian:Repulse","Guardian:Orbwalk"],"picked":"SKIP","floor":12.0},{"not_picked":["Guardian:Reroute","Guardian:TimeBomb"],"picked":"Guardian:ExploitGems","floor":14.0},{"not_picked":["Guardian:Gem_Green","Guardian:TemporalStrike"],"picked":"Guardian:Gem_Fragmented","floor":15.0},{"not_picked":["Guardian:GemFinder","Guardian:AncientConstruct"],"picked":"Guardian:Gem_Orange","floor":16.0},{"not_picked":["Guardian:PrismaticBeam","Guardian:Emergency","Guardian:ChargeCore"],"picked":"SKIP","floor":19.0},{"not_picked":["Guardian:BronzeOrb+1","Guardian:ChargeCore"],"picked":"Guardian:Recover","floor":20.0},{"not_picked":["Guardian:BronzeOrb","Guardian:Recover"],"picked":"Guardian:Gem_White","floor":21.0},{"not_picked":["Guardian:MultiBeam","Guardian:TemporalStrike","Guardian:Reroute"],"picked":"SKIP","floor":22.0},{"not_picked":["Guardian:WalkerClaw","Guardian:GatlingBeam","Guardian:ShieldCharger"],"picked":"SKIP","floor":23.0},{"not_picked":["Guardian:Repulse","Guardian:Orbwalk"],"picked":"Guardian:Gem_Cyan","floor":26.0},{"not_picked":["Guardian:Planning","Guardian:RollAttack"],"picked":"Guardian:Gem_Green","floor":29.0},{"not_picked":["Guardian:Gem_Fragmented","Guardian:Incinerate","Guardian:Gem_Lightblue"],"picked":"SKIP","floor":30.0},{"not_picked":["Guardian:Gem_Fragmented","Guardian:Incinerate","Guardian:Gem_Lightblue"],"picked":"SKIP","floor":30.0},{"not_picked":["Guardian:Gem_Red","Guardian:Gem_Blue"],"picked":"Guardian:CrystalBeam+1","floor":31.0},{"not_picked":["Guardian:BronzeArmor","Guardian:ArmoredProtocol","Guardian:CrystalBeam"],"picked":"SKIP","floor":32.0},{"not_picked":["Guardian:ChargeUp","Guardian:PrimingBeam","Guardian:ArmoredProtocol+1"],"picked":"SKIP","floor":36},{"not_picked":["Guardian:PrimingBeam","Guardian:ShieldCharger","Guardian:PiercingHide"],"picked":"SKIP","floor":37},{"not_picked":["Guardian:BodySlam","Guardian:HyperBeam_Guardian"],"picked":"Guardian:BronzeOrb+1","floor":38},{"not_picked":["Guardian:VentSteam","Guardian:Recover+1","Guardian:Gem_Lightblue"],"picked":"SKIP","floor":39},{"not_picked":["Guardian:Gem_Green","Guardian:FierceBash","Guardian:PolyBeam"],"picked":"SKIP","floor":43},{"not_picked":["Guardian:Gem_Green","Guardian:FierceBash"],"picked":"Guardian:PolyBeam","floor":43},{"not_picked":["Guardian:DecasProtection","Guardian:Gem_Green","Guardian:Harden+1"],"picked":"SKIP","floor":47},{"not_picked":["Guardian:Gem_Green","Guardian:Gem_Fragmented"],"picked":"Guardian:SentryBeam","floor":49}],"player_experience":502114,"relics_obtained":[{"floor":7.0,"key":"Darkstone Periapt"},{"floor":9.0,"key":"Ice Cream"},{"floor":14.0,"key":"Shuriken"},{"floor":24.0,"key":"Anchor"},{"floor":41,"key":"Gremlin Horn"},{"floor":42,"key":"Toy Ornithopter"}],"event_choices":[{"cards_removed":["Guardian:Defend_Guardian"],"damage_healed":0.0,"max_hp_gain":0.0,"max_hp_loss":0.0,"gold_gain":0.0,"event_name":"The Cleric","player_choice":"Card Removal","floor":13.0,"gold_loss":0.0,"damage_taken":0.0}],"is_beta":false,"boss_relics":[{"not_picked":["Astrolabe","SacredBark"],"picked":"Empty Cage"},{"not_picked":["Velvet Choker","Coffee Dripper"],"picked":"Philosopher\u0027s Stone"}],"items_purged_floors":[],"is_endless":false,"potions_floor_spawned":[5,9,12,14,15,20,21,22,30,32,36,37,47],"ascension_level":4}}