{"host":"omsykib0woddca32","time":1611274377,"event":{"mods":["BaseMod","Colored Powertips","Lobotomy","Minty Spire (QoL Compilation)","Random Character Button","Shop Mod","StSLib"],"gold_per_floor":[116,136,146,161,179,179,199,210,210,242,255,255,274,59,59,155,155,170,85,10,10,10,38,38,56,81,81,94,108,127,127,127,127,127],"floor_reached":33,"language":"ZHS","playtime":1919,"items_purged":[],"score":273,"play_id":"f5c4c393-784a-4dce-b899-15776d1322fe","local_time":"20210122081257","is_ascension_mode":false,"campfire_choices":[{"data":"Regret_ego","floor":12.0,"key":"SMITH"},{"data":"LifeForTheDareDevil","floor":15.0,"key":"SMITH"},{"data":"Harmony","floor":24.0,"key":"SMITH"},{"data":"SoundOfStar","floor":32,"key":"SMITH"}],"circlet_count":0,"master_deck":["SpecialBullet","SpecialBullet","SpecialBullet","SpecialBullet","SpecialBullet","SpecialBullet","SpecialBullet","InformationCode","WelfareCode","CentralCode","SoundOfStar+1","MHz","FourthMatchFlame","LifeForTheDareDevil+1","Harmony+1","SpiderBud","HappyTeddy","CherryBlossom","Regret_ego+1","DisciplinaryCode","BodiesMountain","Diffraction","CENSORED","TheSmile"],"relics":["CogitoBucket","Theresia","Tiny Chest","Bag of Marbles","Centennial Puzzle","Busted Crown","AdjustmentMirror","Letter Opener","Regal Pillow","Happy Flower","AtMidnight","BackwardClock"],"acts_visited":["Exordium","TheCity"],"potions_floor_usage":[],"damage_taken":[{"damage":11.0,"enemies":"Jaw Worm","floor":1.0,"turns":2.0},{"damage":0.0,"enemies":"Cultist","floor":2.0,"turns":3.0},{"damage":0.0,"enemies":"2 Louse","floor":3.0,"turns":1.0},{"damage":1.0,"enemies":"Blue Slaver","floor":4.0,"turns":2.0},{"damage":0.0,"enemies":"Large Slime","floor":5.0,"turns":3.0},{"damage":18.0,"enemies":"3 Louse","floor":7.0,"turns":3.0},{"damage":0.0,"enemies":"Blue Slaver","floor":8.0,"turns":1.0},{"damage":5.0,"enemies":"Lagavulin","floor":10.0,"turns":5.0},{"damage":2.0,"enemies":"Exordium Thugs","floor":11.0,"turns":2.0},{"damage":0.0,"enemies":"2 Fungi Beasts","floor":13.0,"turns":1.0},{"damage":9.0,"enemies":"Hexaghost","floor":16.0,"turns":3.0},{"damage":15.0,"enemies":"3 Byrds","floor":18.0,"turns":2.0},{"damage":13.0,"enemies":"Book of Stabbing","floor":23.0,"turns":3.0},{"damage":4.0,"enemies":"2 Thieves","floor":25.0,"turns":3.0},{"damage":0.0,"enemies":"Snake Plant","floor":28.0,"turns":1.0},{"damage":12.0,"enemies":"Chosen and Byrds","floor":29.0,"turns":2.0},{"damage":26.0,"enemies":"Snecko","floor":30.0,"turns":20.0},{"damage":66,"enemies":"Collector","floor":33,"turns":2}],"seed_played":"-4109490900141907736","potions_obtained":[{"floor":3.0,"key":"Swift Potion"},{"floor":5.0,"key":"Strength Potion"},{"floor":8.0,"key":"SpeedPotion"},{"floor":29.0,"key":"SmokeBomb"}],"is_trial":false,"path_per_floor":["M","M","M","M","M","R","M","M","T","E","M","R","M","$","R","B",null,"M","?","?","?","T","E","R","M","T","?","M","M","M","?","R","B"],"character_chosen":"Angela","items_purchased":["Diffraction","Centennial Puzzle"],"campfire_rested":0,"item_purchase_floors":[14,14],"current_hp_per_floor":[59,59,59,58,58,58,40,40,40,35,33,33,40,40,40,39,70,64,64,64,64,64,70,70,70,70,70,70,70,50,50,50,0,0],"gold":127,"neow_bonus":"ONE_RANDOM_RARE_CARD","is_daily":false,"chose_seed":false,"campfire_upgraded":4,"win_rate":0.0,"timestamp":1611274377,"path_taken":["M","M","M","M","M","R","M","?","T","E","M","R","M","$","R","BOSS","M","?","?","?","?","E","R","M","T","?","M","?","M","?","R","BOSS"],"items_purchased_type":["Card","Relic"],"build_version":"2020-12-22","purchased_purges":0,"victory":false,"max_hp_per_floor":[70,70,70,70,70,70,70,70,70,70,70,70,70,70,70,70,70,70,70,70,70,70,70,70,70,70,70,70,70,70,70,70,70,70],"card_choices":[{"not_picked":["OldLady","BeautyBeast"],"picked":"MHz","floor":1.0},{"not_picked":["CUTE"],"picked":"FourthMatchFlame","floor":1.0},{"not_picked":["Horn"],"picked":"LifeForTheDareDevil","floor":2.0},{"not_picked":["Lantern","BearPaw"],"picked":"SKIP","floor":3.0},{"not_picked":["TodaysExpression"],"picked":"Harmony","floor":4.0},{"not_picked":["ShyLook","BigBadWolf"],"picked":"SpiderBud","floor":5.0},{"not_picked":["Penitence","Lantern"],"picked":"SKIP","floor":5.0},{"not_picked":["OSAHOGD","ShyLook"],"picked":"HappyTeddy","floor":7.0},{"not_picked":["SomewhereSpear"],"picked":"CherryBlossom","floor":7.0},{"not_picked":["Penitence"],"picked":"Regret_ego","floor":8.0},{"not_picked":["Horn","LifeForTheDareDevil"],"picked":"SKIP","floor":10.0},{"not_picked":["BigBadWolf","CherryBlossoms"],"picked":"BodiesMountain","floor":11.0},{"not_picked":["Penitence","Beak"],"picked":"SKIP","floor":11.0},{"not_picked":["CherryBlossom","Galaxy"],"picked":"SKIP","floor":13.0},{"not_picked":["WallGazer","BlackSwan"],"picked":"CENSORED","floor":16.0},{"not_picked":["Justitia"],"picked":"TheSmile","floor":16.0}],"player_experience":101257,"relics_obtained":[{"floor":9.0,"key":"Tiny Chest"},{"floor":10.0,"key":"Bag of Marbles"},{"floor":23.0,"key":"Regal Pillow"},{"floor":26.0,"key":"Happy Flower"},{"floor":30.0,"key":"AtMidnight"}],"event_choices":[{"damage_healed":0.0,"max_hp_gain":0.0,"max_hp_loss":0.0,"gold_gain":0.0,"event_name":"Addict","player_choice":"Obtained Relic","floor":19.0,"gold_loss":85.0,"damage_taken":0.0,"relics_obtained":["Letter Opener"]},{"cards_removed":["SpecialBullet"],"damage_healed":0.0,"max_hp_gain":0.0,"max_hp_loss":0.0,"gold_gain":0.0,"event_name":"Beggar","player_choice":"Gave Gold","floor":20.0,"gold_loss":75.0,"damage_taken":0.0},{"damage_healed":0.0,"max_hp_gain":0.0,"max_hp_loss":0.0,"gold_gain":0.0,"event_name":"Cursed Tome","player_choice":"Ignored","floor":21.0,"gold_loss":0.0,"damage_taken":0.0},{"damage_healed":0.0,"max_hp_gain":0.0,"max_hp_loss":0.0,"gold_gain":0.0,"event_name":"Ghosts","player_choice":"Ignored","floor":27.0,"gold_loss":0.0,"damage_taken":0.0},{"damage_healed":0,"gold_gain":0,"player_choice":"Ignored","damage_taken":0,"max_hp_gain":0,"max_hp_loss":0,"event_name":"The Mausoleum","floor":31,"gold_loss":0}],"is_beta":false,"boss_relics":[{"not_picked":["Fusion Hammer","Snecko Eye"],"picked":"Busted Crown"}],"items_purged_floors":[],"is_endless":false,"potions_floor_spawned":[3,5,8,10,13,16,23,28,29],"killed_by":"Collector","ascension_level":0}}