{"host":"5m2js577gj4e7pak","time":1611280670,"event":{"mods":["AchievementEnabler","BaseMod","Better Match","BetterRewards","Colored Map","Colored Powertips","Googly Eyes","Highlight Path","Lobotomy","LobotomyExtend","Minty Spire (QoL Compilation)","Quick Restart","Relic Filter","StSLib"],"gold_per_floor":[119,119,72,86,86,86,117,117,140,151,165,182,457,474,474,579,579,598,598,611,630,630,658,658,658,658,129,140,11,40,56,56,151,151,161,161,176,176,196,196,196,196,196,1,20,51,62,76,76,76],"floor_reached":51,"language":"ENG","playtime":2049,"items_purged":[],"score":893,"play_id":"7468007e-9abd-4901-afc6-1b7da0110123","local_time":"20210122025750","is_ascension_mode":true,"campfire_choices":[],"circlet_count":0,"master_deck":["SpecialBullet","SpecialBullet","SpecialBullet","SpecialBullet","SpecialBullet","SpecialBullet","SpecialBullet","TrainingCode","SecurityCode","InformationCode","CENSORED_ego+1","OSAHOGD","Moonlight+1","Horn","BeautyBeast","RapturousDream+1","Harvest+1","LaLuna","Penitence","GreenStem","Wingbeat","Regret_ego","CENSORED_ego","Beak","FrostShard","ShyLook","Twilight","QueenOfHatred","Horn","SecurityCode","Soda","Panacea","Lamp+3","Beak","Noise+1","RecordCode","TheSmile","FourthMatchFlame","WristCuter+1","BlueStar","Gaze","Penitence","ControlCode","Hypocrisy+1","TT2Protocol"],"relics":["CogitoBucket","LetterFromLob","Gremlin Horn","Toy Ornithopter","AspirationHeart","Philosopher\u0027s Stone","HellTrain","WarpedTongs","Sundial","InkBottle","DollysMirror","Bottled Lightning","Whetstone","Cursed Key","LuminousBracelet","AtMidnight","Boot","ClockworkSouvenir","Bottled Flame"],"acts_visited":["Exordium","TheCity","TheBeyond"],"potions_floor_usage":[12,16,16,23,23,30,30,33,39,50,50,50],"damage_taken":[{"damage":10,"enemies":"Small Slimes","floor":1,"turns":2},{"damage":9,"enemies":"Jaw Worm","floor":4,"turns":3},{"damage":20,"enemies":"3 Sentries","floor":7,"turns":8},{"damage":5,"enemies":"2 Louse","floor":10,"turns":2},{"damage":5,"enemies":"Looter","floor":11,"turns":3},{"damage":12,"enemies":"Red Slaver","floor":12,"turns":3},{"damage":7,"enemies":"Lots of Slimes","floor":14,"turns":2},{"damage":57,"enemies":"Hexaghost","floor":16,"turns":15},{"damage":17,"enemies":"Chosen","floor":18,"turns":6},{"damage":34,"enemies":"Spheric Guardian","floor":20,"turns":6},{"damage":44,"enemies":"Centurion and Healer","floor":21,"turns":6},{"damage":18,"enemies":"Book of Stabbing","floor":23,"turns":7},{"damage":4,"enemies":"Shelled Parasite and Fungi","floor":28,"turns":2},{"damage":41,"enemies":"Slavers","floor":30,"turns":4},{"damage":18,"enemies":"Snecko","floor":31,"turns":4},{"damage":79,"enemies":"Champ","floor":33,"turns":9},{"damage":66,"enemies":"3 Darklings","floor":35,"turns":7},{"damage":20,"enemies":"Orb Walker","floor":37,"turns":3},{"damage":14,"enemies":"4 Shapes","floor":39,"turns":3},{"damage":97,"enemies":"Spire Growth","floor":45,"turns":5},{"damage":0,"enemies":"Nemesis","floor":46,"turns":5},{"damage":23,"enemies":"Writhing Mass","floor":47,"turns":7},{"damage":12,"enemies":"Sphere and 2 Shapes","floor":48,"turns":3},{"damage":65,"enemies":"Time Eater","floor":50,"turns":10},{"damage":5,"enemies":"Malkuth","floor":51,"turns":12},{"damage":149,"enemies":"Yesod","floor":51,"turns":11}],"seed_played":"-7668898068204509963","potions_obtained":[{"floor":7,"key":"EssenceOfSteel"},{"floor":10,"key":"Fire Potion"},{"floor":11,"key":"Block Potion"},{"floor":20,"key":"Ancient Potion"},{"floor":21,"key":"AttackPotion"},{"floor":23,"key":"DuplicationPotion"},{"floor":30,"key":"DistilledChaos"},{"floor":35,"key":"DuplicationPotion"},{"floor":37,"key":"Fire Potion"},{"floor":47,"key":"SpeedPotion"}],"is_trial":false,"path_per_floor":["M","?","$","M","?","R","E","R","T","M","M","M","?","M","R","B",null,"M","?","M","M","?","E","R","M","T","$","M","$","E","M","R","B",null,"M","?","M","$","M","R","?","R","T","$","M","E","M","M","R","B",null],"character_chosen":"Angela","items_purchased":["Horn","DollysMirror","Bottled Lightning","Soda","Panacea","Fruit Juice","Beak","ClockworkSouvenir","ColorlessPotion"],"campfire_rested":0,"item_purchase_floors":[3,27,27,27,27,29,29,44,44],"current_hp_per_floor":[61,61,61,60,47,47,38,38,38,47,56,73,73,73,73,44,73,73,66,50,24,24,34,34,34,34,34,68,68,78,78,78,78,78,93,93,93,93,93,93,93,93,93,93,74,93,90,90,90,90],"gold":76,"neow_bonus":"THREE_RARE_CARDS","is_daily":false,"chose_seed":false,"campfire_upgraded":0,"win_rate":0.0,"timestamp":1611280670,"path_taken":["M","?","?","M","?","R","E","R","T","M","M","M","?","M","R","BOSS","M","?","M","M","?","E","R","?","T","$","M","?","E","M","R","BOSS","M","?","?","?","M","R","?","R","T","$","M","E","?","M","R","BOSS"],"items_purchased_type":["Card","Relic","Relic","Card","Card","Potion","Card","Relic","Potion"],"build_version":"2020-12-22","purchased_purges":0,"victory":true,"max_hp_per_floor":[63,63,63,63,63,63,63,63,63,63,63,73,73,73,73,73,73,73,73,73,73,73,73,73,73,73,73,73,73,78,78,78,78,78,93,93,93,93,93,93,93,93,93,93,93,93,90,90,90,90],"card_choices":[{"not_picked":["Twilight","ParadiseLost"],"picked":"CENSORED_ego","floor":0},{"not_picked":["CrumblingArmor","LaLuna"],"picked":"OSAHOGD","floor":1},{"not_picked":["CUTE"],"picked":"FourthMatchFlame","floor":1},{"not_picked":["Bloodbath","WallGazer"],"picked":"BeautyBeast","floor":4},{"not_picked":["BearPaw"],"picked":"RapturousDream","floor":4},{"not_picked":["Pinks"],"picked":"Harvest","floor":7},{"not_picked":["PunishingBird","CrumblingArmor"],"picked":"LaLuna","floor":10},{"not_picked":["Noise"],"picked":"Penitence","floor":10},{"not_picked":["CUTE"],"picked":"GreenStem","floor":11},{"not_picked":["CherryBlossom"],"picked":"Wingbeat","floor":12},{"not_picked":["Penitence"],"picked":"Regret_ego","floor":14},{"not_picked":["DaCapo"],"picked":"CENSORED_ego","floor":16},{"not_picked":["MagicBullet"],"picked":"Beak","floor":18},{"not_picked":["SwordSharpenedByTears"],"picked":"FrostShard","floor":20},{"not_picked":["BigBird","RedShoes"],"picked":"ShyLook","floor":21},{"not_picked":["Lantern+1"],"picked":"Twilight","floor":21},{"not_picked":["SnowQueen","WallGazer"],"picked":"QueenOfHatred","floor":23},{"not_picked":["Logging"],"picked":"Horn","floor":23},{"not_picked":["CUTE"],"picked":"Lamp","floor":28},{"not_picked":["RapturousDream+1"],"picked":"Noise+1","floor":30},{"not_picked":["Discord+1","ScreamingWedge"],"picked":"SKIP","floor":31},{"not_picked":["DaCapo"],"picked":"TheSmile","floor":33},{"not_picked":["Murderer","LittleHelper"],"picked":"GreedKing","floor":35},{"not_picked":["Regret_ego+1"],"picked":"FourthMatchFlame","floor":35},{"not_picked":["Soda"],"picked":"WristCuter+1","floor":37},{"not_picked":["GrinderMk4","MagicBullet+1"],"picked":"SKIP","floor":39},{"not_picked":["GreedKing","Wellcheers"],"picked":"BlueStar","floor":45},{"not_picked":["Wingbeat+1"],"picked":"Gaze","floor":45},{"not_picked":["Soda"],"picked":"Penitence","floor":46},{"not_picked":["CUTE+1","LifeForTheDareDevil+1"],"picked":"SKIP","floor":46},{"not_picked":["Diffraction","Logging+1"],"picked":"SKIP","floor":47},{"not_picked":["WristCuter+1","Regret_ego+1"],"picked":"SKIP","floor":47},{"not_picked":["Tough"],"picked":"Hypocrisy+1","floor":48},{"not_picked":["Ecstasy","Regret_ego+1"],"picked":"SKIP","floor":48}],"player_experience":45596,"relics_obtained":[{"floor":1,"key":"LetterFromLob"},{"floor":7,"key":"Gremlin Horn"},{"floor":9,"key":"Toy Ornithopter"},{"floor":23,"key":"Sundial"},{"floor":26,"key":"InkBottle"},{"floor":30,"key":"Whetstone"},{"floor":35,"key":"AtMidnight"},{"floor":43,"key":"Boot"},{"floor":46,"key":"Bottled Flame"}],"event_choices":[{"damage_healed":0,"gold_gain":0,"cards_transformed":["FourthMatchFlame"],"player_choice":"Change","damage_taken":0,"max_hp_gain":0,"max_hp_loss":0,"event_name":"Living Wall","floor":2,"gold_loss":0,"cards_obtained":["Moonlight"]},{"damage_healed":0,"gold_gain":0,"player_choice":"Entered Light","damage_taken":13,"max_hp_gain":0,"max_hp_loss":0,"event_name":"Shining Light","floor":5,"gold_loss":0,"cards_upgraded":["CENSORED_ego","RapturousDream"]},{"damage_healed":0,"gold_gain":275,"player_choice":"Desecrate","damage_taken":0,"max_hp_gain":0,"max_hp_loss":0,"event_name":"Golden Shrine","floor":13,"gold_loss":0,"cards_obtained":["Regret"]},{"damage_healed":0,"gold_gain":0,"player_choice":"Damaged","damage_taken":7,"max_hp_gain":0,"max_hp_loss":0,"event_name":"Wheel of Change","floor":19,"gold_loss":0},{"damage_healed":0,"gold_gain":0,"player_choice":"Rummage","damage_taken":0,"relics_obtained":["WarpedTongs"],"max_hp_gain":0,"max_hp_loss":0,"event_name":"Accursed Blacksmith","floor":22,"gold_loss":0,"cards_obtained":["Pain"]},{"cards_removed":["GreedKing"],"damage_healed":0,"gold_gain":0,"player_choice":"Offered Uncommon","damage_taken":0,"max_hp_gain":0,"max_hp_loss":0,"event_name":"Bonfire Elementals","floor":36,"gold_loss":0},{"cards_removed":["SpecialBullet"],"damage_healed":0,"gold_gain":0,"player_choice":"Removed Attack","damage_taken":0,"max_hp_gain":0,"max_hp_loss":0,"event_name":"Falling","floor":41,"gold_loss":0}],"is_beta":false,"boss_relics":[{"not_picked":["Runic Dome","Astrolabe"],"picked":"Philosopher\u0027s Stone"},{"not_picked":["SacredBark","Runic Pyramid"],"picked":"Cursed Key"}],"items_purged_floors":[],"is_endless":false,"potions_floor_spawned":[7,10,11,20,21,23,30,35,37,47],"ascension_level":2}}