{"host":"88eug9pqmt5m979n","time":1611337691,"event":{"mods":["Arknights The Spire","BaseMod","Downfall","Minty Spire (QoL Compilation)","MostiFishMod","Remilia（蕾米莉亚）","StSLib","WarShipGirlsR/战舰少女R mod"],"gold_per_floor":[112,112,112,128,146,178,190,202,241,263,275,299,311,340,352,460,472,502,514,538,550,550],"floor_reached":21,"language":"ZHS","playtime":1826,"items_purged":[],"score":281,"play_id":"17285651-e29d-45cc-896e-79fa1226f891","local_time":"20210123014811","is_ascension_mode":false,"campfire_choices":[{"data":"rmod:maintain","floor":8,"key":"SMITH"},{"data":"rmod:goodfighter","floor":13,"key":"SMITH"},{"data":"rmod:abidefaith","floor":15,"key":"SMITH"}],"circlet_count":0,"master_deck":["rmod:strick","rmod:strick+1","rmod:strick","rmod:defend","rmod:defend","rmod:defend","rmod:basicallowance+1","rmod:maingunfire","rmod:maintain+1","rmod:abidefaith+1","rmod:stealaluminum","rmod:goodfighter+1","rmod:acesubmarine","rmod:supportaircraftcarrier","rmod:victimresponsibility"],"relics":["rmod:firstchargereward","DaveBox","NeowsBlessing","Civilization","SynthV:TestCard","MawBank","PreservedInsect","Empty Cage"],"acts_visited":["Exordium","TheCity"],"potions_floor_usage":[],"damage_taken":[{"damage":0,"enemies":"2 Louse","floor":1,"turns":1},{"damage":0,"enemies":"Jaw Worm","floor":4,"turns":1},{"damage":0,"enemies":"Cultist","floor":5,"turns":1},{"damage":5,"enemies":"Gremlin Nob","floor":6,"turns":3},{"damage":0,"enemies":"3 Louse","floor":10,"turns":3},{"damage":0,"enemies":"Gremlin Gang","floor":12,"turns":4},{"damage":1,"enemies":"2 Fungi Beasts","floor":14,"turns":2},{"damage":0,"enemies":"Slime Boss","floor":16,"turns":6},{"damage":0,"enemies":"Chosen","floor":18,"turns":3},{"damage":2,"enemies":"2 Thieves","floor":20,"turns":3},{"damage":9,"enemies":"Snake Plant","floor":21,"turns":2}],"seed_played":"4565230479094633563","potions_obtained":[{"floor":1,"key":"DuplicationPotion"},{"floor":5,"key":"PowerPotion"},{"floor":16,"key":"champ:CounterPotion"}],"is_trial":false,"path_per_floor":["M","?","?","M","M","E","?","R","T","M","$","M","R","M","R","B",null,"M","?","M","M"],"character_chosen":"PRAEFECT","items_purchased":[],"campfire_rested":0,"item_purchase_floors":[],"current_hp_per_floor":[77,62,62,65,69,69,69,69,69,74,74,79,79,83,83,88,109,114,114,117,108,108],"gold":550,"neow_bonus":"THREE_ENEMY_KILL","is_daily":false,"chose_seed":false,"campfire_upgraded":3,"win_rate":0.0,"timestamp":1611337691,"path_taken":["M","?","?","M","M","E","?","R","T","M","?","?","R","M","R","BOSS","M","?","M","?"],"items_purchased_type":[],"build_version":"2020-12-22","purchased_purges":0,"victory":false,"max_hp_per_floor":[77,77,77,80,84,89,89,89,89,94,94,99,99,104,104,109,109,114,114,119,119,119],"card_choices":[{"not_picked":["rmod:sl","rmod:garrisonisland"],"picked":"rmod:maintain","floor":1},{"not_picked":["rmod:selfconfidence","rmod:unsinkable","rmod:ammunitionsupply","rmod:fletcherpendant","rmod:circuitoustactics"],"picked":"SKIP","floor":4},{"not_picked":["rmod:unsinkable","rmod:bulid","rmod:lonelyqueen","rmod:supportescort"],"picked":"rmod:abidefaith","floor":5},{"not_picked":["rmod:expedition","rmod:victimresponsibility","rmod:steelsupply","rmod:fletcherpendant"],"picked":"rmod:stealaluminum","floor":6},{"not_picked":["rmod:ring","rmod:circuitoustactics","rmod:ammunitionsupply","rmod:supportescort","rmod:unsinkable"],"picked":"SKIP","floor":10},{"not_picked":["rmod:intelligenceanalysis","rmod:smokecover","rmod:tearstotiara","rmod:mineteam"],"picked":"rmod:goodfighter","floor":12},{"not_picked":["rmod:fletcherpendant","rmod:unsinkable","rmod:supportescort","rmod:intelligenceanalysis","rmod:bulid"],"picked":"SKIP","floor":14},{"not_picked":["rmod:ridicule","rmod:desperatesituation","rmod:saltedfish","rmod:seals"],"picked":"rmod:acesubmarine","floor":16},{"not_picked":["rmod:steelsupply","rmod:unsinkable","rmod:ammunitionsupply","rmod:wife"],"picked":"rmod:supportaircraftcarrier","floor":18},{"not_picked":["rmod:aviationdawn+1","rmod:tearstotiara","rmod:diamondstrike","rmod:rockthrower","rmod:capitalist"],"picked":"SKIP","floor":20}],"player_experience":325768,"relics_obtained":[{"floor":1,"key":"SynthV:TestCard"},{"floor":6,"key":"MawBank"},{"floor":9,"key":"PreservedInsect"}],"event_choices":[{"damage_healed":0,"gold_gain":0,"player_choice":"Entered Light","damage_taken":15,"max_hp_gain":0,"max_hp_loss":0,"event_name":"Shining Light","floor":2,"gold_loss":0,"cards_upgraded":["rmod:basicallowance","rmod:strick"]},{"damage_healed":0,"gold_gain":0,"player_choice":"Ignored","damage_taken":0,"max_hp_gain":0,"max_hp_loss":0,"event_name":"Liars Game","floor":3,"gold_loss":0},{"damage_healed":0,"gold_gain":0,"player_choice":"1 cards matched","damage_taken":0,"max_hp_gain":0,"max_hp_loss":0,"event_name":"Match and Keep!","floor":19,"gold_loss":0,"cards_obtained":["rmod:victimresponsibility"]}],"is_beta":false,"boss_relics":[{"not_picked":["Cursed Key","HaiYi:Twilight"],"picked":"Empty Cage"}],"items_purged_floors":[],"is_endless":false,"potions_floor_spawned":[1,5,16,18],"killed_by":"Snake Plant","ascension_level":0}}