{"host":"n6qxj7a4gnapjcui","time":1611355429,"event":{"mods":["2.2 Compatiblity","AchievementEnabler","BaseMod","Colored Map","Minty Spire (QoL Compilation)","Random Character Button","Rare Cards Sparkle"],"gold_per_floor":[109,124,141,157,69,97,97,97,120,120,146,157,172,52,52,151,151,163,262,41,58,238,273,290,315,365,365,381,381,203,222,222,318,318,329,341,341,352,363,398,427,440,440,440,53,80,90,118,118,118],"floor_reached":51,"language":"POL","playtime":3775,"items_purged":["Strike_R","Strike_R","Rupture"],"score":1049,"play_id":"f999fdfc-174d-4499-88f8-37cae7d39c75","local_time":"20210122234349","is_ascension_mode":true,"campfire_choices":[{"data":"Armaments","floor":7.0,"key":"SMITH"},{"data":"Feel No Pain","floor":15.0,"key":"SMITH"},{"floor":27.0,"key":"REST"},{"floor":29.0,"key":"REST"},{"floor":32.0,"key":"REST"},{"floor":44.0,"key":"REST"},{"floor":49.0,"key":"REST"}],"circlet_count":0,"master_deck":["Defend_R","Defend_R+1","Defend_R","Defend_R+1","Bash","Reaper","Anger","Metallicize","Cleave","Armaments+1","Reckless Charge","Shockwave","Dark Embrace+1","Evolve","Headbutt+1","Feel No Pain+1","Immolate","Flame Barrier","Iron Wave+1","Disarm","Dropkick","Spot Weakness","True Grit","Infernal Blade","Offering","Body Slam+1","Berserk","Ghostly Armor","Exhume","Body Slam+1","Thunderclap+1","Armaments+1","Fiend Fire+1"],"relics":["Burning Blood","Anchor","War Paint","Vajra","Fusion Hammer","Bag of Preparation","Whetstone","WingedGreaves","PreservedInsect","Runic Pyramid","Red Skull","Omamori","Molten Egg 2","Bottled Lightning","Centennial Puzzle","Ancient Tea Set"],"acts_visited":["Exordium","TheCity","TheBeyond"],"potions_floor_usage":[50],"damage_taken":[{"damage":8.0,"enemies":"Jaw Worm","floor":1.0,"turns":7.0},{"damage":6.0,"enemies":"Cultist","floor":2.0,"turns":3.0},{"damage":2.0,"enemies":"2 Louse","floor":3.0,"turns":3.0},{"damage":16.0,"enemies":"Blue Slaver","floor":4.0,"turns":6.0},{"damage":5.0,"enemies":"3 Sentries","floor":6.0,"turns":6.0},{"damage":21.0,"enemies":"Gremlin Nob","floor":11.0,"turns":5.0},{"damage":1.0,"enemies":"Gremlin Gang","floor":12.0,"turns":3.0},{"damage":0.0,"enemies":"2 Fungi Beasts","floor":13.0,"turns":5.0},{"damage":15.0,"enemies":"Slime Boss","floor":16.0,"turns":6.0},{"damage":12.0,"enemies":"2 Thieves","floor":18.0,"turns":3.0},{"damage":0.0,"enemies":"3 Byrds","floor":21.0,"turns":5.0},{"damage":22.0,"enemies":"Book of Stabbing","floor":23.0,"turns":7.0},{"damage":24.0,"enemies":"Snake Plant","floor":24.0,"turns":4.0},{"damage":73.0,"enemies":"Gremlin Leader","floor":25.0,"turns":9.0},{"damage":12.0,"enemies":"Centurion and Healer","floor":28.0,"turns":7.0},{"damage":11.0,"enemies":"Cultist and Chosen","floor":31.0,"turns":5.0},{"damage":54.0,"enemies":"Collector","floor":33.0,"turns":10.0},{"damage":17.0,"enemies":"3 Shapes","floor":35.0,"turns":3.0},{"damage":1.0,"enemies":"Orb Walker","floor":36.0,"turns":2.0},{"damage":20.0,"enemies":"Writhing Mass","floor":38.0,"turns":5.0},{"damage":27.0,"enemies":"Spire Growth","floor":39.0,"turns":5.0},{"damage":6.0,"enemies":"Nemesis","floor":40.0,"turns":5.0},{"damage":14.0,"enemies":"Giant Head","floor":41.0,"turns":8.0},{"damage":13.0,"enemies":"4 Shapes","floor":42.0,"turns":5.0},{"damage":34.0,"enemies":"Reptomancer","floor":46.0,"turns":3.0},{"damage":40.0,"enemies":"Sphere and 2 Shapes","floor":47.0,"turns":5.0},{"damage":12.0,"enemies":"Giant Head","floor":48.0,"turns":5.0},{"damage":43,"enemies":"Awakened One","floor":50,"turns":10}],"seed_played":"-5105814868858794735","potions_obtained":[{"floor":2.0,"key":"Fruit Juice"},{"floor":4.0,"key":"AttackPotion"},{"floor":6.0,"key":"Fruit Juice"},{"floor":13.0,"key":"PowerPotion"},{"floor":16.0,"key":"Weak Potion"},{"floor":21.0,"key":"Explosive Potion"},{"floor":23.0,"key":"Regen Potion"},{"floor":28.0,"key":"GamblersBrew"},{"floor":33.0,"key":"BloodPotion"},{"floor":42.0,"key":"DuplicationPotion"},{"floor":48.0,"key":"Explosive Potion"}],"is_trial":false,"path_per_floor":["M","M","M","M","$","E","R","?","T","?","E","M","M","$","R","B",null,"M","?","$","M","?","E","M","E","T","R","M","R","$","M","R","B",null,"M","M","?","M","M","E","E","M","T","R","$","E","M","E","R","B",null],"character_chosen":"IRONCLAD","items_purchased":["Reckless Charge","BlessingOfTheForge","Fire Potion","Feel No Pain","Bag of Preparation","BloodPotion","True Grit","Bottled Lightning"],"campfire_rested":5,"item_purchase_floors":[5,5,14,14,20,30,30,45],"current_hp_per_floor":[80,85,85,78,78,90,90,90,90,90,75,80,87,87,87,78,87,90,90,90,90,71,61,43,8,8,35,43,70,70,74,90,57,82,85,90,90,76,67,67,86,90,90,90,90,69,35,29,56,68],"gold":118,"neow_bonus":"TRANSFORM_CARD","is_daily":false,"chose_seed":false,"campfire_upgraded":2,"win_rate":0.0,"timestamp":1611355429,"path_taken":["M","M","M","M","$","E","R","?","T","?","E","?","M","$","R","BOSS","M","?","$","M","?","E","M","E","T","R","?","R","$","M","R","BOSS","M","M","?","?","M","E","E","M","T","R","$","E","M","E","R","BOSS"],"items_purchased_type":["Card","Potion","Potion","Card","Relic","Potion","Card","Relic"],"build_version":"2020-12-22","purchased_purges":3,"victory":true,"max_hp_per_floor":[80,85,85,85,85,90,90,90,90,90,90,90,90,90,90,90,90,90,90,90,90,90,90,90,90,90,90,90,90,90,90,90,90,90,90,90,90,90,90,90,90,90,90,90,90,90,90,90,90,90],"card_choices":[{"not_picked":["Body Slam","Havoc"],"picked":"Anger","floor":1.0},{"not_picked":["Clash","Thunderclap"],"picked":"Metallicize","floor":2.0},{"not_picked":["Demon Form","Havoc"],"picked":"Cleave","floor":3.0},{"not_picked":["Twin Strike","Heavy Blade"],"picked":"Armaments","floor":4.0},{"not_picked":["Searing Blow","Warcry"],"picked":"Shockwave","floor":6.0},{"not_picked":["Sword Boomerang","Clothesline","Metallicize"],"picked":"SKIP","floor":11.0},{"not_picked":["Havoc","Shrug It Off"],"picked":"Evolve","floor":12.0},{"not_picked":["Juggernaut","Havoc"],"picked":"Headbutt","floor":13.0},{"not_picked":["Bludgeon","Demon Form"],"picked":"Immolate","floor":16.0},{"not_picked":["Cleave","True Grit"],"picked":"Flame Barrier","floor":18.0},{"not_picked":["Armaments","Cleave"],"picked":"Iron Wave","floor":21.0},{"not_picked":["Impervious","Sword Boomerang","Bludgeon"],"picked":"SKIP","floor":23.0},{"not_picked":["Sword Boomerang+1","Clothesline"],"picked":"Disarm","floor":24.0},{"not_picked":["Second Wind","Clash"],"picked":"Dropkick","floor":25.0},{"not_picked":["Pommel Strike","Blood for Blood"],"picked":"Spot Weakness","floor":28.0},{"not_picked":["Flex","Metallicize"],"picked":"Infernal Blade","floor":31.0},{"not_picked":["Demon Form","Fiend Fire"],"picked":"Offering","floor":33.0},{"not_picked":["Pummel+1","Heavy Blade+1","Flame Barrier"],"picked":"SKIP","floor":35.0},{"not_picked":["Wild Strike","Entrench","Twin Strike"],"picked":"SKIP","floor":36.0},{"not_picked":["Anger","Clash"],"picked":"Body Slam+1","floor":38.0},{"not_picked":["Pummel+1","Havoc+1"],"picked":"Berserk","floor":39.0},{"not_picked":["Warcry","Twin Strike"],"picked":"Ghostly Armor","floor":40.0},{"not_picked":["Fire Breathing","Wild Strike"],"picked":"Exhume","floor":41.0},{"not_picked":["Sword Boomerang","Blood for Blood+1"],"picked":"Body Slam+1","floor":42.0},{"not_picked":["Second Wind","Clash+1"],"picked":"Thunderclap+1","floor":46.0},{"not_picked":["Clash+1","Sentinel+1"],"picked":"Armaments+1","floor":47.0},{"not_picked":["Sever Soul+1","Armaments"],"picked":"Fiend Fire+1","floor":48.0}],"player_experience":292362,"relics_obtained":[{"floor":6.0,"key":"Anchor"},{"floor":9.0,"key":"War Paint"},{"floor":11.0,"key":"Vajra"},{"floor":23.0,"key":"Whetstone"},{"floor":25.0,"key":"WingedGreaves"},{"floor":26.0,"key":"PreservedInsect"},{"floor":40.0,"key":"Red Skull"},{"floor":41.0,"key":"Omamori"},{"floor":43.0,"key":"Molten Egg 2"},{"floor":46.0,"key":"Centennial Puzzle"},{"floor":48.0,"key":"Ancient Tea Set"}],"event_choices":[{"damage_healed":0.0,"max_hp_gain":0.0,"max_hp_loss":0.0,"gold_gain":0.0,"cards_transformed":["Strike_R"],"event_name":"Living Wall","player_choice":"Change","floor":8.0,"gold_loss":0.0,"damage_taken":0.0,"cards_obtained":["Dark Embrace"]},{"damage_healed":0.0,"max_hp_gain":0.0,"max_hp_loss":0.0,"gold_gain":0.0,"event_name":"Upgrade Shrine","player_choice":"Upgraded","floor":10.0,"gold_loss":0.0,"damage_taken":0.0,"cards_upgraded":["Dark Embrace"]},{"damage_healed":0.0,"max_hp_gain":0.0,"max_hp_loss":0.0,"gold_gain":99.0,"event_name":"Nest","player_choice":"Stole From Cult","floor":19.0,"gold_loss":0.0,"damage_taken":0.0},{"damage_healed":0.0,"max_hp_gain":0.0,"max_hp_loss":0.0,"gold_gain":180.0,"event_name":"Knowing Skull","player_choice":"GOLD GOLD ","floor":22.0,"potions_obtained":[],"gold_loss":0.0,"damage_taken":19.0,"cards_obtained":[]},{"damage_healed":0.0,"max_hp_gain":0.0,"max_hp_loss":0.0,"gold_gain":0.0,"cards_transformed":["Strike_R"],"event_name":"Transmorgrifier","player_choice":"Transformed","floor":37.0,"gold_loss":0.0,"damage_taken":0.0,"cards_obtained":["Rupture"]}],"is_beta":false,"boss_relics":[{"not_picked":["Coffee Dripper","Sozu"],"picked":"Fusion Hammer"},{"not_picked":["Calling Bell","Pandora\u0027s Box"],"picked":"Runic Pyramid"}],"items_purged_floors":[20,30,45],"is_endless":false,"potions_floor_spawned":[2,4,6,13,16,21,23,28,33,35,38,39,42,48],"ascension_level":5}}