{"host":"6nf9fw18nxrub85a","time":1611332348,"event":{"mods":["AchievementEnabler","Act Like it!","Ascension Reborn","BaseMod","Hallownest","Hubris","Marisa£®ÏF”Í°°ƒß¿Ì…≥£©","Minty Spire (QoL Compilation)","Quick Restart","SIMod","StSLib","The Construct","vexMod"],"gold_per_floor":[118,130,142,142,142,168,168,203,203,237,256,134,134,151,151,255,255,266,266,283,314,165,165,165,176,176,220,263,290,65,65,65,93,93],"floor_reached":33,"language":"ZHS","playtime":2108,"items_purged":["Strike_MRS","Strike_MRS"],"score":335,"play_id":"fe656adf-32c8-4089-9442-d2bd696cd2df","local_time":"20210123001908","daily_mods":["Heirloom","Time Dilation","Flight"],"is_ascension_mode":false,"campfire_choices":[{"floor":13,"key":"REST"},{"data":"PulseMagic","floor":15,"key":"SMITH"},{"floor":23,"key":"REST"},{"floor":32,"key":"REST"}],"circlet_count":0,"master_deck":["Strike_MRS+1","Strike_MRS","Defend_MRS","Defend_MRS","Defend_MRS","Defend_MRS","MasterSpark","UpSweep","EnergyFlow","SuperPerseids+1","MilkyWay","MachineGunSpark","PulseMagic+1","ChargeUpSpray","PowerUp","UnstableBomb","MillisecondPulsars","GravityBeat+1","EnergyFlow+1","PowerUp","AsteroidBelt","MilkyWay+1","MilkyWay+1","CasketOfStar","SporeBomb","DarkMatter"],"relics":["MiniHakkero","TungstenRod","Pyrelight","vexMod:CardConverter","Blue Candle","Blood Vial","construct:RocketBooster","hubris:CrystalStatue","Omamori","construct:WeddingRing","Red Mask","Centennial Puzzle","vexMod:ConsolationPrize","Akabeko","Lantern"],"acts_visited":["Exordium","TheCity"],"potions_floor_usage":[16],"damage_taken":[{"damage":1,"enemies":"Jaw Worm","floor":1,"turns":3},{"damage":0,"enemies":"2 Louse","floor":2,"turns":2},{"damage":0,"enemies":"Cultist","floor":3,"turns":3},{"damage":9,"enemies":"Lagavulin","floor":6,"turns":6},{"damage":19,"enemies":"3 Sentries","floor":8,"turns":7},{"damage":21,"enemies":"Gremlin Nob","floor":10,"turns":4},{"damage":15,"enemies":"Exordium Wildlife","floor":11,"turns":3},{"damage":4,"enemies":"Red Slaver","floor":14,"turns":3},{"damage":44,"enemies":"Slime Boss","floor":16,"turns":11},{"damage":18,"enemies":"2 Thieves","floor":18,"turns":4},{"damage":10,"enemies":"Shell Parasite","floor":20,"turns":3},{"damage":26,"enemies":"Masked Bandits","floor":21,"turns":4},{"damage":12,"enemies":"Cultist and Chosen","floor":25,"turns":6},{"damage":30,"enemies":"Centurion and Healer","floor":27,"turns":5},{"damage":12,"enemies":"Gremlin Leader","floor":28,"turns":5},{"damage":14,"enemies":"Snecko","floor":29,"turns":3},{"damage":58,"enemies":"Collector","floor":33,"turns":5}],"seed_played":"5649137035981575978","potions_obtained":[{"floor":1,"key":"Energy Potion"},{"floor":8,"key":"EssenceOfSteel"},{"floor":10,"key":"ColorlessPotion"},{"floor":11,"key":"LiquidBronze"},{"floor":21,"key":"GamblersBrew"}],"is_trial":true,"path_per_floor":["M","M","M","?","T","E","?","E","T","E","M","$","R","M","R","B",null,"M","?","M","?","$","R","T","M","T","M","E","M","$","?","R","B"],"character_chosen":"MARISA","items_purchased":["PowerUp","AsteroidBelt","DarkMatter","Lantern"],"campfire_rested":3,"item_purchase_floors":[12,22,30,30],"current_hp_per_floor":[74,74,74,74,74,65,65,50,50,33,22,24,48,48,48,8,87,71,71,65,43,45,73,73,65,65,39,31,21,23,18,49,0,0],"gold":93,"neow_bonus":"","is_daily":false,"chose_seed":false,"campfire_upgraded":1,"win_rate":0.0,"timestamp":1611332348,"path_taken":["M","M","M","?","?","E","?","E","T","E","?","$","R","M","R","BOSS","M","?","?","?","$","R","?","M","T","M","E","?","?","?","R","BOSS"],"items_purchased_type":["Card","Card","Card","Relic"],"build_version":"2020-12-22","purchased_purges":2,"victory":false,"max_hp_per_floor":[75,75,75,75,75,75,75,77,77,79,81,83,83,85,85,87,87,89,89,91,93,95,95,95,97,97,99,101,103,105,105,105,105,105],"card_choices":[{"not_picked":["IllusionStar","LuminesStrike"],"picked":"EnergyFlow","floor":1},{"not_picked":["ShootingEcho","DoubleSpark"],"picked":"SuperPerseids","floor":2},{"not_picked":["IllusionStar","LuminesStrike"],"picked":"MilkyWay","floor":3},{"not_picked":["EarthLightRay","AsteroidBelt","ShootingEcho"],"picked":"SKIP","floor":6},{"not_picked":["MagicAbsorber","ManaRampage"],"picked":"MachineGunSpark","floor":8},{"not_picked":["SporeBomb","MilkyWay"],"picked":"PulseMagic","floor":10},{"not_picked":["Acceleration","MilkyWay"],"picked":"ChargeUpSpray","floor":11},{"not_picked":["GalacticHalo","MachineGunSpark"],"picked":"UnstableBomb","floor":14},{"not_picked":["ManaRampage","TreasureHunter"],"picked":"MillisecondPulsars","floor":16},{"not_picked":["OneTimeOff","MeteoricShower+1"],"picked":"GravityBeat+1","floor":18},{"not_picked":["GalacticHalo+1","Occultation"],"picked":"EnergyFlow+1","floor":20},{"not_picked":["BlazeAway","Singularity+1"],"picked":"PowerUp","floor":21},{"not_picked":["GrandCross","OortCloud"],"picked":"MilkyWay+1","floor":25},{"not_picked":["UnstableBomb+1","GravityBeat"],"picked":"MilkyWay+1","floor":27},{"not_picked":["Acceleration+1","WitchLeyline"],"picked":"CasketOfStar","floor":28},{"not_picked":["6A","SuperPerseids"],"picked":"SporeBomb","floor":29}],"player_experience":185308,"relics_obtained":[{"floor":5,"key":"vexMod:CardConverter"},{"floor":6,"key":"Blue Candle"},{"floor":8,"key":"construct:RocketBooster"},{"floor":9,"key":"hubris:CrystalStatue"},{"floor":10,"key":"Omamori"},{"floor":21,"key":"Red Mask"},{"floor":24,"key":"Centennial Puzzle"},{"floor":26,"key":"vexMod:ConsolationPrize"},{"floor":28,"key":"Akabeko"}],"event_choices":[{"damage_healed":0,"gold_gain":0,"player_choice":"Gave Potion","damage_taken":0,"relics_obtained":["Blood Vial"],"max_hp_gain":0,"max_hp_loss":0,"event_name":"WeMeetAgain","floor":7,"gold_loss":0},{"damage_healed":0,"gold_gain":0,"player_choice":"Ignored","damage_taken":0,"max_hp_gain":0,"max_hp_loss":0,"event_name":"NoteForYourself","floor":19,"gold_loss":0},{"damage_healed":0,"gold_gain":0,"player_choice":"Fought Bandits","damage_taken":0,"max_hp_gain":0,"max_hp_loss":0,"event_name":"Masked Bandits","floor":21,"gold_loss":0},{"damage_healed":0,"gold_gain":0,"player_choice":"Stopped","damage_taken":9,"max_hp_gain":0,"max_hp_loss":0,"event_name":"Cursed Tome","floor":31,"gold_loss":0}],"is_beta":false,"boss_relics":[{"not_picked":["hubris:TerracottaHorce","vexMod:FluxCapacitor"],"picked":"construct:WeddingRing"}],"items_purged_floors":[12,22],"is_endless":true,"potions_floor_spawned":[1,8,10,11,21,27,28],"killed_by":"Collector","ascension_level":0}}