{"host":"x7xd4wkamhrqrrvw","time":1611291565,"event":{"mods":["AchievementEnabler","BaseMod","Minty Spire (QoL Compilation)","StSLib"],"gold_per_floor":[115,129,145,145,165,165,3,3,71,71,92,153,153,187,187,283,283,302,352,385,385,385],"floor_reached":21,"language":"ENG","playtime":901,"items_purged":["Strike_R"],"score":327,"play_id":"9e6471c6-4118-4bbc-8429-afedaeb246d6","local_time":"20210122025925","is_ascension_mode":true,"campfire_choices":[{"data":"Searing Blow","floor":6,"key":"SMITH"},{"floor":10,"key":"REST"},{"data":"Searing Blow+1","floor":13,"key":"SMITH"},{"data":"Searing Blow+2","floor":15,"key":"SMITH"}],"circlet_count":0,"master_deck":["AscendersBane","Strike_R+1","Strike_R","Strike_R","Strike_R","Defend_R","Defend_R","Defend_R","Defend_R","Bash+1","Jack Of All Trades","Searing Blow+3","Headbutt","Good Instincts"],"relics":["Black Blood","Golden Idol","White Beast Statue","Ancient Tea Set","Anchor","Red Mask"],"acts_visited":["Exordium","TheCity"],"potions_floor_usage":[12,12,14,16,20,20,21],"damage_taken":[{"damage":2,"enemies":"Jaw Worm","floor":1,"turns":3},{"damage":10,"enemies":"Small Slimes","floor":2,"turns":4},{"damage":10,"enemies":"Cultist","floor":3,"turns":5},{"damage":19,"enemies":"3 Louse","floor":5,"turns":4},{"damage":2,"enemies":"2 Fungi Beasts","floor":11,"turns":3},{"damage":4,"enemies":"Gremlin Nob","floor":12,"turns":3},{"damage":18,"enemies":"Lagavulin","floor":14,"turns":6},{"damage":19,"enemies":"Hexaghost","floor":16,"turns":11},{"damage":43,"enemies":"3 Byrds","floor":18,"turns":10},{"damage":21,"enemies":"Masked Bandits","floor":20,"turns":5},{"damage":21,"enemies":"Shell Parasite","floor":21,"turns":5}],"seed_played":"-6695710569306121913","potions_obtained":[{"floor":2,"key":"SpeedPotion"},{"floor":5,"key":"BlessingOfTheForge"},{"floor":11,"key":"Block Potion"},{"floor":12,"key":"AttackPotion"},{"floor":14,"key":"BloodPotion"},{"floor":16,"key":"LiquidBronze"},{"floor":18,"key":"LiquidMemories"},{"floor":20,"key":"PowerPotion"}],"is_trial":false,"path_per_floor":["M","M","M","?","M","R","$","?","T","R","M","E","R","E","R","B",null,"M","?","?","M"],"character_chosen":"IRONCLAD","items_purchased":["Good Instincts"],"campfire_rested":1,"item_purchase_floors":[7],"current_hp_per_floor":[72,68,64,38,25,25,25,2,2,24,28,30,30,18,18,20,61,30,30,21,0,0],"gold":385,"neow_bonus":"RANDOM_COLORLESS","is_daily":false,"chose_seed":false,"campfire_upgraded":3,"win_rate":0.0,"timestamp":1611291565,"path_taken":["M","M","M","?","M","R","$","?","T","R","M","E","R","E","R","BOSS","M","?","?","M"],"items_purchased_type":["Card"],"build_version":"2020-12-22","purchased_purges":1,"victory":false,"max_hp_per_floor":[75,75,75,75,75,75,75,75,75,75,75,75,75,75,75,75,75,75,75,75,75,75],"card_choices":[{"not_picked":["Purity","Dark Shackles"],"picked":"Jack Of All Trades","floor":0},{"not_picked":["Clash","Iron Wave","Body Slam"],"picked":"SKIP","floor":1},{"not_picked":["Clash","Intimidate"],"picked":"Searing Blow","floor":2},{"not_picked":["Combust","Fire Breathing","Pommel Strike"],"picked":"SKIP","floor":3},{"not_picked":["Searing Blow","Body Slam"],"picked":"Headbutt","floor":5},{"not_picked":["Demon Form","Wild Strike","Shockwave"],"picked":"SKIP","floor":11},{"not_picked":["Clothesline","Wild Strike","Shrug It Off"],"picked":"SKIP","floor":12},{"not_picked":["Pummel","Cleave","Armaments"],"picked":"SKIP","floor":14},{"not_picked":["Rupture","Thunderclap","Armaments"],"picked":"SKIP","floor":18}],"player_experience":383340,"relics_obtained":[{"floor":9,"key":"White Beast Statue"},{"floor":12,"key":"Ancient Tea Set"},{"floor":14,"key":"Anchor"},{"floor":20,"key":"Red Mask"}],"event_choices":[{"damage_healed":0,"gold_gain":0,"player_choice":"Take Damage","damage_taken":26,"relics_obtained":["Golden Idol"],"max_hp_gain":0,"max_hp_loss":0,"event_name":"Golden Idol","floor":4,"gold_loss":0},{"damage_healed":0,"gold_gain":0,"player_choice":"Entered Light","damage_taken":23,"max_hp_gain":0,"max_hp_loss":0,"event_name":"Shining Light","floor":8,"gold_loss":0,"cards_upgraded":["Bash","Strike_R"]},{"damage_healed":0,"gold_gain":50,"player_choice":"Stole From Cult","damage_taken":0,"max_hp_gain":0,"max_hp_loss":0,"event_name":"Nest","floor":19,"gold_loss":0},{"damage_healed":0,"gold_gain":0,"player_choice":"Fought Bandits","damage_taken":0,"max_hp_gain":0,"max_hp_loss":0,"event_name":"Masked Bandits","floor":20,"gold_loss":0}],"is_beta":false,"boss_relics":[{"not_picked":["Philosopher\u0027s Stone","Pandora\u0027s Box"],"picked":"Black Blood"}],"items_purged_floors":[7],"is_endless":false,"potions_floor_spawned":[2,5,11,12,14,16,18,20],"killed_by":"Shell Parasite","ascension_level":15}}