{"host":"dztixnx9b0gu6w9i","time":1611346005,"event":{"mods":["BaseMod","Bestiary","Minty Spire (QoL Compilation)","Relic Stats","Slay the Relics Exporter","SpireBot","ojb\u0027s Better Paths Mod","ojb\u0027s Info Mod"],"gold_per_floor":[115,115,182,20,32,32,65,65,65,75,110,110,143,157,157,251,251,276,276,35,35,48,48,81,99,125,125,141,154,192,210,210,300,300,319,350,375,422,478,513,532,532,532,532,567,567,602,303,303,303,303,303,303,47,82,82],"floor_reached":57,"language":"ENG","playtime":8520,"items_purged":["Defend_P"],"score":3142,"play_id":"52671c86-0577-4417-9658-a4c2802dddf4","local_time":"20210122150645","is_ascension_mode":true,"campfire_choices":[{"data":"EmptyFist","floor":6,"key":"SMITH"},{"data":"Blasphemy","floor":15,"key":"SMITH"},{"data":"BowlingBash","floor":23,"key":"SMITH"},{"data":"Tantrum","floor":27,"key":"SMITH"},{"data":"Ragnarok","floor":32,"key":"SMITH"},{"data":"SpiritShield","floor":42,"key":"SMITH"},{"data":"Meditate","floor":46,"key":"SMITH"},{"floor":49,"key":"RECALL"},{"data":"TalkToTheHand","floor":53,"key":"SMITH"}],"circlet_count":0,"master_deck":["AscendersBane","Strike_P","Strike_P","Strike_P","Defend_P","Eruption+1","Vigilance","ReachHeaven+1","ConjureBlade+1","WreathOfFlame+1","EmptyFist+1","BowlingBash+1","EmptyBody","SpiritShield+1","FlyingSleeves","Blasphemy+1","Protect+1","DeceiveReality","Tantrum+1","TalkToTheHand+1","FlyingSleeves+1","Ragnarok+1","Vault","Meditate+1","EmptyBody+1","FlurryOfBlows","Wallop"],"relics":["Astrolabe","Happy Flower","Du-Vu Doll","Ginger","Golden Idol","Meat on the Bone","Coffee Dripper","MutagenicStrength","ClockworkSouvenir","Damaru","Juzu Bracelet","Bag of Preparation","SacredBark","Pocketwatch","Pen Nib","Unceasing Top","Gambling Chip","Bronze Scales","Oddly Smooth Stone","Peace Pipe","Ornamental Fan","Akabeko","Strawberry"],"acts_visited":["Exordium","TheCity","TheBeyond","TheEnding"],"potions_floor_usage":[56,56],"damage_taken":[{"damage":0,"enemies":"Small Slimes","floor":1,"turns":2},{"damage":3,"enemies":"2 Louse","floor":5,"turns":2},{"damage":22,"enemies":"Lagavulin","floor":7,"turns":6},{"damage":7,"enemies":"Jaw Worm","floor":10,"turns":3},{"damage":2,"enemies":"3 Sentries","floor":11,"turns":5},{"damage":11,"enemies":"Gremlin Nob","floor":13,"turns":3},{"damage":8,"enemies":"Blue Slaver","floor":14,"turns":4},{"damage":0,"enemies":"Slime Boss","floor":16,"turns":3},{"damage":8,"enemies":"Shell Parasite","floor":18,"turns":3},{"damage":0,"enemies":"Chosen","floor":22,"turns":3},{"damage":0,"enemies":"Gremlin Leader","floor":24,"turns":2},{"damage":0,"enemies":"Sentry and Sphere","floor":25,"turns":2},{"damage":0,"enemies":"Chosen and Byrds","floor":28,"turns":2},{"damage":0,"enemies":"Snake Plant","floor":29,"turns":2},{"damage":20,"enemies":"Book of Stabbing","floor":30,"turns":3},{"damage":2,"enemies":"Centurion and Healer","floor":31,"turns":4},{"damage":8,"enemies":"Automaton","floor":33,"turns":3},{"damage":0,"enemies":"3 Darklings","floor":35,"turns":3},{"damage":0,"enemies":"Mind Bloom Boss Battle","floor":36,"turns":2},{"damage":0,"enemies":"Orb Walker","floor":37,"turns":4},{"damage":0,"enemies":"2 Orb Walkers","floor":39,"turns":2},{"damage":0,"enemies":"Giant Head","floor":40,"turns":3},{"damage":0,"enemies":"3 Darklings","floor":41,"turns":4},{"damage":0,"enemies":"Reptomancer","floor":45,"turns":3},{"damage":0,"enemies":"Nemesis","floor":47,"turns":3},{"damage":0,"enemies":"Donu and Deca","floor":50,"turns":6},{"damage":8,"enemies":"Awakened One","floor":51,"turns":9},{"damage":0,"enemies":"Shield and Spear","floor":55,"turns":3},{"damage":45,"enemies":"The Heart","floor":56,"turns":7}],"seed_played":"-5964642475574431598","potions_obtained":[{"floor":11,"key":"LiquidBronze"},{"floor":13,"key":"PowerPotion"},{"floor":14,"key":"Block Potion"},{"floor":30,"key":"DistilledChaos"},{"floor":37,"key":"GamblersBrew"},{"floor":45,"key":"Weak Potion"}],"is_trial":false,"path_per_floor":["M","?","?","$","M","R","E","?","T","M","E","?","E","M","R","B",null,"M","?","$","?","M","R","E","M","T","R","M","M","E","M","R","B",null,"M","?","M","T","?","E","M","R","T","?","E","R","E","$","R","B","B",null,"R","$","E","B",null],"character_chosen":"WATCHER","items_purchased":["Happy Flower","ClockworkSouvenir","FlurryOfBlows","Ornamental Fan","Wallop","Akabeko"],"campfire_rested":0,"item_purchase_floors":[4,20,48,48,54,54],"current_hp_per_floor":[61,61,61,61,58,58,36,36,36,29,27,27,16,20,20,32,55,47,47,47,47,47,47,47,47,47,47,47,47,39,37,37,41,57,57,57,57,57,57,57,57,57,57,57,57,57,57,57,57,57,49,59,59,59,66,33],"gold":82,"neow_bonus":"BOSS_RELIC","is_daily":false,"chose_seed":false,"campfire_upgraded":8,"win_rate":0.0,"timestamp":1611346005,"path_taken":["M","?","?","$","M","R","E","?","T","M","E","?","E","M","R","BOSS","M","?","?","?","?","R","E","M","T","R","M","M","E","M","R","BOSS","M","?","M","?","?","E","M","R","T","?","E","R","E","$","R","BOSS","BOSS","R","$","E","BOSS"],"items_purchased_type":["Relic","Relic","Card","Relic","Card","Relic"],"build_version":"2020-12-22","purchased_purges":1,"victory":true,"max_hp_per_floor":[68,68,68,68,68,68,68,68,68,68,68,62,62,62,62,62,62,62,62,62,62,62,62,62,62,62,62,62,62,62,62,62,62,62,62,62,62,62,62,62,62,62,62,62,62,62,62,62,62,62,62,62,62,62,69,69],"relic_stats":{"Happy Flower":[33],"counters":[29,101],"Golden Idol":199,"Astrolabe":["ReachHeaven","ConjureBlade","WreathOfFlame"],"Pen Nib":[9],"Juzu Bracelet":1,"Bag of Preparation":[28],"Ginger":[11],"Peace Pipe":0,"Ornamental Fan":[48],"Gambling Chip":[30],"Bronze Scales":[170],"obtain_stats":[{"Happy Flower":4,"Golden Idol":12,"Astrolabe":0,"SacredBark":34,"Damaru":24,"Oddly Smooth Stone":45,"Pen Nib":38,"Juzu Bracelet":26,"Bag of Preparation":30,"Ginger":11,"Akabeko":54,"ClockworkSouvenir":20,"Du-Vu Doll":7,"Peace Pipe":47,"Ornamental Fan":48,"MutagenicStrength":19,"Gambling Chip":40,"Bronze Scales":43,"Strawberry":55,"Coffee Dripper":17,"PureWater":0,"Unceasing Top":39,"Meat on the Bone":13,"Pocketwatch":36},{"Happy Flower":1,"Golden Idol":5,"Astrolabe":0,"SacredBark":17,"Damaru":11,"Oddly Smooth Stone":24,"Pen Nib":20,"Juzu Bracelet":12,"Bag of Preparation":15,"Ginger":5,"Akabeko":27,"ClockworkSouvenir":9,"Du-Vu Doll":3,"Peace Pipe":25,"Ornamental Fan":25,"MutagenicStrength":9,"Gambling Chip":22,"Bronze Scales":23,"Strawberry":28,"Coffee Dripper":8,"PureWater":0,"Unceasing Top":21,"Meat on the Bone":6,"Pocketwatch":19},{"Happy Flower":2,"Golden Idol":18,"Astrolabe":0,"SacredBark":52,"Damaru":36,"Oddly Smooth Stone":73,"Pen Nib":61,"Juzu Bracelet":38,"Bag of Preparation":45,"Ginger":18,"Akabeko":91,"ClockworkSouvenir":31,"Du-Vu Doll":10,"Peace Pipe":76,"Ornamental Fan":76,"MutagenicStrength":31,"Gambling Chip":66,"Bronze Scales":70,"Strawberry":94,"Coffee Dripper":28,"PureWater":0,"Unceasing Top":63,"Meat on the Bone":21,"Pocketwatch":57}],"Unceasing Top":[0],"Meat on the Bone":60,"Pocketwatch":[55]},"card_choices":[{"not_picked":["FlyingSleeves","EmptyBody"],"picked":"EmptyFist","floor":1},{"not_picked":["CrushJoints","WheelKick"],"picked":"BowlingBash","floor":5},{"not_picked":["Prostrate","WreathOfFlame"],"picked":"EmptyBody","floor":7},{"not_picked":["CrushJoints","ClearTheMind"],"picked":"SpiritShield","floor":10},{"not_picked":["JustLucky","EmptyBody"],"picked":"FlyingSleeves","floor":11},{"not_picked":["Protect","Collect"],"picked":"Blasphemy","floor":13},{"not_picked":["Evaluate","Swivel","Protect"],"picked":"SKIP","floor":14},{"not_picked":["Weave","SashWhip"],"picked":"Protect+1","floor":18},{"not_picked":["Protect","InnerPeace"],"picked":"DeceiveReality","floor":22},{"not_picked":["WheelKick","CrushJoints"],"picked":"Tantrum","floor":24},{"not_picked":["Tantrum","Evaluate+1"],"picked":"TalkToTheHand","floor":25},{"not_picked":["ReachHeaven","Perseverance","Halt"],"picked":"SKIP","floor":28},{"not_picked":["ReachHeaven","Perseverance","Halt"],"picked":"SKIP","floor":28},{"not_picked":["JustLucky","Conclude","ClearTheMind"],"picked":"SKIP","floor":29},{"not_picked":["Crescendo","CrushJoints"],"picked":"FlyingSleeves+1","floor":30},{"not_picked":["CutThroughFate","Vengeance"],"picked":"Ragnarok","floor":31},{"not_picked":["Ragnarok","Establishment"],"picked":"Vault","floor":33},{"not_picked":["Swivel","ForeignInfluence","Halt"],"picked":"SKIP","floor":35},{"not_picked":["Swivel+1","Halt"],"picked":"Meditate","floor":37},{"not_picked":["FlurryOfBlows","Consecrate"],"picked":"EmptyBody+1","floor":39},{"not_picked":["MasterReality","Tantrum","Meditate"],"picked":"SKIP","floor":40},{"not_picked":["CrushJoints","ReachHeaven","EmptyFist+1"],"picked":"SKIP","floor":41},{"not_picked":["CrushJoints","ReachHeaven","EmptyFist+1"],"picked":"SKIP","floor":41},{"not_picked":["CrushJoints","ReachHeaven","EmptyFist+1"],"picked":"SKIP","floor":41},{"not_picked":["CrushJoints","ReachHeaven","EmptyFist+1"],"picked":"SKIP","floor":41},{"not_picked":["CrushJoints","ReachHeaven","EmptyFist+1"],"picked":"SKIP","floor":41},{"not_picked":["DeceiveReality","Blasphemy","Protect"],"picked":"SKIP","floor":45},{"not_picked":["SignatureMove+1","PathToVictory+1","Indignation"],"picked":"SKIP","floor":47},{"not_picked":["Prostrate+1","DevaForm","Conclude"],"picked":"SKIP","floor":55},{"not_picked":["Prostrate+1","DevaForm","Conclude"],"picked":"SKIP","floor":55}],"player_experience":8216836,"relics_obtained":[{"floor":7,"key":"Du-Vu Doll"},{"floor":11,"key":"Ginger"},{"floor":13,"key":"Meat on the Bone"},{"floor":24,"key":"Damaru"},{"floor":26,"key":"Juzu Bracelet"},{"floor":30,"key":"Bag of Preparation"},{"floor":36,"key":"Pocketwatch"},{"floor":38,"key":"Pen Nib"},{"floor":39,"key":"Unceasing Top"},{"floor":40,"key":"Gambling Chip"},{"floor":43,"key":"Bronze Scales"},{"floor":45,"key":"Oddly Smooth Stone"},{"floor":47,"key":"Peace Pipe"},{"floor":55,"key":"Strawberry"}],"event_choices":[{"damage_healed":0,"gold_gain":0,"player_choice":"Grow","damage_taken":0,"max_hp_gain":0,"max_hp_loss":0,"event_name":"Living Wall","floor":2,"gold_loss":0,"cards_upgraded":["Eruption"]},{"damage_healed":0,"gold_gain":67,"player_choice":"Gained Gold","damage_taken":0,"max_hp_gain":0,"max_hp_loss":0,"event_name":"Golden Wing","floor":3,"gold_loss":0},{"damage_healed":0,"gold_gain":0,"player_choice":"Fled","damage_taken":0,"max_hp_gain":0,"max_hp_loss":0,"event_name":"Scrap Ooze","floor":8,"gold_loss":0},{"damage_healed":0,"gold_gain":0,"player_choice":"Lose Max HP","damage_taken":0,"relics_obtained":["Golden Idol"],"max_hp_gain":0,"max_hp_loss":6,"event_name":"Golden Idol","floor":12,"gold_loss":0},{"damage_healed":0,"gold_gain":0,"player_choice":"Inject Mutagens","damage_taken":0,"relics_obtained":["MutagenicStrength"],"max_hp_gain":0,"max_hp_loss":0,"event_name":"Drug Dealer","floor":19,"gold_loss":0},{"damage_healed":0,"gold_gain":0,"player_choice":"Ignored","damage_taken":0,"max_hp_gain":0,"max_hp_loss":0,"event_name":"The Mausoleum","floor":21,"gold_loss":0},{"damage_healed":0,"gold_gain":0,"player_choice":"Fight","damage_taken":0,"max_hp_gain":0,"max_hp_loss":0,"event_name":"MindBloom","floor":36,"gold_loss":0},{"damage_healed":0,"gold_gain":0,"player_choice":"Fight","damage_taken":0,"max_hp_gain":0,"max_hp_loss":0,"event_name":"Mysterious Sphere","floor":39,"gold_loss":0},{"damage_healed":0,"gold_gain":0,"player_choice":"Ignored","damage_taken":0,"max_hp_gain":0,"max_hp_loss":0,"event_name":"Tomb of Lord Red Mask","floor":44,"gold_loss":0}],"is_beta":false,"boss_relics":[{"not_picked":["Empty Cage","Cursed Key"],"picked":"Coffee Dripper"},{"not_picked":["VioletLotus","Velvet Choker"],"picked":"SacredBark"}],"items_purged_floors":[20],"is_endless":false,"potions_floor_spawned":[11,13,14,22,30,33,37,45,47,55],"ascension_level":20}}