{"host":"3zmssa4s99zhxek5","time":1611284490,"event":{"mods":["AchievementEnabler","BaseMod","Minty Spire (QoL Compilation)","Permanent Neow","Relic Stats"],"gold_per_floor":[117,135,60,77,94,94,123,138,138,150,150,180,192,192,192,192,192],"floor_reached":16,"language":"KOR","playtime":803,"items_purged":[],"score":228,"play_id":"3b3701c8-2f2d-47d9-84f9-d7dfa6ff7152","local_time":"20210122120130","is_ascension_mode":true,"campfire_choices":[{"data":"Static Discharge","floor":6.0,"key":"SMITH"},{"floor":15,"key":"REST"}],"circlet_count":0,"master_deck":["AscendersBane","Strike_B","Strike_B","Strike_B","Defend_B","Defend_B","Defend_B","Zap","Dualcast","Biased Cognition","Static Discharge+1","Go for the Eyes","Ball Lightning","Static Discharge","Hologram","FTL","Self Repair","Rainbow","Capacitor","Barrage"],"relics":["Cracked Core","White Beast Statue","Darkstone Periapt","Ornamental Fan","Toxic Egg 2","Bag of Marbles"],"acts_visited":["Exordium"],"potions_floor_usage":[16],"damage_taken":[{"damage":9.0,"enemies":"Jaw Worm","floor":1.0,"turns":3.0},{"damage":4.0,"enemies":"Small Slimes","floor":2.0,"turns":3.0},{"damage":1.0,"enemies":"Cultist","floor":4.0,"turns":3.0},{"damage":10.0,"enemies":"Exordium Thugs","floor":5.0,"turns":3.0},{"damage":3.0,"enemies":"Gremlin Nob","floor":7.0,"turns":3.0},{"damage":1.0,"enemies":"Large Slime","floor":8.0,"turns":4.0},{"damage":7.0,"enemies":"3 Louse","floor":10.0,"turns":3.0},{"damage":12,"enemies":"3 Sentries","floor":12,"turns":4},{"damage":17,"enemies":"Blue Slaver","floor":13,"turns":2},{"damage":35,"enemies":"The Guardian","floor":16,"turns":4}],"seed_played":"-132278690306687554","potions_obtained":[{"floor":7.0,"key":"Ancient Potion"},{"floor":8.0,"key":"SkillPotion"},{"floor":10,"key":"Explosive Potion"},{"floor":12,"key":"FearPotion"},{"floor":13,"key":"DistilledChaos"}],"is_trial":false,"path_per_floor":["M","M","?","M","M","R","E","M","T","M","?","E","M","T","R","B"],"character_chosen":"DEFECT","items_purchased":[],"campfire_rested":1,"item_purchase_floors":[],"current_hp_per_floor":[55,51,51,50,40,40,37,36,36,36,36,24,14,14,35,0,0],"gold":192,"neow_bonus":"TRANSFORM_TWO_CARDS","is_daily":false,"chose_seed":false,"campfire_upgraded":1,"win_rate":0.0,"timestamp":1611284490,"path_taken":["M","M","?","M","M","R","E","M","T","M","?","E","?","?","R","BOSS"],"items_purchased_type":[],"build_version":"2020-12-22","purchased_purges":0,"victory":false,"max_hp_per_floor":[71,71,71,71,71,71,71,71,71,71,71,71,71,71,71,71,71],"relic_stats":{"Darkstone Periapt":0,"counters":[10,32],"Ornamental Fan":[0],"obtain_stats":[{"Darkstone Periapt":9,"Ornamental Fan":11,"Bag of Marbles":14,"Toxic Egg 2":12,"Cracked Core":0,"White Beast Statue":7},{"Darkstone Periapt":6,"Ornamental Fan":7,"Bag of Marbles":9,"Toxic Egg 2":8,"Cracked Core":0,"White Beast Statue":5},{"Darkstone Periapt":19,"Ornamental Fan":22,"Bag of Marbles":28,"Toxic Egg 2":26,"Cracked Core":0,"White Beast Statue":15}]},"card_choices":[{"not_picked":["Turbo","Redo"],"picked":"Go for the Eyes","floor":1.0},{"not_picked":["Beam Cell","Cold Snap"],"picked":"Ball Lightning","floor":2.0},{"not_picked":["Double Energy","Go for the Eyes"],"picked":"Static Discharge","floor":4.0},{"not_picked":["Compile Driver","Scrape"],"picked":"Hologram","floor":5.0},{"not_picked":["White Noise","Skim"],"picked":"FTL","floor":7.0},{"not_picked":["Doom and Gloom","Stack"],"picked":"Self Repair","floor":8.0},{"not_picked":["Ball Lightning","Beam Cell"],"picked":"Rainbow","floor":10},{"not_picked":["Stack+1","Compile Driver"],"picked":"Capacitor","floor":12},{"not_picked":["Go for the Eyes","Hello World"],"picked":"Barrage","floor":13}],"player_experience":1561561,"relics_obtained":[{"floor":7.0,"key":"White Beast Statue"},{"floor":9.0,"key":"Darkstone Periapt"},{"floor":12,"key":"Toxic Egg 2"},{"floor":14,"key":"Bag of Marbles"}],"event_choices":[{"cards_removed":["Doubt"],"damage_healed":0.0,"max_hp_gain":0.0,"max_hp_loss":0.0,"gold_gain":0.0,"event_name":"The Cleric","player_choice":"Card Removal","floor":3.0,"gold_loss":75.0,"damage_taken":0.0},{"damage_healed":0,"gold_gain":0,"player_choice":"Gave Potion","damage_taken":0,"relics_obtained":["Ornamental Fan"],"max_hp_gain":0,"max_hp_loss":0,"event_name":"WeMeetAgain","floor":11,"gold_loss":0}],"is_beta":false,"boss_relics":[],"items_purged_floors":[],"is_endless":false,"potions_floor_spawned":[7,8,10,12,13],"killed_by":"The Guardian","ascension_level":20}}