{"host":"r6jigiblrojhp6xe","time":1611276347,"event":{"mods":["AchievementEnabler","BaseMod","DeckTracker","Hermit","Minty Spire (QoL Compilation)","Quick Restart","Rare Cards Sparkle","Relic Stats","StSLib","SuperFastMode","everything is the same but u backflip on backflip"],"gold_per_floor":[117,135,10,10,10,10,45,45,71,81,24,36,51,69,69,69,69],"floor_reached":16,"language":"KOR","playtime":302,"items_purged":["Strike_B"],"score":254,"play_id":"1675cc21-1076-4010-9e8f-4c59ed41f341","local_time":"20210122094547","is_ascension_mode":true,"campfire_choices":[{"data":"Static Discharge","floor":6,"key":"SMITH"},{"data":"Sunder","floor":8,"key":"SMITH"},{"data":"Creative AI","floor":15,"key":"SMITH"}],"circlet_count":0,"master_deck":["AscendersBane","Strike_B","Strike_B","Strike_B","Defend_B","Defend_B","Defend_B","Zap","Dualcast","Static Discharge+1","Glacier","Ball Lightning","Sunder+1","Turbo","Conserve Battery","White Noise","Streamline","Creative AI+1"],"relics":["Cracked Core","NeowsBlessing","Darkstone Periapt","Smiling Mask"],"acts_visited":["Exordium"],"potions_floor_usage":[13,16],"damage_taken":[{"damage":0.0,"enemies":"Cultist","floor":1.0,"turns":1.0},{"damage":0,"enemies":"2 Louse","floor":2,"turns":1},{"damage":0,"enemies":"3 Sentries","floor":7,"turns":1},{"damage":7,"enemies":"Jaw Worm","floor":10,"turns":2},{"damage":0,"enemies":"Exordium Wildlife","floor":12,"turns":3},{"damage":7,"enemies":"Lots of Slimes","floor":13,"turns":4},{"damage":2,"enemies":"Large Slime","floor":14,"turns":4},{"damage":46,"enemies":"Hexaghost","floor":16,"turns":11}],"seed_played":"2684146092284587609","potions_obtained":[{"floor":7,"key":"DuplicationPotion"},{"floor":12,"key":"ColorlessPotion"},{"floor":13,"key":"Dexterity Potion"},{"floor":14,"key":"Weak Potion"}],"is_trial":false,"path_per_floor":["M","M","$","?","?","R","E","R","T","M","$","M","M","M","R","B"],"character_chosen":"DEFECT","items_purchased":["Ball Lightning","Conserve Battery"],"campfire_rested":0,"item_purchase_floors":[3,11],"current_hp_per_floor":[64,64,64,64,57,57,57,57,57,50,50,50,43,41,41,0,0],"gold":69,"neow_bonus":"THREE_ENEMY_KILL","is_daily":false,"chose_seed":false,"campfire_upgraded":3,"win_rate":0.0,"timestamp":1611276347,"path_taken":["M","?","$","?","?","R","E","R","T","M","?","M","M","?","R","BOSS"],"items_purchased_type":["Card","Card"],"build_version":"2020-12-22","purchased_purges":1,"victory":false,"max_hp_per_floor":[71,71,71,71,71,71,71,71,71,71,71,71,71,71,71,71,71],"relic_stats":{"Darkstone Periapt":0,"counters":[8,27],"Smiling Mask":0,"obtain_stats":[{"Darkstone Periapt":7,"NeowsBlessing":0,"Cracked Core":0,"Smiling Mask":9},{"Darkstone Periapt":3,"NeowsBlessing":0,"Cracked Core":0,"Smiling Mask":3},{"Darkstone Periapt":3,"NeowsBlessing":0,"Cracked Core":0,"Smiling Mask":3}]},"card_choices":[{"not_picked":["Go for the Eyes","Storm"],"picked":"Static Discharge","floor":1},{"not_picked":["Redo","Steam"],"picked":"Glacier","floor":2},{"not_picked":["Beam Cell","Hello World"],"picked":"Sunder","floor":7},{"not_picked":["Steam","Storm"],"picked":"Turbo","floor":10},{"not_picked":["Steam Power","Beam Cell"],"picked":"White Noise","floor":12},{"not_picked":["Barrage","Darkness"],"picked":"Streamline","floor":13},{"not_picked":["Conserve Battery","Turbo"],"picked":"Creative AI","floor":14}],"player_experience":583402,"relics_obtained":[{"floor":7,"key":"Darkstone Periapt"},{"floor":9,"key":"Smiling Mask"}],"event_choices":[{"damage_healed":0,"gold_gain":0,"player_choice":"Ignored","damage_taken":0,"max_hp_gain":0,"max_hp_loss":0,"event_name":"Liars Game","floor":4,"gold_loss":0},{"cards_removed":["Defend_B"],"damage_healed":0,"gold_gain":0,"player_choice":"Card Removal","damage_taken":7,"max_hp_gain":0,"max_hp_loss":0,"event_name":"Golden Wing","floor":5,"gold_loss":0}],"is_beta":false,"boss_relics":[],"items_purged_floors":[3],"is_endless":false,"potions_floor_spawned":[7,12,13,14],"killed_by":"Hexaghost","ascension_level":20}}