{"host":"l0i0y1oyvm6rmxxu","time":1611295132,"event":{"mods":["BaseMod","Minty Spire (QoL Compilation)","Quick Restart","Replay The Spire","RumiaBox-露米娅的神秘盒子","StSLib","TestMod","vexMod"],"gold_per_floor":[110,110,125,138,23,52,69,84,138,167,186,186,186,202,202,299,299,311,331,44,61,79,79,113,129,129,170,170,202,221,256,256,369,369,389,407,122,147,147,198,219,242,242,298,324,363,391,419,419,436],"floor_reached":51,"language":"ZHS","playtime":4186,"items_purged":["Strike_R","Strike_R"],"score":1214,"play_id":"3489178c-095d-4027-911a-1bbaf80fa761","local_time":"20210122135852","is_ascension_mode":false,"campfire_choices":[{"data":"Armaments","floor":13.0,"key":"SMITH"},{"data":"Body Slam","floor":15.0,"key":"SMITH"},{"data":"Barricade","floor":23.0,"key":"SMITH"},{"data":"Entrench","floor":32.0,"key":"SMITH"},{"data":"Bash","floor":49,"key":"PURGE"}],"circlet_count":0,"master_deck":["Defend_R","Defend_R","Defend_R","Seeing Red","Armaments+1","Rampage","Body Slam+1","Barricade+1","Second Wind","Entrench+1","Dark Embrace+1","Feel No Pain","Shrug It Off","Offering","True Grit+1"],"relics":["testmod-TestBox","ReplayTheSpireMod:DimensionalGlitch","testmod-BlackFramedGlasses","Blue Candle","Bronze Scales","Anchor","testmod-TimeTraveler","Medical Kit","Orichalcum","Replay:Bandana","Bag of Preparation","Mango","Replay:Drink Me","testmod-Muramasa","ReplayTheSpireMod:Lightbulb","Toxic Egg 2","CaptainsWheel","testmod-Acrobat"],"acts_visited":["Exordium","TheCity","TheBeyond"],"potions_floor_usage":[],"damage_taken":[{"damage":0.0,"enemies":"Small Slimes","floor":1.0,"turns":3.0},{"damage":0.0,"enemies":"Cultist","floor":3.0,"turns":2.0},{"damage":0.0,"enemies":"2 Louse","floor":4.0,"turns":2.0},{"damage":24.0,"enemies":"3 Sentries","floor":6.0,"turns":8.0},{"damage":2.0,"enemies":"Blue Slaver","floor":7.0,"turns":3.0},{"damage":6.0,"enemies":"Exordium Wildlife","floor":8.0,"turns":3.0},{"damage":4.0,"enemies":"Replay:BlueRogue","floor":10.0,"turns":4.0},{"damage":0.0,"enemies":"Large Slime","floor":11.0,"turns":5.0},{"damage":3.0,"enemies":"Red Slaver","floor":14.0,"turns":3.0},{"damage":36.0,"enemies":"The Guardian","floor":16.0,"turns":9.0},{"damage":0.0,"enemies":"Chosen","floor":18.0,"turns":3.0},{"damage":2.0,"enemies":"3 Byrds","floor":19.0,"turns":5.0},{"damage":12.0,"enemies":"3 Cultists","floor":21.0,"turns":5.0},{"damage":0.0,"enemies":"Centurion and Healer","floor":22.0,"turns":5.0},{"damage":38.0,"enemies":"Gremlin Leader","floor":24.0,"turns":10.0},{"damage":2.0,"enemies":"Chosen and Byrds","floor":25.0,"turns":5.0},{"damage":16.0,"enemies":"Book of Stabbing","floor":27.0,"turns":4.0},{"damage":16.0,"enemies":"Snake Plant","floor":29.0,"turns":3.0},{"damage":0.0,"enemies":"Snecko","floor":30.0,"turns":5.0},{"damage":5.0,"enemies":"Replay:Snechameleon","floor":31.0,"turns":6.0},{"damage":38.0,"enemies":"Pondfish","floor":33.0,"turns":19.0},{"damage":9.0,"enemies":"3 Darklings","floor":35.0,"turns":3.0},{"damage":0.0,"enemies":"Orb Walker","floor":36.0,"turns":2.0},{"damage":9.0,"enemies":"Jaw Worm Horde","floor":38.0,"turns":2.0},{"damage":9.0,"enemies":"R_Hoarder","floor":40.0,"turns":4.0},{"damage":9.0,"enemies":"3 Darklings","floor":41.0,"turns":2.0},{"damage":0.0,"enemies":"Sphere and 2 Shapes","floor":42.0,"turns":2.0},{"damage":9.0,"enemies":"Mind Bloom Boss Battle","floor":44.0,"turns":2.0},{"damage":0.0,"enemies":"Jaw Worm Horde","floor":45.0,"turns":3.0},{"damage":9.0,"enemies":"Reptomancer","floor":46.0,"turns":1.0},{"damage":0.0,"enemies":"Transient","floor":47.0,"turns":5.0},{"damage":0.0,"enemies":"3 Darklings","floor":48.0,"turns":3.0},{"damage":0,"enemies":"Donu and Deca","floor":50,"turns":3}],"seed_played":"4129365524220565097","potions_obtained":[{"floor":1.0,"key":"Elixir"},{"floor":3.0,"key":"Swift Potion"},{"floor":7.0,"key":"Venom Potion"},{"floor":11.0,"key":"AttackPotion"},{"floor":16.0,"key":"FearPotion"},{"floor":25.0,"key":"DistilledChaos"},{"floor":27.0,"key":"FearPotion"},{"floor":29.0,"key":"FearPotion"},{"floor":30.0,"key":"Energy Potion"},{"floor":36.0,"key":"testmod-EscapePotion"},{"floor":38.0,"key":"GamblersBrew"}],"is_trial":false,"path_per_floor":["M","?","M","M","$","E","M","M","T","E","M","?","R","M","R","B",null,"M","M","$","M","M","R","E","M","T","E","?","M","M","E","R","B",null,"M","M","$","M","?","E","M","M","T","?","M","E","M","M","R","B",null],"character_chosen":"IRONCLAD","items_purchased":["Rampage","Entrench","Medical Kit","testmod-Muramasa"],"campfire_rested":0,"item_purchase_floors":[5,20,20,37],"current_hp_per_floor":[80,80,80,80,80,63,64,61,61,61,66,66,66,66,66,39,80,80,80,80,71,76,76,48,51,51,39,24,11,16,31,31,12,75,67,69,69,62,62,60,53,55,55,48,51,43,48,51,51,54],"gold":436,"neow_bonus":"BOSS_RELIC","is_daily":false,"chose_seed":false,"campfire_upgraded":4,"win_rate":0.0,"timestamp":1611295132,"path_taken":["M","?","M","M","$","E","M","?","T","E","M","?","R","M","R","BOSS","M","M","$","M","M","R","E","M","T","E","?","M","M","E","R","BOSS","M","M","$","M","?","E","M","M","T","?","M","E","M","M","R","BOSS"],"items_purchased_type":["Card","Card","Relic","Relic"],"build_version":"2020-12-22","purchased_purges":2,"victory":true,"max_hp_per_floor":[80,80,80,80,80,80,80,80,80,80,80,80,80,80,80,80,80,80,80,80,80,80,80,80,80,80,80,85,85,85,99,99,99,75,75,75,75,75,75,75,75,75,75,75,75,75,75,75,75,75],"card_choices":[{"not_picked":["Heavy Blade","Cleave"],"picked":"ReplayTheSpireMod:Limb From Limb","floor":1.0},{"not_picked":["Pummel","Havoc"],"picked":"Seeing Red","floor":3.0},{"not_picked":["Pommel Strike","Flex"],"picked":"Armaments","floor":4.0},{"not_picked":["Metallicize","Headbutt"],"picked":"Body Slam","floor":6.0},{"not_picked":["Anger","Armaments","Iron Wave"],"picked":"SKIP","floor":7.0},{"not_picked":["Blood for Blood","Sword Boomerang","Pommel Strike"],"picked":"SKIP","floor":8.0},{"not_picked":["Run Through","Metallicize","Combust"],"picked":"SKIP","floor":10.0},{"not_picked":["Armaments","Inflame","Headbutt"],"picked":"SKIP","floor":11.0},{"not_picked":["Wild Strike","Flex","ReplayTheSpireMod:Muscle Training"],"picked":"SKIP","floor":14.0},{"not_picked":["Limit Break","Eclipse"],"picked":"Barricade","floor":16.0},{"not_picked":["Sword Boomerang","Twin Strike","Thunderclap"],"picked":"SKIP","floor":18.0},{"not_picked":["Sentinel","Massacre+1"],"picked":"Second Wind","floor":19.0},{"not_picked":["Searing Blow","Entrench+1"],"picked":"Dark Embrace+1","floor":21.0},{"not_picked":["Thunderclap","Defy Death","Clash"],"picked":"SKIP","floor":22.0},{"not_picked":["Sever Soul","Entrench","Havoc"],"picked":"SKIP","floor":24.0},{"not_picked":["Perfected Strike","Armaments"],"picked":"Feel No Pain","floor":25.0},{"not_picked":["Exhume","Bloodletting"],"picked":"Shrug It Off","floor":27.0},{"not_picked":["Clash","Iron Wave","Twin Strike+1"],"picked":"SKIP","floor":29.0},{"not_picked":["Shrug It Off+1","Wild Strike","Entrench"],"picked":"SKIP","floor":30.0},{"not_picked":["Thunderclap","Sword Boomerang","Entrench"],"picked":"SKIP","floor":31.0},{"not_picked":["Exhume","Immolate"],"picked":"Offering","floor":33.0},{"not_picked":["ReplayTheSpireMod:LeadingStrike","Run Through","Spot Weakness"],"picked":"SKIP","floor":35.0},{"not_picked":["Headbutt","Whirlwind+1","Flex+1"],"picked":"SKIP","floor":36.0},{"not_picked":["Cleave","Replay:Undeath\u0027s Touch","Ghostly Armor+1"],"picked":"SKIP","floor":38.0},{"not_picked":["ReplayTheSpireMod:Strike From Hell+1","Warcry","Anger+1"],"picked":"SKIP","floor":40.0},{"not_picked":["Spot Weakness+1","Warcry","ReplayTheSpireMod:Strike From Hell+1"],"picked":"SKIP","floor":41.0},{"not_picked":["Shrug It Off+1","Replay:Undeath\u0027s Touch+1","Warcry+1"],"picked":"SKIP","floor":42.0},{"not_picked":["Rampage","Clothesline"],"picked":"True Grit+1","floor":44.0},{"not_picked":["Armaments+1","Shrug It Off+1","Wild Strike"],"picked":"SKIP","floor":45.0},{"not_picked":["Heavy Blade","Armaments+1","Metallicize+1"],"picked":"SKIP","floor":46.0},{"not_picked":["Dual Wield+1","Thunderclap","Clash"],"picked":"SKIP","floor":47.0},{"not_picked":["Uppercut","Headbutt","Eclipse+1"],"picked":"SKIP","floor":48.0}],"player_experience":498259,"relics_obtained":[{"floor":6.0,"key":"Blue Candle"},{"floor":9.0,"key":"Bronze Scales"},{"floor":10.0,"key":"Anchor"},{"floor":24.0,"key":"Orichalcum"},{"floor":26.0,"key":"Replay:Bandana"},{"floor":27.0,"key":"Bag of Preparation"},{"floor":31.0,"key":"Mango"},{"floor":40.0,"key":"ReplayTheSpireMod:Lightbulb"},{"floor":43.0,"key":"Toxic Egg 2"},{"floor":44.0,"key":"CaptainsWheel"},{"floor":46.0,"key":"testmod-Acrobat"}],"event_choices":[{"cards_removed":["Defend_R"],"damage_healed":0.0,"max_hp_gain":0.0,"max_hp_loss":0.0,"gold_gain":0.0,"event_name":"NoteForYourself","player_choice":"Took Card","floor":2.0,"gold_loss":0.0,"damage_taken":0.0,"cards_obtained":["Iron Wave"]},{"cards_removed":["Strike_R"],"damage_healed":0.0,"max_hp_gain":0.0,"max_hp_loss":0.0,"gold_gain":0.0,"event_name":"Living Wall","player_choice":"Forget","floor":12.0,"gold_loss":0.0,"damage_taken":0.0},{"damage_healed":0.0,"max_hp_gain":5.0,"max_hp_loss":0.0,"gold_gain":0.0,"event_name":"Forgotten Altar","player_choice":"Shed Blood","floor":28.0,"gold_loss":0.0,"damage_taken":20.0},{"cards_removed":["Iron Wave"],"damage_healed":0.0,"max_hp_gain":0.0,"max_hp_loss":0.0,"gold_gain":0.0,"event_name":"Falling","player_choice":"Removed Attack","floor":39.0,"gold_loss":0.0,"damage_taken":0.0},{"damage_healed":0.0,"max_hp_gain":0.0,"max_hp_loss":0.0,"gold_gain":0.0,"event_name":"MindBloom","player_choice":"Fight","floor":44.0,"gold_loss":0.0,"damage_taken":0.0}],"is_beta":false,"boss_relics":[{"not_picked":["testmod-BloodSacrificeSpiritualization","testmod-NegativeEmotionEnhancer"],"picked":"testmod-TimeTraveler"},{"not_picked":["testmod-SaigiyounoYou","Kintsugi"],"picked":"Replay:Drink Me"}],"items_purged_floors":[5,20],"is_endless":false,"potions_floor_spawned":[1,3,7,11,16,21,25,27,29,30,36,38,44,45,46],"ascension_level":0}}