{"host":"n91w9dq5l8qws978","time":1611342225,"event":{"mods":["BaseMod","Bestiary","Challenge The Spire","Custom Start","Defuse TimeMaze Blight","Keyboard Shortcuts","Minty Spire (QoL Compilation)","MonsterHotkey","Relic Stats","StSLib","Uncapped"],"gold_per_floor":[118,50,66,86,104,104,104,136,217,1367,5514,5514,5549,5586,5586,5657,5657,5677,5677,5596,5615,5615,5654,5654,5667,5667],"floor_reached":25,"language":"ENG","playtime":1006,"items_purged":[],"score":779,"play_id":"9c2a409a-96c3-484d-8470-78b5b2f3e93d","local_time":"20210122190345","is_ascension_mode":true,"campfire_choices":[{"data":"Predator","floor":6,"key":"SMITH"},{"data":"Accuracy","floor":12,"key":"SMITH"},{"data":"Accuracy","floor":15,"key":"SMITH"},{"data":"Accuracy","floor":24,"key":"SMITH"}],"circlet_count":2,"master_deck":["AscendersBane","Strike_G","Strike_G","Strike_G","Strike_G+1","Strike_G+1","Defend_G","Defend_G","Defend_G","Defend_G+1","Defend_G","Survivor+1","Neutralize","Dagger Spray+1","Accuracy+1","Predator+1","Cloak And Dagger+1","Doubt","Footwork","Accuracy+1","Accuracy+1","A Thousand Cuts","Infinite Blades","Mayhem","Quick Slash+1","Finisher+1","Accuracy+1","Cloak And Dagger+1","Cloak And Dagger+1","Noxious Fumes+1","Noxious Fumes+1"],"relics":["Ring of the Snake","Gambling Chip","Bottled Lightning","Smiling Mask","Membership Card","The Courier","Sling","Kunai","Bag of Preparation","MealTicket","Gremlin Horn","Orichalcum","Molten Egg 2","Lantern","Bag of Marbles","Bronze Scales","Letter Opener","Potion Belt","Tiny Chest","Toy Ornithopter","Mummified Hand","Mango","Happy Flower","PreservedInsect","Ginger","Ornamental Fan","Nunchaku","StoneCalendar","Oddly Smooth Stone","Bottled Tornado","Tough Bandages","Centennial Puzzle","HornCleat","Akabeko","The Specimen","Incense Burner","StrikeDummy","Frozen Egg 2","Shovel","Pear","Bird Faced Urn","War Paint","Anchor","Sundial","Ninja Scroll","InkBottle","Girya","Art of War","Blue Candle","Blood Vial","Shuriken","CeramicFish","Matryoshka","Snake Skull","Pen Nib","Juzu Bracelet","Boot","Whetstone","Regal Pillow","Singing Bowl","Eternal Feather","Question Card","Unceasing Top","Ancient Tea Set","Paper Crane","Dream Catcher","Vajra","Omamori","Toxic Egg 2","Mercury Hourglass","Pantograph","TungstenRod","Meat on the Bone","Bottled Flame","FossilizedHelix","Thread and Needle","Darkstone Periapt","Du-Vu Doll","Lizard Tail","Calipers","Ice Cream","Tingsha","Dead Branch","CaptainsWheel","Pocketwatch","Prayer Wheel","Torii","Turnip","WingedGreaves","Runic Pyramid","Circlet","Toolbox","Frozen Eye","Nloth\u0027s Gift"],"acts_visited":["Exordium","TheCity"],"potions_floor_usage":[5],"damage_taken":[{"damage":3,"enemies":"2 Louse","floor":1,"turns":4},{"damage":0,"enemies":"Small Slimes","floor":3,"turns":2},{"damage":6,"enemies":"Jaw Worm","floor":4,"turns":5},{"damage":10,"enemies":"Lots of Slimes","floor":5,"turns":4},{"damage":28,"enemies":"Gremlin Nob","floor":8,"turns":5},{"damage":0,"enemies":"3 Sentries","floor":13,"turns":1},{"damage":0,"enemies":"Exordium Wildlife","floor":14,"turns":1},{"damage":0,"enemies":"Slime Boss","floor":16,"turns":1},{"damage":0,"enemies":"Spheric Guardian","floor":18,"turns":1},{"damage":0,"enemies":"3 Byrds","floor":21,"turns":1},{"damage":0,"enemies":"Slavers","floor":23,"turns":1},{"damage":0,"enemies":"Shelled Parasite and Fungi","floor":25,"turns":1}],"seed_played":"6778534805810578308","potions_obtained":[{"floor":4,"key":"DistilledChaos"},{"floor":8,"key":"LiquidBronze"},{"floor":13,"key":"FearPotion"},{"floor":16,"key":"Block Potion"},{"floor":21,"key":"DistilledChaos"}],"is_trial":false,"path_per_floor":["M","$","M","M","M","R","?","E","T","?","$","R","E","M","R","B",null,"M","?","$","M","?","E","R","M"],"character_chosen":"THE_SILENT","items_purchased":["Accuracy","Sling","Kunai","Bag of Preparation","MealTicket","Gremlin Horn","Orichalcum","Molten Egg 2","Lantern","Bag of Marbles","Bronze Scales","Letter Opener","Potion Belt","Tiny Chest","Toy Ornithopter","Mummified Hand","Footwork","Accuracy","Accuracy","A Thousand Cuts","Infinite Blades","Mayhem","Mango","Quick Slash+1","Happy Flower","PreservedInsect","Ginger","Ornamental Fan","Nunchaku","StoneCalendar","Oddly Smooth Stone","Bottled Tornado","Tough Bandages","Centennial Puzzle","HornCleat","Akabeko","The Specimen","Incense Burner","StrikeDummy","Frozen Egg 2","Shovel","Pear","Bird Faced Urn","War Paint","Anchor","Sundial","Ninja Scroll","InkBottle","Girya","Art of War","Blue Candle","Blood Vial","Shuriken","CeramicFish","Matryoshka","Snake Skull","Pen Nib","Juzu Bracelet","Boot","Whetstone","Regal Pillow","Singing Bowl","Eternal Feather","Question Card","Unceasing Top","Ancient Tea Set","Paper Crane","Dream Catcher","Vajra","Omamori","Toxic Egg 2","Finisher+1","Mercury Hourglass","Pantograph","TungstenRod","Meat on the Bone","Bottled Flame","FossilizedHelix","Thread and Needle","Darkstone Periapt","Du-Vu Doll","Lizard Tail","Calipers","Ice Cream","Tingsha","Dead Branch","CaptainsWheel","Pocketwatch","Prayer Wheel","Torii","Turnip","WingedGreaves","Toolbox","Noxious Fumes+1"],"campfire_rested":0,"item_purchase_floors":[2,11,11,11,11,11,11,11,11,11,11,11,11,11,11,11,11,11,11,11,11,11,11,11,11,11,11,11,11,11,11,11,11,11,11,11,11,11,11,11,11,11,11,11,11,11,11,11,11,11,11,11,11,11,11,11,11,11,11,11,11,11,11,11,11,11,11,11,11,11,11,11,11,11,11,11,11,11,11,11,11,11,11,11,11,11,11,11,11,11,11,11,20,20],"current_hp_per_floor":[62,62,62,56,46,46,24,36,36,36,60,75,87,93,98,100,100,102,102,102,106,106,106,106,110,110],"gold":5667,"neow_bonus":"TEN_PERCENT_HP_BONUS","is_daily":false,"chose_seed":false,"campfire_upgraded":4,"win_rate":0.0,"timestamp":1611342225,"path_taken":["M","$","M","M","M","R","?","E","T","?","$","R","E","M","R","BOSS","M","?","$","M","?","E","R","M"],"items_purchased_type":["Card","Relic","Relic","Relic","Relic","Relic","Relic","Relic","Relic","Relic","Relic","Relic","Relic","Relic","Relic","Relic","Card","Card","Card","Card","Card","Card","Relic","Card","Relic","Relic","Relic","Relic","Relic","Relic","Relic","Relic","Relic","Relic","Relic","Relic","Relic","Relic","Relic","Relic","Relic","Relic","Relic","Relic","Relic","Relic","Relic","Relic","Relic","Relic","Relic","Relic","Relic","Relic","Relic","Relic","Relic","Relic","Relic","Relic","Relic","Relic","Relic","Relic","Relic","Relic","Relic","Relic","Relic","Relic","Relic","Card","Relic","Relic","Relic","Relic","Relic","Relic","Relic","Relic","Relic","Relic","Relic","Relic","Relic","Relic","Relic","Relic","Relic","Relic","Relic","Relic","Relic","Card"],"build_version":"2020-12-22","purchased_purges":0,"victory":false,"max_hp_per_floor":[72,72,72,72,72,72,72,72,72,72,96,96,98,98,98,100,100,102,102,102,106,106,106,106,110,110],"relic_stats":{"Gremlin Horn":[8,8],"CeramicFish":54,"Ginger":[0],"Whetstone":["Dagger Spray","Strike_G"],"Boot":[0],"Blood Vial":4,"Centennial Puzzle":[0],"Lizard Tail":0,"Sundial":[0],"MealTicket":0,"Prayer Wheel":4,"Kunai":[9],"Happy Flower":[2],"counters":[12,27],"Blue Candle":[0],"Dead Branch":[20],"Eternal Feather":20,"Tingsha":[39],"Pen Nib":[3],"Letter Opener":[0],"War Paint":["Cloak And Dagger","Defend_G"],"Question Card":11,"Shuriken":[9],"Bronze Scales":[0],"Bird Faced Urn":[12],"Nloth\u0027s Gift":0,"obtain_stats":[{"Ice Cream":11,"Calipers":11,"Gremlin Horn":11,"CeramicFish":11,"Vajra":11,"Ginger":11,"Whetstone":11,"Bottled Tornado":11,"Sling":11,"Boot":11,"Blood Vial":11,"Centennial Puzzle":11,"Lizard Tail":11,"HornCleat":11,"Sundial":11,"MealTicket":11,"Prayer Wheel":11,"Kunai":11,"Toxic Egg 2":11,"Girya":11,"Pear":11,"Happy Flower":11,"Blue Candle":11,"Dead Branch":11,"Oddly Smooth Stone":11,"Eternal Feather":11,"Tingsha":11,"Pen Nib":11,"Letter Opener":11,"War Paint":11,"Paper Crane":11,"Question Card":11,"Akabeko":11,"Du-Vu Doll":11,"Bottled Flame":11,"Shuriken":11,"Bronze Scales":11,"Bird Faced Urn":11,"Molten Egg 2":11,"Nloth\u0027s Gift":22,"StrikeDummy":11,"Unceasing Top":11,"Meat on the Bone":11,"Pocketwatch":11,"Darkstone Periapt":11,"Lantern":11,"Regal Pillow":11,"Singing Bowl":11,"Torii":11,"Mango":11,"StoneCalendar":11,"Snake Skull":11,"Bag of Preparation":11,"Incense Burner":11,"Juzu Bracelet":11,"Smiling Mask":10,"Ancient Tea Set":11,"Frozen Eye":20,"Nunchaku":11,"Tough Bandages":11,"Dream Catcher":11,"Shovel":11,"Matryoshka":11,"Mummified Hand":11,"Ninja Scroll":11,"Gambling Chip":8,"Pantograph":11,"Toolbox":20,"Tiny Chest":11,"WingedGreaves":11,"InkBottle":11,"Ring of the Snake":0,"Runic Pyramid":17,"Potion Belt":11,"The Specimen":11,"Circlet":19,"Thread and Needle":11,"The Courier":10,"PreservedInsect":11,"Omamori":11,"Orichalcum":11,"Frozen Egg 2":11,"Mercury Hourglass":11,"Anchor":11,"CaptainsWheel":11,"Ornamental Fan":11,"Turnip":11,"Bag of Marbles":11,"Art of War":11,"Bottled Lightning":9,"Membership Card":10,"Toy Ornithopter":11,"TungstenRod":11,"FossilizedHelix":11},{"Ice Cream":5,"Calipers":5,"Gremlin Horn":5,"CeramicFish":5,"Vajra":5,"Ginger":5,"Whetstone":5,"Bottled Tornado":5,"Sling":5,"Boot":5,"Blood Vial":5,"Centennial Puzzle":5,"Lizard Tail":5,"HornCleat":5,"Sundial":5,"MealTicket":5,"Prayer Wheel":5,"Kunai":5,"Toxic Egg 2":5,"Girya":5,"Pear":5,"Happy Flower":5,"Blue Candle":5,"Dead Branch":5,"Oddly Smooth Stone":5,"Eternal Feather":5,"Tingsha":5,"Pen Nib":5,"Letter Opener":5,"War Paint":5,"Paper Crane":5,"Question Card":5,"Akabeko":5,"Du-Vu Doll":5,"Bottled Flame":5,"Shuriken":5,"Bronze Scales":5,"Bird Faced Urn":5,"Molten Egg 2":5,"Nloth\u0027s Gift":10,"StrikeDummy":5,"Unceasing Top":5,"Meat on the Bone":5,"Pocketwatch":5,"Darkstone Periapt":5,"Lantern":5,"Regal Pillow":5,"Singing Bowl":5,"Torii":5,"Mango":5,"StoneCalendar":5,"Snake Skull":5,"Bag of Preparation":5,"Incense Burner":5,"Juzu Bracelet":5,"Smiling Mask":5,"Ancient Tea Set":5,"Frozen Eye":9,"Nunchaku":5,"Tough Bandages":5,"Dream Catcher":5,"Shovel":5,"Matryoshka":5,"Mummified Hand":5,"Ninja Scroll":5,"Gambling Chip":5,"Pantograph":5,"Toolbox":9,"Tiny Chest":5,"WingedGreaves":5,"InkBottle":5,"Ring of the Snake":0,"Runic Pyramid":8,"Potion Belt":5,"The Specimen":5,"Circlet":9,"Thread and Needle":5,"The Courier":5,"PreservedInsect":5,"Omamori":5,"Orichalcum":5,"Frozen Egg 2":5,"Mercury Hourglass":5,"Anchor":5,"CaptainsWheel":5,"Ornamental Fan":5,"Turnip":5,"Bag of Marbles":5,"Art of War":5,"Bottled Lightning":5,"Membership Card":5,"Toy Ornithopter":5,"TungstenRod":5,"FossilizedHelix":5},{"Ice Cream":20,"Calipers":20,"Gremlin Horn":20,"CeramicFish":20,"Vajra":20,"Ginger":20,"Whetstone":20,"Bottled Tornado":20,"Sling":20,"Boot":20,"Blood Vial":20,"Centennial Puzzle":20,"Lizard Tail":20,"HornCleat":20,"Sundial":20,"MealTicket":20,"Prayer Wheel":20,"Kunai":20,"Toxic Egg 2":20,"Girya":20,"Pear":20,"Happy Flower":20,"Blue Candle":20,"Dead Branch":20,"Oddly Smooth Stone":20,"Eternal Feather":20,"Tingsha":20,"Pen Nib":20,"Letter Opener":20,"War Paint":20,"Paper Crane":20,"Question Card":20,"Akabeko":20,"Du-Vu Doll":20,"Bottled Flame":20,"Shuriken":20,"Bronze Scales":20,"Bird Faced Urn":20,"Molten Egg 2":20,"Nloth\u0027s Gift":25,"StrikeDummy":20,"Unceasing Top":20,"Meat on the Bone":20,"Pocketwatch":20,"Darkstone Periapt":20,"Lantern":20,"Regal Pillow":20,"Singing Bowl":20,"Torii":20,"Mango":20,"StoneCalendar":20,"Snake Skull":20,"Bag of Preparation":20,"Incense Burner":20,"Juzu Bracelet":20,"Smiling Mask":20,"Ancient Tea Set":20,"Frozen Eye":24,"Nunchaku":20,"Tough Bandages":20,"Dream Catcher":20,"Shovel":20,"Matryoshka":20,"Mummified Hand":20,"Ninja Scroll":20,"Gambling Chip":20,"Pantograph":20,"Toolbox":24,"Tiny Chest":20,"WingedGreaves":20,"InkBottle":20,"Ring of the Snake":0,"Runic Pyramid":23,"Potion Belt":20,"The Specimen":20,"Circlet":24,"Thread and Needle":20,"The Courier":20,"PreservedInsect":20,"Omamori":20,"Orichalcum":20,"Frozen Egg 2":20,"Mercury Hourglass":20,"Anchor":20,"CaptainsWheel":20,"Ornamental Fan":20,"Turnip":20,"Bag of Marbles":20,"Art of War":20,"Bottled Lightning":20,"Membership Card":20,"Toy Ornithopter":20,"TungstenRod":20,"FossilizedHelix":20}],"Unceasing Top":[0],"Meat on the Bone":0,"Pocketwatch":[0],"Darkstone Periapt":0,"Regal Pillow":0,"Singing Bowl":14,"Torii":0,"StoneCalendar":[0],"Snake Skull":[0],"Bag of Preparation":[0],"Juzu Bracelet":0,"Smiling Mask":0,"Nunchaku":[3],"Tough Bandages":[48],"Dream Catcher":0,"Shovel":0,"Mummified Hand":[22],"Gambling Chip":[16],"Pantograph":0,"Tiny Chest":0,"InkBottle":[2],"Ring of the Snake":[21],"PreservedInsect":73,"Orichalcum":[6],"Mercury Hourglass":[39],"Ornamental Fan":[36],"Turnip":[0],"Art of War":[0],"Toy Ornithopter":0,"TungstenRod":0},"card_choices":[{"not_picked":["Dagger Throw","Bane"],"picked":"Dagger Spray","floor":1},{"not_picked":["Phantasmal Killer","Endless Agony"],"picked":"Predator","floor":3},{"not_picked":["Escape Plan","Slice","Underhanded Strike"],"picked":"SKIP","floor":4},{"not_picked":["PiercingWail","Catalyst","Outmaneuver"],"picked":"SKIP","floor":5},{"not_picked":["PiercingWail","Caltrops"],"picked":"Cloak And Dagger","floor":8},{"not_picked":["Quick Slash+1","Dagger Spray+1","Outmaneuver+1","Unload+1"],"picked":"Singing Bowl","floor":13},{"not_picked":["Skewer+1","Crippling Poison+1","Underhanded Strike+1"],"picked":"Accuracy+1","floor":14},{"not_picked":["Dodge and Roll+1","Prepared+1","Underhanded Strike+1"],"picked":"Cloak And Dagger+1","floor":14},{"not_picked":["Wraith Form v2+1","Tools of the Trade+1","Night Terror+1","Malaise+1"],"picked":"Singing Bowl","floor":16},{"not_picked":["Quick Slash+1","Endless Agony+1","Prepared+1","Poisoned Stab+1"],"picked":"Singing Bowl","floor":18},{"not_picked":["Endless Agony+1","Deadly Poison+1","Tactician+1"],"picked":"Cloak And Dagger+1","floor":18},{"not_picked":["Sucker Punch+1","Night Terror+1","Prepared+1","Bouncing Flask+1"],"picked":"Singing Bowl","floor":21},{"not_picked":["PiercingWail+1","Reflex+1","Setup+1","Slice+1"],"picked":"Singing Bowl","floor":21},{"not_picked":["Sucker Punch+1","Escape Plan+1","Night Terror+1"],"picked":"Noxious Fumes+1","floor":23},{"not_picked":["Noxious Fumes+1","Reflex+1","Flying Knee+1","Concentrate+1"],"picked":"Singing Bowl","floor":25},{"not_picked":["Dagger Throw+1","Poisoned Stab+1","Dodge and Roll+1","Blade Dance+1"],"picked":"Singing Bowl","floor":25}],"player_experience":407883,"relics_obtained":[{"floor":8,"key":"Gambling Chip"},{"floor":9,"key":"Bottled Lightning"},{"floor":23,"key":"Circlet"}],"event_choices":[{"damage_healed":0,"gold_gain":0,"player_choice":"Entered Light","damage_taken":22,"max_hp_gain":0,"max_hp_loss":0,"event_name":"Shining Light","floor":7,"gold_loss":0,"cards_upgraded":["Strike_G","Survivor"]},{"damage_healed":0,"gold_gain":150,"player_choice":"AGREE","damage_taken":0,"max_hp_gain":0,"max_hp_loss":0,"event_name":"Liars Game","floor":10,"gold_loss":0,"cards_obtained":["Doubt"]},{"damage_healed":0,"gold_gain":0,"player_choice":"Opened","damage_taken":0,"relics_obtained":["Circlet"],"max_hp_gain":0,"max_hp_loss":0,"event_name":"The Mausoleum","floor":19,"gold_loss":0,"cards_obtained":["Writhe"]},{"damage_healed":0,"gold_gain":0,"player_choice":"Traded Relic","damage_taken":0,"relics_obtained":["Nloth\u0027s Gift"],"max_hp_gain":0,"max_hp_loss":0,"event_name":"N\u0027loth","floor":22,"relics_lost":["Akabeko"],"gold_loss":0}],"is_beta":false,"boss_relics":[{"not_picked":["Ectoplasm","Calling Bell"],"picked":"Runic Pyramid"}],"items_purged_floors":[],"is_endless":false,"potions_floor_spawned":[4,8,13,16,21,23],"killed_by":"Shelled Parasite and Fungi","ascension_level":15}}