{"host":"0tx5hhfcaiyfjvb5","time":1611355162,"event":{"mods":["BaseMod","Downfall","Minty Spire (QoL Compilation)","StSLib"],"gold_per_floor":[99,99,99,18,31,42,42,142,142,157,105,255,265,329,344,344,344,344],"floor_reached":16,"language":"ENG","playtime":4807,"items_purged":[],"score":92,"play_id":"c70cf542-6405-445c-9f08-c19718c0329b","local_time":"20210122173922","is_ascension_mode":false,"campfire_choices":[{"data":"champ:Taunt","floor":1,"key":"SMITH"},{"floor":9,"key":"REST"}],"circlet_count":0,"master_deck":["champ:Strike","champ:Strike","champ:Strike","champ:Strike","champ:Defend","champ:Defend","champ:Defend","champ:Defend","champ:Execute","champ:Taunt+1","champ:FocusedBerserking","champ:PerfectedStrike","champ:SkillfulDodge","champ:GladiatorStyle","champ:StanceDance","champ:GutPunch","champ:SetATrap","champ:PreciseThrust","champ:BringItOn","champ:ShieldWall","champ:ShieldWall","champ:GutPunch","champ:BerserkersShout","champ:CheapShot"],"relics":["champ:ChampionCrown","downfall:HeartsMalice","Dream Catcher","downfall:CloakOfManyFaces","CultistMask","FaceOfCleric","NlothsMask","GremlinMask","SsserpentHead"],"acts_visited":["Exordium"],"potions_floor_usage":[14,14,15,16],"damage_taken":[{"damage":0,"enemies":"Jaw Worm","floor":2,"turns":1},{"damage":0,"enemies":"Cultist","floor":3,"turns":1},{"damage":0,"enemies":"downfall:FleeingMerchant","floor":4,"turns":1},{"damage":10,"enemies":"2 Louse","floor":5,"turns":3},{"damage":33,"enemies":"Large Slime","floor":6,"turns":7},{"damage":69,"enemies":"downfall:FaceTrader","floor":8,"turns":10},{"damage":30,"enemies":"Exordium Thugs","floor":10,"turns":5},{"damage":15,"enemies":"downfall:FleeingMerchant","floor":11,"turns":4},{"damage":21,"enemies":"Lots of Slimes","floor":13,"turns":5},{"damage":26,"enemies":"Gremlin Gang","floor":14,"turns":4},{"damage":6,"enemies":"3 Louse","floor":15,"turns":2},{"damage":3,"enemies":"IC_STATUS_ARCHETYPE","floor":16,"turns":2}],"seed_played":"7962081907072324393","potions_obtained":[{"floor":5,"key":"ColorlessPotion"},{"floor":8,"key":"CultistPotion"},{"floor":13,"key":"LiquidMemories"},{"floor":15,"key":"SkillPotion"}],"is_trial":false,"path_per_floor":["R","M","M","$","M","M","T","?","R","M","$","?","M","M","M","B"],"character_chosen":"THE_CHAMP","items_purchased":["champ:GladiatorStyle","champ:ShieldWall"],"campfire_rested":1,"item_purchase_floors":[4,11],"current_hp_per_floor":[90,90,90,90,90,77,77,38,65,46,42,42,27,7,2,0,0,0],"gold":344,"neow_bonus":"THREE_ENEMY_KILL","is_daily":false,"chose_seed":false,"campfire_upgraded":1,"win_rate":0.0,"timestamp":1611355162,"path_taken":["R","M","M","$","M","M","T","?","R","M","$","?","M","?","M","BOSS"],"items_purchased_type":["Card","Card"],"build_version":"2020-12-22","purchased_purges":0,"victory":false,"max_hp_per_floor":[90,90,90,90,90,90,90,90,90,91,92,92,93,94,95,95,95,95],"card_choices":[{"not_picked":["champ:BringItOn","champ:CrookedStrike"],"picked":"champ:FocusedBerserking","floor":2},{"not_picked":["champ:StanceDance","champ:CrownThrow"],"picked":"champ:PerfectedStrike","floor":3},{"not_picked":["champ:PreciseThrust","champ:CrownThrow"],"picked":"champ:SkillfulDodge","floor":4},{"not_picked":["champ:FanOfKnives","champ:Haymaker"],"picked":"champ:StanceDance","floor":5},{"not_picked":["champ:BladeFlurry","champ:AdrenalArmor"],"picked":"champ:GutPunch","floor":6},{"not_picked":["champ:BladeFlurry","champ:PreemptiveStrike"],"picked":"champ:SetATrap","floor":8},{"not_picked":["champ:Duel","champ:StanceDance"],"picked":"champ:PreciseThrust","floor":9},{"not_picked":["champ:BerserkersShout","champ:FalseCounter"],"picked":"champ:BringItOn","floor":10},{"not_picked":["champ:SkillfulDodge","champ:PerfectedStrike"],"picked":"champ:ShieldWall","floor":11},{"not_picked":["champ:PerfectedStrike","champ:CrownThrow"],"picked":"champ:GutPunch","floor":13},{"not_picked":["champ:FanOfKnives","champ:Circumvent"],"picked":"champ:BerserkersShout","floor":14},{"not_picked":["champ:Backstep","champ:IronFortress"],"picked":"champ:CheapShot","floor":15}],"player_experience":316272,"relics_obtained":[{"floor":7,"key":"Dream Catcher"},{"floor":8,"key":"downfall:CloakOfManyFaces"}],"event_choices":[],"is_beta":false,"boss_relics":[],"items_purged_floors":[],"is_endless":false,"potions_floor_spawned":[5,8,13,15],"killed_by":"IC_STATUS_ARCHETYPE","ascension_level":0}}