{"host":"axuns55dzq466eei","time":1611324224,"event":{"mods":["BaseMod","Colored Map","Keyboard Shortcuts","Minty Spire (QoL Compilation)","StSLib","SuperFastMode"],"gold_per_floor":[110,110,121,396,102,132,151,168,193,193,206,227,227,255,267,279,279],"floor_reached":16,"language":"KOR","playtime":267,"items_purged":["Regret"],"score":270,"play_id":"e939d943-9585-4a6b-88b4-03d6903314d0","local_time":"20210122230344","is_ascension_mode":true,"campfire_choices":[{"data":"Defragment","floor":10,"key":"SMITH"},{"floor":13,"key":"REST"},{"data":"Chaos","floor":15,"key":"SMITH"}],"circlet_count":0,"master_deck":["AscendersBane","Strike_B","Strike_B","Strike_B","Defend_B","Defend_B","Defend_B","Defend_B","Zap","Dualcast","Rebound","Rainbow","Coolheaded","Chaos+1","Defragment+1","Auto Shields"],"relics":["Cracked Core","NeowsBlessing","ClockworkSouvenir","Blood Vial","Art of War","Odd Mushroom","MawBank"],"acts_visited":["Exordium"],"potions_floor_usage":[14,14],"damage_taken":[{"damage":0,"enemies":"Jaw Worm","floor":1,"turns":1},{"damage":0,"enemies":"Small Slimes","floor":3,"turns":1},{"damage":0,"enemies":"Lagavulin","floor":6,"turns":1},{"damage":4,"enemies":"Cultist","floor":7,"turns":4},{"damage":0,"enemies":"2 Fungi Beasts","floor":8,"turns":4},{"damage":9,"enemies":"3 Louse","floor":11,"turns":4},{"damage":23,"enemies":"The Mushroom Lair","floor":12,"turns":4},{"damage":22,"enemies":"Gremlin Nob","floor":14,"turns":4},{"damage":34,"enemies":"Hexaghost","floor":16,"turns":9}],"seed_played":"4527863211977151198","potions_obtained":[{"floor":6,"key":"PowerPotion"},{"floor":8,"key":"Dexterity Potion"},{"floor":12,"key":"EssenceOfDarkness"},{"floor":14,"key":"Ancient Potion"}],"is_trial":false,"path_per_floor":["M","?","M","?","$","E","M","M","T","R","M","?","R","E","R","B"],"character_chosen":"DEFECT","items_purchased":["ClockworkSouvenir","Coolheaded"],"campfire_rested":1,"item_purchase_floors":[5,5],"current_hp_per_floor":[64,57,57,57,57,57,55,57,57,57,50,29,50,30,30,0,0],"gold":279,"neow_bonus":"THREE_ENEMY_KILL","is_daily":false,"chose_seed":false,"campfire_upgraded":2,"win_rate":0.0,"timestamp":1611324224,"path_taken":["M","?","M","?","$","E","M","?","T","R","M","?","R","E","R","BOSS"],"items_purchased_type":["Relic","Card"],"build_version":"2020-12-22","purchased_purges":1,"victory":false,"max_hp_per_floor":[71,71,71,71,71,71,71,71,71,71,71,71,71,71,71,71,71],"card_choices":[{"not_picked":["Go for the Eyes","Redo"],"picked":"Rebound","floor":1},{"not_picked":["Go for the Eyes","Scrape"],"picked":"Rainbow","floor":3},{"not_picked":["Conserve Battery","Skim"],"picked":"Chaos","floor":6},{"not_picked":["Leap","Reprogram"],"picked":"Defragment","floor":7},{"not_picked":["Skim","Genetic Algorithm"],"picked":"Auto Shields","floor":8},{"not_picked":["Reprogram","Reinforced Body","Barrage"],"picked":"SKIP","floor":11},{"not_picked":["Chill","Sweeping Beam","Streamline"],"picked":"SKIP","floor":14}],"player_experience":1099120,"relics_obtained":[{"floor":6,"key":"Blood Vial"},{"floor":9,"key":"Art of War"},{"floor":12,"key":"Odd Mushroom"},{"floor":14,"key":"MawBank"}],"event_choices":[{"cards_removed":["Strike_B"],"damage_healed":0,"gold_gain":0,"player_choice":"Card Removal","damage_taken":7,"max_hp_gain":0,"max_hp_loss":0,"event_name":"Golden Wing","floor":2,"gold_loss":0},{"damage_healed":0,"gold_gain":275,"player_choice":"Desecrate","damage_taken":0,"max_hp_gain":0,"max_hp_loss":0,"event_name":"Golden Shrine","floor":4,"gold_loss":0,"cards_obtained":["Regret"]},{"damage_healed":0,"gold_gain":0,"player_choice":"Fought Mushrooms","damage_taken":0,"max_hp_gain":0,"max_hp_loss":0,"event_name":"Mushrooms","floor":12,"gold_loss":0}],"is_beta":false,"boss_relics":[],"items_purged_floors":[5],"is_endless":false,"potions_floor_spawned":[6,8,12,14],"killed_by":"Hexaghost","ascension_level":20}}