{"host":"guv5thfpx4d8ikzb","time":1611276367,"event":{"mods":["2.2 Compatiblity","AchievementEnabler","BaseMod","Block Reminder","Colored Map","Colored Powertips","Downfall","Minty Spire (QoL Compilation)","Permanent Neow","Quick Restart","Relic Stats","StSLib"],"gold_per_floor":[99,117,128,128,144,163,208,223,242,276,276,176,201,301,318,416,416,316,329,329,329,329,359,359,132,232,267,297,330,230,265,284,382,382,382,402,402,416,169,200,225,252,252,282,43,76,76,96,106,106,106,132,23,23,23,23],"floor_reached":57,"language":"ENG","playtime":4865,"items_purged":["bronze:Defend","bronze:Defend"],"score":2131,"play_id":"43550781-3513-4c04-9216-039780b0d56f","local_time":"20210121194607","is_ascension_mode":true,"campfire_choices":[{"floor":1,"key":"RECALL"},{"data":"bronze:MaxOutput","floor":12,"key":"SMITH"},{"data":"bronze:Repair","floor":18,"key":"SMITH"},{"data":"bronze:Mutator","floor":30,"key":"SMITH"},{"data":"bronze:FindAndReplace","floor":35,"key":"SMITH"},{"data":"bronze:MaxOutput","floor":43,"key":"SMITH"},{"floor":54,"key":"DIG"}],"circlet_count":0,"master_deck":["bronze:Defend","bronze:Replicate+1","bronze:GetLatest+1","bronze:Return+1","bronze:OilSpill+1","bronze:Fortify","bronze:OilSpill+1","bronze:GetLatest+1","bronze:Repair+1","bronze:Constructor+1","bronze:Boost+1","bronze:BronzeOrb+1","bronze:HardenedForm+1","bronze:Shell+1","bronze:Flail+1","bronze:CutThrough+1","bronze:Mutator+1","bronze:ChildClass+1","bronze:Constructor+1","bronze:CloningBeam+1","bronze:FunctionCard","bronze:TinkerersToolbox+1","J.A.X.+1","bronze:Goto+1","bronze:ItsAFeature+1","bronze:FindAndReplace+1","bronze:OilSpill+1","bronze:MaxOutput+1","bronze:MaxOutput+1","bronze:FindAndReplace+1","bronze:InfiniteBeams+1","bronze:Safeguard+1","bronze:ClassDefault+1","bronze:ItsAFeature+1","bronze:Fortify+1","bronze:FunctionCard"],"relics":["bronze:BronzeCore","Juzu Bracelet","Oddly Smooth Stone","downfall:HeartBlessingRed","bronze:SilverBullet","Coffee Dripper","downfall:HeartBlessingGreen","Nloth\u0027s Gift","Guardian:PocketSentry","Ancient Tea Set","Anchor","Torii","MutagenicStrength","Bag of Marbles","Pen Nib","The Courier","downfall:HeartBlessingBlue","Ice Cream","expansioncontent:StudyCardRelic","OrangePellets","Centennial Puzzle","Blood Vial","Akabeko","Shovel","Regal Pillow","Nunchaku","Boot","Strawberry","MealTicket","Potion Belt","InkBottle","Ginger","Lantern","Mummified Hand","War Paint","PreservedInsect","hexamod:BolsterEngine","Dead Branch","WingedGreaves","bronze:ProtectiveGoggles","Bronze Scales","DollysMirror","TungstenRod","Bag of Preparation","Ornamental Fan","Orichalcum","Whetstone","Pear"],"acts_visited":["Exordium","TheCity","TheBeyond","TheEnding"],"potions_floor_usage":[10,25,55,56,56],"damage_taken":[{"damage":7,"enemies":"Jaw Worm","floor":2,"turns":2},{"damage":0,"enemies":"Cultist","floor":3,"turns":2},{"damage":0,"enemies":"Small Slimes","floor":5,"turns":2},{"damage":14,"enemies":"Gremlin Gang","floor":6,"turns":4},{"damage":0,"enemies":"2 Fungi Beasts","floor":8,"turns":2},{"damage":0,"enemies":"Large Slime","floor":9,"turns":5},{"damage":5,"enemies":"Gremlin Nob","floor":10,"turns":4},{"damage":0,"enemies":"Lagavulin","floor":13,"turns":5},{"damage":0,"enemies":"Gremlin Gang","floor":15,"turns":2},{"damage":28,"enemies":"DF_ARCHETYPE_STREAMLINE","floor":16,"turns":8},{"damage":0,"enemies":"Chosen","floor":19,"turns":3},{"damage":0,"enemies":"Book of Stabbing","floor":23,"turns":4},{"damage":0,"enemies":"downfall:FleeingMerchant","floor":25,"turns":4},{"damage":0,"enemies":"downfall:Augmenter","floor":26,"turns":5},{"damage":3,"enemies":"Gremlin Leader","floor":27,"turns":3},{"damage":3,"enemies":"Book of Stabbing","floor":28,"turns":2},{"damage":3,"enemies":"Slavers","floor":29,"turns":4},{"damage":0,"enemies":"Book of Stabbing","floor":31,"turns":1},{"damage":3,"enemies":"Spheric Guardian","floor":32,"turns":1},{"damage":3,"enemies":"SI_MIRROR_ARCHETYPE","floor":33,"turns":5},{"damage":0,"enemies":"Orb Walker","floor":36,"turns":1},{"damage":0,"enemies":"3 Shapes","floor":38,"turns":1},{"damage":0,"enemies":"Giant Head","floor":40,"turns":4},{"damage":0,"enemies":"Reptomancer","floor":42,"turns":1},{"damage":0,"enemies":"Nemesis","floor":44,"turns":1},{"damage":3,"enemies":"Giant Head","floor":46,"turns":2},{"damage":0,"enemies":"Writhing Mass","floor":48,"turns":2},{"damage":0,"enemies":"4 Shapes","floor":49,"turns":1},{"damage":0,"enemies":"WA_ARCHETYPE_DIVINITY","floor":50,"turns":4},{"damage":0,"enemies":"downfall:CharBossMerchant","floor":52,"turns":3},{"damage":2,"enemies":"downfall:NeowBoss","floor":55,"turns":6},{"damage":2,"enemies":"downfall:NeowBossFinal","floor":56,"turns":4}],"seed_played":"2521550051476983503","potions_obtained":[{"floor":2,"key":"GamblersBrew"},{"floor":6,"key":"BlessingOfTheForge"},{"floor":9,"key":"AttackPotion"},{"floor":13,"key":"Explosive Potion"},{"floor":26,"key":"DistilledChaos"},{"floor":28,"key":"bronze:BuildAFunctionPotion"},{"floor":44,"key":"SteroidPotion"},{"floor":48,"key":"FairyPotion"}],"is_trial":false,"path_per_floor":["R","M","M","?","M","M","T","M","M","E","?","R","E","?","M","B",null,"R","M","?","?","?","E","T","$","?","E","E","E","R","E","M","B",null,"R","M","?","M","$","E","T","E","R","E","$","E","?","M","M","B",null,"E","$","R","B","B",null],"character_chosen":"THE_AUTOMATON","items_purchased":["Anchor","Torii","OrangePellets","bronze:MaxOutput","Centennial Puzzle","Blood Vial","Akabeko","Shovel","Regal Pillow","Nunchaku","Boot","Strawberry","MealTicket","Potion Belt","InkBottle","Ginger","Lantern","Dead Branch","DollysMirror","TungstenRod","Bag of Preparation","Ornamental Fan","Orichalcum","Whetstone"],"campfire_rested":0,"item_purchase_floors":[25,25,39,39,39,39,39,39,39,39,39,39,39,39,39,39,39,45,53,53,53,53,53,53],"current_hp_per_floor":[70,63,63,63,63,56,56,63,70,65,65,65,70,70,70,49,70,70,70,70,70,70,70,70,70,70,70,67,70,80,80,77,80,80,80,80,80,80,87,87,87,87,87,87,87,87,87,87,87,87,87,87,87,97,97,95],"gold":23,"neow_bonus":"TRANSFORM_TWO_CARDS","is_daily":false,"chose_seed":false,"campfire_upgraded":5,"win_rate":0.0,"timestamp":1611276367,"path_taken":["R","M","M","?","M","?","T","M","M","E","?","R","E","?","M","BOSS","R","M","?","?","?","E","T","$","?","E","E","E","R","E","M","BOSS","R","M","?","M","$","E","T","E","R","E","$","E","?","M","M","BOSS","E","$","R","BOSS","BOSS"],"items_purchased_type":["Relic","Relic","Relic","Card","Relic","Relic","Relic","Relic","Relic","Relic","Relic","Relic","Relic","Relic","Relic","Relic","Relic","Relic","Relic","Relic","Relic","Relic","Relic","Relic"],"build_version":"2020-12-22","purchased_purges":2,"victory":true,"max_hp_per_floor":[70,70,70,70,70,70,70,70,70,70,70,70,70,70,70,70,70,70,70,70,70,70,70,70,70,70,70,70,70,80,80,80,80,80,80,80,80,80,87,87,87,87,87,87,87,87,87,87,87,87,87,87,87,97,97,97],"relic_stats":{"Regal Pillow":0,"Torii":3,"Juzu Bracelet":3,"Bag of Preparation":[4],"Ginger":[10],"Whetstone":["bronze:OilSpill","bronze:CloningBeam"],"Boot":[1],"Blood Vial":0,"Centennial Puzzle":[8],"Nunchaku":[10],"Shovel":1,"Mummified Hand":[80],"MealTicket":0,"InkBottle":[26],"counters":[32,96],"Dead Branch":[57],"Pen Nib":[13],"PreservedInsect":272,"War Paint":["bronze:ChildClass","bronze:Constructor"],"Orichalcum":[6],"OrangePellets":[37],"Ornamental Fan":[32],"Bronze Scales":[15],"Nloth\u0027s Gift":10,"obtain_stats":[{"Ice Cream":31,"Regal Pillow":39,"Lantern":39,"bronze:BronzeCore":0,"Torii":25,"downfall:HeartBlessingGreen":18,"Juzu Bracelet":7,"expansioncontent:StudyCardRelic":34,"Bag of Preparation":53,"Ginger":39,"Whetstone":53,"Ancient Tea Set":23,"Boot":39,"Blood Vial":39,"Centennial Puzzle":39,"Nunchaku":39,"Shovel":39,"downfall:HeartBlessingBlue":30,"Mummified Hand":40,"DollysMirror":53,"Strawberry":39,"MealTicket":39,"WingedGreaves":21,"InkBottle":39,"Potion Belt":39,"Pear":54,"downfall:HeartBlessingRed":12,"Dead Branch":45,"Oddly Smooth Stone":10,"Pen Nib":28,"The Courier":29,"PreservedInsect":42,"Guardian:PocketSentry":21,"War Paint":41,"Orichalcum":53,"Akabeko":39,"OrangePellets":39,"Anchor":25,"bronze:ProtectiveGoggles":46,"Ornamental Fan":53,"MutagenicStrength":26,"Bronze Scales":52,"Coffee Dripper":17,"Nloth\u0027s Gift":21,"Bag of Marbles":27,"hexamod:BolsterEngine":44,"bronze:SilverBullet":13,"TungstenRod":53},{"Ice Cream":18,"Regal Pillow":22,"Lantern":22,"bronze:BronzeCore":0,"Torii":13,"downfall:HeartBlessingGreen":10,"Juzu Bracelet":4,"expansioncontent:StudyCardRelic":20,"Bag of Preparation":30,"Ginger":22,"Whetstone":30,"Ancient Tea Set":12,"Boot":22,"Blood Vial":22,"Centennial Puzzle":22,"Nunchaku":22,"Shovel":22,"downfall:HeartBlessingBlue":17,"Mummified Hand":23,"DollysMirror":30,"Strawberry":22,"MealTicket":22,"WingedGreaves":11,"InkBottle":22,"Potion Belt":22,"Pear":30,"downfall:HeartBlessingRed":7,"Dead Branch":25,"Oddly Smooth Stone":7,"Pen Nib":16,"The Courier":17,"PreservedInsect":24,"Guardian:PocketSentry":11,"War Paint":23,"Orichalcum":30,"Akabeko":22,"OrangePellets":22,"Anchor":13,"bronze:ProtectiveGoggles":26,"Ornamental Fan":30,"MutagenicStrength":14,"Bronze Scales":30,"Coffee Dripper":10,"Nloth\u0027s Gift":11,"Bag of Marbles":15,"hexamod:BolsterEngine":25,"bronze:SilverBullet":8,"TungstenRod":30},{"Ice Cream":61,"Regal Pillow":68,"Lantern":68,"bronze:BronzeCore":0,"Torii":47,"downfall:HeartBlessingGreen":36,"Juzu Bracelet":10,"expansioncontent:StudyCardRelic":66,"Bag of Preparation":86,"Ginger":68,"Whetstone":86,"Ancient Tea Set":43,"Boot":68,"Blood Vial":68,"Centennial Puzzle":68,"Nunchaku":68,"Shovel":68,"downfall:HeartBlessingBlue":60,"Mummified Hand":72,"DollysMirror":86,"Strawberry":68,"MealTicket":68,"WingedGreaves":39,"InkBottle":68,"Potion Belt":68,"Pear":86,"downfall:HeartBlessingRed":21,"Dead Branch":74,"Oddly Smooth Stone":21,"Pen Nib":56,"The Courier":60,"PreservedInsect":73,"Guardian:PocketSentry":39,"War Paint":72,"Orichalcum":86,"Akabeko":68,"OrangePellets":68,"Anchor":47,"bronze:ProtectiveGoggles":76,"Ornamental Fan":86,"MutagenicStrength":52,"Bronze Scales":86,"Coffee Dripper":36,"Nloth\u0027s Gift":39,"Bag of Marbles":55,"hexamod:BolsterEngine":74,"bronze:SilverBullet":26,"TungstenRod":86}],"TungstenRod":3},"card_choices":[{"not_picked":["bronze:Separator","bronze:BuggyMess"],"picked":"bronze:BronzeOrb","floor":2},{"not_picked":["bronze:Shell","bronze:DigitalCarnage"],"picked":"bronze:Fortify","floor":3},{"not_picked":["bronze:Safeguard","bronze:Frontload"],"picked":"bronze:Repair","floor":5},{"not_picked":["bronze:Iterate","bronze:DelayedSlice"],"picked":"bronze:Constructor","floor":6},{"not_picked":["bronze:Turbo","bronze:ChosenStrike"],"picked":"bronze:Boost","floor":8},{"not_picked":["bronze:Iterate","bronze:BronzeOrb","bronze:WildBeam"],"picked":"SKIP","floor":9},{"not_picked":["bronze:Constructor","bronze:InfiniteBeams"],"picked":"bronze:MaxOutput","floor":10},{"not_picked":["bronze:ThunderWave","bronze:Backtrace"],"picked":"bronze:Shell","floor":13},{"not_picked":["bronze:Overheat","bronze:Overload"],"picked":"bronze:Flail","floor":15},{"not_picked":["bronze:ShipIt","bronze:TinkerersToolbox"],"picked":"bronze:HardenedForm","floor":16},{"not_picked":["bronze:Terminator","bronze:BronzeArmor"],"picked":"bronze:CutThrough+1","floor":19},{"not_picked":["bronze:TinkerersToolbox","bronze:Overheat"],"picked":"bronze:Mutator","floor":23},{"not_picked":["bronze:Overheat","bronze:ForceShield","bronze:Shell"],"picked":"SKIP","floor":25},{"not_picked":[],"picked":"J.A.X.","floor":26},{"not_picked":["bronze:Hardcode","bronze:CutThrough","bronze:Allocate"],"picked":"SKIP","floor":27},{"not_picked":["bronze:Overheat+1","bronze:BronzeArmor"],"picked":"bronze:CloningBeam","floor":28},{"not_picked":["bronze:Allocate","bronze:Mutator"],"picked":"bronze:TinkerersToolbox","floor":29},{"not_picked":["bronze:CutThrough+1","bronze:DarkDash+1","bronze:BitShift"],"picked":"SKIP","floor":31},{"not_picked":["bronze:Constructor","bronze:Flail"],"picked":"bronze:ItsAFeature+1","floor":32},{"not_picked":["bronze:Hardcode","bronze:SpaghettiCode"],"picked":"bronze:FindAndReplace","floor":33},{"not_picked":["bronze:CutThrough","bronze:FollowUp+1"],"picked":"bronze:OilSpill","floor":36},{"not_picked":["bronze:Allocate","bronze:Invalidate","bronze:HyperBeam"],"picked":"SKIP","floor":38},{"not_picked":["bronze:Allocate","bronze:Invalidate","bronze:HyperBeam"],"picked":"SKIP","floor":38},{"not_picked":["bronze:Mutator","bronze:CleanCode","bronze:Shell"],"picked":"SKIP","floor":40},{"not_picked":["bronze:ShipIt","bronze:Backtrace"],"picked":"bronze:InfiniteBeams+1","floor":42},{"not_picked":["bronze:WhirlingStrike+1","bronze:DelayedSlice"],"picked":"bronze:Safeguard+1","floor":44},{"not_picked":["bronze:AlphaBuild","bronze:Mutator"],"picked":"bronze:ItsAFeature+1","floor":46},{"not_picked":["bronze:Shield","bronze:NullPointer","bronze:BronzeArmor"],"picked":"SKIP","floor":48},{"not_picked":["bronze:Separator+1","bronze:DelayedSlice+1","bronze:WildBeam+1"],"picked":"SKIP","floor":49},{"not_picked":["bronze:ClassDefault","bronze:Separator+1"],"picked":"bronze:Fortify+1","floor":52}],"player_experience":1079901,"relics_obtained":[{"floor":7,"key":"Juzu Bracelet"},{"floor":10,"key":"Oddly Smooth Stone"},{"floor":13,"key":"bronze:SilverBullet"},{"floor":23,"key":"Ancient Tea Set"},{"floor":26,"key":"MutagenicStrength"},{"floor":27,"key":"Bag of Marbles"},{"floor":28,"key":"Pen Nib"},{"floor":29,"key":"The Courier"},{"floor":31,"key":"Ice Cream"},{"floor":40,"key":"Mummified Hand"},{"floor":41,"key":"War Paint"},{"floor":42,"key":"PreservedInsect"},{"floor":44,"key":"hexamod:BolsterEngine"},{"floor":46,"key":"bronze:ProtectiveGoggles"},{"floor":52,"key":"Bronze Scales"},{"floor":54,"key":"Pear"}],"event_choices":[],"is_beta":false,"boss_relics":[{"not_picked":["Philosopher\u0027s Stone","SlaversCollar"],"picked":"Coffee Dripper"},{"not_picked":["Black Star","Runic Dome"],"picked":"expansioncontent:StudyCardRelic"}],"items_purged_floors":[25,53],"is_endless":false,"potions_floor_spawned":[2,6,9,13,15,16,26,28,29,31,44,48,49,52],"ascension_level":2}}