{"host":"hb254truj5uxpodn","time":1611307569,"event":{"mods":["2.2 Compatiblity","AchievementEnabler","Aspiration","BaseMod","Bestiary","Better Altar","Better Match","Better Note","Better Sensory Stone","Better Skull","Better Third Choice","Better Vampires","BetterRewards","CapriCore","Clockwork Mod","Colored Map","Colored Powertips","Conspire","Energized Spire","Friendly Minions","GifTheSpireLib","Highlight Path","Hubris","Infinite Spire","Minty Spire (QoL Compilation)","Permanent Neow","Practice Mode","Quick Restart","Relic Stats","Replay The Spire","Shop Mod","Spicy Shops","StSLib","SuperFastMode","Uncapped","vexMod"],"gold_per_floor":[112,37,52,67,55,55,84,96,96,96,21,36,36,36,36,136,136,150,163,174,174,194,194,194,214,214,232,232,249,265,265,265,370,370,383,383,396,396,409,429,449,467,467,467,491,510,527,527,527,527,527,527,104,129,129],"floor_reached":56,"language":"ENG","playtime":3612,"items_purged":["Clockwork:Strike","Clockwork:Strike","Clockwork:Shield","Clockwork:Shield","Clockwork:Shield+1"],"score":1259,"play_id":"cc82c805-e5ca-4373-bf37-c8a18f5c98fd","local_time":"20210122012609","is_ascension_mode":false,"campfire_choices":[{"floor":6,"key":"RECALL"},{"data":"Clockwork:WarmUp","floor":10,"key":"SMITH"},{"data":"Clockwork:Roundhouse","floor":13,"key":"SMITH"},{"floor":15,"key":"REST"},{"data":"Clockwork:Shield","floor":23,"key":"SMITH"},{"floor":28,"key":"REST"},{"floor":32,"key":"REST"},{"data":"Clockwork:RampUp","floor":44,"key":"SMITH"},{"data":"Finesse","floor":49,"key":"SMITH"},{"data":"Clockwork:Shield","floor":52,"key":"SMITH"}],"circlet_count":0,"master_deck":["infinitespire:Collect+1","Clockwork:Shield+1","Clockwork:Tinker+1","Clockwork:WarmUp+1","Clockwork:ReactiveNanites+1","Clockwork:Roundhouse+1","Clockwork:EnthusiasticStrike+1","Clockwork:SystemHardening+1","Clockwork:RampUp+1","Finesse+1"],"relics":["Clockwork:MomentumEngine","Bag of Marbles","SacredBark","Sundial","Replay:PocketPolymizer","Clockwork:PerpetualMotionMachine","Toolbox","Pantograph","vexMod:FocusSash","ReplayTheSpireMod:Ninjato"],"acts_visited":["Exordium","TheCity","TheBeyond","TheEnding"],"potions_floor_usage":[53,53,55,55],"damage_taken":[{"damage":0,"enemies":"Small Slimes","floor":1,"turns":4},{"damage":1,"enemies":"Cultist","floor":3,"turns":7},{"damage":0,"enemies":"Jaw Worm","floor":4,"turns":6},{"damage":14,"enemies":"Exordium Thugs","floor":5,"turns":4},{"damage":9,"enemies":"Replay:BlueRogue","floor":7,"turns":8},{"damage":0,"enemies":"3 Louse","floor":8,"turns":4},{"damage":0,"enemies":"Lots of Slimes","floor":12,"turns":3},{"damage":0,"enemies":"The Guardian","floor":16,"turns":12},{"damage":7,"enemies":"3 Byrds","floor":18,"turns":5},{"damage":1,"enemies":"Shell Parasite","floor":19,"turns":7},{"damage":15,"enemies":"Snake Plant","floor":20,"turns":6},{"damage":0,"enemies":"3 Cultists","floor":22,"turns":2},{"damage":0,"enemies":"Cultist and Chosen","floor":25,"turns":5},{"damage":0,"enemies":"Centurion and Healer","floor":27,"turns":2},{"damage":0,"enemies":"Shelled Parasite and Fungi","floor":29,"turns":2},{"damage":26,"enemies":"Snecko","floor":30,"turns":8},{"damage":0,"enemies":"Automaton","floor":33,"turns":2},{"damage":0,"enemies":"Orb Walker","floor":35,"turns":2},{"damage":8,"enemies":"3 Shapes","floor":37,"turns":3},{"damage":0,"enemies":"3 Darklings","floor":39,"turns":2},{"damage":0,"enemies":"Jaw Worm Horde","floor":40,"turns":2},{"damage":0,"enemies":"Writhing Mass","floor":41,"turns":1},{"damage":1,"enemies":"Sphere and 2 Shapes","floor":42,"turns":2},{"damage":0,"enemies":"3 Darklings","floor":46,"turns":2},{"damage":0,"enemies":"Transient","floor":47,"turns":2},{"damage":0,"enemies":"Awakened One","floor":50,"turns":4},{"damage":0,"enemies":"Shield and Spear","floor":54,"turns":1},{"damage":3,"enemies":"The Heart","floor":55,"turns":1}],"seed_played":"1767868789250554031","potions_obtained":[{"floor":3,"key":"Explosive Potion"},{"floor":4,"key":"FearPotion"},{"floor":7,"key":"infinitespire:BlackPotion"},{"floor":8,"key":"Energy Potion"},{"floor":21,"key":"CultistPotion"}],"is_trial":false,"path_per_floor":["M","?","M","M","M","R","E","M","T","R","$","M","R","?","R","B",null,"M","M","M","?","M","R","?","M","T","M","R","M","M","AVR","R","B",null,"M","AVR","M","?","M","M","M","M","T","R","T","M","M","?","R","B",null,"R","$","E","B",null],"character_chosen":"CLOCKWORK","items_purchased":["Fruit Juice"],"campfire_rested":3,"item_purchase_floors":[53],"current_hp_per_floor":[85,85,84,84,70,70,61,61,61,61,61,61,61,61,85,85,85,78,77,62,62,62,62,62,62,62,62,85,85,59,59,84,84,85,85,85,77,77,77,77,77,76,76,76,76,76,76,76,76,85,85,85,105,105,102],"gold":129,"neow_bonus":"UPGRADE_CARD","is_daily":false,"chose_seed":false,"campfire_upgraded":6,"win_rate":0.0,"timestamp":1611307569,"path_taken":["M","?","M","M","M","R","E","M","T","R","?","?","R","?","R","BOSS","M","?","M","?","?","R","?","M","T","M","R","M","M","AVR","R","BOSS","M","AVR","?","?","M","M","M","M","T","R","?","M","M","?","R","BOSS","R","$","E","BOSS"],"items_purchased_type":["Potion"],"build_version":"2020-12-22","purchased_purges":5,"victory":true,"max_hp_per_floor":[85,85,85,85,85,85,85,85,85,85,85,85,85,85,85,85,85,85,85,85,85,85,85,85,85,85,85,85,85,85,85,85,85,85,85,85,85,85,85,85,85,85,85,85,85,85,85,85,85,85,85,85,105,105,105],"relic_stats":{"counters":[28,109],"Sundial":[128],"Pantograph":9,"obtain_stats":[{"Clockwork:MomentumEngine":0,"Replay:PocketPolymizer":31,"ReplayTheSpireMod:Ninjato":54,"Sundial":26,"SacredBark":17,"Pantograph":43,"Toolbox":36,"Bag of Marbles":7,"vexMod:FocusSash":45,"Clockwork:PerpetualMotionMachine":34},{"Clockwork:MomentumEngine":0,"Replay:PocketPolymizer":16,"ReplayTheSpireMod:Ninjato":27,"Sundial":13,"SacredBark":8,"Pantograph":23,"Toolbox":18,"Bag of Marbles":5,"vexMod:FocusSash":23,"Clockwork:PerpetualMotionMachine":17},{"Clockwork:MomentumEngine":0,"Replay:PocketPolymizer":85,"ReplayTheSpireMod:Ninjato":108,"Sundial":73,"SacredBark":48,"Pantograph":99,"Toolbox":89,"Bag of Marbles":29,"vexMod:FocusSash":99,"Clockwork:PerpetualMotionMachine":87}]},"card_choices":[{"not_picked":["Clockwork:Redundancy","Clockwork:Friction","Clockwork:SystemScan"],"picked":"SKIP","floor":1},{"not_picked":["Clockwork:Randomization+1","Clockwork:SiegeStrike+1"],"picked":"Clockwork:ReactiveNanites+1","floor":2},{"not_picked":["Clockwork:CogBarrier","Clockwork:ReserveSystems","Clockwork:CogToss"],"picked":"SKIP","floor":3},{"not_picked":["Clockwork:CraftVarja","Clockwork:SpringShield"],"picked":"Clockwork:Roundhouse","floor":4},{"not_picked":["Clockwork:ChargingBlade","Clockwork:CraftBloodPhial","Clockwork:FalseStart"],"picked":"SKIP","floor":5},{"not_picked":["Clockwork:AeonShield","Clockwork:MechanicalMass","Clockwork:ReserveSystems"],"picked":"SKIP","floor":7},{"not_picked":["Clockwork:CogToss","Clockwork:LogisticRegression","Clockwork:Clone"],"picked":"SKIP","floor":8},{"not_picked":["Clockwork:Improve","Clockwork:QuantumStrike","Clockwork:RevUp"],"picked":"SKIP","floor":12},{"not_picked":["Clockwork:CogToss+1","Clockwork:QuantumStrike+1","Clockwork:ChargingBlade"],"picked":"SKIP","floor":18},{"not_picked":["Clockwork:ChargingShield","Clockwork:LogisticRegression","Clockwork:Friction+1"],"picked":"SKIP","floor":19},{"not_picked":["Clockwork:Efficiency","Clockwork:MechanicalMass"],"picked":"Clockwork:EnthusiasticStrike+1","floor":20},{"not_picked":["Clockwork:WindupStrike","Clockwork:ForgeStrike"],"picked":"Clockwork:SystemHardening+1","floor":22},{"not_picked":["Clockwork:CogShield+1","Clockwork:SpringShield+1","Clockwork:Improve+1"],"picked":"SKIP","floor":25},{"not_picked":["Clockwork:Clone","Clockwork:AdaptiveCannon","Clockwork:AdaptiveShield"],"picked":"SKIP","floor":27},{"not_picked":["Clockwork:Enhance","Clockwork:CraftQuicksilverHourglass","Clockwork:SnapKeep"],"picked":"SKIP","floor":29},{"not_picked":["Clockwork:Minimalism","Clockwork:ForgeStrike+1","Clockwork:TiltAWhirl"],"picked":"SKIP","floor":30},{"not_picked":["Clockwork:SnapKeep+1","Clockwork:PerfectedShield+1"],"picked":"Clockwork:RampUp","floor":35},{"not_picked":["Clockwork:Friction","Clockwork:Improve","Clockwork:ElasticNanites+1"],"picked":"SKIP","floor":37},{"not_picked":["vexMod:EmailVexCard","ReplayTheSpireMod:Uncanny Aura"],"picked":"Finesse","floor":38},{"not_picked":["Clockwork:ChargingBlade","Clockwork:StasisBreak+1","Clockwork:SpringShield"],"picked":"SKIP","floor":39},{"not_picked":["Clockwork:Pluck","Clockwork:Minimalism+1","Clockwork:LogisticRegression+1"],"picked":"SKIP","floor":40},{"not_picked":["Clockwork:PerfectedShield","Clockwork:Redundancy","Clockwork:SystemScan"],"picked":"SKIP","floor":41},{"not_picked":["Clockwork:Enhance","Clockwork:Minimalism+1","Clockwork:ElasticNanites"],"picked":"SKIP","floor":42},{"not_picked":["Clockwork:LiteraryArmor","Clockwork:Clone","Clockwork:ReserveSystems+1"],"picked":"SKIP","floor":46},{"not_picked":["Clockwork:CraftBloodPhial","Clockwork:OccamsRazor","Clockwork:PerfectForm"],"picked":"SKIP","floor":47},{"not_picked":["Clockwork:CraftQuicksilverHourglass","Clockwork:Scour+1","Clockwork:ReserveSystems+1"],"picked":"SKIP","floor":54}],"player_experience":830485,"relics_obtained":[{"floor":7,"key":"Bag of Marbles"},{"floor":26,"key":"Sundial"},{"floor":43,"key":"Pantograph"},{"floor":45,"key":"vexMod:FocusSash"},{"floor":54,"key":"ReplayTheSpireMod:Ninjato"}],"event_choices":[{"damage_healed":0,"gold_gain":0,"player_choice":"2","damage_taken":0,"max_hp_gain":0,"max_hp_loss":0,"event_name":"betterMatch:BetterMatch","floor":2,"gold_loss":0,"cards_obtained":["betterMatch:RareCard"]},{"cards_removed":["Clockwork:Tinker"],"damage_healed":0,"gold_gain":0,"player_choice":"Give","damage_taken":0,"max_hp_gain":0,"max_hp_loss":0,"event_name":"betterNote:BetterNote","floor":14,"gold_loss":0,"cards_obtained":["None"]},{"damage_healed":0,"gold_gain":0,"player_choice":"Got Potions","damage_taken":0,"max_hp_gain":0,"max_hp_loss":0,"event_name":"Lab","floor":21,"gold_loss":0},{"cards_removed":["Clockwork:Strike"],"damage_healed":0,"gold_gain":0,"player_choice":"Purged","damage_taken":0,"max_hp_gain":0,"max_hp_loss":0,"event_name":"Purifier","floor":24,"gold_loss":0},{"damage_healed":0,"gold_gain":3,"player_choice":"1","damage_taken":0,"max_hp_gain":0,"max_hp_loss":0,"event_name":"betterStone:BetterStone","floor":38,"gold_loss":0},{"damage_healed":0,"gold_gain":0,"player_choice":"Bought 0 Potions","damage_taken":0,"max_hp_gain":0,"max_hp_loss":0,"event_name":"The Woman in Blue","floor":48,"gold_loss":0}],"is_beta":false,"boss_relics":[{"not_picked":["Ring of Chaos","hubris:GrandSneckoEye"],"picked":"SacredBark"},{"not_picked":["Astrolabe","conspire:SlowCooker"],"picked":"Clockwork:PerpetualMotionMachine"}],"items_purged_floors":[11,31,36,53,53],"is_endless":false,"potions_floor_spawned":[3,4,7,8,16,20,27,29,30,33,37,42,46,47],"ascension_level":0}}