{"host":"x21cvmfdo17nyhii","time":1611292047,"event":{"mods":["AchievementEnabler","BaseMod","Block Reminder","Colored Map","Colored Powertips","DeckTracker","Highlight Path","Keyboard Shortcuts","Minty Spire (QoL Compilation)","Quick Restart","Rare Cards Sparkle","SuperFastMode"],"gold_per_floor":[115,115,125,136,148,148,176,176,252,283,24,44,54,74,74,74,74],"floor_reached":16,"language":"ENG","playtime":660,"items_purged":[],"score":148,"play_id":"1c7cb891-3e24-43cc-b491-337620eae043","local_time":"20210121210727","is_ascension_mode":true,"campfire_choices":[{"data":"Dagger Spray","floor":6.0,"key":"SMITH"},{"floor":8.0,"key":"REST"},{"floor":15.0,"key":"REST"}],"circlet_count":0,"master_deck":["Strike_G","Strike_G","Strike_G","Strike_G","Strike_G","Defend_G","Defend_G","Defend_G","Defend_G","Defend_G","Survivor","Neutralize","Dagger Spray+1","Dagger Throw","Reflex","Endless Agony","Venomology","Cloak And Dagger","Footwork","Underhanded Strike","Finisher","Endless Agony","Backflip"],"relics":["Ring of the Snake","NeowsBlessing","NlothsMask","Prayer Wheel","Dream Catcher","Sundial"],"acts_visited":["Exordium"],"potions_floor_usage":[16,16],"damage_taken":[{"damage":0.0,"enemies":"Small Slimes","floor":1.0,"turns":1.0},{"damage":0.0,"enemies":"Cultist","floor":3.0,"turns":1.0},{"damage":0.0,"enemies":"2 Louse","floor":4.0,"turns":1.0},{"damage":11.0,"enemies":"Exordium Thugs","floor":5.0,"turns":3.0},{"damage":22.0,"enemies":"3 Sentries","floor":7.0,"turns":9.0},{"damage":46.0,"enemies":"Lagavulin","floor":10.0,"turns":11.0},{"damage":0.0,"enemies":"Gremlin Gang","floor":12.0,"turns":1.0},{"damage":0.0,"enemies":"3 Louse","floor":13.0,"turns":2.0},{"damage":0.0,"enemies":"Looter","floor":14.0,"turns":3.0},{"damage":26,"enemies":"Slime Boss","floor":16,"turns":9}],"seed_played":"-5902135103268354570","potions_obtained":[{"floor":4.0,"key":"DistilledChaos"},{"floor":7.0,"key":"GamblersBrew"},{"floor":10.0,"key":"Ancient Potion"},{"floor":12.0,"key":"Swift Potion"},{"floor":14.0,"key":"Dexterity Potion"}],"is_trial":false,"path_per_floor":["M","?","M","M","M","R","E","R","T","E","$","M","M","M","R","B"],"character_chosen":"THE_SILENT","items_purchased":["Sundial"],"campfire_rested":2,"item_purchase_floors":[11],"current_hp_per_floor":[63,63,63,63,52,52,30,51,51,5,5,5,5,5,26,0,0],"gold":74,"neow_bonus":"THREE_ENEMY_KILL","is_daily":false,"chose_seed":false,"campfire_upgraded":1,"win_rate":0.0,"timestamp":1611292047,"path_taken":["M","?","M","?","M","R","E","R","T","E","$","M","M","M","R","BOSS"],"items_purchased_type":["Relic"],"build_version":"2020-12-22","purchased_purges":0,"victory":false,"max_hp_per_floor":[70,70,70,70,70,70,70,70,70,70,70,70,70,70,70,70,70],"card_choices":[{"not_picked":["Flying Knee","Catalyst"],"picked":"Dagger Spray","floor":1.0},{"not_picked":["Outmaneuver","Sucker Punch"],"picked":"Dagger Throw","floor":3.0},{"not_picked":["Sucker Punch","Caltrops"],"picked":"Reflex","floor":4.0},{"not_picked":["Bouncing Flask","Deadly Poison"],"picked":"Endless Agony","floor":5.0},{"not_picked":["Concentrate","Poisoned Stab"],"picked":"Venomology","floor":7.0},{"not_picked":["Bane","Dagger Spray","Blade Dance"],"picked":"SKIP","floor":10.0},{"not_picked":["Distraction","Dagger Throw"],"picked":"Cloak And Dagger","floor":12.0},{"not_picked":["Bane","Deflect"],"picked":"Footwork","floor":12.0},{"not_picked":["Crippling Poison","Riddle With Holes"],"picked":"Underhanded Strike","floor":13.0},{"not_picked":["Outmaneuver","Cloak And Dagger","Dodge and Roll"],"picked":"SKIP","floor":13.0},{"not_picked":["Wraith Form v2","Blade Dance"],"picked":"Finisher","floor":14.0},{"not_picked":["Dagger Spray","Slice"],"picked":"Endless Agony","floor":14.0},{"not_picked":["Cloak And Dagger","Outmaneuver"],"picked":"Backflip","floor":15.0}],"player_experience":456397,"relics_obtained":[{"floor":7.0,"key":"Prayer Wheel"},{"floor":10.0,"key":"Dream Catcher"}],"event_choices":[{"damage_healed":0.0,"max_hp_gain":0.0,"max_hp_loss":0.0,"gold_gain":0.0,"event_name":"FaceTrader","player_choice":"Trade","floor":2.0,"gold_loss":0.0,"damage_taken":0.0,"relics_obtained":["NlothsMask"]}],"is_beta":false,"boss_relics":[],"items_purged_floors":[],"is_endless":false,"potions_floor_spawned":[4,7,10,12,14],"killed_by":"Slime Boss","ascension_level":6}}