{"host":"dcluas0589pmvbjs","time":1611318305,"event":{"mods":["BaseMod","BetterRewards","Downfall","Infinite Spire","Marisa????????","Minty Spire (QoL Compilation)","StSLib","The Servant 0.9.4"],"gold_per_floor":[117,42,42,42,55,83,83,83,83,113,113,138,20,20,20,124,124,138,88,116,116,31,31,44,44,44,64,95,15,15,15],"floor_reached":30,"language":"ENG","playtime":917,"items_purged":["Strike_B","Strike_B","Strike_B","Strike_B"],"score":300,"play_id":"a25a1220-09da-4657-89b0-635a8dc3b759","local_time":"20210122175505","daily_mods":["Time Dilation","Flight","downfall:Jewelcrafting","downfall:ChampStances","downfall:Lament"],"is_ascension_mode":false,"campfire_choices":[{"floor":11,"key":"REST"},{"floor":23,"key":"REST"}],"circlet_count":0,"master_deck":["Defend_B+1","Defend_B","Defend_B+1","Defend_B","Zap","Dualcast","Guardian:ExploitGems","Guardian:ExploitGems","White Noise","Defragment","Ball Lightning","Guardian:Gem_Fragmented","Guardian:Gem_Blue","Rainbow","Loop","Guardian:Gem_Purple","Guardian:Gem_Red","Echo Form+1","Tempest","infinitespire:NeuralNetwork","Undo","Defragment"],"relics":["Cracked Core","Guardian:PickAxe","champ:ChampStancesModRelic","NeowsBlessing","Mango","Smiling Mask","Slimebound:PreparedRelic","Bag of Marbles","Odd Mushroom","Inserter","Red Mask","CeramicFish","Strawberry","Pantograph"],"acts_visited":["Exordium","TheCity"],"potions_floor_usage":[],"damage_taken":[{"damage":0,"enemies":"2 Louse","floor":1,"turns":1},{"damage":0,"enemies":"Jaw Worm","floor":5,"turns":1},{"damage":0,"enemies":"Gremlin Nob","floor":6,"turns":1},{"damage":18,"enemies":"Lagavulin","floor":10,"turns":4},{"damage":8,"enemies":"The Mushroom Lair","floor":12,"turns":2},{"damage":26,"enemies":"Slime Boss","floor":16,"turns":6},{"damage":17,"enemies":"Spheric Guardian","floor":18,"turns":4},{"damage":72,"enemies":"Masked Bandits","floor":20,"turns":5},{"damage":32,"enemies":"2 Thieves","floor":24,"turns":4},{"damage":30,"enemies":"3 Cultists","floor":27,"turns":6},{"damage":23,"enemies":"Nightmare","floor":28,"turns":7},{"damage":7,"enemies":"Chosen and Byrds","floor":30,"turns":3}],"seed_played":"2935309048152837997","potions_obtained":[{"floor":5,"key":"Dexterity Potion"},{"floor":10,"key":"DuplicationPotion"},{"floor":16,"key":"AttackPotion"}],"is_trial":true,"path_per_floor":["M","$","?","?","M","E","R","R","T","E","R","?","$","?","R","B",null,"M","$","?","?","?","R","M","?","T","M","NM","$","M"],"character_chosen":"DEFECT","items_purchased":["Loop","Defragment"],"campfire_rested":2,"item_purchase_floors":[13,29],"current_hp_per_floor":[75,75,89,71,71,71,71,71,71,53,79,71,71,76,76,70,94,92,92,50,27,27,55,48,48,55,25,2,2,0,0],"gold":15,"neow_bonus":"","is_daily":false,"chose_seed":false,"campfire_upgraded":0,"win_rate":0.0,"timestamp":1611318305,"path_taken":["M","$","?","?","M","E","R","R","T","E","R","?","?","?","R","BOSS","M","$","?","?","?","R","?","?","T","M","NM","$","M"],"items_purchased_type":["Card","Card"],"build_version":"2020-12-22","purchased_purges":4,"victory":false,"max_hp_per_floor":[75,75,89,89,89,89,89,89,89,89,89,89,89,94,94,94,94,94,94,94,94,94,94,94,94,101,101,101,101,101,101],"card_choices":[{"not_picked":["Turbo","Consume"],"picked":"White Noise","floor":1},{"not_picked":["Streamline","Chill","Defragment"],"picked":"SKIP","floor":5},{"not_picked":["Streamline","Chill"],"picked":"Defragment","floor":5},{"not_picked":["Undo","Reboot"],"picked":"Ball Lightning","floor":6},{"not_picked":["Steam","Sweeping Beam","Go for the Eyes"],"picked":"SKIP","floor":10},{"not_picked":["Barrage","Static Discharge"],"picked":"Rainbow","floor":12},{"not_picked":["Rainbow","Hyperbeam"],"picked":"Echo Form","floor":16},{"not_picked":["Aggregate","Beam Cell","Heatsinks"],"picked":"SKIP","floor":18},{"not_picked":["Steam","Leap"],"picked":"Tempest","floor":20},{"not_picked":["infinitespire:DeathsTouch","infinitespire:FinalStrike"],"picked":"infinitespire:NeuralNetwork","floor":21},{"not_picked":["Chill","Aggregate","Steam"],"picked":"SKIP","floor":24},{"not_picked":["Hologram","Stack"],"picked":"Undo","floor":27},{"not_picked":["Turbo","Sweeping Beam","Leap"],"picked":"SKIP","floor":28},{"not_picked":["Turbo","Sweeping Beam","Leap"],"picked":"SKIP","floor":28}],"player_experience":90646,"relics_obtained":[{"floor":3,"key":"Mango"},{"floor":6,"key":"Smiling Mask"},{"floor":9,"key":"Slimebound:PreparedRelic"},{"floor":10,"key":"Bag of Marbles"},{"floor":12,"key":"Odd Mushroom"},{"floor":20,"key":"Red Mask"},{"floor":26,"key":"Strawberry"},{"floor":28,"key":"Pantograph"}],"event_choices":[{"damage_healed":0,"gold_gain":0,"player_choice":"Entered Light","damage_taken":18,"max_hp_gain":0,"max_hp_loss":0,"event_name":"Shining Light","floor":4,"gold_loss":0,"cards_upgraded":["Defend_B","Defend_B"]},{"damage_healed":0,"gold_gain":0,"player_choice":"Fought Mushrooms","damage_taken":0,"max_hp_gain":0,"max_hp_loss":0,"event_name":"Mushrooms","floor":12,"gold_loss":0},{"damage_healed":0,"gold_gain":0,"player_choice":"Donut","damage_taken":0,"max_hp_gain":5,"max_hp_loss":0,"event_name":"Big Fish","floor":14,"gold_loss":0},{"damage_healed":0,"gold_gain":0,"player_choice":"Fought Bandits","damage_taken":0,"max_hp_gain":0,"max_hp_loss":0,"event_name":"Masked Bandits","floor":20,"gold_loss":0},{"damage_healed":0,"gold_gain":0,"player_choice":"Obtained Relic","damage_taken":0,"relics_obtained":["CeramicFish"],"max_hp_gain":0,"max_hp_loss":0,"event_name":"Addict","floor":22,"gold_loss":85},{"damage_healed":0,"gold_gain":0,"player_choice":"Forge","damage_taken":0,"max_hp_gain":0,"max_hp_loss":0,"event_name":"Accursed Blacksmith","floor":25,"gold_loss":0,"cards_upgraded":["Echo Form"]}],"is_beta":false,"boss_relics":[{"not_picked":["Calling Bell","SlaversCollar"],"picked":"Inserter"}],"items_purged_floors":[2,13,19,29],"is_endless":true,"potions_floor_spawned":[5,10,16,20,28],"killed_by":"Chosen and Byrds","ascension_level":0}}