{"host":"9slw7l0ws16384qq","time":1611334816,"event":{"mods":["A Penny For Your Troubles","BaseMod","Clockwork Mod","Colored Map","Evolution","Hubris","Minty Spire (QoL Compilation)","Replay The Spire","Shedinja","StS++","StSLib","The Dragon Tamer","The Marked"],"gold_per_floor":[115,115,39,39,132,157,157,82,82,82,125,149,165,180,180,180,180],"floor_reached":16,"language":"FRA","playtime":779,"items_purged":["Defend_B"],"score":100,"play_id":"592dc8aa-add7-490f-a4c9-8a5b40db4a54","local_time":"20210122180016","is_ascension_mode":false,"campfire_choices":[{"data":"hubris:DuctTapeCard","floor":10,"key":"SMITH"},{"data":"Strike_B","floor":15,"key":"PURGE"}],"circlet_count":0,"master_deck":["Cold Snap","Strike_B","Strike_B","Defend_B","Defend_B","Defend_B","Zap","Dualcast","hubris:DuctTapeCard+2","Heatsinks","Double Energy","Recycle"],"relics":["Cracked Core","EVO:Axolotl","Golden Idol","hubris:DuctTape","MealTicket","Golden Egg","Toy Ornithopter","ReplayFunnel"],"acts_visited":["Exordium"],"potions_floor_usage":[11,11,13],"damage_taken":[{"damage":3,"enemies":"Small Slimes","floor":1,"turns":3},{"damage":1,"enemies":"Jaw Worm","floor":6,"turns":4},{"damage":6,"enemies":"Gremlin Nob","floor":11,"turns":3},{"damage":0,"enemies":"2 Louse","floor":12,"turns":4},{"damage":1,"enemies":"Lots of Slimes","floor":13,"turns":5},{"damage":3,"enemies":"Large Slime","floor":14,"turns":9},{"damage":59,"enemies":"Fading Forest","floor":16,"turns":10}],"seed_played":"-706127928016657365","potions_obtained":[{"floor":5,"key":"AttackPotion"},{"floor":6,"key":"AttackPotion"},{"floor":12,"key":"BlessingOfTheForge"}],"is_trial":false,"path_per_floor":["M","?","$","?","?","M","T","$","T","R","E","M","M","M","R_BF","B"],"character_chosen":"DEFECT","items_purchased":["Heatsinks"],"campfire_rested":0,"item_purchase_floors":[3],"current_hp_per_floor":[65,63,63,63,48,47,47,62,62,62,57,57,61,58,58,0,0],"gold":180,"neow_bonus":"RANDOM_COLORLESS_2","is_daily":false,"chose_seed":false,"campfire_upgraded":1,"win_rate":0.0,"timestamp":1611334816,"path_taken":["M","?","$","?","?","M","?","$","T","R","E","M","M","?","R_BF","BOSS"],"items_purchased_type":["Card"],"build_version":"2020-12-22","purchased_purges":1,"victory":false,"max_hp_per_floor":[68,63,63,63,63,63,63,63,63,63,63,63,63,63,63,63,63],"card_choices":[{"not_picked":["hubris:EnhanceAbility","Thinking Ahead"],"picked":"Crow Ritual","floor":0},{"not_picked":["Hologram","Ball Lightning","Conserve Battery"],"picked":"SKIP","floor":1},{"not_picked":["Leap","BasicCrystalCard"],"picked":"Heatsinks","floor":5},{"not_picked":["Barrage","Cold Snap","Compile Driver"],"picked":"SKIP","floor":6},{"not_picked":["Turbo","Sweeping Beam"],"picked":"Double Energy","floor":11},{"not_picked":["Genetic Algorithm","Cold Snap"],"picked":"Recycle","floor":12},{"not_picked":["Hello World","Reprogram","Gash"],"picked":"SKIP","floor":13},{"not_picked":["Gash","StSpp:Pointer","Sweeping Beam"],"picked":"SKIP","floor":14}],"player_experience":1774185,"relics_obtained":[{"floor":5,"key":"MealTicket"},{"floor":7,"key":"Golden Egg"},{"floor":9,"key":"Toy Ornithopter"},{"floor":11,"key":"ReplayFunnel"}],"event_choices":[{"damage_healed":0,"gold_gain":0,"player_choice":"Lose Max HP","damage_taken":0,"relics_obtained":["Golden Idol"],"max_hp_gain":0,"max_hp_loss":5,"event_name":"Golden Idol","floor":2,"gold_loss":0}],"is_beta":false,"boss_relics":[],"items_purged_floors":[8],"is_endless":false,"potions_floor_spawned":[6,12],"killed_by":"Fading Forest","ascension_level":0}}