{"host":"8fuipfsvjht9cgcs","time":1611296234,"event":{"mods":["AchievementEnabler","BaseMod","Colored Map","Colored Powertips","DeckTracker","Friendly Minions","Kiyohime£¨?ýï£©","Marisa£¨Ùöéë¡¡Øª×âÞÞ£©","Minty Spire (QoL Compilation)","Prisma Mod","StSLib","SuperFastMode","The Cursed","The Gatherer"],"gold_per_floor":[138,40,215,115,148,148,202,202,228,285,285,317,347,347,347,464,464,520,619,632,139,169,234,234,234,234],"floor_reached":25,"language":"KOR","playtime":2005,"items_purged":["Shame","Doubt","Strike_P"],"score":309,"play_id":"f2e9908e-74cb-4c9a-87fe-82ff6d60a17b","local_time":"20210122191714","is_ascension_mode":true,"campfire_choices":[{"data":"Eruption","floor":6.0,"key":"SMITH"},{"floor":11.0,"key":"REST"},{"floor":15.0,"key":"REST"},{"data":"Adaptation","floor":24,"key":"SMITH"}],"circlet_count":0,"master_deck":["Strike_P","Strike_P","Defend_P","Defend_P","Defend_P","Defend_P","Eruption+1","Vigilance","HandOfGreed","CutThroughFate","FlurryOfBlows","EmptyFist","Protect","ClearTheMind","EmptyBody","ConjureBlade","Adaptation","Crescendo","Adaptation+1","FearNoEvil"],"relics":["HolyWater","Nunchaku","Prayer Wheel","Potion Belt","Orrery","Akabeko","Anchor"],"acts_visited":["Exordium","TheCity"],"potions_floor_usage":[23,23],"damage_taken":[{"damage":25.0,"enemies":"Jaw Worm","floor":1.0,"turns":3.0},{"damage":0.0,"enemies":"Cultist","floor":5.0,"turns":2.0},{"damage":32.0,"enemies":"Gremlin Nob","floor":7.0,"turns":4.0},{"damage":1.0,"enemies":"Small Slimes","floor":10.0,"turns":3.0},{"damage":4.0,"enemies":"3 Louse","floor":12.0,"turns":2.0},{"damage":0.0,"enemies":"Looter","floor":13.0,"turns":1.0},{"damage":30.0,"enemies":"The Guardian","floor":16.0,"turns":11.0},{"damage":12.0,"enemies":"3 Byrds","floor":18.0,"turns":5.0},{"damage":0.0,"enemies":"Chosen","floor":20.0,"turns":3.0},{"damage":15.0,"enemies":"Sentry and Sphere","floor":22.0,"turns":4.0},{"damage":39,"enemies":"Slavers","floor":23,"turns":5},{"damage":0,"enemies":"Masked Bandits","floor":25,"turns":2}],"seed_played":"6176621530645587187","potions_obtained":[{"floor":10.0,"key":"Ancient Potion"},{"floor":12.0,"key":"StancePotion"},{"floor":16.0,"key":"FairyPotion"},{"floor":22.0,"key":"Fruit Juice"},{"floor":23,"key":"Strength Potion"}],"is_trial":false,"path_per_floor":["M","$","?","$","M","R","E","T","T","M","R","M","M","?","R","B",null,"M","?","M","$","M","E","R","?"],"character_chosen":"WATCHER","items_purchased":["CutThroughFate","Adaptation","Orrery","Akabeko"],"campfire_rested":2,"item_purchase_floors":[2,21,21,21],"current_hp_per_floor":[40,40,40,40,40,40,8,8,8,7,28,24,24,17,38,8,56,44,44,44,44,34,19,19,19,19],"gold":234,"neow_bonus":"RANDOM_COLORLESS_2","is_daily":false,"chose_seed":false,"campfire_upgraded":2,"win_rate":0.0,"timestamp":1611296234,"path_taken":["M","$","?","$","M","R","E","?","T","M","R","M","?","?","R","BOSS","M","?","M","$","M","E","R","?"],"items_purchased_type":["Card","Card","Relic","Relic"],"build_version":"2020-12-22","purchased_purges":3,"victory":false,"max_hp_per_floor":[72,72,72,72,72,72,72,72,72,72,72,72,72,72,72,72,72,72,72,72,72,77,77,77,77,77],"card_choices":[{"not_picked":["Panache","Sadistic Nature"],"picked":"HandOfGreed","floor":0.0},{"not_picked":["FlyingSleeves","DeceiveReality","Consecrate"],"picked":"SKIP","floor":1.0},{"not_picked":["Alpha","FlyingSleeves"],"picked":"FlurryOfBlows","floor":5.0},{"not_picked":["ForeignInfluence","Vengeance"],"picked":"EmptyFist","floor":7.0},{"not_picked":["CarveReality","Devotion"],"picked":"Protect","floor":10.0},{"not_picked":["FlyingSleeves","CrushJoints"],"picked":"ClearTheMind","floor":10.0},{"not_picked":["Nirvana","Study","ThirdEye"],"picked":"SKIP","floor":12.0},{"not_picked":["CarveReality","Evaluate","Sanctity"],"picked":"SKIP","floor":12.0},{"not_picked":["Protect","FollowUp"],"picked":"EmptyBody","floor":13.0},{"not_picked":["CarveReality","Vengeance","Fasting2"],"picked":"SKIP","floor":13.0},{"not_picked":["Brilliance","Devotion"],"picked":"ConjureBlade","floor":16.0},{"not_picked":["Crescendo","ThirdEye"],"picked":"Adaptation","floor":18.0},{"not_picked":["Perseverance","Wireheading"],"picked":"Crescendo","floor":18.0},{"not_picked":["Consecrate","FollowUp","CutThroughFate+1"],"picked":"SKIP","floor":20.0},{"not_picked":["Protect","Prostrate+1","CutThroughFate"],"picked":"SKIP","floor":20.0},{"not_picked":["EmptyBody","JustLucky"],"picked":"FearNoEvil","floor":22.0},{"not_picked":["Tantrum","Worship","Prostrate+1"],"picked":"SKIP","floor":22.0},{"not_picked":["EmptyBody","Pray","Wish"],"picked":"SKIP","floor":23}],"player_experience":440920,"relics_obtained":[{"floor":7.0,"key":"Nunchaku"},{"floor":8.0,"key":"Prayer Wheel"},{"floor":9.0,"key":"Potion Belt"},{"floor":23,"key":"Anchor"}],"event_choices":[{"damage_healed":0.0,"max_hp_gain":0.0,"max_hp_loss":0.0,"gold_gain":175.0,"event_name":"Liars Game","player_choice":"AGREE","floor":3.0,"gold_loss":0.0,"damage_taken":0.0,"cards_obtained":["Doubt"]},{"cards_removed":["Strike_P"],"damage_healed":0.0,"max_hp_gain":0.0,"max_hp_loss":0.0,"gold_gain":0.0,"event_name":"Golden Wing","player_choice":"Card Removal","floor":14.0,"gold_loss":0.0,"damage_taken":7.0},{"damage_healed":0.0,"max_hp_gain":0.0,"max_hp_loss":0.0,"gold_gain":99.0,"event_name":"Nest","player_choice":"Stole From Cult","floor":19.0,"gold_loss":0.0,"damage_taken":0.0},{"damage_healed":0,"gold_gain":0,"player_choice":"Fought Bandits","damage_taken":0,"max_hp_gain":0,"max_hp_loss":0,"event_name":"Masked Bandits","floor":25,"gold_loss":0}],"is_beta":false,"boss_relics":[{"not_picked":["Tiny House","Pandora\u0027s Box"],"picked":"HolyWater"}],"items_purged_floors":[2,4,21],"is_endless":false,"potions_floor_spawned":[10,12,16,22,23],"killed_by":"Masked Bandits","ascension_level":8}}