{"host":"88eug9pqmt5m979n","time":1611328309,"event":{"mods":["Arknights The Spire","BaseMod","Downfall","Minty Spire (QoL Compilation)","MostiFishMod","StSLib"],"gold_per_floor":[109,109,127,127,127,127,159,159,208,14,14,30,30,40,40,137,-1263,-1248,-1248,-1229,-1211,-1211,-1211,-1176,-1166,-1088,-1088,-1057,-1057,-1057,-1043,-1043,-943,-943,-932,-922,-922,-922,-903,-872,-872,-847,-847,-834,-834,-834,-822,-822,-822,-822],"floor_reached":51,"language":"ZHS","playtime":2287,"items_purged":[],"score":968,"play_id":"52a5d20a-4d7a-4e50-ab79-ab36d211f066","local_time":"20210122231149","is_ascension_mode":false,"campfire_choices":[{"data":"MostiFishMod:Impulse","floor":6,"key":"SMITH"},{"data":"Dualcast","floor":8,"key":"SMITH"},{"data":"Loop","floor":11,"key":"SMITH"},{"data":"MostiFishMod:LinkProtocol","floor":15,"key":"SMITH"},{"data":"Creative AI","floor":23,"key":"SMITH"},{"data":"Chill","floor":29,"key":"SMITH"},{"data":"Coolheaded","floor":32,"key":"SMITH"},{"data":"MostiFishMod:ReadyAimFire","floor":41,"key":"SMITH"},{"data":"Amplify","floor":49,"key":"SMITH"}],"circlet_count":0,"master_deck":["Strike_B","Strike_B","Strike_B","Defend_B","Defend_B","Defend_B","Defend_B","Zap+1","Dualcast+1","Self Repair+1","MostiFishMod:Impulse+1","Ball Lightning","Loop+1","Coolheaded+1","MostiFishMod:LinkProtocol+1","Creative AI+1","MostiFishMod:LinkProtocol+1","Defragment+1","Loop+1","Glacier","Chill+1","White Noise+1","MostiFishMod:ReadyAimFire+1","MostiFishMod:LinkProtocol+1","Amplify+1","Capacitor","Skim"],"relics":["Cracked Core","DaveBox","SynthV:TestCard","MostiFishMod:Haymaker","Bag of Preparation","Mercury Hourglass","SynthV:C4","Oddly Smooth Stone","SynthV:MejaisSoulstealer","Orichalcum","Mummified Hand","Smiling Mask","RhineCircuit","Vajra","Potion Belt","Bottled Lightning","Toy Ornithopter","Blue Candle"],"acts_visited":["Exordium","TheCity","TheBeyond"],"potions_floor_usage":[21,33,50],"damage_taken":[{"damage":2,"enemies":"Small Slimes","floor":1,"turns":3},{"damage":5,"enemies":"2 Louse","floor":3,"turns":3},{"damage":26,"enemies":"Gremlin Nob","floor":7,"turns":4},{"damage":5,"enemies":"Jaw Worm","floor":12,"turns":2},{"damage":0,"enemies":"2 Fungi Beasts","floor":14,"turns":2},{"damage":5,"enemies":"The Guardian","floor":16,"turns":7},{"damage":8,"enemies":"Shell Parasite","floor":18,"turns":5},{"damage":0,"enemies":"3 Byrds","floor":20,"turns":3},{"damage":0,"enemies":"Snecko","floor":21,"turns":2},{"damage":0,"enemies":"Book of Stabbing","floor":24,"turns":3},{"damage":0,"enemies":"Snake Plant","floor":25,"turns":3},{"damage":0,"enemies":"Slavers","floor":28,"turns":2},{"damage":0,"enemies":"Cultist and Chosen","floor":31,"turns":3},{"damage":0,"enemies":"Champ","floor":33,"turns":4},{"damage":0,"enemies":"Orb Walker","floor":35,"turns":2},{"damage":0,"enemies":"3 Shapes","floor":36,"turns":1},{"damage":0,"enemies":"Writhing Mass","floor":39,"turns":3},{"damage":0,"enemies":"Nemesis","floor":40,"turns":5},{"damage":0,"enemies":"Reptomancer","floor":42,"turns":3},{"damage":0,"enemies":"Maw","floor":44,"turns":3},{"damage":0,"enemies":"4 Shapes","floor":47,"turns":1},{"damage":0,"enemies":"Awakened One","floor":50,"turns":6}],"seed_played":"6206785727521129841","potions_obtained":[{"floor":3,"key":"FocusPotion"},{"floor":7,"key":"Strength Potion"},{"floor":12,"key":"ColorlessPotion"},{"floor":18,"key":"CultistPotion"},{"floor":21,"key":"Fruit Juice"},{"floor":33,"key":"Block Potion"},{"floor":40,"key":"Block Potion"}],"is_trial":false,"path_per_floor":["M","?","M","?","?","R","E","R","T","$","R","M","?","M","R","B",null,"M","?","M","M","?","R","E","M","T","$","E","R","?","M","R","B",null,"M","M","$","?","M","E","R","E","T","M","T","$","M","?","R","B",null],"character_chosen":"DEFECT","items_purchased":["Loop","Oddly Smooth Stone"],"campfire_rested":0,"item_purchase_floors":[10,10],"current_hp_per_floor":[73,70,72,72,57,57,41,41,41,41,41,46,51,61,61,66,80,80,80,80,85,85,85,85,85,85,85,85,85,69,79,79,89,90,90,90,90,90,90,90,90,90,90,90,90,90,90,85,85,90],"gold":-822,"neow_bonus":"REMOVE_CARD","is_daily":false,"chose_seed":false,"campfire_upgraded":9,"win_rate":0.0,"timestamp":1611328309,"path_taken":["M","?","M","?","?","R","E","R","T","$","R","?","?","M","R","BOSS","M","?","M","M","?","R","E","?","T","$","E","R","?","M","R","BOSS","M","M","$","?","M","E","R","E","T","?","?","?","M","?","R","BOSS"],"items_purchased_type":["Card","Relic"],"build_version":"2020-12-22","purchased_purges":0,"victory":true,"max_hp_per_floor":[75,75,75,75,75,75,75,75,75,75,75,75,80,80,80,80,80,80,80,80,85,85,85,85,85,85,85,85,85,90,90,90,90,90,90,90,90,90,90,90,90,90,90,90,90,90,90,90,90,90],"card_choices":[{"not_picked":["Conserve Battery","Beam Cell"],"picked":"Self Repair","floor":1},{"not_picked":["Undo","MostiFishMod:FluxCapactior","Gash","Steam Power"],"picked":"MostiFishMod:Impulse","floor":3},{"not_picked":["Barrage","MostiFishMod:Impulse","Compile Driver","Stack"],"picked":"Ball Lightning","floor":7},{"not_picked":["Sweeping Beam","Chill","Doom and Gloom","Streamline"],"picked":"Coolheaded","floor":12},{"not_picked":["Go for the Eyes","Gash","Static Discharge","Compile Driver"],"picked":"MostiFishMod:LinkProtocol","floor":14},{"not_picked":["Core Surge","All For One","MostiFishMod:StarOceanB","MostiFishMod:InterfaceCompatibility"],"picked":"Creative AI","floor":16},{"not_picked":["Steam+1","Reprogram","Compile Driver+1","Reinforced Body+1"],"picked":"MostiFishMod:LinkProtocol+1","floor":18},{"not_picked":["Ball Lightning+1","Conserve Battery","Streamline","Hologram"],"picked":"Defragment+1","floor":20},{"not_picked":["Beam Cell","Consume","White Noise","Defragment+1"],"picked":"Loop+1","floor":21},{"not_picked":["Gash","Leap","Melter","Cold Snap"],"picked":"Glacier","floor":24},{"not_picked":["MostiFishMod:TalkingToTheRain","Cold Snap","Steam","Beam Cell"],"picked":"Chill","floor":25},{"not_picked":["White Noise","MostiFishMod:PushDownKick","Compile Driver+1","Melter","Leap"],"picked":"SKIP","floor":28},{"not_picked":["MostiFishMod:GatherIntelligence+1","Redo","Conserve Battery","MostiFishMod:FluxCapactior"],"picked":"White Noise+1","floor":31},{"not_picked":["Hyperbeam","MostiFishMod:IntelligentEquipment","MostiFishMod:DeathFromBelow","Buffer"],"picked":"MostiFishMod:ReadyAimFire","floor":33},{"not_picked":["Cold Snap","Lockon+1","Hologram","Darkness+1"],"picked":"MostiFishMod:LinkProtocol+1","floor":35},{"not_picked":["MostiFishMod:Impulse+1","Gash","FTL","Auto Shields","Conserve Battery"],"picked":"SKIP","floor":36},{"not_picked":["Consume+1","MostiFishMod:PushDownKick+1","Cold Snap","Streamline","Defragment"],"picked":"SKIP","floor":39},{"not_picked":["Consume+1","MostiFishMod:PushDownKick+1","Cold Snap","Streamline","Defragment"],"picked":"SKIP","floor":39},{"not_picked":["Coolheaded","BootSequence+1","Static Discharge+1","Rebound+1"],"picked":"Amplify","floor":40},{"not_picked":["Undo+1","Self Repair","Steam Power+1","Barrage","Go for the Eyes+1"],"picked":"SKIP","floor":42},{"not_picked":["Beam Cell+1","Glacier","Heatsinks+1","Hologram+1"],"picked":"Capacitor","floor":44},{"not_picked":["Hologram+1","Glacier+1","Chaos+1","MostiFishMod:ATRI"],"picked":"Skim","floor":47}],"player_experience":290275,"relics_obtained":[{"floor":1,"key":"SynthV:TestCard"},{"floor":7,"key":"Mercury Hourglass"},{"floor":9,"key":"SynthV:C4"},{"floor":24,"key":"Orichalcum"},{"floor":26,"key":"Mummified Hand"},{"floor":28,"key":"Smiling Mask"},{"floor":40,"key":"Vajra"},{"floor":42,"key":"Potion Belt"},{"floor":43,"key":"Bottled Lightning"},{"floor":45,"key":"Toy Ornithopter"}],"event_choices":[{"damage_healed":0,"gold_gain":0,"player_choice":"Success","damage_taken":3,"relics_obtained":["Bag of Preparation"],"max_hp_gain":0,"max_hp_loss":0,"event_name":"Scrap Ooze","floor":2,"gold_loss":0},{"damage_healed":0,"gold_gain":0,"player_choice":"Ignored","damage_taken":0,"max_hp_gain":0,"max_hp_loss":0,"event_name":"Liars Game","floor":4,"gold_loss":0},{"damage_healed":0,"gold_gain":0,"player_choice":"Entered Light","damage_taken":15,"max_hp_gain":0,"max_hp_loss":0,"event_name":"Shining Light","floor":5,"gold_loss":0,"cards_upgraded":["Self Repair","Zap"]},{"damage_healed":0,"gold_gain":0,"player_choice":"Donut","damage_taken":0,"max_hp_gain":5,"max_hp_loss":0,"event_name":"Big Fish","floor":13,"gold_loss":0},{"damage_healed":0,"gold_gain":0,"player_choice":"Ignored","damage_taken":0,"max_hp_gain":0,"max_hp_loss":0,"event_name":"Cursed Tome","floor":19,"gold_loss":0},{"damage_healed":0,"gold_gain":0,"player_choice":"Got Potions","damage_taken":0,"max_hp_gain":0,"max_hp_loss":0,"event_name":"Lab","floor":22,"gold_loss":0},{"damage_healed":0,"gold_gain":0,"player_choice":"Shed Blood","damage_taken":21,"max_hp_gain":5,"max_hp_loss":0,"event_name":"Forgotten Altar","floor":30,"gold_loss":0},{"damage_healed":0,"gold_gain":0,"player_choice":"Ignored","damage_taken":0,"max_hp_gain":0,"max_hp_loss":0,"event_name":"NoteForYourself","floor":38,"gold_loss":0}],"is_beta":false,"boss_relics":[{"not_picked":["OneHitWonderSystem","Fusion Hammer"],"picked":"SynthV:MejaisSoulstealer"},{"not_picked":["PatriotShield","TakeMeEscape"],"picked":"RhineCircuit"}],"items_purged_floors":[],"is_endless":false,"potions_floor_spawned":[3,7,12,18,21,33,36,39,40],"ascension_level":0}}