{"host":"kh6fvhxn285ncg0o","time":1611352138,"event":{"mods":["Act Like it!","BaseMod","Colored Map","Friendly Minions","Keyboard Shortcuts","Minty Spire (QoL Compilation)","Quick Restart","Relic Stats","StSLib","SuperFastMode"],"gold_per_floor":[115,115,115,115,125,125,50,50,74,93,116,129,129,161,173,257,319,289,226,238,262,14,14,14],"floor_reached":23,"language":"KOR","playtime":486,"items_purged":["Strike_G","Injury"],"score":374,"play_id":"b6a0cd63-2712-408c-8725-eb9d10baad38","local_time":"20210123064858","is_ascension_mode":true,"campfire_choices":[{"data":"Crippling Poison","floor":6,"key":"SMITH"},{"data":"Well Laid Plans","floor":8,"key":"SMITH"},{"data":"Poisoned Stab","floor":13,"key":"SMITH"},{"data":"Neutralize","floor":15,"key":"SMITH"}],"circlet_count":0,"master_deck":["AscendersBane","Strike_G","Strike_G","Strike_G","Defend_G","Defend_G+1","Defend_G+1","Defend_G","Defend_G","Survivor+1","Neutralize+1","Crippling Poison+1","Well Laid Plans+1","Poisoned Stab+1","Grand Finale","Adrenaline","Deadly Poison"],"relics":["Cursed Key","Toy Ornithopter","MawBank","Tiny House","Strawberry","TheAbacus"],"acts_visited":["Exordium","TheCity"],"potions_floor_usage":[14,16,16,23],"damage_taken":[{"damage":0,"enemies":"2 Louse","floor":1,"turns":3},{"damage":0,"enemies":"Jaw Worm","floor":5,"turns":5},{"damage":0,"enemies":"Cultist","floor":10,"turns":5},{"damage":1,"enemies":"Exordium Wildlife","floor":12,"turns":4},{"damage":41,"enemies":"Gremlin Nob","floor":14,"turns":5},{"damage":12,"enemies":"The Guardian","floor":16,"turns":14},{"damage":11,"enemies":"2 Thieves","floor":18,"turns":5},{"damage":36,"enemies":"Chosen","floor":21,"turns":6},{"damage":25,"enemies":"Book of Stabbing","floor":23,"turns":5}],"seed_played":"-8644894301846318587","potions_obtained":[{"floor":1,"key":"EssenceOfSteel"},{"floor":5,"key":"SpeedPotion"},{"floor":10,"key":"FearPotion"},{"floor":14,"key":"PowerPotion"},{"floor":17,"key":"CunningPotion"},{"floor":21,"key":"Weak Potion"}],"is_trial":false,"path_per_floor":["M","?","?","?","M","R","$","R","T","M","T","M","R","E","R","B",null,"M","?","?","M","$","E"],"character_chosen":"THE_SILENT","items_purchased":["TheAbacus"],"campfire_rested":0,"item_purchase_floors":[22],"current_hp_per_floor":[59,39,39,61,61,61,61,61,61,61,61,60,60,24,24,22,60,49,49,56,20,20,0,0],"gold":14,"neow_bonus":"BOSS_RELIC","is_daily":false,"chose_seed":false,"campfire_upgraded":4,"win_rate":0.0,"timestamp":1611352138,"path_taken":["M","?","?","?","M","R","?","R","T","?","?","M","R","E","R","BOSS","M","?","?","?","$","E"],"items_purchased_type":["Relic"],"build_version":"2020-12-22","purchased_purges":2,"victory":false,"max_hp_per_floor":[66,66,66,66,66,66,66,66,66,66,66,66,66,66,66,66,71,71,71,78,78,78,78,78],"relic_stats":{"TheAbacus":[6],"counters":[9,52],"Cursed Key":2,"MawBank":96,"obtain_stats":[{"Tiny House":17,"TheAbacus":22,"Strawberry":20,"Cursed Key":0,"MawBank":14,"Toy Ornithopter":9,"Ring of the Snake":0},{"Tiny House":6,"TheAbacus":8,"Strawberry":7,"Cursed Key":0,"MawBank":5,"Toy Ornithopter":2,"Ring of the Snake":0},{"Tiny House":36,"TheAbacus":47,"Strawberry":41,"Cursed Key":0,"MawBank":22,"Toy Ornithopter":8,"Ring of the Snake":0}],"Toy Ornithopter":20},"card_choices":[{"not_picked":["Leg Sweep","Deadly Poison"],"picked":"Crippling Poison","floor":1},{"not_picked":["Blade Dance","Sucker Punch"],"picked":"Well Laid Plans","floor":5},{"not_picked":["Terror","Backstab"],"picked":"Poisoned Stab","floor":10},{"not_picked":["Dodge and Roll","Bane","Riddle With Holes"],"picked":"SKIP","floor":12},{"not_picked":["Footwork","All Out Attack"],"picked":"Grand Finale","floor":14},{"not_picked":["Venomology","After Image"],"picked":"Adrenaline","floor":16},{"not_picked":["Prepared","Dash"],"picked":"Deadly Poison","floor":17},{"not_picked":["Deflect","Flying Knee","Blade Dance"],"picked":"SKIP","floor":18},{"not_picked":["Distraction","Quick Slash","Bane"],"picked":"SKIP","floor":21}],"player_experience":1259849,"relics_obtained":[{"floor":9,"key":"Toy Ornithopter"},{"floor":14,"key":"MawBank"}],"event_choices":[{"damage_healed":0,"gold_gain":0,"player_choice":"Entered Light","damage_taken":20,"max_hp_gain":0,"max_hp_loss":0,"event_name":"Shining Light","floor":2,"gold_loss":0,"cards_upgraded":["Defend_G","Defend_G"]},{"cards_removed":["Strike_G"],"damage_healed":0,"gold_gain":0,"player_choice":"Forget","damage_taken":0,"max_hp_gain":0,"max_hp_loss":0,"event_name":"Living Wall","floor":3,"gold_loss":0},{"damage_healed":22,"gold_gain":0,"player_choice":"Banana","damage_taken":0,"max_hp_gain":0,"max_hp_loss":0,"event_name":"Big Fish","floor":4,"gold_loss":0},{"cards_removed":["Doubt"],"damage_healed":0,"gold_gain":0,"player_choice":"Gave Gold","damage_taken":0,"max_hp_gain":0,"max_hp_loss":0,"event_name":"Beggar","floor":19,"gold_loss":75},{"damage_healed":0,"gold_gain":0,"player_choice":"Gave Potion","damage_taken":0,"relics_obtained":["Strawberry"],"max_hp_gain":0,"max_hp_loss":0,"event_name":"WeMeetAgain","floor":20,"gold_loss":0}],"is_beta":false,"boss_relics":[{"not_picked":["HoveringKite","Velvet Choker"],"picked":"Tiny House"}],"items_purged_floors":[7,22],"is_endless":false,"potions_floor_spawned":[1,5,10,14,21],"killed_by":"Book of Stabbing","ascension_level":20}}