{"host":"6a92uynocv4elkyp","time":1611335530,"event":{"mods":["AchievementEnabler","BaseMod","Hubris","Infinite Spire","Minty Spire (QoL Compilation)","Quick Restart","StSLib"],"gold_per_floor":[453,486,531,36,96,201,288,288,288,333,432,165,240,318,318,540,690,741,741,141,177,177,252,89,125,125,125,221,221,221],"floor_reached":29,"language":"ENG","playtime":1260,"items_purged":["Steam","Biased Cognition","Conserve Battery"],"score":627,"play_id":"a01b4af1-9048-463d-9da2-fe83a1cfb1be","local_time":"20210122181210","daily_mods":["SealedDeck","Heirloom","Flight","DeadlyEvents","Elite Swarm","Midas"],"is_ascension_mode":true,"campfire_choices":[{"floor":8,"key":"REST"},{"floor":15,"key":"REST"},{"floor":27,"key":"REST"}],"circlet_count":0,"master_deck":["AscendersBane","FTL","hubris:PowerSurge","Ball Lightning","Stack","Self Repair","Glacier","Gash","Compile Driver","Defragment","Storm","Conserve Battery","Apotheosis","Loop+1","Capacitor","Echo Form","Creative AI","Gash","Scrape","Self Repair","Buffer","Echo Form","Machine Learning","Self Repair+1","Loop","Loop+1","Echo Form+1"],"relics":["Cracked Core","Old Coin","DataDisk","Centennial Puzzle","Sundial","infinitespire:Joker Card","White Beast Statue","Bottled Flame","Unceasing Top","Tiny House","Nilry\u0027s Codex","Frozen Egg 2","Nunchaku","infinitespire:Eraser","infinitespire:Freezer","hubris:ToyBattleship"],"acts_visited":["Exordium","TheCity"],"potions_floor_usage":[6,7,11,14,16,21,23,25,28,29],"damage_taken":[{"damage":0,"enemies":"Small Slimes","floor":1,"turns":3},{"damage":0,"enemies":"Jaw Worm","floor":2,"turns":3},{"damage":0,"enemies":"2 Louse","floor":3,"turns":2},{"damage":13,"enemies":"Blue Slaver","floor":5,"turns":3},{"damage":28,"enemies":"Gremlin Nob","floor":6,"turns":4},{"damage":20,"enemies":"Lagavulin","floor":7,"turns":4},{"damage":24,"enemies":"Exordium Wildlife","floor":10,"turns":5},{"damage":8,"enemies":"Gremlin Nob","floor":11,"turns":3},{"damage":30,"enemies":"3 Sentries","floor":13,"turns":5},{"damage":8,"enemies":"Lagavulin","floor":14,"turns":3},{"damage":24,"enemies":"Slime Boss","floor":16,"turns":5},{"damage":0,"enemies":"Chosen","floor":18,"turns":5},{"damage":5,"enemies":"3 Byrds","floor":21,"turns":2},{"damage":44,"enemies":"Book of Stabbing","floor":23,"turns":6},{"damage":0,"enemies":"Sentry and Sphere","floor":25,"turns":4},{"damage":63,"enemies":"Slavers","floor":28,"turns":5},{"damage":32,"enemies":"Gremlin Leader","floor":29,"turns":2}],"seed_played":"1786491408299606370","potions_obtained":[{"floor":1,"key":"Ancient Potion"},{"floor":3,"key":"DistilledChaos"},{"floor":6,"key":"BlessingOfTheForge"},{"floor":13,"key":"Block Potion"},{"floor":14,"key":"AttackPotion"},{"floor":16,"key":"SteroidPotion"},{"floor":17,"key":"SneckoOil"},{"floor":18,"key":"DistilledChaos"},{"floor":21,"key":"Explosive Potion"},{"floor":23,"key":"Dexterity Potion"},{"floor":25,"key":"Energy Potion"},{"floor":28,"key":"SpeedPotion"}],"is_trial":true,"path_per_floor":["M","M","M","$","M","E","E","R","T","M","E","$","E","E","R","B",null,"M","?","$","M","?","E","$","M","T","R","E","E"],"character_chosen":"DEFECT","items_purchased":["Apotheosis","DataDisk","Loop","Scrape","Self Repair","Loop","Frozen Egg 2","Nunchaku","infinitespire:Freezer"],"campfire_rested":3,"item_purchase_floors":[4,4,4,12,12,20,20,20,24],"current_hp_per_floor":[71,71,71,71,58,37,27,48,48,34,36,36,26,18,39,22,64,74,53,53,72,50,16,16,40,40,64,32,0,0],"gold":221,"neow_bonus":"","is_daily":false,"chose_seed":false,"campfire_upgraded":0,"win_rate":0.0,"timestamp":1611335530,"path_taken":["M","M","M","$","M","E","E","R","T","M","E","$","E","E","R","BOSS","M","?","$","?","?","E","?","M","T","R","E","E"],"items_purchased_type":["Card","Relic","Card","Card","Card","Card","Relic","Relic","Relic"],"build_version":"2020-12-22","purchased_purges":3,"victory":false,"max_hp_per_floor":[71,71,71,71,71,71,71,71,71,71,71,71,71,71,71,71,76,76,76,76,76,81,81,81,81,81,81,81,81,81],"card_choices":[{"not_picked":["Turbo","Consume","Aggregate"],"picked":"SKIP","floor":1},{"not_picked":["Go for the Eyes","Stack"],"picked":"Storm","floor":2},{"not_picked":["Compile Driver","Sweeping Beam"],"picked":"Conserve Battery","floor":3},{"not_picked":["Rebound","Sweeping Beam"],"picked":"Capacitor","floor":5},{"not_picked":["Biased Cognition","Buffer"],"picked":"Echo Form","floor":6},{"not_picked":["Hyperbeam","hubris:Prefetch"],"picked":"Creative AI","floor":7},{"not_picked":["Leap","Skim"],"picked":"Gash","floor":10},{"not_picked":["hubris:DoWhile","Buffer"],"picked":"Biased Cognition","floor":11},{"not_picked":["Core Surge","Creative AI"],"picked":"Buffer","floor":13},{"not_picked":["hubris:SpecializedCircuitry","hubris:DoWhile"],"picked":"Echo Form","floor":14},{"not_picked":["Hyperbeam","Biased Cognition"],"picked":"Machine Learning","floor":16},{"not_picked":["Sweeping Beam","Ball Lightning"],"picked":"Conserve Battery","floor":17},{"not_picked":["Steam","Compile Driver"],"picked":"Self Repair+1","floor":18},{"not_picked":["Steam","Amplify"],"picked":"Loop+1","floor":21},{"not_picked":["hubris:Prefetch","Hyperbeam","Core Surge"],"picked":"SKIP","floor":23},{"not_picked":["Barrage","Turbo","Sweeping Beam"],"picked":"SKIP","floor":25},{"not_picked":["Electrodynamics+1","hubris:Prefetch"],"picked":"Echo Form+1","floor":28}],"player_experience":142176,"relics_obtained":[{"floor":6,"key":"Centennial Puzzle"},{"floor":7,"key":"Sundial"},{"floor":9,"key":"infinitespire:Joker Card"},{"floor":11,"key":"White Beast Statue"},{"floor":13,"key":"Bottled Flame"},{"floor":14,"key":"Unceasing Top"},{"floor":19,"key":"Nilry\u0027s Codex"},{"floor":23,"key":"infinitespire:Eraser"},{"floor":28,"key":"hubris:ToyBattleship"}],"event_choices":[{"damage_healed":0,"gold_gain":0,"player_choice":"Obtained Book","damage_taken":21,"max_hp_gain":0,"max_hp_loss":0,"event_name":"Cursed Tome","floor":19,"gold_loss":0},{"damage_healed":0,"gold_gain":0,"player_choice":"Shed Blood","damage_taken":27,"max_hp_gain":5,"max_hp_loss":0,"event_name":"Forgotten Altar","floor":22,"gold_loss":0}],"is_beta":false,"boss_relics":[{"not_picked":["Runic Pyramid","hubris:GrandSneckoEye"],"picked":"Tiny House"}],"items_purged_floors":[4,12,20],"is_endless":false,"potions_floor_spawned":[1,3,5,6,13,14,16,18,21,23,25,28],"killed_by":"Gremlin Leader","ascension_level":20}}