{"host":"jx3f6ezc0g3s9edc","time":1611279546,"event":{"mods":["AchievementEnabler","BaseMod","Bestiary","Colored Map","Highlight Path","Minty Spire (QoL Compilation)","StSLib"],"gold_per_floor":[110,120,139,158,116,116,145,145,145,179,41,41,41,41],"floor_reached":13,"language":"ENG","playtime":884,"items_purged":[],"score":140,"play_id":"b4d48df2-8ad1-4d89-92b6-891de8a75f4a","local_time":"20210121203906","is_ascension_mode":true,"campfire_choices":[{"data":"Bouncing Flask","floor":6.0,"key":"SMITH"},{"floor":8.0,"key":"REST"},{"data":"Night Terror","floor":12.0,"key":"SMITH"}],"circlet_count":0,"master_deck":["AscendersBane","Strike_G","Strike_G","Strike_G","Strike_G","Strike_G","Defend_G","Defend_G","Defend_G","Defend_G","Defend_G","Survivor","Neutralize","Dash","Poisoned Stab","Bane","Bouncing Flask+1","Night Terror+1","Catalyst","Corpse Explosion"],"relics":["Ring of the Snake","Centennial Puzzle","Pen Nib","Mercury Hourglass"],"acts_visited":["Exordium"],"potions_floor_usage":[],"damage_taken":[{"damage":0.0,"enemies":"Cultist","floor":1.0,"turns":5.0},{"damage":4.0,"enemies":"Jaw Worm","floor":2.0,"turns":5.0},{"damage":0.0,"enemies":"2 Louse","floor":3.0,"turns":3.0},{"damage":13.0,"enemies":"Lots of Slimes","floor":4.0,"turns":6.0},{"damage":19.0,"enemies":"Gremlin Nob","floor":7.0,"turns":4.0},{"damage":27.0,"enemies":"Lagavulin","floor":10.0,"turns":6.0},{"damage":31,"enemies":"Gremlin Nob","floor":13,"turns":3}],"seed_played":"-6734764697428902879","potions_obtained":[{"floor":1.0,"key":"Dexterity Potion"},{"floor":2.0,"key":"Ancient Potion"}],"is_trial":false,"path_per_floor":["M","M","M","M","?","R","E","R","T","E","$","R","E"],"character_chosen":"THE_SILENT","items_purchased":["Corpse Explosion"],"campfire_rested":1,"item_purchase_floors":[11],"current_hp_per_floor":[70,66,66,53,53,53,34,57,57,30,30,30,0,0],"gold":41,"neow_bonus":"TEN_PERCENT_HP_BONUS","is_daily":false,"chose_seed":false,"campfire_upgraded":2,"win_rate":0.0,"timestamp":1611279546,"path_taken":["M","?","M","M","?","R","E","R","T","E","$","R","E"],"items_purchased_type":["Card"],"build_version":"2020-12-22","purchased_purges":0,"victory":false,"max_hp_per_floor":[77,77,77,77,77,77,77,77,77,77,77,77,77,77],"card_choices":[{"not_picked":["Backflip","Bane"],"picked":"Dash","floor":1.0},{"not_picked":["Blade Dance","PiercingWail"],"picked":"Poisoned Stab","floor":2.0},{"not_picked":["Expertise","Underhanded Strike"],"picked":"Bane","floor":3.0},{"not_picked":["Bane","Heel Hook"],"picked":"Bouncing Flask","floor":4.0},{"not_picked":["Envenom","Finisher"],"picked":"Night Terror","floor":7.0},{"not_picked":["Riddle With Holes","Quick Slash"],"picked":"Catalyst","floor":10.0}],"player_experience":769062,"relics_obtained":[{"floor":7.0,"key":"Centennial Puzzle"},{"floor":9.0,"key":"Pen Nib"},{"floor":10.0,"key":"Mercury Hourglass"}],"event_choices":[{"damage_healed":0.0,"max_hp_gain":0.0,"max_hp_loss":0.0,"gold_gain":0.0,"event_name":"World of Goop","player_choice":"Left Gold","floor":5.0,"gold_loss":42.0,"damage_taken":0.0}],"is_beta":false,"boss_relics":[],"items_purged_floors":[],"is_endless":false,"potions_floor_spawned":[1,2],"killed_by":"Gremlin Nob","ascension_level":10}}