{"host":"2brg86hfzr3u5cix","time":1611308121,"event":{"mods":["AchievementEnabler","Ascension Unlocker","BaseMod","CapriCore","DeckTracker","Highlight Path","Keyboard Shortcuts","Minty Spire (QoL Compilation)","Permanent Neow","Relic Stats","StSLib","Twitch Utils","Uncapped","UnlockEverythingMod"],"gold_per_floor":[114,39,39,50,100,100,115,141,141,167,167,167,167,198,210,222,222],"floor_reached":16,"language":"KOR","playtime":468,"items_purged":["Strike_R"],"score":282,"play_id":"34dcc2d1-05b6-4185-a2d0-84cfb9d8a3d9","local_time":"20210122183521","is_ascension_mode":true,"campfire_choices":[{"data":"Whirlwind","floor":6,"key":"SMITH"},{"data":"Rupture","floor":12,"key":"SMITH"},{"floor":15,"key":"REST"}],"circlet_count":0,"master_deck":["AscendersBane","Strike_R","Strike_R","Strike_R","Defend_R","Defend_R","Defend_R","Defend_R","Bash","Brutality","True Grit","Whirlwind+1","Rupture+1","Uppercut","Flame Barrier","Feel No Pain","Barricade"],"relics":["Burning Blood","Nunchaku","HornCleat","Matryoshka","MawBank"],"acts_visited":["Exordium"],"potions_floor_usage":[8,8,8,10,14],"damage_taken":[{"damage":9.0,"enemies":"Jaw Worm","floor":1.0,"turns":5.0},{"damage":17.0,"enemies":"Cultist","floor":4.0,"turns":5.0},{"damage":0,"enemies":"2 Louse","floor":7,"turns":1},{"damage":39,"enemies":"Lagavulin","floor":8,"turns":9},{"damage":1,"enemies":"3 Sentries","floor":10,"turns":3},{"damage":56,"enemies":"Lagavulin","floor":14,"turns":8},{"damage":30,"enemies":"Hexaghost","floor":16,"turns":10}],"seed_played":"-1337594533874567412","potions_obtained":[{"floor":4,"key":"EntropicBrew"},{"floor":8,"key":"Energy Potion"},{"floor":10,"key":"Block Potion"}],"is_trial":false,"path_per_floor":["M","$","?","M","?","R","M","E","T","E","?","R","?","E","R","B"],"character_chosen":"IRONCLAD","items_purchased":[],"campfire_rested":1,"item_purchase_floors":[],"current_hp_per_floor":[65,65,65,54,54,54,60,27,27,32,57,57,57,7,29,0,0],"gold":222,"neow_bonus":"ONE_RANDOM_RARE_CARD","is_daily":false,"chose_seed":false,"campfire_upgraded":2,"win_rate":0.0,"timestamp":1611308121,"path_taken":["M","$","?","M","?","R","?","E","T","E","?","R","?","E","R","BOSS"],"items_purchased_type":[],"build_version":"2020-12-22","purchased_purges":1,"victory":false,"max_hp_per_floor":[75,75,75,75,75,75,75,75,75,75,75,75,75,75,75,75,75],"relic_stats":{"Nunchaku":[1],"counters":[7,41],"MawBank":24,"obtain_stats":[{"Nunchaku":8,"HornCleat":9,"Matryoshka":10,"MawBank":14,"Burning Blood":0},{"Nunchaku":4,"HornCleat":4,"Matryoshka":5,"MawBank":6,"Burning Blood":0},{"Nunchaku":20,"HornCleat":20,"Matryoshka":23,"MawBank":31,"Burning Blood":0}],"Burning Blood":36},"card_choices":[{"not_picked":["Inflame","Anger"],"picked":"True Grit","floor":1.0},{"not_picked":["Pommel Strike","Heavy Blade"],"picked":"Whirlwind","floor":4},{"not_picked":["Thunderclap","Anger"],"picked":"Rupture","floor":7},{"not_picked":["Cleave","Havoc"],"picked":"Uppercut","floor":8},{"not_picked":["Flex","Headbutt"],"picked":"Flame Barrier","floor":10},{"not_picked":["Anger","Body Slam"],"picked":"Barricade","floor":14}],"player_experience":329234,"relics_obtained":[{"floor":8,"key":"Nunchaku"},{"floor":9,"key":"HornCleat"},{"floor":10,"key":"Matryoshka"},{"floor":14,"key":"MawBank"}],"event_choices":[{"damage_healed":0.0,"max_hp_gain":0.0,"max_hp_loss":0.0,"gold_gain":0.0,"event_name":"Liars Game","player_choice":"Ignored","floor":3.0,"gold_loss":0.0,"damage_taken":0.0},{"damage_healed":0,"gold_gain":50,"player_choice":"Pray","damage_taken":0,"max_hp_gain":0,"max_hp_loss":0,"event_name":"Golden Shrine","floor":5,"gold_loss":0},{"damage_healed":25,"gold_gain":0,"player_choice":"Banana","damage_taken":0,"max_hp_gain":0,"max_hp_loss":0,"event_name":"Big Fish","floor":11,"gold_loss":0},{"damage_healed":0,"gold_gain":0,"cards_transformed":["Strike_R"],"player_choice":"Transformed","damage_taken":0,"max_hp_gain":0,"max_hp_loss":0,"event_name":"Transmorgrifier","floor":13,"gold_loss":0,"cards_obtained":["Feel No Pain"]}],"is_beta":false,"boss_relics":[],"items_purged_floors":[2],"is_endless":false,"potions_floor_spawned":[4,8,10],"killed_by":"Hexaghost","ascension_level":20}}