{"host":"ig9h5mtrygw4gu9r","time":1611287473,"event":{"mods":["2.2 Compatiblity","AchievementEnabler","BaseMod","Downfall","Minty Spire (QoL Compilation)","Relic Stats","StSLib"],"gold_per_floor":[99,113,127,137,150,150,176,176,190,17,117,144,163,179,198,198,198,198],"floor_reached":16,"language":"ENG","playtime":1269,"items_purged":["Guardian:Strike_Guardian"],"score":106,"play_id":"f4ae9668-e985-4963-8481-53444101a307","local_time":"20210121195113","is_ascension_mode":false,"campfire_choices":[{"data":"Guardian:TwinSlam","floor":1,"key":"SMITH"},{"data":"Guardian:DonusPower","floor":6,"key":"SMITH"},{"data":"Guardian:BodySlam","floor":8,"key":"SMITH"}],"circlet_count":0,"master_deck":["Guardian:Strike_Guardian","Guardian:Strike_Guardian","Guardian:Strike_Guardian","Guardian:Defend_Guardian","Guardian:Defend_Guardian","Guardian:Defend_Guardian","Guardian:Defend_Guardian","Guardian:CurlUp","Guardian:TwinSlam+1","Guardian:BodySlam+1","Guardian:DonusPower+1","Guardian:PrismaticBeam","Guardian:FloatingOrbs","Guardian:ShieldCharger","Finesse","Guardian:PiercingHide","Guardian:ChargeCore","Guardian:StasisField","Guardian:BronzeOrb"],"relics":["Guardian:ModeShifter","Tiny Chest","Centennial Puzzle"],"acts_visited":["Exordium"],"potions_floor_usage":[16,16,16],"damage_taken":[{"damage":0,"enemies":"Cultist","floor":2,"turns":4},{"damage":7,"enemies":"2 Louse","floor":3,"turns":2},{"damage":6,"enemies":"Jaw Worm","floor":4,"turns":4},{"damage":12,"enemies":"Blue Slaver","floor":5,"turns":4},{"damage":0,"enemies":"Large Slime","floor":9,"turns":4},{"damage":10,"enemies":"downfall:FleeingMerchant","floor":10,"turns":4},{"damage":14,"enemies":"Lagavulin","floor":12,"turns":6},{"damage":11,"enemies":"3 Louse","floor":13,"turns":3},{"damage":13,"enemies":"Red Slaver","floor":14,"turns":3},{"damage":12,"enemies":"Lots of Slimes","floor":15,"turns":4},{"damage":6,"enemies":"IC_STATUS_ARCHETYPE","floor":16,"turns":8}],"seed_played":"-2283830011079877269","potions_obtained":[{"floor":3,"key":"hexamod:SoulburnPotion"},{"floor":4,"key":"champ:CounterPotion"},{"floor":12,"key":"EssenceOfSteel"}],"is_trial":false,"path_per_floor":["R","M","M","M","M","R","T","R","M","$","?","E","M","M","M","B"],"character_chosen":"GUARDIAN","items_purchased":["Finesse"],"campfire_rested":0,"item_purchase_floors":[10],"current_hp_per_floor":[88,88,81,75,63,63,63,63,63,53,53,39,28,15,3,0,0,0],"gold":198,"neow_bonus":"TEN_PERCENT_HP_BONUS","is_daily":false,"chose_seed":false,"campfire_upgraded":3,"win_rate":0.0,"timestamp":1611287473,"path_taken":["R","M","M","M","M","R","T","R","M","?","?","E","M","M","M","BOSS"],"items_purchased_type":["Card"],"build_version":"2020-12-22","purchased_purges":1,"victory":false,"max_hp_per_floor":[88,88,88,88,88,88,88,88,88,88,88,88,88,88,88,88,88,88],"relic_stats":{"Centennial Puzzle":[9],"counters":[11,46],"Tiny Chest":0,"obtain_stats":[{"Centennial Puzzle":12,"Guardian:ModeShifter":0,"Tiny Chest":7},{"Centennial Puzzle":7,"Guardian:ModeShifter":0,"Tiny Chest":4},{"Centennial Puzzle":28,"Guardian:ModeShifter":0,"Tiny Chest":14}]},"card_choices":[{"not_picked":["Guardian:Recover","Guardian:Repulse"],"picked":"Guardian:BodySlam","floor":2},{"not_picked":["Guardian:WalkerClaw","Guardian:Recover"],"picked":"Guardian:DonusPower","floor":3},{"not_picked":["Guardian:Emergency","Guardian:Gem_Lightblue"],"picked":"Guardian:Gem_Purple","floor":4},{"not_picked":["Guardian:PiercingHide","Guardian:TimeSifter"],"picked":"Guardian:PrismaticBeam","floor":5},{"not_picked":["Guardian:Planning","Guardian:WalkerClaw"],"picked":"Guardian:FloatingOrbs","floor":9},{"not_picked":["Guardian:ShieldSpikes","Guardian:FloatingOrbs"],"picked":"Guardian:ShieldCharger","floor":10},{"not_picked":["Guardian:AncientConstruct","Guardian:CrystalBeam"],"picked":"Guardian:PiercingHide","floor":12},{"not_picked":["Guardian:PrimingBeam","Guardian:TemporalStrike"],"picked":"Guardian:ChargeCore","floor":13},{"not_picked":["Guardian:PrimingBeam","Guardian:Reroute"],"picked":"Guardian:StasisField","floor":14},{"not_picked":["Guardian:CrystalBeam","Guardian:Planning"],"picked":"Guardian:BronzeOrb","floor":15}],"player_experience":357178,"relics_obtained":[{"floor":7,"key":"Tiny Chest"},{"floor":12,"key":"Centennial Puzzle"}],"event_choices":[{"damage_healed":0,"gold_gain":100,"player_choice":"Gold","damage_taken":0,"max_hp_gain":0,"max_hp_loss":0,"event_name":"Wheel of Change","floor":11,"gold_loss":0}],"is_beta":false,"boss_relics":[],"items_purged_floors":[10],"is_endless":false,"potions_floor_spawned":[3,4,9,12,14,15],"killed_by":"IC_STATUS_ARCHETYPE","ascension_level":0}}