{"host":"mg3e76uznu9x14du","time":1611353869,"event":{"mods":["BaseMod","Colored Map","Downfall","Minty Spire (QoL Compilation)","Permanent Neow","Relic Stats","StSLib","Waifu the Spire","everything is the same but u backflip on backflip"],"gold_per_floor":[199,211,211,211,225,225,225,139,139,42,69,81,181,201,221,324,324,324,337,355,355,68,86,86,86,86,86],"floor_reached":25,"language":"ENG","playtime":1369,"items_purged":[],"score":237,"play_id":"c5978791-7a1a-42b6-8275-3e0d46585397","local_time":"20210122171749","is_ascension_mode":true,"campfire_choices":[{"data":"bronze:Replicate","floor":1,"key":"SMITH"},{"data":"bronze:Iterate","floor":6,"key":"SMITH"},{"data":"bronze:Overload","floor":9,"key":"SMITH"},{"floor":18,"key":"RECALL"}],"circlet_count":0,"master_deck":["bronze:Strike","bronze:Strike","bronze:Strike","bronze:Strike","bronze:Defend","bronze:Defend","bronze:Defend","bronze:Defend","bronze:Replicate+1","bronze:Goto","bronze:Iterate+1","bronze:Overload+1","bronze:Shield","bronze:ClassDefault","bronze:Verify","bronze:CloningBeam","bronze:ForceShield","bronze:Frontload","bronze:Repair","bronze:Terminator","bronze:SpaghettiCode","bronze:Iterate+1","bronze:MaxOutput","bronze:BitShift+1","bronze:Iterate+1","bronze:InfiniteBeams","bronze:InfiniteBeams"],"relics":["bronze:BronzeCore","Nunchaku","bronze:BottledCode","Pantograph","sneckomod:BlankCard","Black Star","DollysMirror","Bottled Tornado"],"acts_visited":["Exordium","TheCity"],"potions_floor_usage":[11,14,16,16,22,23,25],"damage_taken":[{"damage":0,"enemies":"2 Louse","floor":2,"turns":3},{"damage":6,"enemies":"Jaw Worm","floor":5,"turns":3},{"damage":0,"enemies":"downfall:FleeingMerchant","floor":8,"turns":4},{"damage":5,"enemies":"downfall:FleeingMerchant","floor":10,"turns":4},{"damage":0,"enemies":"Lagavulin","floor":11,"turns":4},{"damage":0,"enemies":"Small Slimes","floor":12,"turns":3},{"damage":3,"enemies":"3 Louse","floor":14,"turns":4},{"damage":17,"enemies":"Exordium Thugs","floor":15,"turns":6},{"damage":43,"enemies":"WA_ARCHETYPE_RETAIN","floor":16,"turns":9},{"damage":13,"enemies":"3 Byrds","floor":19,"turns":7},{"damage":10,"enemies":"Chosen","floor":20,"turns":4},{"damage":20,"enemies":"downfall:FleeingMerchant","floor":22,"turns":4},{"damage":23,"enemies":"Snake Plant","floor":23,"turns":7},{"damage":10,"enemies":"downfall:FleeingMerchant","floor":25,"turns":2}],"seed_played":"-6948669137901832171","potions_obtained":[{"floor":2,"key":"Fire Potion"},{"floor":11,"key":"LiquidMemories"},{"floor":14,"key":"Swift Potion"},{"floor":15,"key":"GamblersBrew"},{"floor":16,"key":"Slimebound:ThreeZeroPotion"},{"floor":20,"key":"BlessingOfTheForge"},{"floor":21,"key":"hexamod:SoulburnPotion"},{"floor":23,"key":"ColorlessPotion"}],"is_trial":false,"path_per_floor":["R","M","?","?","M","R","T","$","R","$","E","M","?","M","M","B",null,"R","M","M","?","$","M","T","$"],"character_chosen":"THE_AUTOMATON","items_purchased":["bronze:ClassDefault","bronze:CloningBeam","DollysMirror","bronze:InfiniteBeams","Weak Potion"],"campfire_rested":0,"item_purchase_floors":[8,10,22,22,22],"current_hp_per_floor":[70,70,58,58,52,52,52,52,52,47,47,47,47,44,34,23,60,60,47,37,37,24,8,8,0,0,0],"gold":86,"neow_bonus":"HUNDRED_GOLD","is_daily":false,"chose_seed":false,"campfire_upgraded":3,"win_rate":0.0,"timestamp":1611353869,"path_taken":["R","M","?","?","M","R","T","$","R","$","E","M","?","M","M","BOSS","R","M","M","?","$","M","T","?"],"items_purchased_type":["Card","Card","Relic","Card","Potion"],"build_version":"2020-12-22","purchased_purges":0,"victory":false,"max_hp_per_floor":[70,70,70,60,60,60,60,60,60,60,60,60,60,60,60,60,60,60,60,60,60,60,60,60,60,60,60],"relic_stats":{"Nunchaku":[12],"counters":[14,64],"Pantograph":25,"Black Star":0,"obtain_stats":[{"bronze:BottledCode":4,"Nunchaku":3,"bronze:BronzeCore":0,"DollysMirror":22,"Pantograph":7,"sneckomod:BlankCard":11,"Black Star":17,"Bottled Tornado":24},{"bronze:BottledCode":1,"Nunchaku":1,"bronze:BronzeCore":0,"DollysMirror":12,"Pantograph":2,"sneckomod:BlankCard":5,"Black Star":9,"Bottled Tornado":13},{"bronze:BottledCode":3,"Nunchaku":3,"bronze:BronzeCore":0,"DollysMirror":55,"Pantograph":6,"sneckomod:BlankCard":18,"Black Star":40,"Bottled Tornado":62}]},"card_choices":[{"not_picked":["bronze:MaxOutput","bronze:Flail"],"picked":"bronze:Iterate","floor":2},{"not_picked":["bronze:Overheat","bronze:DarkDash"],"picked":"bronze:Overload","floor":5},{"not_picked":["bronze:CutThrough","bronze:ChosenStrike"],"picked":"bronze:Shield","floor":8},{"not_picked":["bronze:Optimize","bronze:ChildClass"],"picked":"bronze:Verify","floor":10},{"not_picked":["bronze:ChildClass","bronze:FollowUp"],"picked":"bronze:ForceShield","floor":11},{"not_picked":["bronze:BugBarrage","bronze:Overheat"],"picked":"bronze:Frontload","floor":12},{"not_picked":["bronze:Deprecate","bronze:WildBeam"],"picked":"bronze:Repair","floor":14},{"not_picked":["bronze:Repulsor","bronze:DelayedGuard"],"picked":"bronze:Terminator","floor":15},{"not_picked":["bronze:HyperBeam","bronze:Format"],"picked":"bronze:SpaghettiCode","floor":16},{"not_picked":["bronze:Terminator","bronze:Return"],"picked":"bronze:Iterate+1","floor":19},{"not_picked":["bronze:CutThrough","bronze:Separator"],"picked":"bronze:MaxOutput","floor":20},{"not_picked":["bronze:Constructor","bronze:ThunderWave"],"picked":"bronze:BitShift+1","floor":22},{"not_picked":["bronze:Invalidate","bronze:ChildClass"],"picked":"bronze:InfiniteBeams","floor":23}],"player_experience":473845,"relics_obtained":[{"floor":7,"key":"Pantograph"},{"floor":11,"key":"sneckomod:BlankCard"},{"floor":24,"key":"Bottled Tornado"}],"event_choices":[{"damage_healed":0,"gold_gain":0,"player_choice":"Success","damage_taken":12,"relics_obtained":["Nunchaku"],"max_hp_gain":0,"max_hp_loss":0,"event_name":"Scrap Ooze","floor":3,"gold_loss":0},{"damage_healed":0,"gold_gain":0,"player_choice":"Got Potions","damage_taken":0,"max_hp_gain":0,"max_hp_loss":0,"event_name":"Lab","floor":21,"gold_loss":0}],"is_beta":false,"boss_relics":[{"not_picked":["Snecko Eye","Astrolabe"],"picked":"Black Star"}],"items_purged_floors":[],"is_endless":false,"potions_floor_spawned":[2,11,14,15,16,20,23],"killed_by":"downfall:FleeingMerchant","ascension_level":1}}