{"host":"mp58o87p0odjvmog","time":1611336388,"event":{"mods":["BaseMod","BetterRewards","Colored Map","Hubris","Infinite Spire","Marisa????????","Minty Spire (QoL Compilation)","Replay The Spire","StSLib","The Servant 0.9.4"],"gold_per_floor":[110,60,60,60,74,74,105,115,115,145,223,239,239,239],"floor_reached":13,"language":"ENG","playtime":284,"items_purged":[],"score":112,"play_id":"569d85bd-5e18-4c17-ba3a-7293d8fe0d34","local_time":"20210122112628","is_ascension_mode":true,"campfire_choices":[{"data":"Twin Strike","floor":6,"key":"SMITH"}],"circlet_count":0,"master_deck":["Strike_R","Strike_R+1","Strike_R","Strike_R","Strike_R","Defend_R","Defend_R","Defend_R","Bash+1","Twin Strike+1","Sword Boomerang","Ghostly Armor"],"relics":["Burning Blood","infinitespire:FocusingShard","Kunai","Girya","hubris:DeckOfHolding"],"acts_visited":["Exordium"],"potions_floor_usage":[7,11,12,12,13],"damage_taken":[{"damage":7,"enemies":"Jaw Worm","floor":1,"turns":3},{"damage":5,"enemies":"Small Slimes","floor":5,"turns":3},{"damage":25,"enemies":"3 Sentries","floor":7,"turns":7},{"damage":0,"enemies":"2 Louse","floor":8,"turns":2},{"damage":24,"enemies":"Gremlin Nob","floor":10,"turns":4},{"damage":0,"enemies":"Looter","floor":12,"turns":3},{"damage":15,"enemies":"3 Sentries","floor":13,"turns":2}],"seed_played":"-7964783561387188178","potions_obtained":[{"floor":1,"key":"DuplicationPotion"},{"floor":8,"key":"GamblersBrew"},{"floor":11,"key":"HeartOfIron"},{"floor":11,"key":"Fruit Juice"},{"floor":11,"key":"AttackPotion"},{"floor":12,"key":"Strength Potion"}],"is_trial":false,"path_per_floor":["M","?","T","?","M","R","E","M","T","E","?","M","E"],"character_chosen":"IRONCLAD","items_purchased":[],"campfire_rested":0,"item_purchase_floors":[],"current_hp_per_floor":[87,87,87,69,70,70,51,57,57,39,9,15,0,0],"gold":239,"neow_bonus":"TEN_PERCENT_HP_BONUS","is_daily":false,"chose_seed":false,"campfire_upgraded":1,"win_rate":0.0,"timestamp":1611336388,"path_taken":["M","?","?","?","M","R","E","M","T","E","?","M","E"],"items_purchased_type":[],"build_version":"2020-12-22","purchased_purges":0,"victory":false,"max_hp_per_floor":[88,88,88,88,88,88,88,88,88,88,93,93,93,93],"card_choices":[{"not_picked":["True Grit","hubris:ReadiedAction"],"picked":"Twin Strike","floor":1},{"not_picked":["Warcry","Thunderclap","hubris:ReadiedAction"],"picked":"SKIP","floor":5},{"not_picked":["Fire Breathing","Double Tap"],"picked":"Sword Boomerang","floor":7},{"not_picked":["Heavy Blade","Evolve","Wild Strike"],"picked":"SKIP","floor":8},{"not_picked":["hubris:CleavingFinish","ReplayTheSpireMod:Limb From Limb","Body Slam"],"picked":"SKIP","floor":10},{"not_picked":["Run Through","Replay:Undeath\u0027s Touch"],"picked":"Ghostly Armor","floor":12}],"player_experience":92703,"relics_obtained":[{"floor":3,"key":"infinitespire:FocusingShard"},{"floor":7,"key":"Kunai"},{"floor":9,"key":"Girya"},{"floor":10,"key":"hubris:DeckOfHolding"}],"event_choices":[{"cards_removed":["Defend_R"],"damage_healed":0,"gold_gain":0,"player_choice":"Card Removal","damage_taken":0,"max_hp_gain":0,"max_hp_loss":0,"event_name":"The Cleric","floor":2,"gold_loss":50},{"damage_healed":0,"gold_gain":0,"player_choice":"Entered Light","damage_taken":18,"max_hp_gain":0,"max_hp_loss":0,"event_name":"Shining Light","floor":4,"gold_loss":0,"cards_upgraded":["Bash","Strike_R"]}],"is_beta":false,"boss_relics":[],"items_purged_floors":[],"is_endless":false,"potions_floor_spawned":[1,8,12],"killed_by":"3 Sentries","ascension_level":4}}