{"host":"eckg3lzugnpjvwsg","time":1611338551,"event":{"mods":["Act Like it!","BaseMod","Beaked The Cultist","Better Third Choice","Minty Spire (QoL Compilation)","Replay The Spire","StSLib"],"gold_per_floor":[117,129,109,127,127,159,159,176,200,214,231,260,260,260,260,359,359,377,448,460,375,57,92,92,92,92],"floor_reached":25,"language":"ENG","playtime":1671,"items_purged":["Normality"],"score":256,"play_id":"6173f850-40f0-4363-a5a1-eb01ce29e70c","local_time":"20210122160231","is_ascension_mode":false,"campfire_choices":[{"floor":7.0,"key":"RECALL"},{"data":"beaked:MaddeningMurmurs","floor":24.0,"key":"SMITH"}],"circlet_count":0,"master_deck":["beaked:Strike_Y","beaked:Strike_Y","beaked:Strike_Y","beaked:Strike_Y","beaked:Defend_Y","beaked:Defend_Y","beaked:Defend_Y","beaked:Ceremony","beaked:Ceremony","beaked:WindBringer","ReplayTheSpireMod:RavenHex","beaked:Negation","Inflame","beaked:Insight","beaked:StickSmack","beaked:Tweet","beaked:MaddeningMurmurs+1","Feed","beaked:CheekyTricks+1","Feed+1","beaked:Flinch+1","beaked:Evade+1","beaked:Replenish","beaked:Evade","beaked:Devastation+1"],"relics":["m_ByrdBlood","Oddly Smooth Stone","Regal Pillow","Ring of Peace","Replay:Wax Seal","Replay:Grab Bag","Sozu","Philosopher\u0027s Stone","Astrolabe","Vajra","Strawberry","Darkstone Periapt","Tiny Chest"],"acts_visited":["Exordium","TheCity"],"potions_floor_usage":[25],"damage_taken":[{"damage":15.0,"enemies":"Jaw Worm","floor":1.0,"turns":4.0},{"damage":12.0,"enemies":"Cultist","floor":2.0,"turns":5.0},{"damage":0.0,"enemies":"2 Louse","floor":4.0,"turns":1.0},{"damage":35.0,"enemies":"3 Sentries","floor":6.0,"turns":7.0},{"damage":20.0,"enemies":"Large Slime","floor":8.0,"turns":7.0},{"damage":9.0,"enemies":"Blue Slaver","floor":10.0,"turns":5.0},{"damage":19.0,"enemies":"Exordium Wildlife","floor":11.0,"turns":5.0},{"damage":19.0,"enemies":"Lagavulin","floor":12.0,"turns":7.0},{"damage":43.0,"enemies":"Hexaghost","floor":16.0,"turns":9.0},{"damage":41.0,"enemies":"Spheric Guardian","floor":18.0,"turns":8.0},{"damage":14.0,"enemies":"2 Thieves","floor":20.0,"turns":5.0},{"damage":37.0,"enemies":"Book of Stabbing","floor":23.0,"turns":7.0},{"damage":39,"enemies":"Replay:Snechameleon","floor":25,"turns":5}],"seed_played":"-4617600263274928074","potions_obtained":[{"floor":1.0,"key":"Elixir"},{"floor":2.0,"key":"Elixir"},{"floor":3.0,"key":"Cursed Concoction"}],"is_trial":false,"path_per_floor":["M","M","?","M","?","E","R","M","T","M","M","E","?","T","R","B",null,"M","?","M","?","$","E","R","E"],"character_chosen":"BEAKED_THE_CULTIST","items_purchased":["Darkstone Periapt"],"campfire_rested":0,"item_purchase_floors":[22],"current_hp_per_floor":[47,47,47,49,49,40,40,43,43,51,49,46,46,46,46,32,55,31,18,29,36,36,26,26,0,0],"gold":92,"neow_bonus":"TEN_PERCENT_HP_BONUS","is_daily":false,"chose_seed":false,"campfire_upgraded":1,"win_rate":0.0,"timestamp":1611338551,"path_taken":["M","M","?","?","?","E","R","M","T","M","M","E","?","?","R","BOSS","M","?","M","?","?","E","R","E"],"items_purchased_type":["Relic"],"build_version":"2020-12-22","purchased_purges":1,"victory":false,"max_hp_per_floor":[55,55,55,55,55,55,55,55,55,55,55,55,55,55,55,55,55,55,55,59,66,66,66,66,66,66],"card_choices":[{"not_picked":["beaked:Foresight","beaked:Resilience"],"picked":"beaked:WindBringer","floor":1.0},{"not_picked":["beaked:CursingBlood","beaked:DigDeep"],"picked":"ReplayTheSpireMod:RavenHex","floor":2.0},{"not_picked":["beaked:Poke","beaked:Resilience"],"picked":"beaked:Negation","floor":4.0},{"not_picked":["beaked:BraceForImpact","beaked:Tweet"],"picked":"beaked:Insight","floor":6.0},{"not_picked":["beaked:MimicHuntress","beaked:Insight"],"picked":"beaked:StickSmack","floor":8.0},{"not_picked":["beaked:RuinSticks","beaked:BarbedWire"],"picked":"beaked:Tweet","floor":10.0},{"not_picked":["beaked:Hexing","beaked:BraceForImpact"],"picked":"beaked:MaddeningMurmurs","floor":11.0},{"not_picked":["beaked:Redirect","beaked:RuinSticks","beaked:Struggle"],"picked":"SKIP","floor":12.0},{"not_picked":["beaked:LiftOff","beaked:FakeOut"],"picked":"Feed","floor":16.0},{"not_picked":["beaked:CursingBlood+1","beaked:Insight+1"],"picked":"beaked:Evade+1","floor":18.0},{"not_picked":["beaked:CursingBlood","beaked:Daydream+1"],"picked":"beaked:Replenish","floor":19.0},{"not_picked":["beaked:Evade","beaked:SacrificialDive","beaked:Tradeoff+1"],"picked":"SKIP","floor":20.0},{"not_picked":["beaked:SacrificialDive","beaked:Tradeoff+1"],"picked":"beaked:Evade","floor":20.0},{"not_picked":["beaked:WildInstinct","beaked:Redirect+1"],"picked":"beaked:Devastation+1","floor":23.0}],"player_experience":32805,"relics_obtained":[{"floor":6.0,"key":"Oddly Smooth Stone"},{"floor":12.0,"key":"Regal Pillow"},{"floor":13.0,"key":"Ring of Peace"},{"floor":14.0,"key":"Replay:Wax Seal"},{"floor":19.0,"key":"Vajra"},{"floor":23.0,"key":"Tiny Chest"}],"event_choices":[{"damage_healed":0.0,"max_hp_gain":0.0,"max_hp_loss":0.0,"gold_gain":0.0,"event_name":"The Woman in Blue","player_choice":"Bought 1 Potion","floor":3.0,"gold_loss":0.0,"damage_taken":0.0},{"damage_healed":0.0,"max_hp_gain":0.0,"max_hp_loss":0.0,"gold_gain":0.0,"event_name":"Addict","player_choice":"Obtained Relic","floor":21.0,"gold_loss":85.0,"damage_taken":0.0,"relics_obtained":["Strawberry"]}],"is_beta":false,"boss_relics":[{"not_picked":["Runic Pyramid","Replay:Wanted Poster"],"picked":"Replay:Grab Bag"},{"not_picked":["Ectoplasm","Abe\u0027s Treasure"],"picked":"Sozu"},{"not_picked":["Replay:Bronze Core","Busted Crown"],"picked":"Philosopher\u0027s Stone"},{"not_picked":["beaked:FlawlessSticks","Snecko Eye"],"picked":"Astrolabe"}],"items_purged_floors":[22],"is_endless":false,"potions_floor_spawned":[1,2,11],"killed_by":"Replay:Snechameleon","ascension_level":0}}