{"host":"oiai0qxasotny765","time":1611307499,"event":{"mods":["2.2 Compatiblity","AchievementEnabler","BaseMod","Colored Map","Minty Spire (QoL Compilation)","Permanent Neow","Relic Stats","StSLib","SuperFastMode","everything is the same but u backflip on backflip"],"gold_per_floor":[17,17,31,31,52,52,72,72,72,72,145,170,182,177,189,201,201],"floor_reached":16,"language":"KOR","playtime":360,"items_purged":[],"score":175,"play_id":"868d63b2-e2ea-4343-8ed3-b844e8b7f49d","local_time":"20210122182459","is_ascension_mode":true,"campfire_choices":[{"data":"Uppercut","floor":6.0,"key":"SMITH"},{"data":"Carnage","floor":13.0,"key":"SMITH"},{"data":"Rage","floor":15,"key":"SMITH"}],"circlet_count":0,"master_deck":["AscendersBane","Strike_R","Strike_R","Strike_R","Defend_R","Defend_R","Defend_R","Bash","Carnage+1","Injury","Uppercut+1","Reaper","Seeing Red","Rage+1"],"relics":["Burning Blood","Golden Idol","Darkstone Periapt","Matryoshka","MawBank","Letter Opener"],"acts_visited":["Exordium"],"potions_floor_usage":[16,16],"damage_taken":[{"damage":7.0,"enemies":"Cultist","floor":1.0,"turns":4.0},{"damage":8.0,"enemies":"2 Louse","floor":3.0,"turns":3.0},{"damage":7.0,"enemies":"Small Slimes","floor":5.0,"turns":4.0},{"damage":9.0,"enemies":"Looter","floor":7.0,"turns":3.0},{"damage":26.0,"enemies":"Exordium Wildlife","floor":12.0,"turns":4.0},{"damage":20,"enemies":"Exordium Thugs","floor":14,"turns":4},{"damage":39,"enemies":"Hexaghost","floor":16,"turns":9}],"seed_played":"-2716530458019995507","potions_obtained":[{"floor":1.0,"key":"PowerPotion"},{"floor":5.0,"key":"BloodPotion"},{"floor":7.0,"key":"ColorlessPotion"}],"is_trial":false,"path_per_floor":["M","?","M","?","M","R","M","?","T","?","T","M","R","M","R","B"],"character_chosen":"IRONCLAD","items_purchased":[],"campfire_rested":0,"item_purchase_floors":[],"current_hp_per_floor":[67,67,65,65,64,64,61,43,43,48,48,28,28,22,22,0,0],"gold":201,"neow_bonus":"REMOVE_TWO","is_daily":false,"chose_seed":false,"campfire_upgraded":3,"win_rate":0.0,"timestamp":1611307499,"path_taken":["M","?","M","?","?","R","?","?","T","?","?","M","R","M","R","BOSS"],"items_purchased_type":[],"build_version":"2020-12-22","purchased_purges":0,"victory":false,"max_hp_per_floor":[75,75,75,75,75,75,75,75,75,80,80,80,80,80,80,80,80],"relic_stats":{"Darkstone Periapt":0,"counters":[7,31],"Golden Idol":19,"Letter Opener":[0],"MawBank":60,"obtain_stats":[{"Darkstone Periapt":8,"Matryoshka":9,"Golden Idol":2,"Letter Opener":11,"MawBank":11,"Burning Blood":0},{"Darkstone Periapt":4,"Matryoshka":4,"Golden Idol":1,"Letter Opener":4,"MawBank":4,"Burning Blood":0},{"Darkstone Periapt":14,"Matryoshka":14,"Golden Idol":4,"Letter Opener":14,"MawBank":14,"Burning Blood":0}],"Burning Blood":36},"card_choices":[{"not_picked":["Twin Strike","Headbutt"],"picked":"Carnage","floor":1.0},{"not_picked":["Headbutt","Clash"],"picked":"Uppercut","floor":3.0},{"not_picked":["Twin Strike","Cleave"],"picked":"Reaper","floor":5.0},{"not_picked":["Havoc","Infernal Blade","Anger"],"picked":"SKIP","floor":7.0},{"not_picked":["Pummel","Anger"],"picked":"Seeing Red","floor":12.0},{"not_picked":["Body Slam","Combust"],"picked":"Rage","floor":14}],"player_experience":320298,"relics_obtained":[{"floor":9.0,"key":"Matryoshka"},{"floor":11.0,"key":"MawBank"},{"floor":11.0,"key":"Letter Opener"}],"event_choices":[{"damage_healed":0.0,"max_hp_gain":0.0,"max_hp_loss":0.0,"gold_gain":0.0,"event_name":"Golden Idol","player_choice":"Take Wound","floor":2.0,"gold_loss":0.0,"damage_taken":0.0,"relics_obtained":["Golden Idol"],"cards_obtained":["Injury"]},{"cards_removed":["Strike_R"],"damage_healed":0.0,"max_hp_gain":0.0,"max_hp_loss":0.0,"gold_gain":0.0,"event_name":"Bonfire Elementals","player_choice":"Offered Basic","floor":4.0,"gold_loss":0.0,"damage_taken":0.0},{"damage_healed":0.0,"max_hp_gain":0.0,"max_hp_loss":0.0,"gold_gain":0.0,"event_name":"Scrap Ooze","player_choice":"Success","floor":8.0,"gold_loss":0.0,"damage_taken":18.0,"relics_obtained":["Darkstone Periapt"]},{"damage_healed":0.0,"max_hp_gain":5.0,"max_hp_loss":0.0,"gold_gain":0.0,"event_name":"Big Fish","player_choice":"Donut","floor":10.0,"gold_loss":0.0,"damage_taken":0.0}],"is_beta":false,"boss_relics":[],"items_purged_floors":[],"is_endless":false,"potions_floor_spawned":[1,5,7],"killed_by":"Hexaghost","ascension_level":18}}