{"host":"nlowmoq7gy18n72d","time":1611301624,"event":{"mods":["BaseMod","Colored Powertips","Downfall","Hermit","Highlight Path","Infinite Spire","Jorbs\u0027s Wanderer Trilogy","Minty Spire (QoL Compilation)","StSLib","The Cursed"],"gold_per_floor":[111,32,45,45,62,87,87,101,101,101,276,293,308,308,308,308,308],"floor_reached":16,"language":"ENG","playtime":512,"items_purged":[],"score":102,"play_id":"b8748952-935f-4c51-b479-b0e1ec5c3b1b","local_time":"20210122104704","is_ascension_mode":false,"campfire_choices":[{"data":"hermit:Vantage","floor":7,"key":"SMITH"},{"floor":10,"key":"REST"},{"data":"hermit:BigShot","floor":15,"key":"SMITH"}],"circlet_count":0,"master_deck":["hermit:Strike_Hermit","hermit:Strike_Hermit","hermit:Strike_Hermit","hermit:Strike_Hermit","hermit:Defend_Hermit","hermit:Defend_Hermit","hermit:Defend_Hermit","hermit:Defend_Hermit","hermit:Snapshot","hermit:Covet","hermit:ShadowCloak","hermit:BigShot+1","hermit:Brawl","hermit:Vantage+1","hermit:Enervate","hermit:CursedWeapon","Doubt","hermit:Quickdraw","hermit:Snipe"],"relics":["hermit:Momento","Happy Flower","Akabeko","Juzu Bracelet","hermit:Horseshoe"],"acts_visited":["Exordium"],"potions_floor_usage":[6,16],"damage_taken":[{"damage":1,"enemies":"2 Louse","floor":1,"turns":3},{"damage":6,"enemies":"Jaw Worm","floor":3,"turns":4},{"damage":5,"enemies":"Small Slimes","floor":5,"turns":4},{"damage":48,"enemies":"Gremlin Nob","floor":6,"turns":6},{"damage":4,"enemies":"Gremlin Gang","floor":8,"turns":4},{"damage":10,"enemies":"2 Fungi Beasts","floor":12,"turns":4},{"damage":4,"enemies":"Looter","floor":13,"turns":3},{"damage":26,"enemies":"Slime Boss","floor":16,"turns":8}],"seed_played":"3880294139886138925","potions_obtained":[{"floor":1,"key":"Block Potion"},{"floor":8,"key":"hermit:BlackBile"},{"floor":13,"key":"champ:CounterPotion"}],"is_trial":false,"path_per_floor":["M","$","M","?","M","E","R","M","T","R","?","M","M","?","R","B"],"character_chosen":"HERMIT","items_purchased":["hermit:BigShot"],"campfire_rested":1,"item_purchase_floors":[2],"current_hp_per_floor":[74,74,68,68,63,15,15,11,11,33,33,23,19,19,19,0,0],"gold":308,"neow_bonus":"RANDOM_COMMON_RELIC","is_daily":false,"chose_seed":false,"campfire_upgraded":2,"win_rate":0.0,"timestamp":1611301624,"path_taken":["M","$","M","?","M","E","R","M","T","R","?","M","M","?","R","BOSS"],"items_purchased_type":["Card"],"build_version":"2020-12-22","purchased_purges":0,"victory":false,"max_hp_per_floor":[75,75,75,75,75,75,75,75,75,75,75,75,75,75,75,75,75],"card_choices":[{"not_picked":["hermit:Vantage","hermit:WideOpen"],"picked":"hermit:ShadowCloak","floor":1},{"not_picked":["hermit:Desperado","hermit:Vantage"],"picked":"hermit:Brawl","floor":3},{"not_picked":["hermit:Misfire","hermit:LuckOfTheDraw"],"picked":"hermit:Vantage","floor":5},{"not_picked":["hermit:LoneWolf","hermit:Brawl"],"picked":"hermit:Enervate","floor":6},{"not_picked":["hermit:LoneWolf","hermit:Desperado"],"picked":"hermit:CursedWeapon","floor":8},{"not_picked":["hermit:Gestalt","hermit:TrackingShot"],"picked":"hermit:Quickdraw","floor":12},{"not_picked":["hermit:Glare","hermit:EyeOfTheStorm"],"picked":"hermit:Snipe","floor":13}],"player_experience":706787,"relics_obtained":[{"floor":6,"key":"Akabeko"},{"floor":9,"key":"Juzu Bracelet"},{"floor":14,"key":"hermit:Horseshoe"}],"event_choices":[{"damage_healed":0,"gold_gain":175,"player_choice":"AGREE","damage_taken":0,"max_hp_gain":0,"max_hp_loss":0,"event_name":"Liars Game","floor":11,"gold_loss":0,"cards_obtained":["Doubt"]},{"damage_healed":0,"gold_gain":0,"player_choice":"Relic","damage_taken":0,"max_hp_gain":0,"max_hp_loss":0,"event_name":"Wheel of Change","floor":14,"gold_loss":0}],"is_beta":false,"boss_relics":[],"items_purged_floors":[],"is_endless":false,"potions_floor_spawned":[1,8,13],"killed_by":"Slime Boss","ascension_level":0}}