{"host":"yuhy0i501zzmn1iz","time":1611338108,"event":{"mods":["AchievementEnabler","AlwaysNeverKeys","BaseMod","Bestiary","Better Match","Better Third Choice","Curses Come First","Downfall","Minty Spire (QoL Compilation)","StSLib","slay the spire mod where everything is the same but ironclad has a cowboy hat"],"gold_per_floor":[116,116,116,139,162,206,206,250,275,289,289,303,303,303],"floor_reached":13,"language":"ENG","playtime":371,"items_purged":[],"score":109,"play_id":"08c017d3-c86c-4221-a995-66d7b333ed6e","local_time":"20210122125508","is_ascension_mode":true,"campfire_choices":[{"floor":11,"key":"REST"}],"circlet_count":0,"master_deck":["Strike_B","Strike_B","Strike_B","Strike_B","Defend_B","Defend_B","Defend_B","Defend_B","Zap","Dualcast","Ball Lightning","Pain","Rip and Tear","Seek","Go for the Eyes","Gash","Beam Cell"],"relics":["Cracked Core","NeowsBlessing","Golden Idol","WarpedTongs","DataDisk","Nunchaku","Akabeko"],"acts_visited":["Exordium"],"potions_floor_usage":[],"damage_taken":[{"damage":0,"enemies":"Small Slimes","floor":1,"turns":1},{"damage":0,"enemies":"Cultist","floor":4,"turns":1},{"damage":1,"enemies":"Jaw Worm","floor":5,"turns":1},{"damage":34,"enemies":"Lagavulin","floor":6,"turns":6},{"damage":11,"enemies":"Gremlin Nob","floor":8,"turns":3},{"damage":0,"enemies":"3 Louse","floor":10,"turns":1},{"damage":16,"enemies":"Large Slime","floor":12,"turns":4},{"damage":21,"enemies":"Lagavulin","floor":13,"turns":3}],"seed_played":"-4255396579870782639","potions_obtained":[{"floor":5,"key":"bronze:BurnAndBuffPotion"},{"floor":6,"key":"BlessingOfTheForge"},{"floor":10,"key":"champ:CounterPotion"}],"is_trial":false,"path_per_floor":["M","?","?","M","M","E","?","E","T","M","R","M","E"],"character_chosen":"DEFECT","items_purchased":[],"campfire_rested":1,"item_purchase_floors":[],"current_hp_per_floor":[75,57,57,57,56,22,22,11,11,11,33,17,0,0],"gold":303,"neow_bonus":"THREE_ENEMY_KILL","is_daily":false,"chose_seed":false,"campfire_upgraded":0,"win_rate":0.0,"timestamp":1611338108,"path_taken":["M","?","?","?","M","E","?","E","T","M","R","M","E"],"items_purchased_type":[],"build_version":"2020-12-22","purchased_purges":0,"victory":false,"max_hp_per_floor":[75,75,75,75,75,75,75,75,75,75,75,75,75,75],"card_choices":[{"not_picked":["Rebound","Cold Snap"],"picked":"Ball Lightning","floor":1},{"not_picked":["Rebound","Redo"],"picked":"Rip and Tear","floor":4},{"not_picked":["Auto Shields","Steam","Hello World"],"picked":"SKIP","floor":5},{"not_picked":["Redo","Compile Driver"],"picked":"Seek","floor":6},{"not_picked":["Leap","White Noise"],"picked":"Go for the Eyes","floor":8},{"not_picked":["Turbo","Chaos"],"picked":"Gash","floor":10},{"not_picked":["Steam Power","Redo"],"picked":"Beam Cell","floor":12}],"player_experience":333982,"relics_obtained":[{"floor":6,"key":"DataDisk"},{"floor":8,"key":"Nunchaku"},{"floor":9,"key":"Akabeko"}],"event_choices":[{"damage_healed":0,"gold_gain":0,"player_choice":"Take Damage","damage_taken":18,"relics_obtained":["Golden Idol"],"max_hp_gain":0,"max_hp_loss":0,"event_name":"Golden Idol","floor":2,"gold_loss":0},{"damage_healed":0,"gold_gain":0,"player_choice":"Rummage","damage_taken":0,"relics_obtained":["WarpedTongs"],"max_hp_gain":0,"max_hp_loss":0,"event_name":"Accursed Blacksmith","floor":3,"gold_loss":0,"cards_obtained":["Pain"]},{"damage_healed":0,"gold_gain":0,"player_choice":"LEAVE","damage_taken":0,"max_hp_gain":0,"max_hp_loss":0,"event_name":"betterThird:BetterScrap","floor":7,"gold_loss":0,"cards_obtained":["BattleHymn"]}],"is_beta":false,"boss_relics":[],"items_purged_floors":[],"is_endless":false,"potions_floor_spawned":[5,6,10],"killed_by":"Lagavulin","ascension_level":3}}