{"host":"2brg86hfzr3u5cix","time":1611308993,"event":{"mods":["AchievementEnabler","Ascension Unlocker","BaseMod","CapriCore","DeckTracker","Highlight Path","Keyboard Shortcuts","Minty Spire (QoL Compilation)","Permanent Neow","Relic Stats","StSLib","Twitch Utils","Uncapped","UnlockEverythingMod"],"gold_per_floor":[115,40,40,59,76,110,110,130,130,159,170,170,70,96,96,173,173,192,13,26,26,26],"floor_reached":21,"language":"KOR","playtime":767,"items_purged":["Defend_R","Strike_R","Strike_R"],"score":398,"play_id":"32cecc1f-df46-444d-9721-83317d029e59","local_time":"20210122184953","is_ascension_mode":true,"campfire_choices":[{"data":"Fire Breathing","floor":7.0,"key":"SMITH"},{"data":"Seeing Red","floor":12.0,"key":"SMITH"},{"data":"Infernal Blade","floor":15.0,"key":"SMITH"}],"circlet_count":0,"master_deck":["AscendersBane","Strike_R","Strike_R","Defend_R","Defend_R","Defend_R","Bash","Seeing Red+1","Shrug It Off","Battle Trance","Wild Strike","Fire Breathing+1","Infernal Blade+1","True Grit","Disarm","Heavy Blade","Corruption","Armaments","Flame Barrier"],"relics":["Burning Blood","WingedGreaves","Shuriken","Gremlin Horn","Matryoshka","SlaversCollar"],"acts_visited":["Exordium","TheCity"],"potions_floor_usage":[16,18,20],"damage_taken":[{"damage":4.0,"enemies":"Jaw Worm","floor":1.0,"turns":4.0},{"damage":6.0,"enemies":"Cultist","floor":4.0,"turns":3.0},{"damage":4.0,"enemies":"Small Slimes","floor":5.0,"turns":3.0},{"damage":14.0,"enemies":"Lagavulin","floor":6.0,"turns":5.0},{"damage":16.0,"enemies":"Blue Slaver","floor":8.0,"turns":3.0},{"damage":8.0,"enemies":"Gremlin Nob","floor":10.0,"turns":3.0},{"damage":0.0,"enemies":"Lots of Slimes","floor":11.0,"turns":3.0},{"damage":18.0,"enemies":"3 Sentries","floor":14.0,"turns":4.0},{"damage":39,"enemies":"The Guardian","floor":16,"turns":11},{"damage":49,"enemies":"Spheric Guardian","floor":18,"turns":7},{"damage":20,"enemies":"Chosen","floor":20,"turns":4},{"damage":14,"enemies":"Snake Plant","floor":21,"turns":3}],"seed_played":"-3441340435043883253","potions_obtained":[{"floor":1.0,"key":"BlessingOfTheForge"},{"floor":5.0,"key":"Strength Potion"},{"floor":11.0,"key":"SkillPotion"},{"floor":16,"key":"SkillPotion"},{"floor":18,"key":"Fruit Juice"}],"is_trial":false,"path_per_floor":["M","$","?","M","M","E","R","M","T","E","M","R","$","E","R","B",null,"M","$","M","M"],"character_chosen":"IRONCLAD","items_purchased":["Armaments"],"campfire_rested":0,"item_purchase_floors":[19],"current_hp_per_floor":[70,70,75,75,77,69,69,59,59,57,63,63,63,51,51,18,65,27,27,13,0,0],"gold":26,"neow_bonus":"TRANSFORM_CARD","is_daily":false,"chose_seed":false,"campfire_upgraded":3,"win_rate":0.0,"timestamp":1611308993,"path_taken":["M","$","?","M","M","E","R","M","T","E","M","R","?","E","R","BOSS","M","?","?","?"],"items_purchased_type":["Card"],"build_version":"2020-12-22","purchased_purges":3,"victory":false,"max_hp_per_floor":[75,75,80,80,80,80,80,80,80,80,80,80,80,80,80,80,80,85,85,85,85,85],"relic_stats":{"Gremlin Horn":[5,5],"counters":[12,53],"Shuriken":[6],"obtain_stats":[{"SlaversCollar":17,"Matryoshka":14,"Gremlin Horn":10,"Shuriken":9,"WingedGreaves":6,"Burning Blood":0},{"SlaversCollar":9,"Matryoshka":8,"Gremlin Horn":6,"Shuriken":5,"WingedGreaves":4,"Burning Blood":0},{"SlaversCollar":39,"Matryoshka":28,"Gremlin Horn":21,"Shuriken":18,"WingedGreaves":15,"Burning Blood":0}],"Burning Blood":66},"card_choices":[{"not_picked":["Sever Soul","Clothesline"],"picked":"Shrug It Off","floor":1.0},{"not_picked":["Dual Wield","Havoc"],"picked":"Battle Trance","floor":4.0},{"not_picked":["Rage","Body Slam"],"picked":"Wild Strike","floor":5.0},{"not_picked":["Wild Strike","Body Slam"],"picked":"Fire Breathing","floor":6.0},{"not_picked":["Battle Trance","Anger"],"picked":"Infernal Blade","floor":8.0},{"not_picked":["Twin Strike","Clothesline"],"picked":"True Grit","floor":10.0},{"not_picked":["Carnage","Brutality"],"picked":"Disarm","floor":11.0},{"not_picked":["Seeing Red","Spot Weakness"],"picked":"Heavy Blade","floor":14.0},{"not_picked":["Berserk","Offering"],"picked":"Corruption","floor":16},{"not_picked":["Heavy Blade","Rampage","Headbutt"],"picked":"SKIP","floor":18},{"not_picked":["Iron Wave","True Grit"],"picked":"Flame Barrier","floor":20}],"player_experience":329702,"relics_obtained":[{"floor":6.0,"key":"WingedGreaves"},{"floor":9.0,"key":"Shuriken"},{"floor":10.0,"key":"Gremlin Horn"},{"floor":14.0,"key":"Matryoshka"}],"event_choices":[{"damage_healed":0.0,"max_hp_gain":5.0,"max_hp_loss":0.0,"gold_gain":0.0,"event_name":"Big Fish","player_choice":"Donut","floor":3.0,"gold_loss":0.0,"damage_taken":0.0}],"is_beta":false,"boss_relics":[{"not_picked":["Snecko Eye","Runic Cube"],"picked":"SlaversCollar"}],"items_purged_floors":[2,13,19],"is_endless":false,"potions_floor_spawned":[1,5,11,16,18],"killed_by":"Snake Plant","ascension_level":20}}