{"host":"15ff3ltgpietarej","time":1611305397,"event":{"mods":["BaseMod","Bestiary","Downfall","Highlight Path","Minty Spire (QoL Compilation)","Relic Stats","StSLib"],"gold_per_floor":[99,99,99,199,56,56,56,84,96,96,115,142,42,61,90,200,200,100,126,144,159,159,159,159,184,184,199,199,199,199],"floor_reached":28,"language":"ENG","playtime":2024,"items_purged":[],"score":228,"play_id":"15a761fe-1f0a-4493-b159-121f5739a54c","local_time":"20210122094957","is_ascension_mode":false,"campfire_choices":[{"floor":1.0,"key":"RECALL"},{"data":"bronze:BuggyMess","floor":6.0,"key":"SMITH"},{"floor":13.0,"key":"REST"},{"data":"bronze:CutThrough","floor":18.0,"key":"SMITH"},{"floor":23.0,"key":"REST"},{"floor":26.0,"key":"REST"}],"circlet_count":0,"master_deck":["bronze:Strike","bronze:Strike","bronze:Strike","bronze:Defend","bronze:Defend","bronze:Defend","bronze:Defend","bronze:Replicate","bronze:Goto","bronze:OilSpill","bronze:BuggyMess+1","bronze:OilSpill","bronze:Repulsor","bronze:Optimize","bronze:Shield","bronze:Shield","bronze:CutThrough+1","bronze:Virus","bronze:ClassDefault","bronze:DigitalCarnage"],"relics":["bronze:BronzeCore","downfall:HeartsMalice","Oddly Smooth Stone","Lantern","CeramicFish","downfall:HeartBlessingRed","Busted Crown","downfall:HeartBlessingBlue","Ice Cream","Ornamental Fan"],"acts_visited":["Exordium","TheCity"],"potions_floor_usage":[27,28],"damage_taken":[{"damage":0.0,"enemies":"2 Louse","floor":2.0,"turns":1.0},{"damage":0.0,"enemies":"Cultist","floor":3.0,"turns":1.0},{"damage":0.0,"enemies":"downfall:FleeingMerchant","floor":5.0,"turns":1.0},{"damage":18.0,"enemies":"Lagavulin","floor":8.0,"turns":4.0},{"damage":0.0,"enemies":"Small Slimes","floor":9.0,"turns":2.0},{"damage":3.0,"enemies":"2 Fungi Beasts","floor":11.0,"turns":4.0},{"damage":33.0,"enemies":"3 Sentries","floor":12.0,"turns":11.0},{"damage":1.0,"enemies":"Blue Slaver","floor":14.0,"turns":3.0},{"damage":5.0,"enemies":"Exordium Wildlife","floor":15.0,"turns":5.0},{"damage":25.0,"enemies":"IC_STATUS_ARCHETYPE","floor":16.0,"turns":7.0},{"damage":0.0,"enemies":"Chosen","floor":19.0,"turns":3.0},{"damage":18.0,"enemies":"3 Byrds","floor":20.0,"turns":6.0},{"damage":28.0,"enemies":"Snake Plant","floor":21.0,"turns":6.0},{"damage":21.0,"enemies":"Snecko","floor":25.0,"turns":6.0},{"damage":4,"enemies":"3 Cultists","floor":27,"turns":5},{"damage":64,"enemies":"Gremlin Leader","floor":28,"turns":3}],"seed_played":"4550132979644480835","potions_obtained":[{"floor":8.0,"key":"BlessingOfTheForge"},{"floor":11.0,"key":"BlessingOfTheForge"},{"floor":12.0,"key":"BlessingOfTheForge"},{"floor":15.0,"key":"Weak Potion"},{"floor":19.0,"key":"PowerPotion"},{"floor":27,"key":"Ancient Potion"}],"is_trial":false,"path_per_floor":["R","M","M","?","$","R","T","E","M","?","M","E","R","M","M","B",null,"R","M","M","M","?","R","T","M","R","M","E"],"character_chosen":"THE_AUTOMATON","items_purchased":["Oddly Smooth Stone"],"campfire_rested":3,"item_purchase_floors":[5],"current_hp_per_floor":[70,70,70,70,70,70,70,52,52,52,49,16,37,36,31,6,70,80,80,62,34,34,58,58,37,61,57,0,0,0],"gold":199,"neow_bonus":"THREE_ENEMY_KILL","is_daily":false,"chose_seed":false,"campfire_upgraded":2,"win_rate":0.0,"timestamp":1611305397,"path_taken":["R","M","M","?","$","R","T","E","M","?","M","E","R","?","M","BOSS","R","M","M","?","?","R","T","M","R","M","E"],"items_purchased_type":["Relic"],"build_version":"2020-12-22","purchased_purges":0,"victory":false,"max_hp_per_floor":[70,70,70,70,70,70,70,70,70,70,70,70,70,70,70,70,70,80,80,80,80,80,80,80,80,80,80,80,80,80],"relic_stats":{"Busted Crown":10,"counters":[16,65],"Ornamental Fan":[8],"CeramicFish":45,"obtain_stats":[{"Ice Cream":22,"Lantern":8,"bronze:BronzeCore":0,"Busted Crown":17,"downfall:HeartBlessingRed":13,"downfall:HeartBlessingBlue":18,"Ornamental Fan":24,"CeramicFish":12,"Oddly Smooth Stone":5,"downfall:HeartsMalice":0},{"Ice Cream":13,"Lantern":4,"bronze:BronzeCore":0,"Busted Crown":10,"downfall:HeartBlessingRed":7,"downfall:HeartBlessingBlue":10,"Ornamental Fan":13,"CeramicFish":7,"Oddly Smooth Stone":3,"downfall:HeartsMalice":0},{"Ice Cream":51,"Lantern":4,"bronze:BronzeCore":0,"Busted Crown":36,"downfall:HeartBlessingRed":21,"downfall:HeartBlessingBlue":36,"Ornamental Fan":51,"CeramicFish":21,"Oddly Smooth Stone":0,"downfall:HeartsMalice":0}]},"card_choices":[{"not_picked":["bronze:Overheat","bronze:ChosenStrike"],"picked":"bronze:OilSpill","floor":2.0},{"not_picked":["bronze:BronzeArmor","bronze:Branch"],"picked":"bronze:BuggyMess","floor":3.0},{"not_picked":["bronze:Shield","bronze:Branch"],"picked":"bronze:OilSpill","floor":5.0},{"not_picked":["bronze:DelayedGuard","bronze:Branch"],"picked":"bronze:Repulsor","floor":8.0},{"not_picked":["bronze:NullPointer","bronze:ForLoop"],"picked":"bronze:Optimize","floor":9.0},{"not_picked":["bronze:BitShift","bronze:BuggyMess"],"picked":"bronze:Shield","floor":11.0},{"not_picked":["bronze:ClassDefault","bronze:AlphaBuild","bronze:Deprecate"],"picked":"SKIP","floor":12.0},{"not_picked":["bronze:Fortify","bronze:Frontload"],"picked":"bronze:Shield","floor":14.0},{"not_picked":["bronze:Safeguard","bronze:HyperBeam"],"picked":"bronze:CutThrough","floor":15.0},{"not_picked":["bronze:Verify","bronze:HardenedForm"],"picked":"bronze:Virus","floor":16.0},{"not_picked":[],"picked":"bronze:ClassDefault","floor":19.0},{"not_picked":["bronze:Deprecate"],"picked":"SKIP","floor":20.0},{"not_picked":["bronze:DarkDash"],"picked":"SKIP","floor":21.0},{"not_picked":[],"picked":"bronze:DigitalCarnage","floor":25.0},{"not_picked":["bronze:BronzeArmor"],"picked":"SKIP","floor":27}],"player_experience":430101,"relics_obtained":[{"floor":8.0,"key":"Lantern"},{"floor":12.0,"key":"CeramicFish"},{"floor":24.0,"key":"Ornamental Fan"}],"event_choices":[],"is_beta":false,"boss_relics":[{"not_picked":["Runic Dome","Empty Cage"],"picked":"Busted Crown"}],"items_purged_floors":[],"is_endless":false,"potions_floor_spawned":[8,11,12,15,19,27],"killed_by":"Gremlin Leader","ascension_level":0}}