{"host":"iml8x8es9od4zowg","time":1611322082,"event":{"mods":["2.2 Compatiblity","BaseMod","Marisa£¨Ùöéë¡¡Øª×âÞÞ£©","Minty Spire (QoL Compilation)","StSLib","Td1madao Mod","The Jungle","¡¼?Úª?ø«¡½REMEMod"],"gold_per_floor":[113,38,54,54,69,103,278,278,359,2,2,33,47,81,81,177,177,188,222,241,116,136,136,136,136],"floor_reached":24,"language":"KOR","playtime":1413,"items_purged":["Strike_R","Doubt","Strike_R"],"score":225,"play_id":"645401f0-5e0c-4100-bf41-b19ef0c24fee","local_time":"20210122222802","is_ascension_mode":true,"campfire_choices":[{"data":"Armaments","floor":8,"key":"SMITH"},{"floor":11,"key":"REST"},{"floor":15,"key":"REST"},{"floor":23,"key":"REST"}],"circlet_count":0,"master_deck":["Strike_R","Strike_R","Strike_R","Defend_R","Defend_R","Defend_R","Defend_R","Bash","TreasureHunter","Pommel Strike","Swift Strike","Double Tap","Armaments+1","Armaments","Offering","Exhume","Body Slam+1","Body Slam","Shrug It Off","Inflame+1"],"relics":["Burning Blood","REME_ComplimentaryCards","NeowsBlessing","Juzu Bracelet","Bottled Lightning","Blue Candle","Matryoshka","REME_LimitBreaker","Turnip","Torii","Black Star","Red Mask"],"acts_visited":["Exordium","TheCity"],"potions_floor_usage":[6,12],"damage_taken":[{"damage":0,"enemies":"Cultist","floor":1,"turns":1},{"damage":0,"enemies":"Jaw Worm","floor":3,"turns":1},{"damage":0,"enemies":"Small Slimes","floor":5,"turns":1},{"damage":50,"enemies":"Lagavulin","floor":6,"turns":6},{"damage":27,"enemies":"Gremlin Nob","floor":12,"turns":4},{"damage":8,"enemies":"2 Fungi Beasts","floor":13,"turns":3},{"damage":15,"enemies":"Lagavulin","floor":14,"turns":7},{"damage":41,"enemies":"Slime Boss","floor":16,"turns":9},{"damage":13,"enemies":"Spheric Guardian","floor":18,"turns":4},{"damage":22,"enemies":"Masked Bandits","floor":19,"turns":6},{"damage":20,"enemies":"2 Thieves","floor":20,"turns":5},{"damage":22,"enemies":"Shelled Parasite and Fungi","floor":22,"turns":8},{"damage":21,"enemies":"Gremlin Leader","floor":24,"turns":7}],"seed_played":"3944042361713795842","potions_obtained":[{"floor":1,"key":"PowerPotion"},{"floor":5,"key":"Strength Potion"},{"floor":12,"key":"ElixirPotion"},{"floor":20,"key":"GamblersBrew"}],"is_trial":false,"path_per_floor":["M","$","M","?","M","E","?","R","T","$","R","E","M","E","R","B",null,"M","?","M","$","M","R","E"],"character_chosen":"IRONCLAD","items_purchased":["Matryoshka"],"campfire_rested":3,"item_purchase_floors":[10],"current_hp_per_floor":[80,80,80,80,80,36,36,36,36,36,60,39,37,28,52,17,80,73,57,43,43,27,51,30,30],"gold":136,"neow_bonus":"THREE_ENEMY_KILL","is_daily":false,"chose_seed":false,"campfire_upgraded":1,"win_rate":0.0,"timestamp":1611322082,"path_taken":["M","?","M","?","M","E","?","R","T","$","R","E","M","E","R","BOSS","M","?","M","$","M","R","E"],"items_purchased_type":["Relic"],"build_version":"2020-12-22","purchased_purges":3,"victory":false,"max_hp_per_floor":[80,80,80,80,80,80,80,80,80,80,80,80,80,80,80,80,80,80,80,80,80,80,80,80,80],"card_choices":[{"not_picked":["Flex","Heavy Blade"],"picked":"Pommel Strike","floor":1},{"not_picked":["Clash","Sword Boomerang","Infernal Blade"],"picked":"SKIP","floor":3},{"not_picked":["Flex","Thunderclap","Burning Pact"],"picked":"SKIP","floor":5},{"not_picked":["Bloodletting","Searing Blow"],"picked":"Armaments","floor":6},{"not_picked":["Second Wind","Flex","Pommel Strike"],"picked":"SKIP","floor":12},{"not_picked":["Headbutt","REME_Scribble"],"picked":"Armaments","floor":13},{"not_picked":["Warcry","REME_Fury"],"picked":"Offering","floor":14},{"not_picked":["REME_Fury","Feed"],"picked":"Exhume","floor":16},{"not_picked":["Heavy Blade","Wild Strike"],"picked":"Body Slam+1","floor":18},{"not_picked":["Heavy Blade","Dual Wield"],"picked":"Body Slam","floor":19},{"not_picked":["Clash+1","Heavy Blade+1"],"picked":"Shrug It Off","floor":20},{"not_picked":["Sword Boomerang+1","REME_FearOfPain"],"picked":"Inflame+1","floor":22}],"player_experience":556607,"relics_obtained":[{"floor":6,"key":"Juzu Bracelet"},{"floor":6,"key":"Bottled Lightning"},{"floor":9,"key":"Blue Candle"},{"floor":12,"key":"REME_LimitBreaker"},{"floor":14,"key":"Turnip"},{"floor":16,"key":"Torii"},{"floor":19,"key":"Red Mask"}],"event_choices":[{"damage_healed":0,"gold_gain":0,"player_choice":"2 cards matched","damage_taken":0,"max_hp_gain":0,"max_hp_loss":0,"event_name":"Match and Keep!","floor":4,"gold_loss":0,"cards_obtained":["Swift Strike","Double Tap"]},{"damage_healed":0,"gold_gain":175,"player_choice":"AGREE","damage_taken":0,"max_hp_gain":0,"max_hp_loss":0,"event_name":"Liars Game","floor":7,"gold_loss":0,"cards_obtained":["Doubt"]},{"damage_healed":0,"gold_gain":0,"player_choice":"Fought Bandits","damage_taken":0,"max_hp_gain":0,"max_hp_loss":0,"event_name":"Masked Bandits","floor":19,"gold_loss":0}],"is_beta":false,"boss_relics":[{"not_picked":["Astrolabe","Pandora\u0027s Box"],"picked":"Black Star"}],"items_purged_floors":[2,10,21],"is_endless":false,"potions_floor_spawned":[1,5,12,20],"killed_by":"Gremlin Leader","ascension_level":1}}