{"host":"7f01flv6y0vhl3vt","time":1611353390,"event":{"mods":["Act Like it!","BaseMod","Downfall","Minty Spire (QoL Compilation)","StSLib"],"gold_per_floor":[99,109,139,589,607,607,607,622,622,422,437,437,18,28,40,40,40,40],"floor_reached":16,"language":"ENG","playtime":1981,"items_purged":["downfall:Icky"],"score":142,"play_id":"ccc1cda6-2b8a-4436-9550-ffdd0bad8ad1","local_time":"20210122170950","is_ascension_mode":false,"campfire_choices":[{"floor":1,"key":"RECALL"},{"floor":10,"key":"REST"},{"floor":12,"key":"REST"}],"circlet_count":0,"master_deck":["bronze:Strike","bronze:Strike","bronze:Strike","bronze:Strike","bronze:Defend","bronze:Defend","bronze:Defend","bronze:Defend","bronze:Replicate","bronze:Goto","bronze:BronzeOrb","downfall:Icky","downfall:Icky","bronze:Boost","bronze:DarkDash+1","Dramatic Entrance+1","bronze:MaxOutput","bronze:Optimize","bronze:Shield","bronze:Allocate","bronze:NullPointer+1"],"relics":["bronze:BronzeCore","Molten Egg 2","WingedGreaves","downfall:HeartBlessingBlue","downfall:HeartBlessingRed","Mango"],"acts_visited":["Exordium"],"potions_floor_usage":[16,16],"damage_taken":[{"damage":11,"enemies":"Jaw Worm","floor":2,"turns":3},{"damage":21,"enemies":"Small Slimes","floor":5,"turns":5},{"damage":13,"enemies":"Cultist","floor":8,"turns":5},{"damage":13,"enemies":"2 Fungi Beasts","floor":11,"turns":3},{"damage":2,"enemies":"downfall:FleeingMerchant","floor":13,"turns":4},{"damage":5,"enemies":"Large Slime","floor":14,"turns":5},{"damage":1,"enemies":"Blue Slaver","floor":15,"turns":3},{"damage":80,"enemies":"WA_ARCHETYPE_RETAIN","floor":16,"turns":9}],"seed_played":"3883457996198786717","potions_obtained":[{"floor":8,"key":"DuplicationPotion"},{"floor":14,"key":"Explosive Potion"},{"floor":15,"key":"SmokeBomb"}],"is_trial":false,"path_per_floor":["R","M","?","?","M","?","T","M","?","R","M","R","$","M","M","B"],"character_chosen":"THE_AUTOMATON","items_purchased":["Mango","bronze:Shield"],"campfire_rested":2,"item_purchase_floors":[13,13],"current_hp_per_floor":[77,66,66,66,45,33,33,20,20,56,43,69,81,76,75,0,0,0],"gold":40,"neow_bonus":"TEN_PERCENT_HP_BONUS","is_daily":false,"chose_seed":false,"campfire_upgraded":0,"win_rate":0.0,"timestamp":1611353390,"path_taken":["R","M","?","?","M","?","T","?","?","R","M","R","?","M","M","BOSS"],"items_purchased_type":["Relic","Card"],"build_version":"2020-12-22","purchased_purges":1,"victory":false,"max_hp_per_floor":[77,77,77,77,77,77,77,77,77,87,87,87,101,101,101,101,101,101],"card_choices":[{"not_picked":["bronze:WhirlingStrike","bronze:OilSpill"],"picked":"bronze:BronzeOrb","floor":2},{"not_picked":["bronze:BitShift","bronze:ClassDefault"],"picked":"bronze:Boost","floor":5},{"not_picked":["bronze:Overheat+1","bronze:Constructor"],"picked":"bronze:DarkDash+1","floor":8},{"not_picked":["bronze:Iterate+1","bronze:BitShift"],"picked":"bronze:MaxOutput","floor":11},{"not_picked":["bronze:Deprecate","bronze:Overheat+1"],"picked":"bronze:Optimize","floor":13},{"not_picked":["bronze:WhirlingStrike+1","bronze:Branch+1"],"picked":"bronze:Allocate","floor":14},{"not_picked":["bronze:Separator+1","bronze:WildBeam+1"],"picked":"bronze:NullPointer+1","floor":15}],"player_experience":1364720,"relics_obtained":[],"event_choices":[{"damage_healed":0,"gold_gain":0,"player_choice":"Success","damage_taken":12,"relics_obtained":["WingedGreaves"],"max_hp_gain":0,"max_hp_loss":0,"event_name":"Scrap Ooze","floor":6,"gold_loss":0}],"is_beta":false,"boss_relics":[],"items_purged_floors":[13],"is_endless":false,"potions_floor_spawned":[8,14,15],"killed_by":"WA_ARCHETYPE_RETAIN","ascension_level":0}}