{"host":"roto7j7840a50pxh","time":1611276949,"event":{"mods":["Act Like it!","BaseMod","Better Altar","Better Note","Better Sensory Stone","Better Skull","Better Third Choice","BetterRewards","Colored Map","Colored Powertips","Downfall","Hermit","Highlight Path","Hubris","Infinite Spire","Minty Spire (QoL Compilation)","Robot Space Explorer","Shade Mod","Spicy Shops","StSLib","The Cursed","The Dragon Tamer","The Hierophant","The Necromancer","The Runesmith","The Servant 0.9.4","TheVacant"],"gold_per_floor":[115,135,210,228,245,245,271,286,310,322,350,5,5,75,75,225,225,288,288,29,29,42,42,76,76,76,88,156,156,232,251,251,348,348,408,428,428,446,446,446,466,541,568,568,586,601,636,755,755,755],"floor_reached":51,"language":"ENG","playtime":3809,"items_purged":["DTMod:Strike"],"score":1464,"play_id":"b8aee62a-316e-42f7-bdd6-e3bde199447c","local_time":"20210121195549","is_ascension_mode":true,"metric_token":1747,"campfire_choices":[{"floor":6.0,"key":"REST"},{"data":"Apotheosis","floor":13.0,"key":"SMITH"},{"floor":15.0,"key":"REST"},{"data":"DTMod:MagiciansMark","floor":23.0,"key":"SMITH"},{"data":"DTMod:BlueScale","floor":25.0,"key":"SMITH"},{"data":"DTMod:CleansingStrike","floor":29,"key":"SMITH"},{"floor":32,"key":"REST"},{"data":"DTMod:Dissolve","floor":49,"key":"SMITH"}],"dtmod_dragon_data":[15,50,3,2,14,15],"circlet_count":0,"master_deck":["DTMod:Strike","DTMod:Strike","DTMod:Strike","DTMod:DoubleHit","DTMod:TargetDefense","DTMod:TargetDefense","DTMod:TargetDefense","DTMod:TargetDefense","DTMod:SwitchingTactic","DTMod:QuickFly","DTMod:Training","DTMod:MasterPlan","DTMod:BlazingStrike","Apotheosis+1","DTMod:Training","DTMod:FlameSlash","DTMod:TauntingStrike","DTMod:BlueScale+1","DTMod:MagiciansMark+1","DTMod:CleansingStrike","DTMod:Hide","DTMod:CleansingStrike+1","DTMod:HeatWave","DTMod:TagTeam","DTMod:FlameSlash","DTMod:Safeguard+1","DTMod:Cover","DTMod:Inferno","DTMod:QuickFly","DTMod:BurningForce+1","Siphon_Strength+1","DTMod:MasterPlan","DTMod:CrossStep","Master of Strategy","DTMod:BalancedStrike","DTMod:BreakAttack","DTMod:MaximumCharge","DTMod:BlazingStrike+1","DTMod:Hide+1","DTMod:InvisibleFlame+1","DTMod:PurifyingFlame+1","DTMod:BalancedStrike+1","DTMod:TauntingStrike+1","DTMod:ComboAttack+1","DTMod:ExcessFootwork","DTMod:InvisibleFlame+1","DTMod:Dissolve+1","DTMod:DarkBreath+1","DTMod:Dissolve+1","DTMod:CleansingStrike+1","DTMod:Dissolve+1","DTMod:RunningTactic","DTMod:BalancedStrike+1","Dramatic Entrance+1","Flash of Steel+1","DTMod:BurningEnergy+1","DTMod:ShieldDrain+1","DTMod:Threaten+1","DTMod:RepeatStrike+1","DTMod:BizarreTactic","DTMod:BurningEnergy+1","DTMod:GhostSkin+1"],"relics":["DTMod:PactStone","PreservedInsect","HandDrill","Membership Card","hubris:MobiusCoin","Orichalcum","hubris:TenFootPole","Prayer Wheel","DTMod:MindBender","Medical Kit","Odd Mushroom","hubris:VirtuousBlindfold","Blood Vial","DTMod:BasicTextbook","Kunai","Molten Egg 2","hubris:ToyBattleship","hubris:TerracottaHorce","hubris:MedicalManual","Regal Pillow","Du-Vu Doll"],"acts_visited":["Exordium","TheCity","TheBeyond"],"potions_floor_usage":[30,40,42,50,50,50],"damage_taken":[{"damage":0.0,"enemies":"2 Louse","floor":1.0,"turns":3.0},{"damage":0.0,"enemies":"Cultist","floor":2.0,"turns":3.0},{"damage":0.0,"enemies":"Small Slimes","floor":4.0,"turns":2.0},{"damage":0.0,"enemies":"Blue Slaver","floor":5.0,"turns":3.0},{"damage":0.0,"enemies":"Gremlin Nob","floor":7.0,"turns":3.0},{"damage":7.0,"enemies":"Exordium Thugs","floor":8.0,"turns":4.0},{"damage":0.0,"enemies":"Exordium Wildlife","floor":10.0,"turns":4.0},{"damage":0.0,"enemies":"3 Sentries","floor":11.0,"turns":5.0},{"damage":0.0,"enemies":"The Mushroom Lair","floor":14.0,"turns":4.0},{"damage":0.0,"enemies":"Slime Boss","floor":16.0,"turns":7.0},{"damage":0.0,"enemies":"Spheric Guardian","floor":18.0,"turns":3.0},{"damage":8.0,"enemies":"Shell Parasite","floor":22.0,"turns":3.0},{"damage":0.0,"enemies":"Slavers","floor":24.0,"turns":4.0},{"damage":0,"enemies":"Snake Plant","floor":27,"turns":3},{"damage":0,"enemies":"Centurion and Healer","floor":28,"turns":4},{"damage":0,"enemies":"Gremlin Leader","floor":30,"turns":4},{"damage":0,"enemies":"Shelled Parasite and Fungi","floor":31,"turns":4},{"damage":3,"enemies":"hubris:MusketHawk","floor":33,"turns":7},{"damage":0,"enemies":"Orb Walker","floor":35,"turns":3},{"damage":0,"enemies":"3 Shapes","floor":36,"turns":3},{"damage":0,"enemies":"3 Darklings","floor":38,"turns":3},{"damage":0,"enemies":"Spire Growth","floor":40,"turns":1},{"damage":0,"enemies":"Jaw Worm Horde","floor":41,"turns":5},{"damage":0,"enemies":"Nemesis","floor":42,"turns":4},{"damage":0,"enemies":"Sphere and 2 Shapes","floor":45,"turns":4},{"damage":0,"enemies":"Maw","floor":46,"turns":6},{"damage":0,"enemies":"Reptomancer","floor":47,"turns":3},{"damage":0,"enemies":"Spire Growth","floor":48,"turns":4},{"damage":0,"enemies":"infinitespire:MassOfShapes","floor":50,"turns":10}],"seed_played":"6652676407497181728","potions_obtained":[{"floor":1.0,"key":"Fire Potion"},{"floor":5.0,"key":"DistilledChaos"},{"floor":7.0,"key":"LiquidBronze"},{"floor":24.0,"key":"Fire Potion"},{"floor":28,"key":"FearPotion"},{"floor":36,"key":"SmokeBomb"},{"floor":41,"key":"infinitespire:BlackPotion"},{"floor":45,"key":"Fire Potion"},{"floor":47,"key":"LiquidMemories"},{"floor":48,"key":"Ancient Potion"}],"is_trial":false,"path_per_floor":["M","M","?","M","M","R","E","M","T","M","E","$","R","?","R","B",null,"M","?","$","?","M","R","E","R","T","M","M","R","E","M","R","B",null,"M","M","?","M","?","M","M","E","T","?","M","M","E","M","R","B",null],"character_chosen":"THE_DT","items_purchased":["DTMod:QuickFly","DTMod:Training","PreservedInsect","HandDrill","DTMod:MasterPlan","DTMod:BlazingStrike","Membership Card","Apotheosis","DTMod:Training","DTMod:FlameSlash","DTMod:TauntingStrike","Prayer Wheel","DTMod:Safeguard","DTMod:MindBender","Medical Kit","Blood Vial","DTMod:BasicTextbook","DTMod:MasterPlan","DTMod:CrossStep","Master of Strategy"],"campfire_rested":3,"item_purchase_floors":[0,0,0,0,0,0,0,0,0,0,0,12,12,12,12,20,20,20,20,20],"current_hp_per_floor":[21,21,17,17,17,30,30,23,23,23,23,23,23,23,36,36,45,45,45,45,45,37,37,39,39,39,41,43,43,45,45,45,42,44,45,45,45,45,45,45,45,45,45,45,45,45,45,45,45,45],"gold":755,"neow_bonus":"","is_daily":false,"chose_seed":false,"campfire_upgraded":5,"win_rate":0.0,"timestamp":1611276949,"path_taken":["M","M","?","?","M","R","E","M","T","M","E","?","R","?","R","BOSS","M","?","$","?","?","R","E","R","T","M","M","R","E","M","R","BOSS","M","M","?","M","?","M","M","E","T","?","?","M","E","M","R","BOSS"],"items_purchased_type":["Card","Card","Relic","Relic","Card","Card","Relic","Card","Card","Card","Card","Relic","Card","Relic","Relic","Relic","Relic","Card","Card","Card"],"build_version":"2020-12-22","purchased_purges":1,"victory":true,"max_hp_per_floor":[45,45,45,45,45,45,45,45,45,45,45,45,45,45,45,45,45,45,45,45,45,45,45,45,45,45,45,45,45,45,45,45,45,45,45,45,45,45,45,45,45,45,45,45,45,45,45,45,45,45],"card_choices":[{"not_picked":["DTMod:RecklessFlurry","DTMod:BreakAttack"],"picked":"DTMod:BlueScale","floor":1.0},{"not_picked":["DTMod:Feint","DTMod:LastStand"],"picked":"DTMod:MagiciansMark","floor":2.0},{"not_picked":["DTMod:BuildUp","DTMod:Weaken"],"picked":"DTMod:CleansingStrike","floor":4.0},{"not_picked":["DTMod:Observe","DTMod:Cover"],"picked":"DTMod:Hide","floor":5.0},{"not_picked":["DTMod:BuildUp","DTMod:Astonish"],"picked":"DTMod:CleansingStrike","floor":7.0},{"not_picked":["DTMod:MagicField","DTMod:QuickFly"],"picked":"DTMod:HeatWave","floor":8.0},{"not_picked":["DTMod:CalculatedDefense","DTMod:CleansingStrike"],"picked":"DTMod:TagTeam","floor":10.0},{"not_picked":["DTMod:Hide","DTMod:Weaken"],"picked":"DTMod:FlameSlash","floor":11.0},{"not_picked":["DTMod:EchoTactic","DTMod:BurningEnergy"],"picked":"DTMod:Cover","floor":14.0},{"not_picked":["DTMod:Harmonize","DTMod:Multitask"],"picked":"DTMod:Inferno","floor":16.0},{"not_picked":["DTMod:MagicField","DTMod:Weaken"],"picked":"DTMod:QuickFly","floor":18.0},{"not_picked":["DTMod:BizarreTactic","DTMod:CalculatedDefense"],"picked":"DTMod:BurningForce+1","floor":18.0},{"not_picked":["DTMod:QuickFly","DTMod:Feint"],"picked":"DTMod:BalancedStrike","floor":22.0},{"not_picked":["DTMod:Conduct","DTMod:BuildUp"],"picked":"DTMod:BreakAttack","floor":22.0},{"not_picked":["DTMod:Inferno","DTMod:CalculatedDefense"],"picked":"DTMod:MaximumCharge","floor":24.0},{"not_picked":["DTMod:Hide","DTMod:Punisher+1"],"picked":"DTMod:BlazingStrike+1","floor":27},{"not_picked":["DTMod:BizarreTactic","DTMod:BreakAttack+1"],"picked":"DTMod:Hide+1","floor":27},{"not_picked":["DTMod:SneakAttack+1","DTMod:ComboAttack+1"],"picked":"DTMod:InvisibleFlame+1","floor":28},{"not_picked":["DTMod:MagicField","DTMod:Safeguard"],"picked":"DTMod:PurifyingFlame+1","floor":28},{"not_picked":["DTMod:Cover","DTMod:BlazingStrike+1"],"picked":"DTMod:BalancedStrike+1","floor":30},{"not_picked":["DTMod:Adaptation","DTMod:Overwhelm+1"],"picked":"DTMod:TauntingStrike+1","floor":31},{"not_picked":["DTMod:BurningEnergy","DTMod:BalancedStrike+1"],"picked":"DTMod:ComboAttack+1","floor":31},{"not_picked":["DTMod:TriAttack+1","DTMod:Prediction"],"picked":"DTMod:ExcessFootwork","floor":33},{"not_picked":["DTMod:MasterPlan+1","DTMod:BurningEnergy+1"],"picked":"DTMod:InvisibleFlame+1","floor":35},{"not_picked":["DTMod:BizarreTactic+1","DTMod:RunningTactic+1"],"picked":"DTMod:Dissolve+1","floor":35},{"not_picked":["DTMod:SneakAttack+1","DTMod:Feint+1"],"picked":"DTMod:DarkBreath+1","floor":36},{"not_picked":["DTMod:BurningEnergy","DTMod:Threaten+1"],"picked":"DTMod:Dissolve+1","floor":36},{"not_picked":["DTMod:WarmUp","DTMod:QuickFly+1"],"picked":"DTMod:CleansingStrike+1","floor":38},{"not_picked":["DTMod:QuickFly+1","DTMod:BizarreTactic","DTMod:Punisher+1"],"picked":"SKIP","floor":38},{"not_picked":["DTMod:LowKick+1","DTMod:Haste+1"],"picked":"DTMod:Dissolve","floor":41},{"not_picked":["DTMod:OpeningTactic+1","DTMod:Cover+1"],"picked":"DTMod:RunningTactic","floor":41},{"not_picked":["DTMod:CrossStep+1","DTMod:CleansingStrike+1"],"picked":"DTMod:BalancedStrike+1","floor":42},{"not_picked":["Thinking Ahead","Metamorphosis"],"picked":"Dramatic Entrance+1","floor":44},{"not_picked":["Jack Of All Trades","Sadistic Nature"],"picked":"Flash of Steel+1","floor":44},{"not_picked":["DTMod:CrossStep","DTMod:QuickFly+1"],"picked":"DTMod:BurningEnergy+1","floor":45},{"not_picked":["DTMod:BizarreTactic","DTMod:ComboAttack+1"],"picked":"DTMod:ShieldDrain+1","floor":45},{"not_picked":["DTMod:CleansingStrike+1","DTMod:QuickFly+1"],"picked":"DTMod:Threaten+1","floor":46},{"not_picked":["DTMod:MagicField","DTMod:QuickFly+1"],"picked":"DTMod:RepeatStrike+1","floor":46},{"not_picked":["DTMod:Conduct+1","DTMod:Hide+1"],"picked":"DTMod:BizarreTactic","floor":47},{"not_picked":["DTMod:Punisher+1","DTMod:Hide+1"],"picked":"DTMod:BurningEnergy+1","floor":48},{"not_picked":["DTMod:BurningForce+1","DTMod:Haste"],"picked":"DTMod:GhostSkin+1","floor":48}],"player_experience":1586573,"relics_obtained":[{"floor":7.0,"key":"hubris:MobiusCoin"},{"floor":9.0,"key":"Orichalcum"},{"floor":11.0,"key":"hubris:TenFootPole"},{"floor":14.0,"key":"Odd Mushroom"},{"floor":24.0,"key":"Kunai"},{"floor":26.0,"key":"Molten Egg 2"},{"floor":30,"key":"hubris:ToyBattleship"},{"floor":42,"key":"hubris:MedicalManual"},{"floor":43,"key":"Regal Pillow"},{"floor":47,"key":"Du-Vu Doll"}],"event_choices":[{"damage_healed":0.0,"max_hp_gain":0.0,"max_hp_loss":0.0,"gold_gain":75.0,"event_name":"FaceTrader","player_choice":"Touch","floor":3.0,"gold_loss":0.0,"damage_taken":4.0},{"damage_healed":0.0,"max_hp_gain":0.0,"max_hp_loss":0.0,"gold_gain":0.0,"event_name":"Mushrooms","player_choice":"Fought Mushrooms","floor":14.0,"gold_loss":0.0,"damage_taken":0.0},{"cards_removed":["Apotheosis"],"damage_healed":0.0,"max_hp_gain":0.0,"max_hp_loss":0.0,"gold_gain":0.0,"event_name":"betterNote:BetterNote","player_choice":"Take \u0026 Give","floor":19.0,"gold_loss":0.0,"damage_taken":0.0,"cards_obtained":["Siphon_Strength"]},{"damage_healed":0.0,"max_hp_gain":0.0,"max_hp_loss":0.0,"gold_gain":0.0,"event_name":"Upgrade Shrine","player_choice":"Upgraded","floor":21.0,"gold_loss":0.0,"damage_taken":0.0,"cards_upgraded":["DTMod:Safeguard"]},{"damage_healed":0,"gold_gain":0,"player_choice":"Ignored","damage_taken":0,"max_hp_gain":0,"max_hp_loss":0,"event_name":"Tomb of Lord Red Mask","floor":37,"gold_loss":0},{"damage_healed":0,"gold_gain":3,"player_choice":"1","damage_taken":0,"max_hp_gain":0,"max_hp_loss":0,"event_name":"betterStone:BetterStone","floor":44,"gold_loss":0}],"is_beta":false,"boss_relics":[{"not_picked":["Runic Dome","hubris:CrackedHourglass"],"picked":"hubris:VirtuousBlindfold"},{"not_picked":["expansioncontent:StudyCardRelic","Black Star"],"picked":"hubris:TerracottaHorce"}],"items_purged_floors":[12],"is_endless":false,"potions_floor_spawned":[1,5,7,24,28,36,41,45,47,48],"ascension_level":2}}