{"host":"ojme7g6xlqwffsso","time":1611304425,"event":{"mods":["Act Like it!","BaseMod","Better Third Choice","Hallownest","Hermit","Infinite Spire","MarisaÅiñ∂âJÅ@ñÇóùçπÅj","Minty Spire (QoL Compilation)","Replay The Spire","Shade Mod","Shop Mod","StSLib","The Bug Knight","The Cursed","The Disciple","The Hierophant","The Marked","The Mystic","The Servant 0.9.4"],"gold_per_floor":[119,133,58,69,69,81,108,119,119,133,149,41,76,94,94,193,193,211,211,439,458,475,500,500,525,607,971,971,985,1005,1005,1005,1005,1005],"floor_reached":33,"language":"ENG","playtime":2202,"items_purged":[],"score":326,"play_id":"22be2d1d-b036-46ab-b0a8-64b9dd65f6a6","local_time":"20210122173345","is_ascension_mode":false,"campfire_choices":[{"data":"HollowMod:NewLittleFool","floor":15,"key":"SMITH"},{"data":"infinitespire:Collect","floor":24,"key":"SMITH"},{"data":"HollowMod:ChannelNail","floor":28,"key":"SMITH"},{"data":"HollowMod:ShapeofUnn","floor":32,"key":"SMITH"}],"circlet_count":0,"master_deck":["HollowMod:NailStrikeStart","HollowMod:NailStrikeStart","HollowMod:NailStrikeStart","HollowMod:NailStrikeStart","HollowMod:QuickDashStart","HollowMod:QuickDashStart","HollowMod:QuickDashStart","HollowMod:QuickDashStart","HollowMod:FocusHealStart","HollowMod:PogoStrike","HollowMod:DungDefenderAura","HollowMod:SharpenedNail","Hallownest:skillGreenpathMap","HollowMod:SoulSplash","HollowMod:DashSlash","HollowMod:HeavyBlow","HollowMod:ChannelNail+1","HollowMod:DoubleDash","HollowMod:HowlingWraiths","HollowMod:SoulStrike","HollowMod:BaldurShell","HollowMod:NewLittleFool+1","HollowMod:FallenFury","HollowMod:AwokenDreamNail","HollowMod:CycloneSlash","infinitespire:Collect+1","HollowMod:VengefulSpirit","HollowMod:DungDefenderAura+1","HollowMod:CornifersMapStart+1","HollowMod:CycloneSlash+1","HollowMod:ShapeofUnn+1","HollowMod:GreatSlash"],"relics":["HollowMod:VesselMask","HollowMod:QueensCombRelic","Gremlin Food","Matryoshka","Regal Pillow","ChewingGum","The Courier","Counterbalance","Toy Ornithopter","Meat on the Bone"],"acts_visited":["Exordium","Hallownest:Greenpath"],"potions_floor_usage":[14,33,33],"damage_taken":[{"damage":1,"enemies":"Hallownest:2_MossCreeps","floor":1,"turns":6},{"damage":0,"enemies":"Hallownest:monsterHuskWarrior","floor":2,"turns":4},{"damage":0,"enemies":"Hallownest:2_Tiktiks_and_1_Crawlid","floor":4,"turns":3},{"damage":0,"enemies":"Hallownest:monsterFoolEater","floor":6,"turns":4},{"damage":4,"enemies":"Hallownest:eliteVengeflyKing","floor":7,"turns":9},{"damage":5,"enemies":"Hallownest:MossCreep_and_Mosskin","floor":8,"turns":5},{"damage":0,"enemies":"Hallownest:monsterAspidMother","floor":10,"turns":4},{"damage":0,"enemies":"Hallownest:monsterMossCharger","floor":11,"turns":5},{"damage":18,"enemies":"Hallownest:eliteMossKnight","floor":13,"turns":11},{"damage":3,"enemies":"Hallownest:1_Ooma_and_2_Uuma","floor":14,"turns":7},{"damage":57,"enemies":"Hallownest:BossFalseKnight","floor":16,"turns":13},{"damage":15,"enemies":"Hallownest:2_Mistakes","floor":18,"turns":4},{"damage":3,"enemies":"Hallownest:3_Youths","floor":21,"turns":9},{"damage":0,"enemies":"Hallownest:Warrior_and_Youth","floor":22,"turns":4},{"damage":7,"enemies":"Hallownest:Nosk","floor":23,"turns":12},{"damage":4,"enemies":"Hallownest:eliteSoulWarrior","floor":25,"turns":6},{"damage":28,"enemies":"Hallownest:monsterMisterMushroom","floor":29,"turns":7},{"damage":0,"enemies":"Hallownest:3_Mistakes","floor":30,"turns":9},{"damage":62,"enemies":"Hallownest:BossMantisLord","floor":33,"turns":9}],"seed_played":"4881317532695349300","potions_obtained":[{"floor":1,"key":"Block Potion"},{"floor":2,"key":"Strength Potion"},{"floor":8,"key":"Venom Potion"},{"floor":18,"key":"Weak Potion"}],"is_trial":false,"path_per_floor":["M","M","?","M","?","M","E","M","T","M","M","$","E","M","R","B",null,"M","?","?","M","M","E","R","E","T","?","R","M","M","?","R","B"],"character_chosen":"THE_BUGKNIGHT","items_purchased":["HollowMod:SoulStrike","HollowMod:BaldurShell"],"campfire_rested":0,"item_purchase_floors":[12,12],"current_hp_per_floor":[50,50,50,50,40,50,50,45,45,50,50,50,36,47,47,5,50,35,23,11,26,42,43,43,43,43,43,43,34,50,50,50,0,0],"gold":1005,"neow_bonus":"ONE_RARE_RELIC","is_daily":false,"chose_seed":false,"campfire_upgraded":4,"win_rate":0.0,"timestamp":1611304425,"path_taken":["M","M","?","M","?","M","E","?","T","M","M","?","E","M","R","BOSS","M","?","?","M","M","E","R","E","T","?","R","M","?","?","R","BOSS"],"items_purchased_type":["Card","Card"],"build_version":"2020-12-22","purchased_purges":0,"victory":false,"max_hp_per_floor":[50,50,50,50,50,50,50,50,50,50,50,50,50,50,50,50,50,50,50,50,50,50,50,50,50,50,50,50,50,50,50,50,50,50],"card_choices":[{"not_picked":["HollowMod:GoodIntentions","HollowMod:HuntersJournal"],"picked":"HollowMod:DungDefenderAura","floor":1},{"not_picked":["HollowMod:GoodIntentions","HollowMod:Hiveblood"],"picked":"HollowMod:SharpenedNail","floor":2},{"not_picked":["HollowMod:InfectedCysts","HollowMod:MonarchWings"],"picked":"HollowMod:SoulSplash","floor":4},{"not_picked":["HollowMod:HowlingWraiths","HollowMod:SoulSplash"],"picked":"HollowMod:DashSlash","floor":6},{"not_picked":["HollowMod:MidwifesHunger","HollowMod:TaintedHusks"],"picked":"HollowMod:HeavyBlow","floor":7},{"not_picked":["HollowMod:MidwifesHunger","HollowMod:HeavyBlow"],"picked":"HollowMod:ChannelNail","floor":8},{"not_picked":["HollowMod:MothsMistake","HollowMod:SharpenedShadows"],"picked":"HollowMod:DoubleDash","floor":10},{"not_picked":["HollowMod:VengefulVoid","HollowMod:DashSlash"],"picked":"HollowMod:HowlingWraiths","floor":11},{"not_picked":["HollowMod:SharpenedNail","HollowMod:HeavyBlow"],"picked":"HollowMod:NewLittleFool","floor":13},{"not_picked":["HollowMod:NewLittleFool","HollowMod:VengefulVoid"],"picked":"HollowMod:FallenFury","floor":14},{"not_picked":["HollowMod:HornetsHelp","HollowMod:theNailsmith"],"picked":"HollowMod:AwokenDreamNail","floor":16},{"not_picked":["HollowMod:TaintedHusks","HollowMod:NewLittleFool"],"picked":"HollowMod:CycloneSlash","floor":18},{"not_picked":["infinitespire:Punishment","infinitespire:UltimateForm"],"picked":"infinitespire:Collect","floor":19},{"not_picked":["HollowMod:TaintedHusks","HollowMod:SharpenedNail"],"picked":"HollowMod:VengefulSpirit","floor":20},{"not_picked":["HollowMod:ChannelNail","HollowMod:WraithStrike"],"picked":"HollowMod:DungDefenderAura+1","floor":20},{"not_picked":["HollowMod:NewLittleFool+1","HollowMod:BlackTendrils+1"],"picked":"HollowMod:CornifersMapStart+1","floor":21},{"not_picked":["HollowMod:SharpenedShadows","HollowMod:DashSlash","HollowMod:Hiveblood"],"picked":"SKIP","floor":22},{"not_picked":["HollowMod:InfectedCysts","HollowMod:CornifersMapStart"],"picked":"HollowMod:CycloneSlash+1","floor":23},{"not_picked":["HollowMod:FallenFury","HollowMod:MonarchWings+1","HollowMod:GoodIntentions"],"picked":"SKIP","floor":25},{"not_picked":["HollowMod:HeavyBlow+1","HollowMod:ShadowDash"],"picked":"HollowMod:ShapeofUnn","floor":29},{"not_picked":["HollowMod:HowlingWraiths","HollowMod:InfectedCysts+1"],"picked":"HollowMod:GreatSlash","floor":30}],"player_experience":914281,"relics_obtained":[{"floor":7,"key":"Gremlin Food"},{"floor":9,"key":"Matryoshka"},{"floor":13,"key":"Regal Pillow"},{"floor":20,"key":"The Courier"},{"floor":23,"key":"Counterbalance"},{"floor":25,"key":"Toy Ornithopter"},{"floor":26,"key":"Blue Candle"},{"floor":26,"key":"Meat on the Bone"}],"event_choices":[],"is_beta":false,"boss_relics":[{"not_picked":["Runic Pyramid","Replay:Drink Me"],"picked":"ChewingGum"}],"items_purged_floors":[],"is_endless":false,"potions_floor_spawned":[1,2,8,11,13,18,25],"killed_by":"Hallownest:BossMantisLord","ascension_level":0}}