{"host":"qgrlfjrqk9z96gfi","time":1611287910,"event":{"mods":["BaseMod","Block Reminder","Colored Map","Custom Start","DeckTracker","Minty Spire (QoL Compilation)"],"gold_per_floor":[119,119,132,207,226,226,260,276,349,377,377,377,392,317,317,394,394,411,421,421,435,448,448,290,319,319,319,354,382,382,307,307,378,378,398,398,303,303,323,351,351,361,361,361,393,410,410,423,423,423,423],"floor_reached":50,"language":"ENG","playtime":2045,"items_purged":["Strike_G","Strike_G+1"],"score":1136,"play_id":"92c27144-c5ac-41b0-b6c9-d9bbcc53b8d5","local_time":"20210121175830","is_ascension_mode":true,"campfire_choices":[{"data":"Predator","floor":6.0,"key":"SMITH"},{"floor":11.0,"key":"REST"},{"data":"Wraith Form v2","floor":15.0,"key":"SMITH"},{"floor":23,"key":"REST"},{"data":"Wraith Form v2","floor":27,"key":"SMITH"},{"data":"Wraith Form v2","floor":30,"key":"SMITH"},{"floor":32,"key":"REST"},{"data":"Bouncing Flask","floor":41,"key":"SMITH"},{"data":"Crippling Poison","floor":44,"key":"SMITH"},{"data":"Well Laid Plans","floor":47,"key":"SMITH"},{"data":"Burst","floor":49,"key":"SMITH"}],"circlet_count":0,"master_deck":["AscendersBane","Defend_G+1","Defend_G+1","Defend_G+1","Survivor","Poisoned Stab+1","Noxious Fumes+1","Footwork","Predator+1","Calculated Gamble","Wraith Form v2+1","Wraith Form v2+1","Wraith Form v2+1","Crippling Poison+1","Well Laid Plans+1","Backflip","Bouncing Flask+1","Burst+1","Deadly Poison+1","Blind","Backflip+1","Caltrops"],"relics":["Astrolabe","Lizard Tail","White Beast Statue","Nunchaku","Sozu","HornCleat","WingedGreaves","Omamori","Lantern","Calling Bell","Oddly Smooth Stone","Paper Crane","Torii","Thread and Needle","Bottled Lightning","Juzu Bracelet"],"acts_visited":["Exordium","TheCity","TheBeyond"],"potions_floor_usage":[16,18,29],"damage_taken":[{"damage":0.0,"enemies":"2 Louse","floor":1.0,"turns":2.0},{"damage":4.0,"enemies":"Small Slimes","floor":3.0,"turns":4.0},{"damage":4.0,"enemies":"Cultist","floor":5.0,"turns":3.0},{"damage":21.0,"enemies":"Lagavulin","floor":7.0,"turns":6.0},{"damage":15.0,"enemies":"Exordium Thugs","floor":8.0,"turns":5.0},{"damage":13.0,"enemies":"3 Sentries","floor":10.0,"turns":5.0},{"damage":12.0,"enemies":"Looter","floor":13.0,"turns":4.0},{"damage":26,"enemies":"The Guardian","floor":16,"turns":10},{"damage":7,"enemies":"Shell Parasite","floor":18,"turns":6},{"damage":0,"enemies":"Chosen","floor":19,"turns":5},{"damage":2,"enemies":"Snecko","floor":21,"turns":5},{"damage":5,"enemies":"Centurion and Healer","floor":22,"turns":7},{"damage":6,"enemies":"Slavers","floor":25,"turns":6},{"damage":6,"enemies":"Gremlin Leader","floor":28,"turns":7},{"damage":12,"enemies":"Book of Stabbing","floor":29,"turns":8},{"damage":6,"enemies":"Collector","floor":33,"turns":8},{"damage":6,"enemies":"3 Darklings","floor":35,"turns":6},{"damage":2,"enemies":"Orb Walker","floor":39,"turns":6},{"damage":14,"enemies":"Reptomancer","floor":40,"turns":8},{"damage":0,"enemies":"Writhing Mass","floor":42,"turns":7},{"damage":2,"enemies":"Nemesis","floor":45,"turns":9},{"damage":0,"enemies":"Sphere and 2 Shapes","floor":46,"turns":6},{"damage":0,"enemies":"Maw","floor":48,"turns":8},{"damage":37,"enemies":"Donu and Deca","floor":50,"turns":11}],"seed_played":"2987984065334001250","potions_obtained":[{"floor":3.0,"key":"SpeedPotion"},{"floor":7.0,"key":"LiquidMemories"},{"floor":10.0,"key":"Block Potion"},{"floor":16,"key":"Dexterity Potion"}],"is_trial":false,"path_per_floor":["M","?","M","?","M","R","E","M","T","E","R","?","M","$","R","B",null,"M","M","?","M","M","R","$","E","T","R","E","E","R","?","R","B",null,"M","?","$","?","M","E","R","M","T","R","E","M","R","M","R","B"],"character_chosen":"THE_SILENT","items_purchased":["Backflip","Blind"],"campfire_rested":3,"item_purchase_floors":[24,37],"current_hp_per_floor":[59,59,55,44,40,40,19,4,4,30,49,49,37,37,37,11,52,45,45,45,43,38,57,57,51,51,51,45,33,33,33,52,46,61,55,55,55,55,53,39,39,39,39,39,37,37,37,37,37,0,0],"gold":423,"neow_bonus":"BOSS_RELIC","is_daily":false,"chose_seed":false,"campfire_upgraded":8,"win_rate":0.0,"timestamp":1611287910,"path_taken":["M","?","M","?","M","R","E","M","T","E","R","?","M","$","R","BOSS","M","?","?","M","M","R","$","E","T","R","E","E","R","?","R","BOSS","M","?","$","?","?","E","R","M","T","R","E","M","R","M","R","BOSS"],"items_purchased_type":["Card","Card"],"build_version":"2020-12-22","purchased_purges":2,"victory":false,"max_hp_per_floor":[66,66,66,66,66,66,66,66,66,66,66,66,66,66,66,66,66,66,66,66,66,66,66,66,66,66,66,66,66,66,66,66,66,66,66,66,66,66,66,66,66,66,66,66,66,66,66,66,66,66,66],"card_choices":[{"not_picked":["Dodge and Roll","Prepared","Sucker Punch"],"picked":"SKIP","floor":1.0},{"not_picked":["Expertise","Prepared"],"picked":"Footwork","floor":3.0},{"not_picked":["Concentrate","Flying Knee"],"picked":"Predator","floor":5.0},{"not_picked":["Escape Plan","All Out Attack","Expertise"],"picked":"SKIP","floor":7.0},{"not_picked":["Backstab","Deadly Poison"],"picked":"Calculated Gamble","floor":8.0},{"not_picked":["Prepared","Terror","Sucker Punch"],"picked":"SKIP","floor":10.0},{"not_picked":["Bane","Backflip"],"picked":"Wraith Form v2","floor":13.0},{"not_picked":["Malaise","After Image"],"picked":"Wraith Form v2","floor":16},{"not_picked":["Deadly Poison","Dash"],"picked":"Crippling Poison","floor":18},{"not_picked":["Crippling Poison","Flying Knee","Skewer"],"picked":"SKIP","floor":19},{"not_picked":["Sucker Punch","Dagger Throw","Acrobatics"],"picked":"SKIP","floor":21},{"not_picked":["Tactician","Prepared+1"],"picked":"Well Laid Plans","floor":22},{"not_picked":["Acrobatics","Footwork"],"picked":"Bouncing Flask","floor":25},{"not_picked":["Flechettes","Slice","Infinite Blades+1"],"picked":"SKIP","floor":28},{"not_picked":["Flechettes","Outmaneuver","Dash"],"picked":"SKIP","floor":29},{"not_picked":["Malaise","Tools of the Trade"],"picked":"Burst","floor":33},{"not_picked":["Quick Slash","Acrobatics"],"picked":"Deadly Poison+1","floor":35},{"not_picked":["Bane","Infinite Blades"],"picked":"Backflip+1","floor":39},{"not_picked":["Flying Knee","Quick Slash+1","Unload"],"picked":"SKIP","floor":40},{"not_picked":["Slice","Dash","Dodge and Roll"],"picked":"SKIP","floor":42},{"not_picked":["Endless Agony","Underhanded Strike"],"picked":"Caltrops","floor":45},{"not_picked":["Deadly Poison","Dodge and Roll","Skewer+1"],"picked":"SKIP","floor":46},{"not_picked":["Setup","Poisoned Stab","Outmaneuver+1"],"picked":"SKIP","floor":48}],"player_experience":1040863,"relics_obtained":[{"floor":7.0,"key":"Lizard Tail"},{"floor":9.0,"key":"White Beast Statue"},{"floor":10.0,"key":"Nunchaku"},{"floor":25,"key":"HornCleat"},{"floor":26,"key":"WingedGreaves"},{"floor":28,"key":"Omamori"},{"floor":29,"key":"Lantern"},{"floor":34,"key":"Oddly Smooth Stone"},{"floor":34,"key":"Paper Crane"},{"floor":34,"key":"Torii"},{"floor":40,"key":"Thread and Needle"},{"floor":43,"key":"Bottled Lightning"},{"floor":45,"key":"Juzu Bracelet"}],"event_choices":[{"damage_healed":0.0,"max_hp_gain":0.0,"max_hp_loss":0.0,"gold_gain":0.0,"event_name":"Shining Light","player_choice":"Ignored","floor":2.0,"gold_loss":0.0,"damage_taken":0.0},{"damage_healed":0.0,"max_hp_gain":0.0,"max_hp_loss":0.0,"gold_gain":75.0,"event_name":"World of Goop","player_choice":"Gather Gold","floor":4.0,"gold_loss":0.0,"damage_taken":11.0},{"damage_healed":0.0,"max_hp_gain":0.0,"max_hp_loss":0.0,"gold_gain":0.0,"cards_transformed":["Strike_G"],"event_name":"Transmorgrifier","player_choice":"Transformed","floor":12.0,"gold_loss":0.0,"damage_taken":0.0,"cards_obtained":["Wraith Form v2"]},{"damage_healed":0,"gold_gain":0,"player_choice":"Simplicity","damage_taken":0,"max_hp_gain":0,"max_hp_loss":0,"event_name":"Back to Basics","floor":20,"gold_loss":0,"cards_upgraded":["Strike_G","Defend_G","Defend_G","Defend_G","Defend_G"]},{"cards_removed":["Defend_G"],"damage_healed":0,"gold_gain":0,"player_choice":"Gave Gold","damage_taken":0,"max_hp_gain":0,"max_hp_loss":0,"event_name":"Beggar","floor":31,"gold_loss":75},{"cards_removed":["Deadly Poison"],"damage_healed":0,"gold_gain":0,"player_choice":"Removed Skill","damage_taken":0,"max_hp_gain":0,"max_hp_loss":0,"event_name":"Falling","floor":36,"gold_loss":0},{"cards_removed":["Neutralize"],"damage_healed":0,"gold_gain":0,"player_choice":"Purged","damage_taken":0,"max_hp_gain":0,"max_hp_loss":0,"event_name":"Purifier","floor":38,"gold_loss":0}],"is_beta":false,"boss_relics":[{"not_picked":["Fusion Hammer","HoveringKite"],"picked":"Sozu"},{"not_picked":["Velvet Choker","Empty Cage"],"picked":"Calling Bell"}],"items_purged_floors":[14,24],"is_endless":false,"potions_floor_spawned":[3,7,10,13,16,18,19,21,22,25,28,29,33,35,39,40,42,45,46,48],"killed_by":"Donu and Deca","ascension_level":20}}