{"host":"j4g6ia6asvpyu2b0","time":1611345998,"event":{"mods":["BaseMod","Colored Map","Minty Spire (QoL Compilation)","Permanent Neow","Quick Restart","Relic Stats","StSLib","Unceasing Turn Reminder"],"gold_per_floor":[113,130,149,99,110,145,145,179,179,211,211,211,41,66,66,165,165,186,186,211,137,70,70,105,105,105,105,105,105],"floor_reached":28,"language":"ENG","playtime":683,"items_purged":[],"score":517,"play_id":"5e095198-69c1-49aa-a8c3-0a1d0f062bb3","local_time":"20210122130638","is_ascension_mode":true,"campfire_choices":[{"data":"Darkness","floor":7,"key":"SMITH"},{"data":"Zap","floor":12,"key":"SMITH"},{"data":"Vault","floor":15,"key":"SMITH"},{"data":"Immolate","floor":23,"key":"SMITH"}],"circlet_count":0,"master_deck":["AscendersBane","Strike_B+1","Strike_B+1","Strike_B+1","Defend_B+1","Defend_B+1","Defend_B+1","Defend_B+1","Zap+1","Dualcast","Gash","Ball Lightning","Cold Snap","Cold Snap","Darkness+1","Rip and Tear","Reinforced Body","Gash","Vault+1","Immolate+1","Cloak And Dagger","Static Discharge","Violence"],"relics":["Cracked Core","CaptainsWheel","Eternal Feather","Du-Vu Doll","Ornamental Fan","Golden Idol","PrismaticShard","Philosopher\u0027s Stone","Pocketwatch","Symbiotic Virus","Tiny Chest"],"acts_visited":["Exordium","TheCity"],"potions_floor_usage":[20,28],"damage_taken":[{"damage":2,"enemies":"Jaw Worm","floor":1,"turns":4},{"damage":1,"enemies":"2 Louse","floor":2,"turns":3},{"damage":6,"enemies":"Cultist","floor":3,"turns":3},{"damage":20,"enemies":"Gremlin Gang","floor":5,"turns":3},{"damage":12,"enemies":"Gremlin Nob","floor":6,"turns":5},{"damage":0,"enemies":"Lagavulin","floor":8,"turns":4},{"damage":0,"enemies":"Gremlin Nob","floor":10,"turns":4},{"damage":8,"enemies":"Blue Slaver","floor":14,"turns":2},{"damage":2,"enemies":"Hexaghost","floor":16,"turns":9},{"damage":0,"enemies":"Spheric Guardian","floor":18,"turns":4},{"damage":18,"enemies":"2 Thieves","floor":20,"turns":3},{"damage":46,"enemies":"Slavers","floor":24,"turns":6},{"damage":8,"enemies":"Shelled Parasite and Fungi","floor":28,"turns":1}],"seed_played":"3613431740556088760","potions_obtained":[{"floor":2,"key":"Swift Potion"},{"floor":8,"key":"DistilledChaos"},{"floor":19,"key":"Regen Potion"},{"floor":24,"key":"DuplicationPotion"}],"is_trial":false,"path_per_floor":["M","M","M","?","M","E","R","E","T","E","?","R","$","M","R","B",null,"M","?","M","?","$","R","E","?","T","$","M"],"character_chosen":"DEFECT","items_purchased":["Gash","PrismaticShard","Static Discharge"],"campfire_rested":0,"item_purchase_floors":[13,13,22],"current_hp_per_floor":[62,61,55,55,35,23,32,32,32,32,32,41,41,33,42,40,54,54,54,36,36,36,48,2,2,2,2,0,0],"gold":105,"neow_bonus":"ONE_RARE_RELIC","is_daily":false,"chose_seed":false,"campfire_upgraded":4,"win_rate":0.0,"timestamp":1611345998,"path_taken":["M","M","M","?","M","E","R","E","T","E","?","R","?","M","R","BOSS","M","?","?","?","?","R","E","?","T","?","M"],"items_purchased_type":["Card","Relic","Card"],"build_version":"2020-12-22","purchased_purges":0,"victory":false,"max_hp_per_floor":[64,64,64,64,64,64,64,64,64,64,59,59,59,59,59,59,59,59,59,59,59,59,59,59,59,59,59,59,59],"relic_stats":{"counters":[13,51],"Ornamental Fan":[32],"Golden Idol":41,"Eternal Feather":39,"Tiny Chest":0,"obtain_stats":[{"Du-Vu Doll":8,"CaptainsWheel":0,"Ornamental Fan":10,"Golden Idol":11,"Eternal Feather":6,"Philosopher\u0027s Stone":17,"Tiny Chest":26,"Cracked Core":0,"PrismaticShard":13,"Symbiotic Virus":24,"Pocketwatch":21},{"Du-Vu Doll":6,"CaptainsWheel":0,"Ornamental Fan":7,"Golden Idol":7,"Eternal Feather":5,"Philosopher\u0027s Stone":9,"Tiny Chest":12,"Cracked Core":0,"PrismaticShard":7,"Symbiotic Virus":12,"Pocketwatch":11},{"Du-Vu Doll":22,"CaptainsWheel":0,"Ornamental Fan":26,"Golden Idol":26,"Eternal Feather":18,"Philosopher\u0027s Stone":37,"Tiny Chest":50,"Cracked Core":0,"PrismaticShard":26,"Symbiotic Virus":50,"Pocketwatch":44}],"Pocketwatch":[3]},"card_choices":[{"not_picked":["Streamline","Leap"],"picked":"Gash","floor":1},{"not_picked":["Beam Cell","Cold Snap"],"picked":"Ball Lightning","floor":2},{"not_picked":["Reprogram","Redo"],"picked":"Cold Snap","floor":3},{"not_picked":["Reboot","Rebound"],"picked":"Cold Snap","floor":5},{"not_picked":["Beam Cell","Reprogram"],"picked":"Darkness","floor":6},{"not_picked":["Leap","Sweeping Beam"],"picked":"Rip and Tear","floor":8},{"not_picked":["Stack","Steam"],"picked":"Reinforced Body","floor":10},{"not_picked":["FlyingSleeves","Perfected Strike"],"picked":"Vault","floor":14},{"not_picked":["MasterReality","Seek"],"picked":"Immolate","floor":16},{"not_picked":["Sever Soul","Swift Strike","Halt+1"],"picked":"SKIP","floor":18},{"not_picked":["Prepared","SignatureMove"],"picked":"Cloak And Dagger","floor":20},{"not_picked":["Go for the Eyes","Protect"],"picked":"Violence","floor":24}],"player_experience":932937,"relics_obtained":[{"floor":6,"key":"Eternal Feather"},{"floor":8,"key":"Du-Vu Doll"},{"floor":10,"key":"Ornamental Fan"},{"floor":24,"key":"Symbiotic Virus"},{"floor":26,"key":"Tiny Chest"}],"event_choices":[{"cards_removed":["Strike_B"],"damage_healed":0,"gold_gain":0,"player_choice":"Card Removal","damage_taken":0,"max_hp_gain":0,"max_hp_loss":0,"event_name":"The Cleric","floor":4,"gold_loss":50},{"damage_healed":0,"gold_gain":0,"player_choice":"Lose Max HP","damage_taken":0,"relics_obtained":["Golden Idol"],"max_hp_gain":0,"max_hp_loss":5,"event_name":"Golden Idol","floor":11,"gold_loss":0},{"damage_healed":0,"gold_gain":0,"player_choice":"Got Potions","damage_taken":0,"max_hp_gain":0,"max_hp_loss":0,"event_name":"Lab","floor":19,"gold_loss":0},{"damage_healed":0,"gold_gain":0,"player_choice":"Paid Gold","damage_taken":0,"relics_obtained":["Pocketwatch"],"max_hp_gain":0,"max_hp_loss":0,"event_name":"WeMeetAgain","floor":21,"gold_loss":74},{"damage_healed":0,"gold_gain":0,"player_choice":"Simplicity","damage_taken":0,"max_hp_gain":0,"max_hp_loss":0,"event_name":"Back to Basics","floor":25,"gold_loss":0,"cards_upgraded":["Strike_B","Strike_B","Strike_B","Defend_B","Defend_B","Defend_B","Defend_B"]}],"is_beta":false,"boss_relics":[{"not_picked":["FrozenCore","Snecko Eye"],"picked":"Philosopher\u0027s Stone"}],"items_purged_floors":[],"is_endless":false,"potions_floor_spawned":[2,8,10,16,24],"killed_by":"Shelled Parasite and Fungi","ascension_level":14}}