{"host":"wha9hktbkslqvblg","time":1611302013,"event":{"mods":["BaseMod","Colored Map","Minty Spire (QoL Compilation)","Relic Stats","SuperFastMode","everything is the same but u backflip on backflip"],"gold_per_floor":[114,114,124,124,124,159,159,84,161,32,42,58,93,113,113,190,190,207,207,257,97,114,114,132,132,155,72,72,99,99,18,18,95,95,112,112,112,122,122,122],"floor_reached":39,"language":"KOR","playtime":755,"items_purged":["Strike_G","Strike_G"],"score":860,"play_id":"4b2afe0d-b92e-45ef-af79-9a9ce214ae7e","local_time":"20210122165333","is_ascension_mode":true,"campfire_choices":[{"data":"Terror","floor":7.0,"key":"SMITH"},{"data":"Cloak And Dagger","floor":15,"key":"SMITH"},{"data":"Accuracy","floor":23,"key":"SMITH"},{"data":"Wraith Form v2","floor":25,"key":"SMITH"},{"data":"Prepared","floor":28,"key":"SMITH"},{"data":"Backflip","floor":30,"key":"SMITH"},{"data":"Accuracy","floor":32,"key":"SMITH"}],"circlet_count":0,"master_deck":["AscendersBane","Survivor","Neutralize","Terror+1","Dagger Spray","Predator","Dagger Throw","Cloak And Dagger+1","Wraith Form v2+1","Prepared+1","Accuracy+1","Dodge and Roll+1","Accuracy+1","Backflip+1","Adrenaline","Venomology","Flash of Steel","Crippling Poison+1"],"relics":["Ring of the Snake","NeowsBlessing","CaptainsWheel","Pantograph","Eternal Feather","Pandora\u0027s Box","ClockworkSouvenir","Bronze Scales","Calipers","WristBlade","Bag of Preparation"],"acts_visited":["Exordium","TheCity","TheBeyond"],"potions_floor_usage":[14,14,14,16,22,29,33],"damage_taken":[{"damage":0.0,"enemies":"Jaw Worm","floor":1.0,"turns":1.0},{"damage":0.0,"enemies":"2 Louse","floor":3.0,"turns":1.0},{"damage":0.0,"enemies":"Gremlin Nob","floor":6.0,"turns":1.0},{"damage":3.0,"enemies":"Small Slimes","floor":11.0,"turns":2.0},{"damage":5.0,"enemies":"Red Slaver","floor":12.0,"turns":2.0},{"damage":7.0,"enemies":"3 Sentries","floor":13.0,"turns":5.0},{"damage":5,"enemies":"Gremlin Gang","floor":14,"turns":2},{"damage":23,"enemies":"The Guardian","floor":16,"turns":10},{"damage":0,"enemies":"Spheric Guardian","floor":18,"turns":4},{"damage":7,"enemies":"3 Byrds","floor":22,"turns":4},{"damage":3,"enemies":"Snake Plant","floor":24,"turns":4},{"damage":6,"enemies":"Book of Stabbing","floor":29,"turns":5},{"damage":52,"enemies":"Collector","floor":33,"turns":8},{"damage":18,"enemies":"3 Darklings","floor":35,"turns":4},{"damage":6,"enemies":"Orb Walker","floor":38,"turns":2},{"damage":0,"enemies":"Jaw Worm Horde","floor":39,"turns":1}],"seed_played":"-2889393871733734501","potions_obtained":[{"floor":5.0,"key":"EntropicBrew"},{"floor":5.0,"key":"SteroidPotion"},{"floor":13.0,"key":"SpeedPotion"},{"floor":14,"key":"BlessingOfTheForge"},{"floor":18,"key":"Block Potion"},{"floor":24,"key":"CunningPotion"},{"floor":29,"key":"EssenceOfSteel"},{"floor":35,"key":"Regen Potion"}],"is_trial":false,"path_per_floor":["M","?","M","?","?","E","R","$","T","$","M","M","E","M","R","B",null,"M","?","?","$","M","R","M","R","T","$","R","E","R","$","R","B",null,"M","?","?","M","M"],"character_chosen":"THE_SILENT","items_purchased":["Dagger Throw","ClockworkSouvenir","Accuracy","Adrenaline"],"campfire_rested":0,"item_purchase_floors":[10,21,27,31],"current_hp_per_floor":[59,39,39,39,39,39,39,39,39,39,36,31,24,19,28,30,57,57,39,32,32,25,31,28,34,34,34,40,34,40,40,49,19,58,40,30,30,24,24,24],"gold":122,"neow_bonus":"THREE_ENEMY_KILL","is_daily":false,"chose_seed":false,"campfire_upgraded":7,"win_rate":0.0,"timestamp":1611302013,"path_taken":["M","?","M","?","?","E","R","$","T","$","?","?","E","M","R","BOSS","M","?","?","$","M","R","?","R","T","?","R","E","R","$","R","BOSS","M","?","?","?","M"],"items_purchased_type":["Card","Relic","Card","Card"],"build_version":"2020-12-22","purchased_purges":2,"victory":false,"max_hp_per_floor":[66,66,66,66,66,66,66,66,66,66,66,66,66,66,66,66,66,66,71,71,71,71,71,71,71,71,71,71,71,71,71,71,71,71,71,71,71,71,71,71],"relic_stats":{"counters":[16,56],"Pantograph":47,"Bronze Scales":[82],"Eternal Feather":42,"Pandora\u0027s Box":["Phantasmal Killer","Tactician","Backstab","Prepared","Dodge and Roll","Deadly Poison","Envenom","Underhanded Strike"],"Bag of Preparation":[4],"obtain_stats":[{"CaptainsWheel":6,"Calipers":29,"NeowsBlessing":0,"WristBlade":34,"Pantograph":9,"Bronze Scales":26,"Eternal Feather":13,"Pandora\u0027s Box":17,"Bag of Preparation":37,"Ring of the Snake":0,"ClockworkSouvenir":21},{"CaptainsWheel":3,"Calipers":12,"NeowsBlessing":0,"WristBlade":13,"Pantograph":3,"Bronze Scales":11,"Eternal Feather":6,"Pandora\u0027s Box":8,"Bag of Preparation":14,"Ring of the Snake":0,"ClockworkSouvenir":9},{"CaptainsWheel":3,"Calipers":41,"NeowsBlessing":0,"WristBlade":49,"Pantograph":3,"Bronze Scales":36,"Eternal Feather":12,"Pandora\u0027s Box":24,"Bag of Preparation":53,"Ring of the Snake":0,"ClockworkSouvenir":28}],"Ring of the Snake":[32]},"card_choices":[{"not_picked":["Bane","Setup"],"picked":"Terror","floor":1.0},{"not_picked":["Sucker Punch","Dodge and Roll"],"picked":"Dagger Spray","floor":3.0},{"not_picked":["Dagger Spray","Backflip"],"picked":"Predator","floor":6.0},{"not_picked":["Dodge and Roll","Finisher","Caltrops"],"picked":"SKIP","floor":11.0},{"not_picked":["Dodge and Roll","Endless Agony","PiercingWail"],"picked":"SKIP","floor":12.0},{"not_picked":["Deflect","Outmaneuver"],"picked":"Cloak And Dagger","floor":13.0},{"not_picked":["Outmaneuver","Bane","Setup"],"picked":"SKIP","floor":14},{"not_picked":["Corpse Explosion","Glass Knife"],"picked":"Wraith Form v2","floor":16},{"not_picked":["Deadly Poison","Quick Slash"],"picked":"Prepared","floor":18},{"not_picked":["Escape Plan","Dagger Throw"],"picked":"Accuracy","floor":22},{"not_picked":["Sucker Punch","Slice"],"picked":"Dodge and Roll+1","floor":24},{"not_picked":["Outmaneuver","Concentrate"],"picked":"Backflip","floor":29},{"not_picked":["Envenom","A Thousand Cuts"],"picked":"Venomology","floor":33},{"not_picked":["Quick Slash","Deadly Poison+1","Heel Hook"],"picked":"SKIP","floor":35},{"not_picked":["Discovery","Panacea"],"picked":"Flash of Steel","floor":36},{"not_picked":["Heel Hook","Prepared"],"picked":"Crippling Poison+1","floor":38}],"player_experience":988473,"relics_obtained":[{"floor":6.0,"key":"CaptainsWheel"},{"floor":9.0,"key":"Pantograph"},{"floor":13.0,"key":"Eternal Feather"},{"floor":26,"key":"Bronze Scales"},{"floor":29,"key":"Calipers"}],"event_choices":[{"damage_healed":0.0,"max_hp_gain":0.0,"max_hp_loss":0.0,"gold_gain":0.0,"event_name":"Shining Light","player_choice":"Entered Light","floor":2.0,"gold_loss":0.0,"damage_taken":20.0,"cards_upgraded":["Strike_G","Strike_G"]},{"damage_healed":0.0,"max_hp_gain":0.0,"max_hp_loss":0.0,"gold_gain":0.0,"event_name":"Liars Game","player_choice":"Ignored","floor":4.0,"gold_loss":0.0,"damage_taken":0.0},{"damage_healed":0.0,"max_hp_gain":0.0,"max_hp_loss":0.0,"gold_gain":0.0,"event_name":"Lab","player_choice":"Got Potions","floor":5.0,"gold_loss":0.0,"damage_taken":0.0},{"damage_healed":0,"gold_gain":0,"player_choice":"Shed Blood","damage_taken":23,"max_hp_gain":5,"max_hp_loss":0,"event_name":"Forgotten Altar","floor":19,"gold_loss":0},{"damage_healed":0,"gold_gain":50,"player_choice":"Touch","damage_taken":7,"max_hp_gain":0,"max_hp_loss":0,"event_name":"FaceTrader","floor":20,"gold_loss":0},{"damage_healed":0,"gold_gain":0,"player_choice":"Memory 3","damage_taken":10,"max_hp_gain":0,"max_hp_loss":0,"event_name":"SensoryStone","floor":36,"gold_loss":0},{"damage_healed":0,"gold_gain":0,"player_choice":"Gave Potion","damage_taken":0,"relics_obtained":["Bag of Preparation"],"max_hp_gain":0,"max_hp_loss":0,"event_name":"WeMeetAgain","floor":37,"gold_loss":0}],"is_beta":false,"boss_relics":[{"not_picked":["Black Star","Ectoplasm"],"picked":"Pandora\u0027s Box"},{"not_picked":["Calling Bell","Tiny House"],"picked":"WristBlade"}],"items_purged_floors":[8,10],"is_endless":false,"potions_floor_spawned":[6,13,14,18,24,29,35],"killed_by":"Jaw Worm Horde","ascension_level":20}}