{"host":"jwbw4f4imxd0v0b0","time":1611294919,"event":{"mods":["BaseMod","Colored Map","Highlight Path","Minty Spire (QoL Compilation)","Relic Stats","StSLib"],"gold_per_floor":[115,290,304,79,89,89,39,73,73,73,101,101,117,144,144,247,247,257,271,271,271,288,288,300,300,327,356,376,387,420,435,435,535,535,551,551,570,106,120,120,148,29,29,42,69,81,81,93,93,93,93,93,45,79,79],"floor_reached":56,"language":"ENG","playtime":3630,"items_purged":["Doubt","Strike_P"],"score":1394,"play_id":"50fd045c-04b0-4afe-acc6-2a304a572bb5","local_time":"20210121235519","is_ascension_mode":false,"campfire_choices":[{"data":"Conclude","floor":6.0,"key":"SMITH"},{"data":"Vault","floor":10.0,"key":"SMITH"},{"data":"Wallop","floor":15.0,"key":"SMITH"},{"data":"LikeWater","floor":23.0,"key":"SMITH"},{"data":"Vigilance","floor":25.0,"key":"SMITH"},{"floor":32.0,"key":"REST"},{"data":"Scrawl","floor":40.0,"key":"SMITH"},{"floor":47.0,"key":"REST"},{"floor":49.0,"key":"RECALL"},{"data":"Omniscience","floor":52.0,"key":"SMITH"}],"circlet_count":0,"master_deck":["Strike_P","Defend_P","Defend_P","Defend_P","Defend_P","Eruption","Vigilance+1","Conclude+1","Halt","CrushJoints","MentalFortress","JustLucky","Weave","Vault+1","Wallop+1","CutThroughFate","LikeWater+1","DevaForm","Consecrate+1","Fasting2+1","FlurryOfBlows+1","Necronomicurse","Sanctity","FlurryOfBlows+1","Weave+1","Omniscience+1","Protect+1","FearNoEvil+1","Tantrum+1","Scrawl+1","Fasting2+1","Evaluate+1","Wallop+1","InnerPeace","Wireheading","Tantrum+1","FlurryOfBlows+1","Protect+1","TalkToTheHand+1","FlurryOfBlows+1","TalkToTheHand+1"],"relics":["PureWater","Dead Branch","Question Card","PreservedInsect","Molten Egg 2","Philosopher\u0027s Stone","Necronomicon","Torii","Blue Candle","SacredBark","Calipers","GoldenEye","Meat on the Bone","Akabeko","Orichalcum"],"acts_visited":["Exordium","TheCity","TheBeyond","TheEnding"],"potions_floor_usage":[55],"damage_taken":[{"damage":0.0,"enemies":"2 Louse","floor":1.0,"turns":3.0},{"damage":0.0,"enemies":"Jaw Worm","floor":3.0,"turns":2.0},{"damage":2.0,"enemies":"Small Slimes","floor":5.0,"turns":3.0},{"damage":23.0,"enemies":"Lagavulin","floor":8.0,"turns":7.0},{"damage":17.0,"enemies":"3 Sentries","floor":11.0,"turns":5.0},{"damage":0.0,"enemies":"Red Slaver","floor":13.0,"turns":1.0},{"damage":2.0,"enemies":"Lagavulin","floor":14.0,"turns":6.0},{"damage":0.0,"enemies":"Slime Boss","floor":16.0,"turns":4.0},{"damage":0.0,"enemies":"Shell Parasite","floor":18.0,"turns":6.0},{"damage":0.0,"enemies":"3 Byrds","floor":19.0,"turns":2.0},{"damage":4.0,"enemies":"Sentry and Sphere","floor":22.0,"turns":3.0},{"damage":0.0,"enemies":"Cultist and Chosen","floor":24.0,"turns":4.0},{"damage":3.0,"enemies":"Slavers","floor":27.0,"turns":3.0},{"damage":23.0,"enemies":"Snake Plant","floor":28.0,"turns":4.0},{"damage":13.0,"enemies":"Shelled Parasite and Fungi","floor":29.0,"turns":3.0},{"damage":0.0,"enemies":"Book of Stabbing","floor":30.0,"turns":2.0},{"damage":0.0,"enemies":"3 Cultists","floor":31.0,"turns":5.0},{"damage":44.0,"enemies":"Collector","floor":33.0,"turns":6.0},{"damage":1.0,"enemies":"Orb Walker","floor":35.0,"turns":3.0},{"damage":7.0,"enemies":"3 Darklings","floor":37.0,"turns":3.0},{"damage":11.0,"enemies":"Sphere and 2 Shapes","floor":39.0,"turns":4.0},{"damage":7.0,"enemies":"Reptomancer","floor":41.0,"turns":3.0},{"damage":0.0,"enemies":"4 Shapes","floor":44.0,"turns":2.0},{"damage":0.0,"enemies":"Giant Head","floor":45.0,"turns":3.0},{"damage":0.0,"enemies":"Transient","floor":46.0,"turns":6.0},{"damage":0.0,"enemies":"Spire Growth","floor":48.0,"turns":4.0},{"damage":67.0,"enemies":"Awakened One","floor":50.0,"turns":10.0},{"damage":0.0,"enemies":"Shield and Spear","floor":54.0,"turns":2.0},{"damage":14,"enemies":"The Heart","floor":55,"turns":8}],"seed_played":"-7022909123663896268","potions_obtained":[{"floor":1.0,"key":"FearPotion"},{"floor":8.0,"key":"SpeedPotion"},{"floor":14.0,"key":"BlessingOfTheForge"},{"floor":16.0,"key":"SteroidPotion"},{"floor":19.0,"key":"Regen Potion"},{"floor":22.0,"key":"Swift Potion"},{"floor":35.0,"key":"Energy Potion"},{"floor":44.0,"key":"Strength Potion"},{"floor":45.0,"key":"Fire Potion"}],"is_trial":false,"path_per_floor":["M","?","M","$","M","R","?","E","T","R","E","?","M","E","R","B",null,"M","M","?","?","M","R","M","R","T","E","M","M","E","M","R","B",null,"M","?","M","$","M","R","E","$","T","M","E","M","R","M","R","B",null,"R","$","E","B",null],"character_chosen":"WATCHER","items_purchased":["CrushJoints","MentalFortress","JustLucky","Wallop+1","Calipers","Tantrum+1","FlurryOfBlows+1","SteroidPotion"],"campfire_rested":2,"item_purchase_floors":[4,4,4,38,38,42,42,53],"current_hp_per_floor":[79,79,79,79,77,77,77,54,54,54,37,37,37,35,35,35,79,79,79,79,63,59,59,59,59,59,56,33,29,29,29,52,8,79,78,78,71,71,60,60,53,53,53,53,53,53,76,76,76,21,79,79,79,79,65],"gold":79,"neow_bonus":"TEN_PERCENT_HP_BONUS","is_daily":false,"chose_seed":false,"campfire_upgraded":7,"win_rate":0.0,"timestamp":1611294919,"path_taken":["M","?","M","$","M","R","?","E","T","R","E","?","M","E","R","BOSS","M","M","?","?","M","R","M","R","T","E","M","M","E","M","R","BOSS","M","?","M","$","M","R","E","$","T","M","E","?","R","M","R","BOSS","R","$","E","BOSS"],"items_purchased_type":["Card","Card","Card","Card","Relic","Card","Card","Potion"],"build_version":"2020-12-22","purchased_purges":2,"victory":true,"max_hp_per_floor":[79,79,79,79,79,79,79,79,79,79,79,79,79,79,79,79,79,79,79,79,79,79,79,79,79,79,79,79,79,79,79,79,79,79,79,79,79,79,79,79,79,79,79,79,79,79,79,79,79,79,79,79,79,79,79],"relic_stats":{"Torii":36,"counters":[29,117],"Dead Branch":[50],"Blue Candle":[0],"PreservedInsect":362,"Necronomicon":[35],"Orichalcum":[0],"Question Card":23,"GoldenEye":[34],"obtain_stats":[{"Calipers":38,"Torii":27,"Dead Branch":8,"Blue Candle":30,"SacredBark":34,"PreservedInsect":11,"Orichalcum":54,"Question Card":9,"GoldenEye":41,"Akabeko":45,"Molten Egg 2":14,"Philosopher\u0027s Stone":17,"Necronomicon":21,"PureWater":0,"Meat on the Bone":43},{"Calipers":20,"Torii":13,"Dead Branch":4,"Blue Candle":16,"SacredBark":18,"PreservedInsect":5,"Orichalcum":28,"Question Card":4,"GoldenEye":22,"Akabeko":24,"Molten Egg 2":7,"Philosopher\u0027s Stone":8,"Necronomicon":10,"PureWater":0,"Meat on the Bone":22},{"Calipers":75,"Torii":49,"Dead Branch":15,"Blue Candle":58,"SacredBark":69,"PreservedInsect":20,"Orichalcum":109,"Question Card":15,"GoldenEye":82,"Akabeko":87,"Molten Egg 2":27,"Philosopher\u0027s Stone":31,"Necronomicon":39,"PureWater":0,"Meat on the Bone":82}],"Meat on the Bone":12},"card_choices":[{"not_picked":["EmptyMind","Crescendo"],"picked":"Conclude","floor":1.0},{"not_picked":["Pray","DeceiveReality"],"picked":"Halt","floor":3.0},{"not_picked":["Pray","FlyingSleeves"],"picked":"Weave","floor":5.0},{"not_picked":["CutThroughFate","Worship"],"picked":"Vault","floor":8.0},{"not_picked":["EmptyFist","Prostrate","ForeignInfluence"],"picked":"Wallop","floor":11.0},{"not_picked":["ThirdEye","Pray","FlyingSleeves"],"picked":"CutThroughFate","floor":13.0},{"not_picked":["LessonLearned+1","ThirdEye","Meditate"],"picked":"LikeWater","floor":14.0},{"not_picked":["Blasphemy","Brilliance+1","Omniscience"],"picked":"DevaForm","floor":16.0},{"not_picked":["Crescendo+1","JustLucky+1","Worship"],"picked":"Consecrate+1","floor":18.0},{"not_picked":["EmptyBody","Weave+1","Scrawl"],"picked":"Fasting2+1","floor":19.0},{"not_picked":["Evaluate","PathToVictory+1","Consecrate+1"],"picked":"Sanctity","floor":22.0},{"not_picked":["ThirdEye+1","Nirvana","EmptyFist+1"],"picked":"FlurryOfBlows+1","floor":24.0},{"not_picked":["Conclude+1","JustLucky+1","MentalFortress+1"],"picked":"Weave+1","floor":27.0},{"not_picked":["Prostrate","Wallop+1","Evaluate"],"picked":"Omniscience","floor":28.0},{"not_picked":["SashWhip+1","Crescendo","LikeWater+1"],"picked":"Protect+1","floor":29.0},{"not_picked":["BattleHymn+1","Vengeance","SpiritShield"],"picked":"FearNoEvil+1","floor":30.0},{"not_picked":["FlurryOfBlows+1","InnerPeace+1","CutThroughFate+1"],"picked":"Tantrum+1","floor":31.0},{"not_picked":["Establishment","Blasphemy","DeusExMachina"],"picked":"Scrawl","floor":33.0},{"not_picked":["LikeWater+1","JustLucky+1","CutThroughFate+1"],"picked":"Fasting2","floor":35.0},{"not_picked":["FollowUp+1","Indignation","BowlingBash+1"],"picked":"Evaluate+1","floor":37.0},{"not_picked":["CrushJoints+1","Indignation","FollowUp+1"],"picked":"InnerPeace","floor":39.0},{"not_picked":["EmptyBody","Sanctity+1","CrushJoints+1"],"picked":"Wireheading","floor":41.0},{"not_picked":["ClearTheMind+1","CarveReality+1","Evaluate"],"picked":"Protect+1","floor":44.0},{"not_picked":["DevaForm","Vengeance+1","FollowUp+1","EmptyFist+1"],"picked":"SKIP","floor":45.0},{"not_picked":["Protect+1","LikeWater+1","Perseverance"],"picked":"TalkToTheHand+1","floor":46.0},{"not_picked":["Sanctity+1","ReachHeaven+1","EmptyBody"],"picked":"FlurryOfBlows+1","floor":48.0},{"not_picked":["FollowUp+1","EmptyFist+1","Protect"],"picked":"TalkToTheHand+1","floor":54.0}],"player_experience":1127681,"relics_obtained":[{"floor":8.0,"key":"Dead Branch"},{"floor":9.0,"key":"Question Card"},{"floor":11.0,"key":"PreservedInsect"},{"floor":14.0,"key":"Molten Egg 2"},{"floor":21.0,"key":"Necronomicon"},{"floor":27.0,"key":"Torii"},{"floor":30.0,"key":"Blue Candle"},{"floor":41.0,"key":"GoldenEye"},{"floor":43.0,"key":"Meat on the Bone"},{"floor":45.0,"key":"Akabeko"},{"floor":54.0,"key":"Orichalcum"}],"event_choices":[{"damage_healed":0.0,"max_hp_gain":0.0,"max_hp_loss":0.0,"gold_gain":175.0,"event_name":"Liars Game","player_choice":"AGREE","floor":2.0,"gold_loss":0.0,"damage_taken":0.0,"cards_obtained":["Doubt"]},{"cards_removed":["Strike_P"],"damage_healed":0.0,"max_hp_gain":0.0,"max_hp_loss":0.0,"gold_gain":0.0,"event_name":"The Cleric","player_choice":"Card Removal","floor":7.0,"gold_loss":50.0,"damage_taken":0.0},{"cards_removed":["Strike_P"],"damage_healed":0.0,"max_hp_gain":0.0,"max_hp_loss":0.0,"gold_gain":0.0,"event_name":"Purifier","player_choice":"Purged","floor":12.0,"gold_loss":0.0,"damage_taken":0.0},{"damage_healed":0.0,"max_hp_gain":0.0,"max_hp_loss":0.0,"gold_gain":0.0,"event_name":"The Library","player_choice":"Read","floor":20.0,"gold_loss":0.0,"damage_taken":0.0,"cards_obtained":["FlurryOfBlows"]},{"damage_healed":0.0,"max_hp_gain":0.0,"max_hp_loss":0.0,"gold_gain":0.0,"event_name":"Cursed Tome","player_choice":"Obtained Book","floor":21.0,"gold_loss":0.0,"damage_taken":16.0},{"damage_healed":0.0,"max_hp_gain":0.0,"max_hp_loss":0.0,"gold_gain":0.0,"event_name":"Upgrade Shrine","player_choice":"Upgraded","floor":36.0,"gold_loss":0.0,"damage_taken":0.0,"cards_upgraded":["Fasting2"]}],"is_beta":false,"boss_relics":[{"not_picked":["Fusion Hammer","Astrolabe"],"picked":"Philosopher\u0027s Stone"},{"not_picked":["HolyWater","Sozu"],"picked":"SacredBark"}],"items_purged_floors":[4,38],"is_endless":false,"potions_floor_spawned":[1,8,14,16,18,19,22,35,44,45],"ascension_level":0}}