{"host":"ao4lxi9bhtts409i","time":1611343916,"event":{"mods":["AchievementEnabler","BaseMod","Colored Map","Colored Powertips","Minty Spire (QoL Compilation)","SuperFastMode"],"gold_per_floor":[112,88,88,88,100,100,135,135,135,135,170,170,170,190,190,288,288,332,332,347,386,386,386,411,411,437,537,537,556,185,196,196,293,293,334,50,98,0,0,34,34,78,105,132,148,148,175,225,225,225,225,225,7,40,40,40],"floor_reached":55,"language":"ENG","playtime":4251,"items_purged":["Strike_P","Strike_P"],"score":956,"play_id":"df85d01f-8269-4cba-bb8a-27d76a0d925a","local_time":"20210122203156","is_ascension_mode":true,"campfire_choices":[{"data":"CrushJoints","floor":6,"key":"SMITH"},{"data":"FlyingSleeves","floor":8,"key":"SMITH"},{"data":"Vigilance","floor":10,"key":"SMITH"},{"data":"TalkToTheHand","floor":12,"key":"SMITH"},{"data":"LikeWater","floor":15,"key":"SMITH"},{"data":"Wish","floor":23,"key":"SMITH"},{"data":"Perseverance","floor":25,"key":"SMITH"},{"data":"Meditate","floor":28,"key":"SMITH"},{"data":"Eruption","floor":32,"key":"SMITH"},{"floor":41,"key":"REST"},{"data":"1","floor":46,"key":"LIFT"},{"floor":49,"key":"RECALL"},{"data":"2","floor":52,"key":"LIFT"}],"circlet_count":0,"master_deck":["Strike_P","Defend_P+1","Defend_P+1","Defend_P","Defend_P+1","Eruption+1","Vigilance+1","CrushJoints+1","ClearTheMind","LikeWater+1","FlyingSleeves+1","TalkToTheHand+1","Evaluate","Wish+1","Meditate+1","Judgement+1","Perseverance+1","CrushJoints+1","Ghostly","Ghostly+1","Ghostly+1","Ghostly","Ghostly","DeceiveReality","LessonLearned","BowlingBash+1","Omniscience","PathToVictory","FearNoEvil","Establishment+1","ThirdEye+1","SashWhip+1"],"relics":["PureWater","NeowsBlessing","Mercury Hourglass","Calipers","Pocketwatch","Sundial","Velvet Choker","Tiny Chest","Blood Vial","Strawberry","Lee\u0027s Waffle","SlaversCollar","Membership Card","Regal Pillow","Red Mask","Girya","Letter Opener","Dream Catcher","Kunai","Orichalcum"],"acts_visited":["Exordium","TheCity","TheBeyond","TheEnding"],"potions_floor_usage":[16,16,16,18,33,33,37,37,42,50,50,54,55,55],"damage_taken":[{"damage":0,"enemies":"Jaw Worm","floor":1,"turns":1},{"damage":0,"enemies":"2 Louse","floor":5,"turns":1},{"damage":0,"enemies":"Lagavulin","floor":7,"turns":1},{"damage":14,"enemies":"3 Sentries","floor":11,"turns":6},{"damage":0,"enemies":"Small Slimes","floor":14,"turns":2},{"damage":0,"enemies":"The Guardian","floor":16,"turns":7},{"damage":7,"enemies":"3 Byrds","floor":18,"turns":5},{"damage":8,"enemies":"2 Thieves","floor":20,"turns":3},{"damage":12,"enemies":"Snecko","floor":21,"turns":4},{"damage":2,"enemies":"Book of Stabbing","floor":24,"turns":6},{"damage":0,"enemies":"Shelled Parasite and Fungi","floor":29,"turns":6},{"damage":2,"enemies":"Centurion and Healer","floor":31,"turns":4},{"damage":19,"enemies":"Collector","floor":33,"turns":12},{"damage":16,"enemies":"3 Shapes","floor":35,"turns":3},{"damage":3,"enemies":"3 Darklings","floor":37,"turns":4},{"damage":3,"enemies":"Reptomancer","floor":40,"turns":9},{"damage":1,"enemies":"Transient","floor":42,"turns":5},{"damage":5,"enemies":"Giant Head","floor":44,"turns":9},{"damage":6,"enemies":"4 Shapes","floor":45,"turns":7},{"damage":8,"enemies":"Spire Growth","floor":48,"turns":7},{"damage":13,"enemies":"Awakened One","floor":50,"turns":23},{"damage":4,"enemies":"Shield and Spear","floor":54,"turns":14},{"damage":51,"enemies":"The Heart","floor":55,"turns":9}],"seed_played":"7773017815876548657","potions_obtained":[{"floor":5,"key":"Strength Potion"},{"floor":7,"key":"Energy Potion"},{"floor":11,"key":"SkillPotion"},{"floor":16,"key":"StancePotion"},{"floor":18,"key":"GamblersBrew"},{"floor":21,"key":"Energy Potion"},{"floor":29,"key":"GamblersBrew"},{"floor":35,"key":"Ambrosia"},{"floor":40,"key":"DuplicationPotion"},{"floor":45,"key":"SpeedPotion"},{"floor":48,"key":"Explosive Potion"}],"is_trial":false,"path_per_floor":["M","$","?","?","M","R","E","R","T","R","E","R","?","M","R","B",null,"M","?","M","M","?","R","E","R","T","?","R","M","$","M","R","B",null,"M","$","M","?","$","E","R","M","T","E","M","R","T","M","R","B",null,"R","$","E","B"],"character_chosen":"WATCHER","items_purchased":["ClearTheMind","Strawberry","Lee\u0027s Waffle","Membership Card","Regal Pillow","Kunai","SteroidPotion","BlessingOfTheForge","StancePotion"],"campfire_rested":1,"item_purchase_floors":[2,30,30,36,36,53,53,53,53],"current_hp_per_floor":[72,72,58,63,63,63,63,63,63,63,49,49,42,42,42,42,77,70,70,62,50,38,38,36,36,36,36,36,38,52,50,50,33,52,36,36,35,35,35,34,52,51,51,47,43,43,43,37,37,26,52,52,52,48,0,0],"gold":40,"neow_bonus":"THREE_ENEMY_KILL","is_daily":false,"chose_seed":false,"campfire_upgraded":9,"win_rate":0.0,"timestamp":1611343916,"path_taken":["M","$","?","?","M","R","E","R","T","R","E","R","?","M","R","BOSS","M","?","?","M","?","R","E","R","T","?","R","M","$","M","R","BOSS","M","$","?","?","$","E","R","M","T","E","M","R","?","M","R","BOSS","R","$","E","BOSS"],"items_purchased_type":["Card","Relic","Relic","Relic","Relic","Relic","Potion","Potion","Potion"],"build_version":"2020-12-22","purchased_purges":2,"victory":false,"max_hp_per_floor":[72,72,72,77,77,77,77,77,77,77,77,77,77,77,77,77,77,77,77,77,77,38,38,38,38,38,38,38,38,52,52,52,52,52,52,52,52,52,52,52,52,52,52,52,52,52,52,52,52,52,52,52,52,52,52,52],"card_choices":[{"not_picked":["Vengeance","Protect"],"picked":"CrushJoints","floor":1},{"not_picked":["InnerPeace","ReachHeaven"],"picked":"LikeWater","floor":5},{"not_picked":["ThirdEye","FollowUp"],"picked":"FlyingSleeves","floor":7},{"not_picked":["JustLucky","SashWhip"],"picked":"TalkToTheHand","floor":11},{"not_picked":["CutThroughFate","FlurryOfBlows"],"picked":"Evaluate","floor":14},{"not_picked":["Omniscience","Blasphemy"],"picked":"Wish","floor":16},{"not_picked":["Worship","EmptyBody"],"picked":"Meditate","floor":18},{"not_picked":["FollowUp","Tantrum"],"picked":"Perseverance","floor":20},{"not_picked":["Evaluate","EmptyMind"],"picked":"CrushJoints+1","floor":21},{"not_picked":["Weave","Evaluate+1"],"picked":"DeceiveReality","floor":24},{"not_picked":["ThirdEye","FlyingSleeves"],"picked":"LessonLearned","floor":29},{"not_picked":["Wireheading","MentalFortress"],"picked":"BowlingBash+1","floor":31},{"not_picked":["Brilliance","SpiritShield"],"picked":"Omniscience","floor":33},{"not_picked":["Evaluate+1","EmptyBody"],"picked":"PathToVictory","floor":35},{"not_picked":["JustLucky+1","ForeignInfluence","FlyingSleeves+1"],"picked":"SKIP","floor":37},{"not_picked":["Meditate","Prostrate+1","EmptyBody+1"],"picked":"SKIP","floor":40},{"not_picked":["EmptyFist","Meditate+1","Crescendo+1"],"picked":"SKIP","floor":42},{"not_picked":["SashWhip","Halt"],"picked":"FearNoEvil","floor":44},{"not_picked":["Indignation","FlurryOfBlows+1"],"picked":"Establishment","floor":45},{"not_picked":["BowlingBash","CutThroughFate"],"picked":"ThirdEye+1","floor":48},{"not_picked":["Vengeance","ClearTheMind+1"],"picked":"SashWhip+1","floor":54}],"player_experience":240734,"relics_obtained":[{"floor":7,"key":"Mercury Hourglass"},{"floor":9,"key":"Calipers"},{"floor":11,"key":"Pocketwatch"},{"floor":24,"key":"Tiny Chest"},{"floor":26,"key":"Blood Vial"},{"floor":40,"key":"Girya"},{"floor":44,"key":"Letter Opener"},{"floor":47,"key":"Dream Catcher"},{"floor":54,"key":"Orichalcum"}],"event_choices":[{"damage_healed":0,"gold_gain":0,"player_choice":"Entered Light","damage_taken":14,"max_hp_gain":0,"max_hp_loss":0,"event_name":"Shining Light","floor":3,"gold_loss":0,"cards_upgraded":["Defend_P","Defend_P"]},{"damage_healed":0,"gold_gain":0,"player_choice":"Donut","damage_taken":0,"max_hp_gain":5,"max_hp_loss":0,"event_name":"Big Fish","floor":4,"gold_loss":0},{"damage_healed":0,"gold_gain":0,"player_choice":"Success","damage_taken":7,"relics_obtained":["Sundial"],"max_hp_gain":0,"max_hp_loss":0,"event_name":"Scrap Ooze","floor":13,"gold_loss":0},{"damage_healed":0,"gold_gain":0,"cards_transformed":["Strike_P"],"player_choice":"Transformed","damage_taken":0,"max_hp_gain":0,"max_hp_loss":0,"event_name":"Transmorgrifier","floor":19,"gold_loss":0,"cards_obtained":["Judgement"]},{"damage_healed":0,"gold_gain":0,"player_choice":"Became a Ghost","damage_taken":0,"max_hp_gain":0,"max_hp_loss":39,"event_name":"Ghosts","floor":22,"gold_loss":0,"cards_obtained":["Ghostly","Ghostly","Ghostly","Ghostly","Ghostly"]},{"damage_healed":0,"gold_gain":100,"player_choice":"Pray","damage_taken":0,"max_hp_gain":0,"max_hp_loss":0,"event_name":"Golden Shrine","floor":27,"gold_loss":0},{"damage_healed":0,"gold_gain":0,"player_choice":"Paid","damage_taken":0,"relics_obtained":["Red Mask"],"max_hp_gain":0,"max_hp_loss":0,"event_name":"Tomb of Lord Red Mask","floor":38,"gold_loss":98}],"is_beta":false,"boss_relics":[{"not_picked":["Snecko Eye","Coffee Dripper"],"picked":"Velvet Choker"},{"not_picked":["Calling Bell","Pandora\u0027s Box"],"picked":"SlaversCollar"}],"items_purged_floors":[30,36],"is_endless":false,"potions_floor_spawned":[5,7,11,16,18,21,29,35,40,45,48],"killed_by":"The Heart","ascension_level":4}}