{"host":"mdbnki27vzqujy5q","time":1611297898,"event":{"mods":["BaseMod","Better Note","Better Skull","Colored Map","Colored Powertips","DeckTracker","Highlight Path","Minty Spire (QoL Compilation)","Quick Restart","Rare Cards Sparkle","StSLib"],"gold_per_floor":[111,111,286,302,317,349,349,363,363,400,421,37,2,2,2,115,115,144,244,253,244,244,244,244],"floor_reached":23,"language":"ENG","playtime":1114,"items_purged":["Normality"],"score":229,"play_id":"3f0ddfd6-9cc1-456b-a2ec-e21924de567b","local_time":"20210121224458","is_ascension_mode":true,"campfire_choices":[{"floor":7.0,"key":"REST"},{"floor":15.0,"key":"REST"}],"circlet_count":0,"master_deck":["Strike_G","Strike_G","Strike_G","Strike_G","Defend_G","Defend_G","Defend_G","Defend_G","Survivor","Neutralize","Sucker Punch","Skewer","Choke","Dash","Footwork","Accuracy","Cloak And Dagger","Burst","Riddle With Holes","Underhanded Strike","Prepared+1"],"relics":["Cursed Key","Incense Burner","Turnip","TungstenRod","CeramicFish","OrangePellets","MealTicket","Empty Cage","Nilry\u0027s Codex"],"acts_visited":["Exordium","TheCity"],"potions_floor_usage":[23],"damage_taken":[{"damage":1.0,"enemies":"Small Slimes","floor":1.0,"turns":4.0},{"damage":3.0,"enemies":"2 Louse","floor":4.0,"turns":3.0},{"damage":0.0,"enemies":"Jaw Worm","floor":5.0,"turns":3.0},{"damage":25.0,"enemies":"Lagavulin","floor":6.0,"turns":7.0},{"damage":9.0,"enemies":"3 Louse","floor":8.0,"turns":4.0},{"damage":9.0,"enemies":"3 Sentries","floor":10.0,"turns":10.0},{"damage":9.0,"enemies":"2 Fungi Beasts","floor":11.0,"turns":3.0},{"damage":20.0,"enemies":"Hexaghost","floor":16.0,"turns":14.0},{"damage":0.0,"enemies":"3 Byrds","floor":18.0,"turns":4.0},{"damage":22.0,"enemies":"2 Thieves","floor":21.0,"turns":4.0},{"damage":48,"enemies":"Slavers","floor":23,"turns":5}],"seed_played":"2984880052707240623","potions_obtained":[{"floor":1.0,"key":"SteroidPotion"},{"floor":10.0,"key":"Explosive Potion"},{"floor":16.0,"key":"Explosive Potion"},{"floor":18.0,"key":"Block Potion"}],"is_trial":false,"path_per_floor":["M","?","?","M","M","E","R","M","T","E","M","$","?","?","R","B",null,"M","?","?","M","?","E"],"character_chosen":"THE_SILENT","items_purchased":["OrangePellets","MealTicket"],"campfire_rested":2,"item_purchase_floors":[12,12],"current_hp_per_floor":[69,36,36,33,33,8,29,20,20,11,2,2,19,19,40,20,70,70,70,70,48,36,0,0],"gold":244,"neow_bonus":"BOSS_RELIC","is_daily":false,"chose_seed":false,"campfire_upgraded":0,"win_rate":0.0,"timestamp":1611297898,"path_taken":["M","?","?","M","M","E","R","M","T","E","?","$","?","?","R","BOSS","M","?","?","M","?","E"],"items_purchased_type":["Relic","Relic"],"build_version":"2020-12-22","purchased_purges":1,"victory":false,"max_hp_per_floor":[70,70,70,70,70,70,70,70,70,70,70,70,70,70,70,70,70,70,70,70,70,70,70,70],"card_choices":[{"not_picked":["Deadly Poison","Prepared"],"picked":"Sucker Punch","floor":1.0},{"not_picked":["Concentrate","Poisoned Stab"],"picked":"Skewer","floor":4.0},{"not_picked":["Caltrops","Riddle With Holes"],"picked":"Choke","floor":5.0},{"not_picked":["Dagger Spray","Flechettes"],"picked":"Dash","floor":6.0},{"not_picked":["Outmaneuver","Dagger Throw"],"picked":"Footwork","floor":8.0},{"not_picked":["Doppelganger","Dash"],"picked":"Accuracy","floor":10.0},{"not_picked":["Dodge and Roll","PiercingWail"],"picked":"Cloak And Dagger","floor":11.0},{"not_picked":["Unload","Glass Knife"],"picked":"Burst","floor":16.0},{"not_picked":["Masterful Stab+1","PiercingWail"],"picked":"Riddle With Holes","floor":18.0},{"not_picked":["Poisoned Stab+1","Masterful Stab"],"picked":"Prepared+1","floor":21.0}],"player_experience":106520,"relics_obtained":[{"floor":6.0,"key":"Turnip"},{"floor":9.0,"key":"TungstenRod"},{"floor":10.0,"key":"CeramicFish"},{"floor":22,"key":"Nilry\u0027s Codex"}],"event_choices":[{"damage_healed":0.0,"max_hp_gain":0.0,"max_hp_loss":0.0,"gold_gain":0.0,"event_name":"Scrap Ooze","player_choice":"Success","floor":2.0,"gold_loss":0.0,"damage_taken":33.0,"relics_obtained":["Incense Burner"]},{"damage_healed":0.0,"max_hp_gain":0.0,"max_hp_loss":0.0,"gold_gain":175.0,"event_name":"Liars Game","player_choice":"AGREE","floor":3.0,"gold_loss":0.0,"damage_taken":0.0,"cards_obtained":["Doubt"]},{"damage_healed":17.0,"max_hp_gain":0.0,"max_hp_loss":0.0,"gold_gain":0.0,"event_name":"The Cleric","player_choice":"Healed","floor":13.0,"gold_loss":35.0,"damage_taken":0.0},{"cards_removed":["Doubt"],"damage_healed":0.0,"max_hp_gain":0.0,"max_hp_loss":0.0,"gold_gain":0.0,"event_name":"Purifier","player_choice":"Purged","floor":14.0,"gold_loss":0.0,"damage_taken":0.0},{"damage_healed":0.0,"max_hp_gain":0.0,"max_hp_loss":0.0,"gold_gain":100.0,"event_name":"Golden Shrine","player_choice":"Pray","floor":19.0,"gold_loss":0.0,"damage_taken":0.0},{"cards_removed":["Burst"],"damage_healed":0.0,"max_hp_gain":0.0,"max_hp_loss":0.0,"gold_gain":0.0,"event_name":"betterNote:BetterNote","player_choice":"Take \u0026 Give","floor":20.0,"gold_loss":0.0,"damage_taken":0.0,"cards_obtained":["Underhanded Strike"]},{"damage_healed":0,"gold_gain":0,"player_choice":"Obtained Book","damage_taken":16,"max_hp_gain":0,"max_hp_loss":0,"event_name":"Cursed Tome","floor":22,"gold_loss":0}],"is_beta":false,"boss_relics":[{"not_picked":["Velvet Choker","Fusion Hammer"],"picked":"Empty Cage"}],"items_purged_floors":[12],"is_endless":false,"potions_floor_spawned":[1,10,16,18],"killed_by":"Slavers","ascension_level":3}}