{"host":"w8xisjf5mgmfjvmt","time":1611311599,"event":{"mods":["BaseMod","BetterRewards","Challenge The Spire","Conspire","Dota2Spire","Energized Spire","Filter the Spire","Minty Spire (QoL Compilation)","Quarter Circle Forward PUNCH!","Quick Restart","Relic Stats","Replay The Spire","Shop Mod","Spicy Shops","StSLib","Starting Relic: Pandora\u0027s Box","¡¾ÒÅÎï¿¨ÅÆ¡¿REMEMod","óô»ðÖ¸ÄÏ"],"gold_per_floor":[147,189,236,250,250,250,309,309,309,335,347,422,434,460,75,196,208,231,10,60,108,155,219,238,302,302,227,227,271,326,326,50,161,161,187,187,242,80,132,180,180,256,256,278,278,301,30,85,85,91,127,127,127,27,70,126],"floor_reached":57,"language":"ZHS","playtime":4690,"items_purged":["Rebound","Rebound","Dualcast"],"score":2993,"play_id":"bdb0fb3a-4ed0-4aec-86be-ca0b681b73e5","local_time":"20210122183319","is_ascension_mode":true,"campfire_choices":[{"floor":6.0,"key":"REST"},{"floor":11.0,"key":"REST"},{"floor":13.0,"key":"REST"},{"floor":28.0,"key":"REST"},{"data":"Aggregate","floor":45,"key":"SMITH"},{"floor":49,"key":"RECALL"},{"data":"Panic Button","floor":53,"key":"SMITH"}],"circlet_count":0,"master_deck":["AscendersBane","Zap+1","Time Bomb+1","Panic Button+1","Hologram+1","White Noise+1","Leap","CurseOfTheBell","Juggernaut+1","Cold Snap","Aggregate+1","Compile Driver","Sweeping Beam","Cold Snap","Conserve Battery","Electrodynamics+1","Defragment+1","Creative AI+1","Coolheaded+1","Conserve Battery+1","Turbo+1","Defragment+1","Biased Cognition+1","ReplayTheSpireMod:System Scan+1","Machine Learning+1","Skim+1","Fission+1","Coolheaded+1","BasicCrystalCard+1","Recycle+1","Skim+1"],"relics":["REME_ComplimentaryCards","Dota2Spire:HandOfMidas","Toxic Egg 2","Frozen Egg 2","conspire:RunicOctahedron","MerchantsRug","Mummified Hand","Replay:Bandana","qcfpunch:Red_Gi","Sundial","conspire:Dentures","Philosopher\u0027s Stone","Dota2Spire:ArcaneBoots","Replay:Mystery Machine","The Courier","Guide Book","Dota2Spire:AghanimScepter"],"acts_visited":["Exordium","TheCity","TheBeyond","TheEnding"],"potions_floor_usage":[33,56],"damage_taken":[{"damage":0.0,"enemies":"Small Slimes","floor":1.0,"turns":2.0},{"damage":14.0,"enemies":"2 Louse","floor":2.0,"turns":4.0},{"damage":17.0,"enemies":"Jaw Worm","floor":3.0,"turns":5.0},{"damage":11.0,"enemies":"2 Fungi Beasts","floor":4.0,"turns":4.0},{"damage":10.0,"enemies":"Gremlin Nob","floor":7.0,"turns":3.0},{"damage":0.0,"enemies":"Large Slime","floor":10.0,"turns":4.0},{"damage":8.0,"enemies":"3 Sentries","floor":12.0,"turns":4.0},{"damage":21.0,"enemies":"3 Louse","floor":14.0,"turns":2.0},{"damage":12.0,"enemies":"The Guardian","floor":16.0,"turns":6.0},{"damage":0.0,"enemies":"Spheric Guardian","floor":18.0,"turns":1.0},{"damage":11.0,"enemies":"Chosen","floor":21.0,"turns":5.0},{"damage":22.0,"enemies":"Centurion and Healer","floor":22.0,"turns":6.0},{"damage":5.0,"enemies":"Gremlin Leader","floor":23.0,"turns":5.0},{"damage":0.0,"enemies":"Snake Plant","floor":24.0,"turns":3.0},{"damage":17.0,"enemies":"Book of Stabbing","floor":25.0,"turns":5.0},{"damage":0.0,"enemies":"Slavers","floor":29.0,"turns":4.0},{"damage":2.0,"enemies":"Chosen and Byrds","floor":30.0,"turns":5.0},{"damage":0,"enemies":"Champ","floor":33,"turns":7},{"damage":3,"enemies":"Orb Walker","floor":35,"turns":3},{"damage":0,"enemies":"3 Darklings","floor":37,"turns":2},{"damage":0,"enemies":"Transient","floor":39,"turns":6},{"damage":0,"enemies":"Nemesis","floor":40,"turns":4},{"damage":0,"enemies":"Reptomancer","floor":42,"turns":3},{"damage":0,"enemies":"Jaw Worm Horde","floor":44,"turns":2},{"damage":0,"enemies":"Sphere and 2 Shapes","floor":46,"turns":1},{"damage":0,"enemies":"Spire Growth","floor":48,"turns":3},{"damage":15,"enemies":"Donu and Deca","floor":50,"turns":4},{"damage":1,"enemies":"Time Eater","floor":51,"turns":8},{"damage":3,"enemies":"Shield and Spear","floor":55,"turns":2},{"damage":30,"enemies":"The Heart","floor":56,"turns":4}],"seed_played":"-1762368258951632640","potions_obtained":[{"floor":1.0,"key":"CultistPotion"},{"floor":10.0,"key":"Fire Potion"},{"floor":12.0,"key":"PowerPotion"},{"floor":16.0,"key":"FearPotion"},{"floor":22.0,"key":"FearPotion"},{"floor":23.0,"key":"FocusPotion"},{"floor":30.0,"key":"Reflective Coating"},{"floor":33,"key":"Dota2Spire:Clarity"},{"floor":35,"key":"SmokeBomb"},{"floor":37,"key":"LiquidMemories"},{"floor":39,"key":"DuplicationPotion"}],"is_trial":false,"path_per_floor":["M","M","M","M","?","R","E","?","T","M","R","E","R","M","R","B",null,"M","$","?","M","M","E","M","E","T","?","R","E","M","?","R","B",null,"M","?","M","$","M","E","?","E","T","M","R","M","$","M","R","B","B",null,"R","$","E","B",null],"character_chosen":"DEFECT","items_purchased":["Frozen Egg 2","Defragment+1","MerchantsRug","Mummified Hand","conspire:Dentures","Dota2Spire:ArcaneBoots","Guide Book","BasicCrystalCard+1","Recycle+1"],"campfire_rested":4,"item_purchase_floors":[15,15,19,19,32,38,47,47,47],"current_hp_per_floor":[64,50,33,22,1,22,12,12,12,12,33,25,46,25,25,13,57,57,57,57,46,24,19,19,2,2,2,23,23,21,21,21,21,59,56,56,56,56,56,56,52,52,52,52,52,52,52,52,52,37,36,62,62,62,59,29],"gold":126,"neow_bonus":"BOSS_RELIC","is_daily":false,"chose_seed":false,"campfire_upgraded":2,"win_rate":0.0,"timestamp":1611311599,"path_taken":["M","M","M","M","?","R","E","?","T","M","R","E","R","M","R","BOSS","M","$","?","M","M","E","M","E","T","?","R","E","M","?","R","BOSS","M","?","M","$","M","E","?","E","T","M","R","?","$","M","R","BOSS","BOSS","R","$","E","BOSS"],"items_purchased_type":["Relic","Card","Relic","Relic","Relic","Relic","Relic","Card","Card"],"build_version":"2020-12-22","purchased_purges":3,"victory":true,"max_hp_per_floor":[71,71,71,71,71,71,71,71,71,71,71,71,71,71,71,71,71,71,71,71,71,71,71,71,71,71,71,71,71,71,71,71,71,71,71,71,71,71,71,71,71,71,71,71,71,71,71,71,71,71,71,71,71,71,71,71],"relic_stats":{"counters":[30,117],"Mummified Hand":[276],"Sundial":[22],"obtain_stats":[{"conspire:Dentures":32,"Dota2Spire:HandOfMidas":0,"MerchantsRug":19,"Guide Book":47,"conspire:RunicOctahedron":17,"The Courier":42,"Replay:Kaleidoscope":0,"War Paint":7,"Frozen Egg 2":15,"Replay:Mystery Machine":40,"MawBank":9,"Calling Bell":0,"Replay:Bandana":25,"Dota2Spire:AghanimScepter":55,"qcfpunch:Broken_Tusk":23,"Mummified Hand":19,"Sundial":29,"qcfpunch:Red_Gi":26,"Pandora\u0027s Box":0,"qcfpunch:Necklace_of_Skulls":0,"Philosopher\u0027s Stone":34,"Dota2Spire:ArcaneBoots":38,"Toxic Egg 2":12,"REME_ComplimentaryCards":0},{"conspire:Dentures":17,"Dota2Spire:HandOfMidas":0,"MerchantsRug":10,"Guide Book":25,"conspire:RunicOctahedron":9,"The Courier":23,"Replay:Kaleidoscope":0,"War Paint":5,"Frozen Egg 2":8,"Replay:Mystery Machine":22,"MawBank":5,"Calling Bell":0,"Replay:Bandana":15,"Dota2Spire:AghanimScepter":29,"qcfpunch:Broken_Tusk":13,"Mummified Hand":10,"Sundial":16,"qcfpunch:Red_Gi":15,"Pandora\u0027s Box":0,"qcfpunch:Necklace_of_Skulls":0,"Philosopher\u0027s Stone":18,"Dota2Spire:ArcaneBoots":20,"Toxic Egg 2":7,"REME_ComplimentaryCards":0},{"conspire:Dentures":68,"Dota2Spire:HandOfMidas":0,"MerchantsRug":35,"Guide Book":96,"conspire:RunicOctahedron":34,"The Courier":93,"Replay:Kaleidoscope":0,"War Paint":18,"Frozen Egg 2":28,"Replay:Mystery Machine":90,"MawBank":18,"Calling Bell":0,"Replay:Bandana":59,"Dota2Spire:AghanimScepter":113,"qcfpunch:Broken_Tusk":51,"Mummified Hand":35,"Sundial":63,"qcfpunch:Red_Gi":59,"Pandora\u0027s Box":0,"qcfpunch:Necklace_of_Skulls":0,"Philosopher\u0027s Stone":75,"Dota2Spire:ArcaneBoots":80,"Toxic Egg 2":26,"REME_ComplimentaryCards":0}]},"card_choices":[{"not_picked":["FTL","BasicCrystalCard"],"picked":"Cold Snap","floor":1.0},{"not_picked":["Fusion","Gash"],"picked":"Aggregate","floor":2.0},{"not_picked":["Leap","Hologram"],"picked":"Compile Driver","floor":3.0},{"not_picked":["Ball Lightning","Loop"],"picked":"Sweeping Beam","floor":4.0},{"not_picked":["Go for the Eyes","ReplayTheSpireMod:Reroute Power"],"picked":"Cold Snap","floor":7.0},{"not_picked":["Sweeping Beam","Gash"],"picked":"Conserve Battery","floor":10.0},{"not_picked":["Compile Driver","Hologram+1"],"picked":"Electrodynamics","floor":12.0},{"not_picked":["Leap+1","Tempest+1","ReplaySort+1"],"picked":"SKIP","floor":14.0},{"not_picked":["REME_ForAll","Multi-Cast+1"],"picked":"Creative AI+1","floor":16.0},{"not_picked":["Beam Cell","Go for the Eyes","Doom and Gloom"],"picked":"SKIP","floor":18.0},{"not_picked":["Doom and Gloom","Stack+1"],"picked":"Coolheaded+1","floor":21.0},{"not_picked":["Fusion+1","Ball Lightning","Beam Cell"],"picked":"Conserve Battery+1","floor":22.0},{"not_picked":["Loop+1","Gash+1","Reprogram+1"],"picked":"Turbo+1","floor":23.0},{"not_picked":["Barrage","BasicCrystalCard+1","Redo+1"],"picked":"Defragment+1","floor":24.0},{"not_picked":["Steam+1","Seek+1"],"picked":"Biased Cognition+1","floor":25.0},{"not_picked":["Stack+1","Turbo+1","ReplayTheSpireMod:System Scan+1"],"picked":"SKIP","floor":29.0},{"not_picked":["Stack+1","Turbo+1"],"picked":"ReplayTheSpireMod:System Scan+1","floor":29.0},{"not_picked":["Ball Lightning","Panic Button+1","Hologram+1"],"picked":"SKIP","floor":30.0},{"not_picked":["Creative AI+1","Multi-Cast+1"],"picked":"Machine Learning+1","floor":33},{"not_picked":["Compile Driver+1","Barrage"],"picked":"Skim+1","floor":35},{"not_picked":["Conserve Battery+1","Compile Driver","Sweeping Beam"],"picked":"SKIP","floor":37},{"not_picked":["REME_Whirling+1","Conserve Battery+1"],"picked":"Fission+1","floor":39},{"not_picked":["Conserve Battery+1","REME_DataAnalysis","Redo+1"],"picked":"SKIP","floor":40},{"not_picked":["Go for the Eyes","Melter","Sunder"],"picked":"SKIP","floor":42},{"not_picked":["Rip and Tear","FTL","Streamline+1"],"picked":"SKIP","floor":44},{"not_picked":["ReplayTheSpireMod:System Scan+1","Crystallizer+1"],"picked":"Coolheaded+1","floor":46},{"not_picked":["Streamline","Crystallizer+1","Leap+1"],"picked":"SKIP","floor":48},{"not_picked":["Compile Driver+1","Recycle+1"],"picked":"Skim+1","floor":55}],"player_experience":1211450,"relics_obtained":[{"floor":0.0,"key":"Dota2Spire:HandOfMidas"},{"floor":0.0,"key":"qcfpunch:Necklace_of_Skulls"},{"floor":0.0,"key":"Replay:Kaleidoscope"},{"floor":7.0,"key":"War Paint"},{"floor":9.0,"key":"MawBank"},{"floor":12.0,"key":"Toxic Egg 2"},{"floor":23.0,"key":"qcfpunch:Broken_Tusk"},{"floor":25.0,"key":"Replay:Bandana"},{"floor":26.0,"key":"qcfpunch:Red_Gi"},{"floor":29.0,"key":"Sundial"},{"floor":40,"key":"Replay:Mystery Machine"},{"floor":42,"key":"The Courier"},{"floor":55,"key":"Dota2Spire:AghanimScepter"}],"event_choices":[{"damage_healed":0.0,"max_hp_gain":0.0,"max_hp_loss":0.0,"gold_gain":0.0,"event_name":"Shining Light","player_choice":"Entered Light","floor":5.0,"gold_loss":0.0,"damage_taken":21.0,"cards_upgraded":["White Noise","Zap"]},{"damage_healed":0.0,"max_hp_gain":0.0,"max_hp_loss":0.0,"gold_gain":0.0,"event_name":"Liars Game","player_choice":"Ignored","floor":8.0,"gold_loss":0.0,"damage_taken":0.0},{"damage_healed":0.0,"max_hp_gain":0.0,"max_hp_loss":0.0,"gold_gain":50.0,"event_name":"Nest","player_choice":"Stole From Cult","floor":20.0,"gold_loss":0.0,"damage_taken":0.0},{"cards_removed":["ReplayTheSpireMod:Reroute Power"],"damage_healed":0.0,"max_hp_gain":0.0,"max_hp_loss":0.0,"gold_gain":0.0,"event_name":"Beggar","player_choice":"Gave Gold","floor":27.0,"gold_loss":75.0,"damage_taken":0.0},{"damage_healed":0,"gold_gain":0,"player_choice":"Ignored","damage_taken":0,"max_hp_gain":0,"max_hp_loss":0,"event_name":"Cursed Tome","floor":31,"gold_loss":0},{"damage_healed":0,"gold_gain":0,"player_choice":"Ignored","damage_taken":0,"max_hp_gain":0,"max_hp_loss":0,"event_name":"Tomb of Lord Red Mask","floor":36,"gold_loss":0},{"damage_healed":0,"gold_gain":0,"player_choice":"Bought 0 Potions","damage_taken":0,"max_hp_gain":0,"max_hp_loss":0,"event_name":"The Woman in Blue","floor":41,"gold_loss":0}],"is_beta":false,"boss_relics":[{"not_picked":["Honey Jar","Velvet Choker"],"picked":"conspire:RunicOctahedron"},{"not_picked":["conspire:SpecialSausage","Ring of Chaos"],"picked":"Philosopher\u0027s Stone"}],"items_purged_floors":[15,47,54],"is_endless":false,"potions_floor_spawned":[1,10,12,16,22,23,30,33,35,37,39,44,48],"ascension_level":20}}