{"host":"0fm1w3v00gid44jl","time":1611284341,"event":{"mods":["AchievementEnabler","BaseMod","Colored Map","Colored Powertips","Displayed Cursed Tome","Downfall","Googly Eyes","Highlight Path","Minty Spire (QoL Compilation)","Permanent Neow","Relic Stats","StSLib","SuperFastMode","slay the spire mod where everything is the same but ironclad has a cowboy hat"],"gold_per_floor":[99,112,112,112,125,142,224,249,249,262,281,281,299,318,331,431,431,431,431,444,459,474,211,211,211,211,111,121,135,160,174,188,292,292,192,192,192,242,260,160,160,175,175,208,220,220,220,245,257,257,257,257],"floor_reached":50,"language":"ENG","playtime":2428,"items_purged":[],"score":655,"play_id":"2ea4b109-42a3-407b-883c-157c3d8381c1","local_time":"20210121205901","is_ascension_mode":false,"campfire_choices":[{"data":"bronze:Goto","floor":1.0,"key":"SMITH"},{"data":"bronze:OilSpill","floor":9.0,"key":"SMITH"},{"data":"bronze:Shell","floor":12.0,"key":"SMITH"},{"data":"bronze:Library","floor":18.0,"key":"SMITH"},{"data":"bronze:Format","floor":27.0,"key":"SMITH"},{"floor":35.0,"key":"RECALL"},{"data":"bronze:Boost","floor":40.0,"key":"SMITH"},{"data":"bronze:Boost","floor":43,"key":"SMITH"},{"data":"bronze:FineTuning","floor":47,"key":"SMITH"}],"circlet_count":0,"master_deck":["bronze:Replicate","bronze:Goto+1","bronze:Frontload","bronze:Separator","bronze:OilSpill+1","bronze:Shell+1","bronze:Iterate","bronze:DelayedGuard","bronze:Boost+1","bronze:CloningBeam","bronze:Format+1","bronze:Library+1","bronze:Constructor+1","bronze:Frontload","bronze:InfiniteBeams","bronze:FineTuning+1","bronze:Iterate+1","Bite","Bite","Bite","Bite+1","Bite","bronze:Separator","bronze:Turbo","bronze:Boost+1","bronze:Virus","bronze:DelayedGuard","bronze:Assembly","bronze:DelayedSlice","bronze:BronzeOrb","bronze:Frontload","Doubt","bronze:Overload","bronze:Iterate","bronze:OilSpill","bronze:Constructor+1","bronze:FineTuning+1","bronze:Boost","bronze:Iterate+1","bronze:FineTuning"],"relics":["bronze:BronzeCore","Guardian:PocketSentry","Centennial Puzzle","Meat on the Bone","Lantern","Cursed Key","Ancient Tea Set","Dream Catcher","downfall:HeartBlessingBlue","Strawberry","Pandora\u0027s Box","downfall:HeartBlessingGreen","bronze:BottledCode","Prayer Wheel","downfall:HeartBlessingRed","Ice Cream","Whetstone","Ornamental Fan"],"acts_visited":["Exordium","TheCity","TheBeyond"],"potions_floor_usage":[],"damage_taken":[{"damage":0.0,"enemies":"Jaw Worm","floor":2.0,"turns":4.0},{"damage":0.0,"enemies":"Small Slimes","floor":5.0,"turns":4.0},{"damage":1.0,"enemies":"Cultist","floor":6.0,"turns":4.0},{"damage":7.0,"enemies":"Lagavulin","floor":8.0,"turns":4.0},{"damage":12.0,"enemies":"Exordium Thugs","floor":10.0,"turns":3.0},{"damage":0.0,"enemies":"3 Louse","floor":11.0,"turns":3.0},{"damage":3.0,"enemies":"2 Fungi Beasts","floor":13.0,"turns":2.0},{"damage":10.0,"enemies":"Exordium Thugs","floor":14.0,"turns":4.0},{"damage":0.0,"enemies":"Large Slime","floor":15.0,"turns":6.0},{"damage":5.0,"enemies":"WA_ARCHETYPE_RETAIN","floor":16.0,"turns":7.0},{"damage":0.0,"enemies":"Chosen","floor":20.0,"turns":2.0},{"damage":0.0,"enemies":"Shell Parasite","floor":21.0,"turns":3.0},{"damage":10.0,"enemies":"Sentry and Sphere","floor":22.0,"turns":4.0},{"damage":0.0,"enemies":"downfall:FleeingMerchant","floor":23.0,"turns":4.0},{"damage":0.0,"enemies":"Centurion and Healer","floor":28.0,"turns":6.0},{"damage":0.0,"enemies":"3 Cultists","floor":29.0,"turns":5.0},{"damage":14.0,"enemies":"Book of Stabbing","floor":30.0,"turns":5.0},{"damage":9.0,"enemies":"Snake Plant","floor":31.0,"turns":3.0},{"damage":0.0,"enemies":"Centurion and Healer","floor":32.0,"turns":4.0},{"damage":2.0,"enemies":"SI_MIRROR_ARCHETYPE","floor":33.0,"turns":8.0},{"damage":25.0,"enemies":"2 Orb Walkers","floor":38.0,"turns":4.0},{"damage":4.0,"enemies":"3 Shapes","floor":39.0,"turns":3.0},{"damage":18,"enemies":"3 Darklings","floor":42,"turns":3},{"damage":0,"enemies":"Nemesis","floor":44,"turns":3},{"damage":3,"enemies":"Sphere and 2 Shapes","floor":45,"turns":4},{"damage":0,"enemies":"Jaw Worm Horde","floor":46,"turns":5},{"damage":0,"enemies":"Giant Head","floor":48,"turns":6},{"damage":0,"enemies":"Writhing Mass","floor":49,"turns":3},{"damage":84,"enemies":"IC_BLOCK_ARCHETYPE","floor":50,"turns":4}],"seed_played":"-6004323460569793038","potions_obtained":[{"floor":6.0,"key":"Ancient Potion"},{"floor":8.0,"key":"bronze:BurnAndBuffPotion"},{"floor":14.0,"key":"Dexterity Potion"},{"floor":44,"key":"PowerPotion"}],"is_trial":false,"path_per_floor":["R","M","?","?","M","M","T","E","R","M","M","R","M","M","M","B",null,"R","?","M","M","M","$","T","?","?","R","M","M","E","M","M","B",null,"R","?","?","?","M","R","T","M","R","E","M","M","R","E","M","B"],"character_chosen":"THE_AUTOMATON","items_purchased":["bronze:FineTuning","Dream Catcher","bronze:Iterate"],"campfire_rested":0,"item_purchase_floors":[23,23,23],"current_hp_per_floor":[70,70,45,45,45,44,44,37,37,37,37,37,46,36,36,43,70,70,70,70,70,60,60,60,49,49,59,59,59,52,49,55,55,66,66,66,56,31,29,29,29,25,25,29,38,44,44,46,46,0,0,0],"gold":257,"neow_bonus":"RANDOM_COMMON_RELIC","is_daily":false,"chose_seed":false,"campfire_upgraded":8,"win_rate":0.0,"timestamp":1611284341,"path_taken":["R","M","?","?","M","M","T","E","R","?","M","R","M","M","M","BOSS","R","?","M","M","M","$","T","?","?","R","M","M","E","?","M","BOSS","R","?","?","?","M","R","T","M","R","E","M","M","R","E","M","BOSS"],"items_purchased_type":["Card","Relic","Card"],"build_version":"2020-12-22","purchased_purges":0,"victory":false,"max_hp_per_floor":[70,70,70,70,70,70,70,70,70,70,70,70,70,70,70,70,70,70,70,70,70,70,70,70,49,49,59,59,59,66,66,66,66,66,66,66,56,56,56,56,56,56,56,56,56,56,56,56,56,56,56,56],"relic_stats":{"Centennial Puzzle":[42],"Dream Catcher":0,"counters":[29,119],"Ornamental Fan":[20],"Pandora\u0027s Box":["bronze:Virus","bronze:DelayedGuard","bronze:MaxOutput","bronze:Assembly"],"Prayer Wheel":5,"Whetstone":["Bite","bronze:Iterate"],"Cursed Key":2,"obtain_stats":[{"Ice Cream":41,"Lantern":8,"bronze:BronzeCore":0,"downfall:HeartBlessingRed":40,"downfall:HeartBlessingGreen":35,"Guardian:PocketSentry":0,"Whetstone":44,"Cursed Key":17,"Ancient Tea Set":19,"bronze:BottledCode":37,"Centennial Puzzle":3,"Dream Catcher":23,"downfall:HeartBlessingBlue":27,"Ornamental Fan":48,"Strawberry":30,"Pandora\u0027s Box":34,"Prayer Wheel":38,"Meat on the Bone":7},{"Ice Cream":22,"Lantern":4,"bronze:BronzeCore":0,"downfall:HeartBlessingRed":22,"downfall:HeartBlessingGreen":20,"Guardian:PocketSentry":0,"Whetstone":24,"Cursed Key":10,"Ancient Tea Set":10,"bronze:BottledCode":20,"Centennial Puzzle":1,"Dream Catcher":14,"downfall:HeartBlessingBlue":14,"Ornamental Fan":27,"Strawberry":17,"Pandora\u0027s Box":20,"Prayer Wheel":21,"Meat on the Bone":3},{"Ice Cream":91,"Lantern":16,"bronze:BronzeCore":0,"downfall:HeartBlessingRed":91,"downfall:HeartBlessingGreen":84,"Guardian:PocketSentry":0,"Whetstone":97,"Cursed Key":40,"Ancient Tea Set":40,"bronze:BottledCode":84,"Centennial Puzzle":4,"Dream Catcher":53,"downfall:HeartBlessingBlue":53,"Ornamental Fan":112,"Strawberry":69,"Pandora\u0027s Box":84,"Prayer Wheel":88,"Meat on the Bone":12}],"Meat on the Bone":60},"card_choices":[{"not_picked":["bronze:DelayedGuard","bronze:BuggyMess"],"picked":"bronze:Frontload","floor":2.0},{"not_picked":["bronze:GetLatest","bronze:BugBarrage"],"picked":"bronze:Separator","floor":5.0},{"not_picked":["bronze:Frontload","bronze:CutThrough"],"picked":"bronze:OilSpill","floor":6.0},{"not_picked":["bronze:ItsAFeature","bronze:CloningBeam"],"picked":"bronze:Shell","floor":8.0},{"not_picked":["bronze:Overheat","bronze:GetLatest"],"picked":"bronze:Iterate","floor":10.0},{"not_picked":["bronze:DarkDash","bronze:MaxOutput"],"picked":"bronze:DelayedGuard","floor":11.0},{"not_picked":["bronze:BitShift","bronze:Overload"],"picked":"bronze:Boost","floor":13.0},{"not_picked":["bronze:Safeguard","bronze:Separator"],"picked":"bronze:CloningBeam","floor":14.0},{"not_picked":["bronze:FineTuning","bronze:DarkDash"],"picked":"bronze:Format","floor":15.0},{"not_picked":["bronze:Virus","bronze:ThunderWave"],"picked":"bronze:Library","floor":16.0},{"not_picked":["bronze:Overheat","bronze:Branch","bronze:WildBeam"],"picked":"SKIP","floor":20.0},{"not_picked":["bronze:Invalidate","bronze:Refactor"],"picked":"bronze:Constructor+1","floor":21.0},{"not_picked":["bronze:DelayedGuard+1","bronze:BitShift"],"picked":"bronze:Frontload","floor":22.0},{"not_picked":["bronze:ForceShield","bronze:ThunderWave"],"picked":"bronze:InfiniteBeams","floor":23.0},{"not_picked":["bronze:MaxOutput","bronze:GetLatest"],"picked":"bronze:Separator","floor":28.0},{"not_picked":["bronze:Invalidate","bronze:BuggyMess"],"picked":"bronze:Turbo","floor":29.0},{"not_picked":["bronze:BronzeOrb","bronze:Safeguard"],"picked":"bronze:Boost","floor":30.0},{"not_picked":["bronze:BuggyMess","bronze:DelayedGuard","bronze:BugBarrage+1"],"picked":"SKIP","floor":31.0},{"not_picked":["bronze:BugBarrage","bronze:InfiniteBeams+1","bronze:Allocate"],"picked":"SKIP","floor":32.0},{"not_picked":["bronze:Shield","bronze:BugBarrage+1"],"picked":"bronze:DelayedSlice","floor":38.0},{"not_picked":["bronze:Frontload","bronze:BitShift"],"picked":"bronze:BronzeOrb","floor":39.0},{"not_picked":["bronze:NullPointer+1","bronze:Shield"],"picked":"bronze:Frontload","floor":39.0},{"not_picked":["bronze:OilSpill+1","bronze:Invalidate"],"picked":"bronze:Overload","floor":42},{"not_picked":["bronze:DarkDash","bronze:Library","bronze:Iterate"],"picked":"SKIP","floor":42},{"not_picked":["bronze:BuggyMess","bronze:DelayedGuard"],"picked":"bronze:Iterate","floor":44},{"not_picked":["bronze:Overload","bronze:Branch+1"],"picked":"bronze:OilSpill","floor":45},{"not_picked":["bronze:DelayedGuard+1","bronze:Turbo"],"picked":"bronze:Constructor+1","floor":45},{"not_picked":["bronze:Branch","bronze:Constructor+1"],"picked":"bronze:FineTuning+1","floor":46},{"not_picked":["bronze:DelayedGuard","bronze:HyperBeam"],"picked":"bronze:Boost","floor":46},{"not_picked":["bronze:ItsAFeature+1","bronze:InfiniteBeams","bronze:Constructor+1"],"picked":"SKIP","floor":48},{"not_picked":["bronze:WildBeam","bronze:Branch"],"picked":"bronze:Iterate+1","floor":49},{"not_picked":["bronze:Frontload+1","bronze:Mutator"],"picked":"bronze:FineTuning","floor":49}],"player_experience":1484734,"relics_obtained":[{"floor":7.0,"key":"Meat on the Bone"},{"floor":8.0,"key":"Lantern"},{"floor":30.0,"key":"Strawberry"},{"floor":38.0,"key":"Prayer Wheel"},{"floor":41.0,"key":"Ice Cream"},{"floor":44,"key":"Whetstone"},{"floor":48,"key":"Ornamental Fan"}],"event_choices":[{"damage_healed":0.0,"max_hp_gain":0.0,"max_hp_loss":0.0,"gold_gain":0.0,"event_name":"Scrap Ooze","player_choice":"Success","floor":3.0,"gold_loss":0.0,"damage_taken":25.0,"relics_obtained":["Centennial Puzzle"]},{"damage_healed":0.0,"max_hp_gain":0.0,"max_hp_loss":21.0,"gold_gain":0.0,"event_name":"Vampires","player_choice":"Became a vampire","floor":25.0,"gold_loss":0.0,"damage_taken":0.0,"cards_obtained":["Bite","Bite","Bite","Bite","Bite"]},{"cards_removed":["Regret"],"damage_healed":0.0,"max_hp_gain":0.0,"max_hp_loss":0.0,"gold_gain":0.0,"event_name":"Wheel of Change","player_choice":"Card Removal","floor":26.0,"gold_loss":0.0,"damage_taken":0.0},{"cards_removed":["bronze:MaxOutput"],"damage_healed":0.0,"max_hp_gain":0.0,"max_hp_loss":0.0,"gold_gain":0.0,"event_name":"Falling","player_choice":"Removed Power","floor":36.0,"gold_loss":0.0,"damage_taken":0.0},{"damage_healed":0.0,"max_hp_gain":0.0,"max_hp_loss":0.0,"gold_gain":0.0,"event_name":"Mysterious Sphere","player_choice":"Fight","floor":38.0,"gold_loss":0.0,"damage_taken":0.0}],"is_beta":false,"boss_relics":[{"not_picked":["Sozu","Runic Dome"],"picked":"Cursed Key"},{"not_picked":["Snecko Eye","Fusion Hammer"],"picked":"Pandora\u0027s Box"}],"items_purged_floors":[],"is_endless":false,"potions_floor_spawned":[6,8,14,15,20,21,22,30,31,32,38,44,45,49],"killed_by":"IC_BLOCK_ARCHETYPE","ascension_level":0}}