{"host":"7gewg82ormp6yt4e","time":1611315466,"event":{"mods":["BaseMod","Block Reminder","Colored Map","DeckTracker","Highlight Path","Minty Spire (QoL Compilation)","Relic Stats","StSLib","ojb\u0027s Info Mod"],"gold_per_floor":[114,114,57,73,91,123,123,31,57,57,57],"floor_reached":10,"language":"JPN","playtime":302,"items_purged":[],"score":132,"play_id":"0026b02d-cfa1-481d-a30f-af21ab5f6bc0","local_time":"20210122203746","is_ascension_mode":true,"campfire_choices":[],"circlet_count":0,"master_deck":["AscendersBane","Strike_B","Strike_B","Strike_B","Defend_B","Defend_B","Defend_B","Defend_B","Zap","Dualcast","Sweeping Beam","Redo","Consume","Rip and Tear"],"relics":["Cracked Core","NeowsBlessing","Bag of Preparation","Strawberry"],"acts_visited":["Exordium"],"potions_floor_usage":[6,6,10],"damage_taken":[{"damage":0,"enemies":"Jaw Worm","floor":1,"turns":1},{"damage":0,"enemies":"Cultist","floor":4,"turns":1},{"damage":0,"enemies":"Small Slimes","floor":5,"turns":1},{"damage":34,"enemies":"Lagavulin","floor":6,"turns":8},{"damage":37,"enemies":"3 Sentries","floor":10,"turns":4}],"seed_played":"-1570134882937028372","potions_obtained":[{"floor":5,"key":"Weak Potion"}],"is_trial":false,"path_per_floor":["M","?","$","M","M","E","?","$","T","E"],"character_chosen":"DEFECT","items_purchased":["BlessingOfTheForge","Rip and Tear","BlessingOfTheForge"],"campfire_rested":0,"item_purchase_floors":[3,8,8],"current_hp_per_floor":[64,64,64,64,64,30,30,30,37,0,0],"gold":57,"neow_bonus":"THREE_ENEMY_KILL","is_daily":false,"chose_seed":false,"campfire_upgraded":0,"win_rate":0.0,"timestamp":1611315466,"path_taken":["M","?","$","?","M","E","?","?","T","E"],"items_purchased_type":["Potion","Card","Potion"],"build_version":"2020-12-22","purchased_purges":0,"victory":false,"max_hp_per_floor":[71,71,71,71,71,71,71,71,78,78,78],"relic_stats":{"counters":[5,15],"Bag of Preparation":[2],"obtain_stats":[{"NeowsBlessing":0,"Strawberry":9,"Bag of Preparation":6,"Cracked Core":0},{"NeowsBlessing":0,"Strawberry":4,"Bag of Preparation":4,"Cracked Core":0},{"NeowsBlessing":0,"Strawberry":11,"Bag of Preparation":11,"Cracked Core":0}]},"card_choices":[{"not_picked":["Conserve Battery","Steam"],"picked":"Sweeping Beam","floor":1},{"not_picked":["Thunder Strike","Turbo"],"picked":"Redo","floor":5},{"not_picked":["Double Energy","Tempest"],"picked":"Consume","floor":6}],"player_experience":2651170,"relics_obtained":[{"floor":6,"key":"Bag of Preparation"},{"floor":9,"key":"Strawberry"}],"event_choices":[{"cards_removed":["Strike_B"],"damage_healed":0,"gold_gain":0,"player_choice":"Purged","damage_taken":0,"max_hp_gain":0,"max_hp_loss":0,"event_name":"Purifier","floor":2,"gold_loss":0},{"damage_healed":0,"gold_gain":0,"player_choice":"Fled","damage_taken":0,"max_hp_gain":0,"max_hp_loss":0,"event_name":"Scrap Ooze","floor":7,"gold_loss":0}],"is_beta":false,"boss_relics":[],"items_purged_floors":[],"is_endless":false,"potions_floor_spawned":[5],"killed_by":"3 Sentries","ascension_level":20}}