{"host":"7qoz5gmva6til3yp","time":1611323547,"event":{"mods":["AchievementEnabler","BaseMod","Minty Spire (QoL Compilation)","StSLib","SuperFastMode"],"gold_per_floor":[113,113,133,147,222,254,254,268,295,309,319,334,334,360,360,360,360],"floor_reached":16,"language":"KOR","playtime":355,"items_purged":[],"score":131,"play_id":"f38225af-b34c-49b2-bcc6-e39fae57a957","local_time":"20210122225227","is_ascension_mode":true,"campfire_choices":[{"data":"Riddle With Holes","floor":7,"key":"SMITH"},{"floor":13,"key":"REST"},{"floor":15,"key":"REST"}],"circlet_count":0,"master_deck":["Strike_G","Strike_G","Strike_G","Strike_G","Strike_G","Defend_G","Defend_G","Defend_G+1","Defend_G","Defend_G","Survivor","Neutralize","Masterful Stab+1","Riddle With Holes+1","Backflip","Blade Dance"],"relics":["Ring of the Snake","Happy Flower","Bag of Marbles","Akabeko"],"acts_visited":["Exordium"],"potions_floor_usage":[6,10,12],"damage_taken":[{"damage":0,"enemies":"Small Slimes","floor":1,"turns":3},{"damage":4,"enemies":"Jaw Worm","floor":3,"turns":3},{"damage":1,"enemies":"Cultist","floor":4,"turns":3},{"damage":25,"enemies":"Lagavulin","floor":6,"turns":6},{"damage":3,"enemies":"Blue Slaver","floor":8,"turns":3},{"damage":0,"enemies":"2 Fungi Beasts","floor":10,"turns":2},{"damage":0,"enemies":"3 Louse","floor":11,"turns":2},{"damage":2,"enemies":"Gremlin Gang","floor":12,"turns":5},{"damage":20,"enemies":"Gremlin Nob","floor":14,"turns":4},{"damage":35,"enemies":"Hexaghost","floor":16,"turns":9}],"seed_played":"1106423617051868696","potions_obtained":[{"floor":1,"key":"LiquidMemories"},{"floor":4,"key":"Explosive Potion"},{"floor":10,"key":"Block Potion"}],"is_trial":false,"path_per_floor":["M","?","M","M","?","E","R","M","T","M","M","M","R","E","R","B"],"character_chosen":"THE_SILENT","items_purchased":[],"campfire_rested":2,"item_purchase_floors":[],"current_hp_per_floor":[70,56,52,51,40,15,15,12,12,12,12,10,31,11,32,0,0],"gold":360,"neow_bonus":"THREE_CARDS","is_daily":false,"chose_seed":false,"campfire_upgraded":1,"win_rate":0.0,"timestamp":1611323547,"path_taken":["M","?","M","M","?","E","R","M","T","M","M","M","R","E","R","BOSS"],"items_purchased_type":[],"build_version":"2020-12-22","purchased_purges":0,"victory":false,"max_hp_per_floor":[70,70,70,70,70,70,70,70,70,70,70,70,70,70,70,70,70],"card_choices":[{"not_picked":["Backflip","Acrobatics"],"picked":"Masterful Stab","floor":0},{"not_picked":["Predator","Flying Knee","Endless Agony"],"picked":"SKIP","floor":1},{"not_picked":["Dodge and Roll","Sucker Punch","Quick Slash"],"picked":"SKIP","floor":3},{"not_picked":["Eviscerate","Flying Knee","Dodge and Roll"],"picked":"SKIP","floor":4},{"not_picked":["Poisoned Stab","Footwork"],"picked":"Riddle With Holes","floor":6},{"not_picked":["Underhanded Strike","Masterful Stab","Poisoned Stab"],"picked":"SKIP","floor":8},{"not_picked":["Underhanded Strike","Cloak And Dagger","Caltrops"],"picked":"SKIP","floor":10},{"not_picked":["Dagger Spray","Underhanded Strike","Deflect"],"picked":"SKIP","floor":11},{"not_picked":["Flying Knee","Dagger Throw"],"picked":"Backflip","floor":12},{"not_picked":["Envenom","Catalyst"],"picked":"Blade Dance","floor":14}],"player_experience":412989,"relics_obtained":[{"floor":6,"key":"Happy Flower"},{"floor":9,"key":"Bag of Marbles"},{"floor":14,"key":"Akabeko"}],"event_choices":[{"damage_healed":0,"gold_gain":0,"player_choice":"Entered Light","damage_taken":14,"max_hp_gain":0,"max_hp_loss":0,"event_name":"Shining Light","floor":2,"gold_loss":0,"cards_upgraded":["Masterful Stab","Defend_G"]},{"damage_healed":0,"gold_gain":75,"player_choice":"Gather Gold","damage_taken":11,"max_hp_gain":0,"max_hp_loss":0,"event_name":"World of Goop","floor":5,"gold_loss":0}],"is_beta":false,"boss_relics":[],"items_purged_floors":[],"is_endless":false,"potions_floor_spawned":[1,4,10],"killed_by":"Hexaghost","ascension_level":3}}