{"host":"nj4msrt0z6tj4wtb","time":1611326665,"event":{"mods":["AchievementEnabler","BaseMod","Colored Map","Colored Powertips","DeckTracker","Highlight Path","Minty Spire (QoL Compilation)","Quick Restart","Random Character Button","StSLib","SuperFastMode"],"gold_per_floor":[119,119,194,29,45,80,80,110,135,146,146,146,75,90,90,195,195,207,107,121,132,148,148,164,197,224,224,224,224],"floor_reached":28,"language":"KOR","playtime":1109,"items_purged":["Strike_G","Sucker Punch"],"score":358,"play_id":"a6cb5a4c-4637-4aca-8524-911ee2e7285a","local_time":"20210122234425","is_ascension_mode":true,"campfire_choices":[{"data":"Bane","floor":7,"key":"SMITH"},{"data":"Poisoned Stab","floor":11,"key":"SMITH"},{"data":"Calculated Gamble","floor":15,"key":"SMITH"},{"data":"Tactician","floor":23,"key":"SMITH"}],"circlet_count":0,"master_deck":["Strike_G","Strike_G","Strike_G","Defend_G","Defend_G","Defend_G","Defend_G","Defend_G","Survivor","Neutralize","Poisoned Stab+1","Well Laid Plans","Bane+1","Footwork+1","Corpse Explosion","Tactician+1","Calculated Gamble+1","After Image","Leg Sweep+1","Cloak And Dagger+1","Expertise","Escape Plan+1","Tactician","Eviscerate+1"],"relics":["Ring of the Snake","NeowsBlessing","Potion Belt","Ancient Tea Set","Bag of Marbles","WristBlade","MealTicket","Boot","Vajra"],"acts_visited":["Exordium","TheCity"],"potions_floor_usage":[25,25,28],"damage_taken":[{"damage":0,"enemies":"Small Slimes","floor":1,"turns":1},{"damage":0,"enemies":"2 Louse","floor":5,"turns":1},{"damage":0,"enemies":"Gremlin Nob","floor":6,"turns":1},{"damage":22,"enemies":"Lagavulin","floor":8,"turns":7},{"damage":2,"enemies":"Jaw Worm","floor":10,"turns":4},{"damage":0,"enemies":"Looter","floor":14,"turns":3},{"damage":15,"enemies":"Hexaghost","floor":16,"turns":11},{"damage":12,"enemies":"Spheric Guardian","floor":18,"turns":7},{"damage":16,"enemies":"3 Byrds","floor":20,"turns":5},{"damage":10,"enemies":"3 Cultists","floor":21,"turns":4},{"damage":15,"enemies":"Cultist and Chosen","floor":22,"turns":7},{"damage":6,"enemies":"Snecko","floor":24,"turns":6},{"damage":8,"enemies":"Gremlin Leader","floor":25,"turns":11},{"damage":4,"enemies":"Sentry and Sphere","floor":28,"turns":3}],"seed_played":"-1459436338358376809","potions_obtained":[{"floor":5,"key":"Ancient Potion"},{"floor":14,"key":"Fire Potion"},{"floor":20,"key":"GhostInAJar"},{"floor":25,"key":"EssenceOfSteel"}],"is_trial":false,"path_per_floor":["M","?","?","$","M","E","R","E","T","M","R","?","$","M","R","B",null,"M","$","M","M","M","R","M","E","T","?","M"],"character_chosen":"THE_SILENT","items_purchased":["Poisoned Stab","Well Laid Plans","Tactician"],"campfire_rested":0,"item_purchase_floors":[4,4,13],"current_hp_per_floor":[70,63,52,52,52,52,52,30,30,28,28,28,28,28,28,13,70,58,58,42,32,17,17,11,3,3,3,0,0],"gold":224,"neow_bonus":"THREE_ENEMY_KILL","is_daily":false,"chose_seed":false,"campfire_upgraded":4,"win_rate":0.0,"timestamp":1611326665,"path_taken":["M","?","?","$","M","E","R","E","T","M","R","?","?","M","R","BOSS","M","$","M","M","M","R","M","E","T","?","M"],"items_purchased_type":["Card","Card","Card"],"build_version":"2020-12-22","purchased_purges":2,"victory":false,"max_hp_per_floor":[70,70,70,70,70,70,70,70,70,70,70,70,70,70,70,70,70,70,70,70,70,70,70,70,70,70,70,70,70],"card_choices":[{"not_picked":["Dodge and Roll","Accuracy"],"picked":"Sucker Punch","floor":1},{"not_picked":["Flying Knee","Cloak And Dagger"],"picked":"Bane","floor":5},{"not_picked":["Setup","Caltrops"],"picked":"Footwork","floor":6},{"not_picked":["Flying Knee","Distraction","Bane"],"picked":"SKIP","floor":8},{"not_picked":["Slice","Prepared"],"picked":"Corpse Explosion","floor":10},{"not_picked":["Blade Dance","All Out Attack"],"picked":"Calculated Gamble","floor":14},{"not_picked":["Night Terror","Doppelganger"],"picked":"After Image","floor":16},{"not_picked":["Sucker Punch","Poisoned Stab"],"picked":"Leg Sweep+1","floor":18},{"not_picked":["Well Laid Plans","Flying Knee"],"picked":"Cloak And Dagger+1","floor":20},{"not_picked":["Underhanded Strike","Finisher"],"picked":"Expertise","floor":21},{"not_picked":["Skewer","Concentrate"],"picked":"Escape Plan+1","floor":22},{"not_picked":["Heel Hook","Storm of Steel"],"picked":"Tactician","floor":24},{"not_picked":["Backstab","Slice"],"picked":"Eviscerate+1","floor":25}],"player_experience":641574,"relics_obtained":[{"floor":6,"key":"Potion Belt"},{"floor":8,"key":"Ancient Tea Set"},{"floor":9,"key":"Bag of Marbles"},{"floor":25,"key":"MealTicket"},{"floor":26,"key":"Boot"}],"event_choices":[{"cards_removed":["Strike_G"],"damage_healed":0,"gold_gain":0,"player_choice":"Card Removal","damage_taken":7,"max_hp_gain":0,"max_hp_loss":0,"event_name":"Golden Wing","floor":2,"gold_loss":0},{"damage_healed":0,"gold_gain":75,"player_choice":"Gather Gold","damage_taken":11,"max_hp_gain":0,"max_hp_loss":0,"event_name":"World of Goop","floor":3,"gold_loss":0},{"damage_healed":0,"gold_gain":0,"player_choice":"Grow","damage_taken":0,"max_hp_gain":0,"max_hp_loss":0,"event_name":"Living Wall","floor":12,"gold_loss":0,"cards_upgraded":["Footwork"]},{"damage_healed":0,"gold_gain":0,"player_choice":"Opened","damage_taken":0,"relics_obtained":["Vajra"],"max_hp_gain":0,"max_hp_loss":0,"event_name":"The Mausoleum","floor":27,"gold_loss":0}],"is_beta":false,"boss_relics":[{"not_picked":["Ring of the Serpent","Coffee Dripper"],"picked":"WristBlade"}],"items_purged_floors":[4,19],"is_endless":false,"potions_floor_spawned":[5,14,20,25],"killed_by":"Sentry and Sphere","ascension_level":4}}