{"host":"qy6st0zp32tctd9l","time":1611316546,"event":{"mods":["BaseMod","Colored Map","Downfall","GifTheSpireLib","Hermit","Marisa£®ÏF”Í°°ƒß¿Ì…≥£©","Minty Spire (QoL Compilation)","Remilia£®¿Ÿ√◊¿Ú—«£©","StSLib","The Cursed","The Servant 0.9.4","UnlockEverythingMod"],"gold_per_floor":[113,38,38,38,51,85,85,85,85,102,134,168,168,168,168,239,239,258,258,258,238,254,286,286,318,318,352,392,392,76,102,102,201,201,243,118,153,190,19,50,50,110,136,136,136,190,0,51,63,75,87,99,1,1,1],"floor_reached":54,"language":"ZHS","playtime":2322,"items_purged":["Strike_MRS","Strike_MRS+1","Strike_MRS+1"],"score":1936,"play_id":"ef73991b-8aa2-47bf-8cfa-1dba7d06c71f","local_time":"20210122195546","is_ascension_mode":true,"campfire_choices":[{"floor":8.0,"key":"REST"},{"floor":13.0,"key":"RECALL"},{"data":"MysteriousBeam","floor":15.0,"key":"SMITH"},{"floor":24.0,"key":"REST"},{"floor":29.0,"key":"REST"},{"data":"AsteroidBelt","floor":32.0,"key":"SMITH"},{"floor":41.0,"key":"REST"},{"floor":45.0,"key":"REST"},{"floor":49.0,"key":"REST"},{"data":"SporeBomb","floor":52,"key":"SMITH"}],"circlet_count":0,"master_deck":["AscendersBane","Defend_MRS+1","Defend_MRS+1","Defend_MRS+1","Defend_MRS+1","MasterSpark","UpSweep","Acceleration+1","SprinkleStarSeal+1","MysteriousBeam+1","OortCloud","TreasureHunter","BlazingStar","ShootTheMoon","EarthLightRay+1","MagicChant+1","AsteroidBelt+1","WitchOfGreed+1","GalacticHalo","SporeBomb+1","MaximisePower","EnergyFlow","OrrerysSun+1","OortCloud+1"],"relics":["BewitchedHakkero","NeowsBlessing","Blue Candle","Mercury Hourglass","Art of War","WingedGreaves","Mummified Hand","Bag of Marbles","Calipers","SlaversCollar","ScarletDevilRocket","Dream Catcher","Ancient Tea Set","Potion Belt","BreadOfAWashokuLover","Anchor","War Paint","Pantograph","Bottled Tornado","Bag of Preparation","Orichalcum","Red Mask","MawBank"],"acts_visited":["Exordium","TheCity","TheBeyond","TheEnding"],"potions_floor_usage":[50,50,50,50,54],"damage_taken":[{"damage":0.0,"enemies":"2 Louse","floor":1.0,"turns":1.0},{"damage":0.0,"enemies":"Small Slimes","floor":5.0,"turns":1.0},{"damage":0.0,"enemies":"Lagavulin","floor":6.0,"turns":1.0},{"damage":4.0,"enemies":"Jaw Worm","floor":10.0,"turns":2.0},{"damage":19.0,"enemies":"3 Sentries","floor":11.0,"turns":6.0},{"damage":4.0,"enemies":"Gremlin Nob","floor":12.0,"turns":3.0},{"damage":0.0,"enemies":"Slime Boss","floor":16.0,"turns":4.0},{"damage":15.0,"enemies":"Shell Parasite","floor":18.0,"turns":2.0},{"damage":11.0,"enemies":"2 Thieves","floor":22.0,"turns":3.0},{"damage":28.0,"enemies":"Slavers","floor":23.0,"turns":5.0},{"damage":4.0,"enemies":"Book of Stabbing","floor":25.0,"turns":4.0},{"damage":21.0,"enemies":"Slavers","floor":27.0,"turns":4.0},{"damage":9.0,"enemies":"Snake Plant","floor":28.0,"turns":4.0},{"damage":0.0,"enemies":"Gremlin Leader","floor":31.0,"turns":5.0},{"damage":25.0,"enemies":"Collector","floor":33.0,"turns":5.0},{"damage":3.0,"enemies":"3 Shapes","floor":35.0,"turns":6.0},{"damage":27.0,"enemies":"3 Darklings","floor":37.0,"turns":8.0},{"damage":18.0,"enemies":"Maw","floor":38.0,"turns":9.0},{"damage":9.0,"enemies":"Reptomancer","floor":40.0,"turns":3.0},{"damage":44.0,"enemies":"Giant Head","floor":42.0,"turns":8.0},{"damage":26.0,"enemies":"Reptomancer","floor":46.0,"turns":7.0},{"damage":11.0,"enemies":"Giant Head","floor":48.0,"turns":7.0},{"damage":0,"enemies":"Donu and Deca","floor":50,"turns":12},{"damage":92,"enemies":"Shield and Spear","floor":54,"turns":8}],"seed_played":"3549805817067776070","potions_obtained":[{"floor":5.0,"key":"Dexterity Potion"},{"floor":10.0,"key":"Strength Potion"},{"floor":12.0,"key":"SneckoOil"},{"floor":16.0,"key":"champ:CounterPotion"},{"floor":23.0,"key":"LiquidMemories"},{"floor":25.0,"key":"DuplicationPotion"},{"floor":28.0,"key":"Guardian:BlockOnCardUsePotion"},{"floor":28.0,"key":"Regen Potion"},{"floor":33.0,"key":"SkillPotion"},{"floor":35.0,"key":"PowerPotion"},{"floor":35.0,"key":"Block Potion"},{"floor":38.0,"key":"ColorlessPotion"},{"floor":40.0,"key":"PowerPotion"},{"floor":42.0,"key":"Block Potion"},{"floor":42.0,"key":"Fire Potion"},{"floor":46.0,"key":"AttackPotion"},{"floor":48.0,"key":"SpeedPotion"},{"floor":48.0,"key":"BottledSpark"}],"is_trial":false,"path_per_floor":["M","$","?","?","M","E","?","R","T","M","E","E","R","?","R","B",null,"M","?","?","?","M","E","R","E","T","E","M","R","$","E","R","B",null,"M","$","M","M","$","E","R","E","T","?","R","E","?","E","R","B",null,"R","$","E"],"character_chosen":"MARISA","items_purchased":["Block Potion","MaximisePower","War Paint","SpeedPotion","AttackPotion"],"campfire_rested":6,"item_purchase_floors":[30,30,39,53,53],"current_hp_per_floor":[63,63,58,47,47,47,26,47,47,43,24,20,20,20,20,20,58,43,43,43,43,36,12,33,33,33,16,12,33,33,38,38,32,61,67,67,43,30,30,41,65,27,27,27,51,31,31,26,50,81,83,83,83,0,0],"gold":1,"neow_bonus":"THREE_ENEMY_KILL","is_daily":false,"chose_seed":false,"campfire_upgraded":3,"win_rate":0.0,"timestamp":1611316546,"path_taken":["M","$","?","?","M","E","?","R","T","?","E","E","R","?","R","BOSS","M","?","?","?","?","E","R","E","T","E","M","R","$","E","R","BOSS","M","$","?","M","$","E","R","E","T","?","R","E","?","E","R","BOSS","R","$","E"],"items_purchased_type":["Potion","Card","Relic","Potion","Potion"],"build_version":"2020-12-22","purchased_purges":3,"victory":false,"max_hp_per_floor":[70,70,70,70,70,70,70,70,70,70,70,70,70,70,70,70,70,70,70,70,70,70,70,70,70,70,70,70,70,70,70,70,70,70,70,70,70,70,70,83,83,83,83,83,83,83,83,83,83,83,83,83,83,83,83],"card_choices":[{"not_picked":["WitchLeyline","ChargeUpSpray"],"picked":"Acceleration","floor":1.0},{"not_picked":["ShootingEcho","6A"],"picked":"SprinkleStarSeal","floor":5.0},{"not_picked":["GalacticHalo","DarkMatter"],"picked":"MysteriousBeam","floor":6.0},{"not_picked":["Acceleration","UnstableBomb"],"picked":"OortCloud","floor":10.0},{"not_picked":["DarkSpark","UnstableBomb","SatelliteIllusion"],"picked":"SKIP","floor":11.0},{"not_picked":["OpenUniverse","NonDirectionalLaser"],"picked":"TreasureHunter","floor":12.0},{"not_picked":["SuperNova","UltimateShortwave"],"picked":"BlazingStar","floor":16.0},{"not_picked":["IllusionStar+1","OortCloud"],"picked":"ShootTheMoon","floor":18.0},{"not_picked":["LuminesStrike","PulseMagic","GravityBeat"],"picked":"SKIP","floor":22.0},{"not_picked":["OpenUniverse","MeteoricShower","WitchOfGreed"],"picked":"SKIP","floor":23.0},{"not_picked":["6A","GasGiant"],"picked":"MagicChant+1","floor":24.0},{"not_picked":["ShootTheMoon+1","RefractionSpark+1"],"picked":"AsteroidBelt","floor":25.0},{"not_picked":["Robbery+1","AlicesGift"],"picked":"WitchOfGreed+1","floor":27.0},{"not_picked":["PowerUp","DoubleSpark"],"picked":"GalacticHalo","floor":28.0},{"not_picked":["6A","GrandCross"],"picked":"SporeBomb","floor":29.0},{"not_picked":["DC+1","NonDirectionalLaser","DoubleSpark"],"picked":"SKIP","floor":31.0},{"not_picked":["GalacticHalo","StarBarrage"],"picked":"EnergyFlow","floor":35.0},{"not_picked":["WitchOfGreed","StarlightTyphoon","PowerUp"],"picked":"SKIP","floor":37.0},{"not_picked":["LuminesStrike+1","AsteroidBelt"],"picked":"OrrerysSun+1","floor":38.0},{"not_picked":["Occultation","FairyDestructionRay","GalacticHalo+1"],"picked":"SKIP","floor":40.0},{"not_picked":["ManaConvection+1","IllusionStar","PropBag"],"picked":"SKIP","floor":42.0},{"not_picked":["CollectingQuirk","FairyDestructionRay+1","LuminesStrike+1"],"picked":"SKIP","floor":46.0},{"not_picked":["UnstableBomb","MagicAbsorber"],"picked":"OortCloud+1","floor":48.0}],"player_experience":160883,"relics_obtained":[{"floor":6.0,"key":"Art of War"},{"floor":9.0,"key":"WingedGreaves"},{"floor":11.0,"key":"Mummified Hand"},{"floor":12.0,"key":"Bag of Marbles"},{"floor":16.0,"key":"Calipers"},{"floor":23.0,"key":"ScarletDevilRocket"},{"floor":23.0,"key":"Dream Catcher"},{"floor":25.0,"key":"Ancient Tea Set"},{"floor":27.0,"key":"Potion Belt"},{"floor":27.0,"key":"BreadOfAWashokuLover"},{"floor":31.0,"key":"Anchor"},{"floor":40.0,"key":"Pantograph"},{"floor":42.0,"key":"Bottled Tornado"},{"floor":43.0,"key":"Bag of Preparation"},{"floor":46.0,"key":"Orichalcum"},{"floor":48.0,"key":"MawBank"}],"event_choices":[{"damage_healed":0.0,"max_hp_gain":0.0,"max_hp_loss":0.0,"gold_gain":0.0,"event_name":"Scrap Ooze","player_choice":"Success","floor":4.0,"gold_loss":0.0,"damage_taken":11.0,"relics_obtained":["Mercury Hourglass"]},{"damage_healed":0.0,"max_hp_gain":0.0,"max_hp_loss":0.0,"gold_gain":0.0,"event_name":"Shining Light","player_choice":"Entered Light","floor":7.0,"gold_loss":0.0,"damage_taken":21.0,"cards_upgraded":["Strike_MRS","Defend_MRS"]},{"damage_healed":0.0,"max_hp_gain":0.0,"max_hp_loss":0.0,"gold_gain":0.0,"event_name":"Upgrade Shrine","player_choice":"Upgraded","floor":14.0,"gold_loss":0.0,"damage_taken":0.0,"cards_upgraded":["SprinkleStarSeal"]},{"damage_healed":0.0,"max_hp_gain":0.0,"max_hp_loss":0.0,"gold_gain":0.0,"event_name":"Back to Basics","player_choice":"Simplicity","floor":19.0,"gold_loss":0.0,"damage_taken":0.0,"cards_upgraded":["Strike_MRS","Strike_MRS","Defend_MRS","Defend_MRS","Defend_MRS"]},{"damage_healed":0.0,"max_hp_gain":0.0,"max_hp_loss":0.0,"gold_gain":0.0,"event_name":"The Library","player_choice":"Read","floor":20.0,"gold_loss":0.0,"damage_taken":0.0,"cards_obtained":["EarthLightRay"]},{"damage_healed":0.0,"max_hp_gain":0.0,"max_hp_loss":0.0,"gold_gain":0.0,"event_name":"The Woman in Blue","player_choice":"Bought 1 Potion","floor":21.0,"gold_loss":0.0,"damage_taken":0.0},{"cards_removed":["Strike_MRS"],"damage_healed":0.0,"max_hp_gain":0.0,"max_hp_loss":0.0,"gold_gain":0.0,"event_name":"Falling","player_choice":"Removed Attack","floor":44.0,"gold_loss":0.0,"damage_taken":0.0},{"damage_healed":0.0,"max_hp_gain":0.0,"max_hp_loss":0.0,"gold_gain":0.0,"event_name":"Tomb of Lord Red Mask","player_choice":"Paid","floor":47.0,"gold_loss":190.0,"damage_taken":0.0,"relics_obtained":["Red Mask"]}],"is_beta":false,"boss_relics":[{"not_picked":["Cursed Key","Busted Crown"],"picked":"SlaversCollar"},{"not_picked":["bronze:MakeshiftBattery","Sozu"],"picked":"BewitchedHakkero"}],"items_purged_floors":[2,30,36],"is_endless":false,"potions_floor_spawned":[5,10,12,16,23,25,28,35,40,42,48],"killed_by":"Shield and Spear","ascension_level":19}}