{"host":"e4hse1vg61zltgzv","time":1611279803,"event":{"mods":["AchievementEnabler","BaseMod","Block Reminder","Colored Map","DeckTracker","GifTheSpireLib","Minty Spire (QoL Compilation)","Rare Cards Sparkle","StSLib","SuperFastMode","The Poker Player","everything is the same but u backflip on backflip"],"gold_per_floor":[20,20,20,170,185,185,219,235,261,293,312,344,344,409,409,480,480,492,492,542,556,556,590,606,631,631,648,259,209,209,220,220,297,347,361,378,8,28,28,61,61,61,133,153,153,153],"floor_reached":45,"language":"KOR","playtime":1263,"items_purged":["Doubt","Infernal Blade"],"score":1327,"play_id":"c3b67f08-7c0d-4437-bd1c-602b0eb428b0","local_time":"20210122104323","is_ascension_mode":true,"campfire_choices":[{"data":"Evolve","floor":6.0,"key":"SMITH"},{"data":"Dark Embrace","floor":13.0,"key":"SMITH"},{"data":"Second Wind","floor":15.0,"key":"SMITH"},{"data":"Feel No Pain","floor":30,"key":"SMITH"},{"data":"Battle Trance","floor":32,"key":"SMITH"},{"data":"Offering","floor":41,"key":"SMITH"}],"circlet_count":0,"master_deck":["AscendersBane","Body Slam+1","Second Wind+1","Ghostly Armor+1","Burning Pact","Fire Breathing","Fire Breathing","Carnage+1","Shrug It Off","Evolve+1","Dark Embrace+1","Offering+1","Shrug It Off","Sentinel","Feel No Pain+1","Battle Trance+1","Purity"],"relics":["Burning Blood","Pandora\u0027s Box","Bronze Scales","Omamori","Pear","White Beast Statue","Regal Pillow","Mark of Pain","Enchiridion","Smiling Mask","Molten Egg 2","Matryoshka","Toy Ornithopter","Whetstone","OrangePellets","Tiny House","Bag of Preparation","Potion Belt","Champion Belt","Juzu Bracelet"],"acts_visited":["Exordium","TheCity","TheBeyond"],"potions_floor_usage":[21,35,36],"damage_taken":[{"damage":0.0,"enemies":"Small Slimes","floor":1.0,"turns":2.0},{"damage":0.0,"enemies":"2 Louse","floor":5.0,"turns":3.0},{"damage":40.0,"enemies":"Gremlin Nob","floor":7.0,"turns":5.0},{"damage":0.0,"enemies":"Jaw Worm","floor":8.0,"turns":3.0},{"damage":10.0,"enemies":"3 Sentries","floor":10.0,"turns":3.0},{"damage":11.0,"enemies":"Large Slime","floor":11.0,"turns":5.0},{"damage":36.0,"enemies":"Lagavulin","floor":12.0,"turns":6.0},{"damage":10.0,"enemies":"3 Sentries","floor":14.0,"turns":2.0},{"damage":0,"enemies":"Slime Boss","floor":16,"turns":3},{"damage":6,"enemies":"3 Byrds","floor":18,"turns":2},{"damage":19,"enemies":"Shell Parasite","floor":21,"turns":2},{"damage":24,"enemies":"Slavers","floor":23,"turns":2},{"damage":7,"enemies":"Snake Plant","floor":24,"turns":2},{"damage":24,"enemies":"Gremlin Leader","floor":25,"turns":2},{"damage":11,"enemies":"Snecko","floor":27,"turns":5},{"damage":6,"enemies":"Shelled Parasite and Fungi","floor":31,"turns":2},{"damage":6,"enemies":"Champ","floor":33,"turns":3},{"damage":6,"enemies":"Orb Walker","floor":35,"turns":2},{"damage":19,"enemies":"3 Darklings","floor":36,"turns":2},{"damage":6,"enemies":"Maw","floor":38,"turns":3},{"damage":6,"enemies":"Reptomancer","floor":40,"turns":2},{"damage":6,"enemies":"Spire Growth","floor":44,"turns":3},{"damage":129,"enemies":"Transient","floor":45,"turns":6}],"seed_played":"814746866150818237","potions_obtained":[{"floor":1.0,"key":"LiquidBronze"},{"floor":5.0,"key":"Ancient Potion"},{"floor":11.0,"key":"ElixirPotion"},{"floor":14.0,"key":"Fruit Juice"},{"floor":16,"key":"HeartOfIron"},{"floor":18,"key":"BloodPotion"},{"floor":21,"key":"Dexterity Potion"},{"floor":25,"key":"DuplicationPotion"},{"floor":35,"key":"EssenceOfSteel"},{"floor":36,"key":"DistilledChaos"},{"floor":38,"key":"SteroidPotion"},{"floor":40,"key":"PowerPotion"},{"floor":44,"key":"FearPotion"}],"is_trial":false,"path_per_floor":["M","?","?","?","M","R","E","M","T","E","M","E","R","?","R","B",null,"M","?","?","M","?","E","M","E","T","M","$","?","R","M","R","B",null,"M","M","$","M","?","E","R","?","T","M","M"],"character_chosen":"IRONCLAD","items_purchased":["Feel No Pain","OrangePellets","Battle Trance","Bag of Preparation","Potion Belt"],"campfire_rested":0,"item_purchase_floors":[28,28,28,37,37],"current_hp_per_floor":[74,74,67,67,73,73,39,45,45,51,46,16,16,17,17,23,73,73,52,52,57,57,39,38,20,20,15,15,15,15,15,15,15,76,81,73,73,73,63,63,63,95,95,95,0,0],"gold":153,"neow_bonus":"REMOVE_TWO","is_daily":false,"chose_seed":false,"campfire_upgraded":6,"win_rate":0.0,"timestamp":1611279803,"path_taken":["M","?","?","?","M","R","E","M","T","E","M","E","R","?","R","BOSS","M","?","?","M","?","E","M","E","T","M","$","?","R","?","R","BOSS","M","M","$","M","?","E","R","?","T","M","M"],"items_purchased_type":["Card","Relic","Card","Relic","Relic"],"build_version":"2020-12-22","purchased_purges":2,"victory":false,"max_hp_per_floor":[75,75,75,75,75,75,75,75,75,85,85,85,85,90,90,90,90,90,90,90,90,90,90,90,90,90,90,90,90,90,90,90,90,95,95,95,95,95,95,95,95,95,95,95,95,95],"card_choices":[{"not_picked":["Flame Barrier","Wild Strike"],"picked":"Evolve","floor":1.0},{"not_picked":["Flex","Wild Strike","Headbutt"],"picked":"SKIP","floor":5.0},{"not_picked":["Wild Strike","Flex","Body Slam"],"picked":"SKIP","floor":7.0},{"not_picked":["Clash","Carnage","Anger"],"picked":"SKIP","floor":8.0},{"not_picked":["Disarm","Demon Form"],"picked":"Dark Embrace","floor":10.0},{"not_picked":["Cleave","Warcry","Shrug It Off"],"picked":"SKIP","floor":11.0},{"not_picked":["Bludgeon","Flex","Uppercut"],"picked":"SKIP","floor":12.0},{"not_picked":["Demon Form","Juggernaut"],"picked":"Offering","floor":16},{"not_picked":["Rage","True Grit","Searing Blow"],"picked":"SKIP","floor":18},{"not_picked":["Sword Boomerang+1","Clash+1"],"picked":"Shrug It Off","floor":21},{"not_picked":["Carnage+1","Bloodletting"],"picked":"Sentinel","floor":23},{"not_picked":["Searing Blow+1","Sentinel","Havoc"],"picked":"SKIP","floor":24},{"not_picked":["Carnage+1","Sword Boomerang+1","Uppercut+1"],"picked":"SKIP","floor":25},{"not_picked":["Dropkick+1","Evolve","Shrug It Off"],"picked":"SKIP","floor":27},{"not_picked":["Body Slam+1","Shrug It Off","Inflame"],"picked":"SKIP","floor":31},{"not_picked":["Heavy Blade+1","Dual Wield","Wild Strike+1"],"picked":"SKIP","floor":35},{"not_picked":["Shrug It Off","Cleave+1","Headbutt+1"],"picked":"SKIP","floor":36},{"not_picked":["Blood for Blood+1","Perfected Strike+1","Dropkick+1"],"picked":"SKIP","floor":38},{"not_picked":["HandOfGreed+1","The Bomb"],"picked":"Purity","floor":39},{"not_picked":["Inflame+1","Warcry","Sword Boomerang+1"],"picked":"SKIP","floor":40},{"not_picked":["Flex","Metallicize","True Grit"],"picked":"SKIP","floor":44},{"not_picked":["Flex","Metallicize","True Grit"],"picked":"SKIP","floor":44}],"player_experience":811300,"relics_obtained":[{"floor":7.0,"key":"Bronze Scales"},{"floor":9.0,"key":"Omamori"},{"floor":10.0,"key":"Pear"},{"floor":12.0,"key":"White Beast Statue"},{"floor":19,"key":"Enchiridion"},{"floor":23,"key":"Molten Egg 2"},{"floor":25,"key":"Matryoshka"},{"floor":26,"key":"Toy Ornithopter"},{"floor":26,"key":"Whetstone"},{"floor":40,"key":"Champion Belt"},{"floor":43,"key":"Juzu Bracelet"}],"event_choices":[{"cards_removed":["Clothesline"],"damage_healed":0.0,"max_hp_gain":0.0,"max_hp_loss":0.0,"gold_gain":0.0,"event_name":"Living Wall","player_choice":"Forget","floor":2.0,"gold_loss":0.0,"damage_taken":0.0},{"cards_removed":["Bash"],"damage_healed":0.0,"max_hp_gain":0.0,"max_hp_loss":0.0,"gold_gain":0.0,"event_name":"Golden Wing","player_choice":"Card Removal","floor":3.0,"gold_loss":0.0,"damage_taken":7.0},{"damage_healed":0.0,"max_hp_gain":0.0,"max_hp_loss":0.0,"gold_gain":150.0,"event_name":"Liars Game","player_choice":"AGREE","floor":4.0,"gold_loss":0.0,"damage_taken":0.0,"cards_obtained":["Doubt"]},{"damage_healed":0.0,"max_hp_gain":0.0,"max_hp_loss":0.0,"gold_gain":0.0,"event_name":"Dead Adventurer","player_choice":"Searched \u00272\u0027 times","floor":14.0,"gold_loss":0.0,"damage_taken":0.0,"relics_obtained":["Regal Pillow"]},{"damage_healed":0,"gold_gain":0,"player_choice":"Obtained Book","damage_taken":21,"max_hp_gain":0,"max_hp_loss":0,"event_name":"Cursed Tome","floor":19,"gold_loss":0},{"damage_healed":0,"gold_gain":50,"player_choice":"Stole From Cult","damage_taken":0,"max_hp_gain":0,"max_hp_loss":0,"event_name":"Nest","floor":20,"gold_loss":0},{"damage_healed":0,"gold_gain":0,"player_choice":"Opened","damage_taken":0,"relics_obtained":["Smiling Mask"],"max_hp_gain":0,"max_hp_loss":0,"event_name":"The Mausoleum","floor":22,"gold_loss":0,"cards_obtained":["Writhe"]},{"damage_healed":0,"gold_gain":0,"player_choice":"Bet on Murderer","damage_taken":0,"max_hp_gain":0,"max_hp_loss":0,"event_name":"The Joust","floor":29,"gold_loss":50},{"damage_healed":0,"gold_gain":0,"player_choice":"Memory 3","damage_taken":10,"max_hp_gain":0,"max_hp_loss":0,"event_name":"SensoryStone","floor":39,"gold_loss":0},{"damage_healed":32,"gold_gain":0,"player_choice":"Full Heal","damage_taken":0,"max_hp_gain":0,"max_hp_loss":0,"event_name":"Wheel of Change","floor":42,"gold_loss":0}],"is_beta":false,"boss_relics":[{"not_picked":["Astrolabe","Pandora\u0027s Box"],"picked":"Mark of Pain"},{"not_picked":["Sozu","Runic Cube"],"picked":"Tiny House"}],"items_purged_floors":[28,37],"is_endless":false,"potions_floor_spawned":[1,5,11,14,16,18,21,23,24,25,27,31,33,35,36,38,40,44],"killed_by":"Transient","ascension_level":20}}