{"host":"qekv59dthhdg54sz","time":1611343785,"event":{"mods":["AchievementEnabler","BaseMod","Colored Map","DeckTracker","KOR Keyword Fix","Minty Spire (QoL Compilation)","Rare Cards Sparkle","StSLib","SuperFastMode"],"gold_per_floor":[109,109,89,104,21,51,51,51,51,83,83,83,102,15,15,86,86,104,122,37,37,37,37,37,37],"floor_reached":24,"language":"KOR","playtime":344,"items_purged":[],"score":450,"play_id":"eee08215-2c1b-47db-acb7-2561b1d421fb","local_time":"20210123042945","is_ascension_mode":true,"campfire_choices":[{"data":"ForeignInfluence","floor":8.0,"key":"SMITH"},{"data":"Adaptation","floor":12.0,"key":"SMITH"},{"floor":15.0,"key":"REST"}],"circlet_count":0,"master_deck":["AscendersBane","Strike_P","Strike_P","Strike_P","Strike_P","Defend_P","Defend_P","Defend_P","Defend_P","Eruption+1","Vigilance","ForeignInfluence+1","Adaptation+1","Worship","Evaluate","EmptyMind","Ragnarok","CrushJoints","Wallop"],"relics":["PureWater","Gremlin Horn","Pear","Toy Ornithopter","Runic Pyramid","Centennial Puzzle","Nloth\u0027s Gift"],"acts_visited":["Exordium","TheCity"],"potions_floor_usage":[],"damage_taken":[{"damage":0.0,"enemies":"2 Louse","floor":1.0,"turns":1.0},{"damage":0.0,"enemies":"Cultist","floor":4.0,"turns":1.0},{"damage":0.0,"enemies":"Gremlin Nob","floor":6.0,"turns":1.0},{"damage":54.0,"enemies":"3 Sentries","floor":10.0,"turns":10.0},{"damage":0.0,"enemies":"Jaw Worm","floor":13.0,"turns":2.0},{"damage":25.0,"enemies":"Slime Boss","floor":16.0,"turns":4.0},{"damage":19.0,"enemies":"Shell Parasite","floor":18.0,"turns":4.0},{"damage":0.0,"enemies":"Chosen","floor":19.0,"turns":2.0},{"damage":6,"enemies":"Centurion and Healer","floor":24,"turns":5}],"seed_played":"-3513475088819673968","potions_obtained":[{"floor":1.0,"key":"Ancient Potion"},{"floor":3.0,"key":"FairyPotion"},{"floor":16.0,"key":"Weak Potion"}],"is_trial":false,"path_per_floor":["M","?","?","M","$","E","?","R","T","E","?","R","M","$","R","B",null,"M","M","?","$","?","$","M"],"character_chosen":"WATCHER","items_purchased":["Adaptation","EmptyMind"],"campfire_rested":1,"item_purchase_floors":[5,14],"current_hp_per_floor":[61,61,61,61,61,61,66,66,76,22,22,22,22,22,46,26,69,50,50,50,50,50,50,44,44],"gold":37,"neow_bonus":"THREE_ENEMY_KILL","is_daily":false,"chose_seed":false,"campfire_upgraded":2,"win_rate":0.0,"timestamp":1611343785,"path_taken":["M","?","?","?","$","E","?","R","T","E","?","R","M","?","R","BOSS","M","M","?","$","?","$","M"],"items_purchased_type":["Card","Card"],"build_version":"2020-12-22","purchased_purges":0,"victory":false,"max_hp_per_floor":[68,68,68,68,68,68,73,73,83,83,83,83,83,83,83,83,83,83,83,83,83,83,83,83,83],"card_choices":[{"not_picked":["Evaluate","Prostrate"],"picked":"ForeignInfluence","floor":1.0},{"not_picked":["ThirdEye","CrushJoints","CutThroughFate"],"picked":"SKIP","floor":4.0},{"not_picked":["MasterReality","DeceiveReality","PathToVictory"],"picked":"SKIP","floor":6.0},{"not_picked":["Protect","Perseverance"],"picked":"Worship","floor":10.0},{"not_picked":["Vengeance","ClearTheMind"],"picked":"Evaluate","floor":13.0},{"not_picked":["Omniscience","Scrawl"],"picked":"Ragnarok","floor":16.0},{"not_picked":["FollowUp","Halt"],"picked":"CrushJoints","floor":18.0},{"not_picked":["CrushJoints","FollowUp"],"picked":"Wallop","floor":19.0}],"player_experience":806997,"relics_obtained":[{"floor":6.0,"key":"Gremlin Horn"},{"floor":9.0,"key":"Pear"},{"floor":10.0,"key":"Toy Ornithopter"}],"event_choices":[{"damage_healed":0.0,"max_hp_gain":0.0,"max_hp_loss":0.0,"gold_gain":0.0,"event_name":"Living Wall","player_choice":"Grow","floor":2.0,"gold_loss":0.0,"damage_taken":0.0,"cards_upgraded":["Eruption"]},{"damage_healed":0.0,"max_hp_gain":0.0,"max_hp_loss":0.0,"gold_gain":0.0,"event_name":"The Woman in Blue","player_choice":"Bought 1 Potion","floor":3.0,"gold_loss":0.0,"damage_taken":0.0},{"damage_healed":0.0,"max_hp_gain":5.0,"max_hp_loss":0.0,"gold_gain":0.0,"event_name":"Big Fish","player_choice":"Donut","floor":7.0,"gold_loss":0.0,"damage_taken":0.0},{"damage_healed":0.0,"max_hp_gain":0.0,"max_hp_loss":0.0,"gold_gain":0.0,"event_name":"Liars Game","player_choice":"Ignored","floor":11.0,"gold_loss":0.0,"damage_taken":0.0},{"damage_healed":0.0,"max_hp_gain":0.0,"max_hp_loss":0.0,"gold_gain":0.0,"event_name":"Addict","player_choice":"Obtained Relic","floor":20.0,"gold_loss":85.0,"damage_taken":0.0,"relics_obtained":["Centennial Puzzle"]},{"damage_healed":0.0,"max_hp_gain":0.0,"max_hp_loss":0.0,"gold_gain":0.0,"event_name":"N\u0027loth","player_choice":"Traded Relic","floor":22.0,"relics_lost":["NeowsBlessing"],"gold_loss":0.0,"damage_taken":0.0,"relics_obtained":["Nloth\u0027s Gift"]}],"is_beta":false,"boss_relics":[{"not_picked":["Empty Cage","SlaversCollar"],"picked":"Runic Pyramid"}],"items_purged_floors":[],"is_endless":false,"potions_floor_spawned":[1,16,18,19],"killed_by":"Centurion and Healer","ascension_level":20}}