{"host":"bq4pt811tk9yrmjl","time":1611278475,"event":{"mods":["AchievementEnabler","BaseMod","Colored Map","Colored Powertips","Defuse TimeMaze Blight","Hermit","Minty Spire (QoL Compilation)","StSLib","SuperFastMode"],"gold_per_floor":[110,110,185,185,197,197,228,228,228,258,277,277,294,138,138,235,235,250,264,264,22,22,22,22,22,49,81,81,91,106,126,126,126,126],"floor_reached":33,"language":"ENG","playtime":511,"items_purged":[],"score":313,"play_id":"d54d56bf-eaeb-4e87-ab64-54f1ee954e6d","local_time":"20210121232115","is_ascension_mode":true,"campfire_choices":[{"data":"Bash","floor":6,"key":"SMITH"},{"data":"Anger","floor":8,"key":"SMITH"},{"data":"Juggernaut","floor":15,"key":"SMITH"},{"floor":23,"key":"RECALL"},{"data":"Flame Barrier","floor":25,"key":"SMITH"},{"floor":32,"key":"REST"}],"circlet_count":0,"master_deck":["Strike_R+1","Strike_R+1","Strike_R+1","Defend_R+1","Defend_R+1","Defend_R+1","Defend_R+1","Bash+1","Anger+1","Juggernaut+1","Intimidate+1","Flame Barrier+1","Twin Strike+1","Flex+1"],"relics":["Burning Blood","NeowsBlessing","TungstenRod","Turnip","Whetstone","Lee\u0027s Waffle","Empty Cage","PreservedInsect","Ornamental Fan"],"acts_visited":["Exordium","TheCity"],"potions_floor_usage":[10,13,16,27,27,27,27,27,27,27,29,29,30],"damage_taken":[{"damage":0,"enemies":"Small Slimes","floor":1,"turns":1},{"damage":0,"enemies":"Jaw Worm","floor":5,"turns":1},{"damage":0,"enemies":"Gremlin Nob","floor":7,"turns":1},{"damage":19,"enemies":"Lagavulin","floor":10,"turns":4},{"damage":0,"enemies":"2 Louse","floor":11,"turns":3},{"damage":4,"enemies":"Gremlin Gang","floor":13,"turns":5},{"damage":46,"enemies":"Hexaghost","floor":16,"turns":7},{"damage":16,"enemies":"3 Byrds","floor":18,"turns":6},{"damage":17,"enemies":"Shell Parasite","floor":19,"turns":5},{"damage":6,"enemies":"Book of Stabbing","floor":27,"turns":5},{"damage":1,"enemies":"Cultist and Chosen","floor":29,"turns":4},{"damage":0,"enemies":"Snake Plant","floor":30,"turns":4},{"damage":0,"enemies":"Snecko","floor":31,"turns":7},{"damage":92,"enemies":"Automaton","floor":33,"turns":8}],"seed_played":"-7764993057979164324","potions_obtained":[{"floor":1,"key":"GamblersBrew"},{"floor":7,"key":"Energy Potion"},{"floor":10,"key":"PowerPotion"},{"floor":13,"key":"FearPotion"},{"floor":19,"key":"Regen Potion"},{"floor":29,"key":"Ancient Potion"}],"is_trial":false,"path_per_floor":["M","?","?","?","M","R","E","R","T","E","M","?","M","$","R","B",null,"M","M","?","$","?","R","?","R","T","E","?","M","M","M","R","B"],"character_chosen":"IRONCLAD","items_purchased":["Lee\u0027s Waffle","PreservedInsect","EntropicBrew"],"campfire_rested":1,"item_purchase_floors":[14,21,21],"current_hp_per_floor":[80,80,69,69,75,75,80,80,80,67,73,73,75,87,87,47,87,77,66,66,66,66,66,66,66,66,80,64,69,75,81,92,0,0],"gold":126,"neow_bonus":"THREE_ENEMY_KILL","is_daily":false,"chose_seed":false,"campfire_upgraded":4,"win_rate":0.0,"timestamp":1611278475,"path_taken":["M","?","?","?","M","R","E","R","T","E","M","?","M","$","R","BOSS","M","?","?","$","?","R","?","R","T","E","?","M","M","M","R","BOSS"],"items_purchased_type":["Relic","Relic","Potion"],"build_version":"2020-12-22","purchased_purges":0,"victory":false,"max_hp_per_floor":[80,80,80,80,80,80,80,80,80,80,80,80,80,87,87,87,87,87,87,87,87,87,87,87,87,87,87,92,92,92,92,92,92,92],"card_choices":[{"not_picked":["Infernal Blade","Flex","Headbutt"],"picked":"SKIP","floor":1},{"not_picked":["Shrug It Off","True Grit","Bloodletting"],"picked":"SKIP","floor":5},{"not_picked":["Twin Strike","Thunderclap"],"picked":"Anger","floor":7},{"not_picked":["Armaments","Anger","True Grit"],"picked":"SKIP","floor":10},{"not_picked":["Dual Wield","Reckless Charge","Dropkick"],"picked":"SKIP","floor":11},{"not_picked":["Clothesline","Headbutt"],"picked":"Juggernaut","floor":13},{"not_picked":["Feel No Pain","Flex","Headbutt"],"picked":"SKIP","floor":18},{"not_picked":["Pummel+1","Pommel Strike"],"picked":"Intimidate+1","floor":19},{"not_picked":["Corruption","Perfected Strike+1"],"picked":"Twin Strike+1","floor":27},{"not_picked":["Twin Strike","Perfected Strike","Flex"],"picked":"SKIP","floor":29},{"not_picked":["Dropkick","Heavy Blade","Perfected Strike"],"picked":"SKIP","floor":30},{"not_picked":["Perfected Strike+1","Warcry"],"picked":"Flex+1","floor":31}],"player_experience":204592,"relics_obtained":[{"floor":7,"key":"TungstenRod"},{"floor":9,"key":"Turnip"},{"floor":10,"key":"Whetstone"},{"floor":27,"key":"Ornamental Fan"}],"event_choices":[{"damage_healed":0,"gold_gain":0,"player_choice":"Ignored","damage_taken":0,"max_hp_gain":0,"max_hp_loss":0,"event_name":"Golden Wing","floor":2,"gold_loss":0},{"damage_healed":0,"gold_gain":75,"player_choice":"Gather Gold","damage_taken":11,"max_hp_gain":0,"max_hp_loss":0,"event_name":"World of Goop","floor":3,"gold_loss":0},{"damage_healed":0,"gold_gain":0,"player_choice":"Leave","damage_taken":0,"max_hp_gain":0,"max_hp_loss":0,"event_name":"The Cleric","floor":4,"gold_loss":0},{"damage_healed":0,"gold_gain":0,"player_choice":"Ignored","damage_taken":0,"max_hp_gain":0,"max_hp_loss":0,"event_name":"NoteForYourself","floor":12,"gold_loss":0},{"damage_healed":0,"gold_gain":0,"player_choice":"Simplicity","damage_taken":0,"max_hp_gain":0,"max_hp_loss":0,"event_name":"Back to Basics","floor":20,"gold_loss":0,"cards_upgraded":["Strike_R","Defend_R","Defend_R","Defend_R","Defend_R"]},{"damage_healed":0,"gold_gain":0,"player_choice":"Ignored","damage_taken":0,"max_hp_gain":0,"max_hp_loss":0,"event_name":"Vampires","floor":22,"gold_loss":0},{"damage_healed":0,"gold_gain":0,"player_choice":"Read","damage_taken":0,"max_hp_gain":0,"max_hp_loss":0,"event_name":"The Library","floor":24,"gold_loss":0,"cards_obtained":["Flame Barrier"]},{"damage_healed":0,"gold_gain":0,"player_choice":"Shed Blood","damage_taken":22,"max_hp_gain":5,"max_hp_loss":0,"event_name":"Forgotten Altar","floor":28,"gold_loss":0}],"is_beta":false,"boss_relics":[{"not_picked":["SacredBark","Cursed Key"],"picked":"Empty Cage"}],"items_purged_floors":[],"is_endless":false,"potions_floor_spawned":[1,7,10,13,19,29],"killed_by":"Automaton","ascension_level":1}}