{"host":"ekyl8r8j8fco3zlk","time":1611305286,"event":{"mods":["ATMod(∞¢Ë™Mod)","Act Like it!","Arknights The Spire","BaseMod","CapriCore","Decade(Õı–°√˜)","Dota2Spire","Friendly Minions","Gensokyo","Lobotomy","LobotomyExtend","Marisa£®ÏF”Í°°ƒß¿Ì…≥£©","Minty Spire (QoL Compilation)","READ ME - Guardian Mod","Rare Cards Sparkle","Reimu£®≤©¿ˆ¡È√Œ£©","StSLib","The Alterego","The Immortal","The Jungle","TheWitcher","Waifu the Spire","WarShipGirlsR/’ΩΩ¢…Ÿ≈ÆR mod","Yakumo Yukari mod","°æ“≈ŒÔø®≈∆°øREMEMod"],"gold_per_floor":[118,137,151,161,161,196,196,246,273,299,299,337,354,379,379,507,507,547,569,346,375,375,375],"floor_reached":22,"language":"ZHS","playtime":1458,"items_purged":[],"score":194,"play_id":"c8c4acca-4736-4f0c-9967-b026ad48ce9c","local_time":"20210122164806","is_ascension_mode":false,"campfire_choices":[{"floor":7,"key":"REST"},{"data":"SnafuTest:BountyHunt","floor":11,"key":"SMITH"},{"floor":15,"key":"REST"}],"circlet_count":0,"master_deck":["SnafuTest:DefaultCommonAttack","SnafuTest:DefaultCommonAttack","SnafuTest:DefaultCommonAttack+1","SnafuTest:BountyHunt+1","SnafuTest:DefaultCommonSkill","SnafuTest:DefaultCommonSkill","SnafuTest:DefaultCommonSkill","SnafuTest:SignIgni","SnafuTest:BountyHunt+1","AT_DrawKnifeCut","SnafuTest:AncestralRitual+1","SnafuTest:BloodForBlood","SnafuTest:PowerTrialOfGrasses","SnafuTest:SignQuen","SnafuTest:Shooting","SnafuTest:WhiteWolfRise","SnafuTest:BombDimeritium","SnafuTest:SmashingSlash","SnafuTest:PhantomMemory","SnafuTest:PayBank","SnafuTest:WarofClans","SnafuTest:NoPass","SnafuTest:LastWish","SnafuTest:ExcessiveLevies+1"],"relics":["SnafuTest:UnstableMutagenRelic","AT_ATBox","REME_ComplimentaryCards","LetterFromLob","REME_ArchaeologicalTools","SnafuTest:IgniRelic","SnafuTest:EnergyMutagenRelic","Bag of Preparation"],"acts_visited":["Exordium","TheCity"],"potions_floor_usage":[6,16,21],"damage_taken":[{"damage":6,"enemies":"Cultist","floor":1,"turns":3},{"damage":3,"enemies":"Jaw Worm","floor":2,"turns":4},{"damage":10,"enemies":"Small Slimes","floor":3,"turns":2},{"damage":19,"enemies":"Blue Slaver","floor":4,"turns":5},{"damage":12,"enemies":"Lagavulin","floor":6,"turns":6},{"damage":2,"enemies":"2 Fungi Beasts","floor":8,"turns":2},{"damage":9,"enemies":"Large Slime","floor":10,"turns":3},{"damage":8,"enemies":"Gremlin Gang","floor":12,"turns":4},{"damage":5,"enemies":"Looter","floor":13,"turns":3},{"damage":0,"enemies":"Exordium Wildlife","floor":14,"turns":4},{"damage":28,"enemies":"The Guardian","floor":16,"turns":14},{"damage":25,"enemies":"Chosen","floor":18,"turns":5},{"damage":12,"enemies":"3 Byrds","floor":19,"turns":4},{"damage":33,"enemies":"Shelled Parasite and Fungi","floor":21,"turns":7},{"damage":29,"enemies":"3 Cultists","floor":22,"turns":3}],"seed_played":"1628753823349058728","potions_obtained":[{"floor":1,"key":"EssenceOfSteel"},{"floor":2,"key":"ZuzhouPotion:ReiMu"},{"floor":10,"key":"FairyPotion"},{"floor":16,"key":"Fire Potion"},{"floor":18,"key":"AttackPotion"},{"floor":19,"key":"Dexterity Potion"}],"is_trial":false,"path_per_floor":["M","M","M","M","?","E","R","M","T","M","R","M","M","M","R","B",null,"M","M","$","M","M"],"character_chosen":"THE_WITCHER","items_purchased":["Bag of Preparation","SnafuTest:LastWish"],"campfire_rested":2,"item_purchase_floors":[20,20],"current_hp_per_floor":[69,66,56,37,22,10,32,30,30,21,21,13,8,8,30,2,75,50,38,38,5,0,0],"gold":375,"neow_bonus":"UPGRADE_CARD","is_daily":false,"chose_seed":false,"campfire_upgraded":1,"win_rate":0.0,"timestamp":1611305286,"path_taken":["M","M","M","?","?","E","R","M","T","M","R","M","M","M","R","BOSS","M","M","$","M","M"],"items_purchased_type":["Relic","Card"],"build_version":"2020-12-22","purchased_purges":0,"victory":false,"max_hp_per_floor":[75,75,75,75,75,75,75,75,75,75,75,75,75,75,75,75,75,75,75,75,75,75,75],"card_choices":[{"not_picked":["SnafuTest:MCFeignDeath","SnafuTest:BattleCry"],"picked":"SnafuTest:AncestralRitual","floor":1},{"not_picked":["SnafuTest:MCPlayGwent","SnafuTest:MCMockAndRun"],"picked":"SnafuTest:BloodForBlood","floor":2},{"not_picked":["SnafuTest:ArmoredSortie","SnafuTest:Oriole"],"picked":"SnafuTest:PowerTrialOfGrasses","floor":3},{"not_picked":["SnafuTest:SmashingSlash","SnafuTest:Siege"],"picked":"SnafuTest:SignQuen","floor":4},{"not_picked":["SnafuTest:BloodForBlood","SnafuTest:FirstAid"],"picked":"SnafuTest:Shooting","floor":6},{"not_picked":["SnafuTest:HermitsErudition","SnafuTest:MCPlayGwent"],"picked":"SnafuTest:WhiteWolfRise","floor":8},{"not_picked":["SnafuTest:Shooting","SnafuTest:SpellBlindFury"],"picked":"SnafuTest:BombDimeritium","floor":10},{"not_picked":["SnafuTest:SignIgni","SnafuTest:PowerAlwaysAWay"],"picked":"SnafuTest:SmashingSlash","floor":12},{"not_picked":["SnafuTest:MercilessReaper","SnafuTest:AncestralRitual"],"picked":"SnafuTest:PhantomMemory","floor":13},{"not_picked":["SnafuTest:BlueWhale","SnafuTest:PayGnomePedlar"],"picked":"SnafuTest:PayBank","floor":14},{"not_picked":["SnafuTest:Decapitate","SnafuTest:MelitelesCare"],"picked":"SnafuTest:WarofClans","floor":16},{"not_picked":["SnafuTest:PayBank+1","SnafuTest:ExcessiveLevies","SnafuTest:PayGnomePedlar"],"picked":"SKIP","floor":18},{"not_picked":["SnafuTest:SpellLivingArmor","SnafuTest:PowerProbingFeint"],"picked":"SnafuTest:NoPass","floor":19},{"not_picked":["SnafuTest:WorldMap","SnafuTest:PowerTrialOfGrasses"],"picked":"SnafuTest:ExcessiveLevies+1","floor":21}],"player_experience":680908,"relics_obtained":[{"floor":1,"key":"LetterFromLob"},{"floor":6,"key":"REME_ArchaeologicalTools"},{"floor":9,"key":"SnafuTest:IgniRelic"}],"event_choices":[{"damage_healed":0,"gold_gain":0,"player_choice":"Entered Light","damage_taken":15,"max_hp_gain":0,"max_hp_loss":0,"event_name":"Shining Light","floor":5,"gold_loss":0,"cards_upgraded":["SnafuTest:DefaultCommonAttack","SnafuTest:AncestralRitual"]}],"is_beta":false,"boss_relics":[{"not_picked":["Coffee Dripper","Runic Dome"],"picked":"SnafuTest:EnergyMutagenRelic"}],"items_purged_floors":[],"is_endless":false,"potions_floor_spawned":[1,2,10,16,18,19],"killed_by":"3 Cultists","ascension_level":0}}