{"host":"ws1rigs6jhqnf67d","time":1611333630,"event":{"mods":["BaseMod","Friendly Minions","KinomotoSakuraMod(ƒæ÷Æ±æ”£)","Kiyohime£®«Âºß£©","Lobotomy","LobotomyExtend","Marisa£®ÏF”Í°°ƒß¿Ì…≥£©","Minty Spire (QoL Compilation)","Remilia£®¿Ÿ√◊¿Ú—«£©","StSLib","The Bug Knight","Youmu£®ªÍ∆«—˝√Œ£©","[IsaacMod]“‘»ˆº‚À˛"],"gold_per_floor":[114,114,127,127,137,162,180,208,234,234,261,279,291,301,301,402,402,422,422,440,450,468,468,468],"floor_reached":23,"language":"ZHS","playtime":818,"items_purged":[],"score":303,"play_id":"2cb08bda-8e3a-4dd8-931e-e1279c720647","local_time":"20210123004030","is_ascension_mode":true,"campfire_choices":[{"data":"Venomology","floor":10,"key":"SMITH"},{"data":"Envenom","floor":15,"key":"SMITH"}],"circlet_count":0,"master_deck":["Strike_G","Strike_G","Strike_G","Strike_G","Strike_G","Defend_G","Defend_G","Defend_G","Defend_G","Defend_G","Survivor","Neutralize","Riddle With Holes","Backstab","Venomology+1","Dagger Spray","Bouncing Flask","Blade Dance","Envenom+1","Adrenaline","Normality","Dash"],"relics":["Ring of the Snake","HushsDoor","BelialBook","LetterFromLob","Art of War","Snake Skull","ScarletDevilRocket","Bird Faced Urn","Black Star"],"acts_visited":["Exordium","TheCity"],"potions_floor_usage":[12,13,16,18,20,20,20,21,22,23,23],"damage_taken":[{"damage":3,"enemies":"2 Louse","floor":1,"turns":5},{"damage":1,"enemies":"Small Slimes","floor":3,"turns":3},{"damage":0,"enemies":"Cultist","floor":5,"turns":3},{"damage":15,"enemies":"Lagavulin","floor":6,"turns":3},{"damage":0,"enemies":"2 Fungi Beasts","floor":7,"turns":3},{"damage":0,"enemies":"3 Sentries","floor":8,"turns":2},{"damage":10,"enemies":"Lagavulin","floor":11,"turns":3},{"damage":3,"enemies":"Looter","floor":12,"turns":2},{"damage":18,"enemies":"HollowMod:HuskWarrior","floor":13,"turns":5},{"damage":1,"enemies":"Blue Slaver","floor":14,"turns":3},{"damage":10,"enemies":"The Guardian","floor":16,"turns":7},{"damage":19,"enemies":"2 Thieves","floor":18,"turns":3},{"damage":27,"enemies":"Shell Parasite","floor":20,"turns":6},{"damage":0,"enemies":"Shelled Parasite and Fungi","floor":21,"turns":2},{"damage":12,"enemies":"Snake Plant","floor":22,"turns":3},{"damage":43,"enemies":"Slavers","floor":23,"turns":4}],"seed_played":"2842557879961953605","potions_obtained":[{"floor":1,"key":"Poison Potion"},{"floor":3,"key":"FairyPotion"},{"floor":20,"key":"FearPotion"}],"is_trial":false,"path_per_floor":["M","?","M","?","M","E","M","E","T","R","E","M","M","M","R","B",null,"M","?","M","M","M","E"],"character_chosen":"THE_SILENT","items_purchased":[],"campfire_rested":0,"item_purchase_floors":[],"current_hp_per_floor":[74,79,78,78,78,63,63,63,63,63,53,50,32,31,31,23,67,50,50,25,25,15,0,0],"gold":468,"neow_bonus":"TEN_PERCENT_HP_BONUS","is_daily":false,"chose_seed":false,"campfire_upgraded":2,"win_rate":0.0,"timestamp":1611333630,"path_taken":["M","?","M","?","M","E","M","E","T","R","E","M","?","M","R","BOSS","M","?","M","M","?","E"],"items_purchased_type":[],"build_version":"2020-12-22","purchased_purges":0,"victory":false,"max_hp_per_floor":[77,82,82,82,82,82,82,82,82,82,82,82,82,82,82,82,82,82,82,82,82,82,82,82],"card_choices":[{"not_picked":[],"picked":"ChaosCard","floor":0},{"not_picked":["Deflect","Finisher"],"picked":"Riddle With Holes","floor":1},{"not_picked":["Flying Knee","Deadly Poison"],"picked":"Backstab","floor":3},{"not_picked":["Prepared","Skewer"],"picked":"Venomology","floor":5},{"not_picked":["Underhanded Strike","Expertise"],"picked":"Dagger Spray","floor":6},{"not_picked":["Expertise","Prepared"],"picked":"Bomb","floor":7},{"not_picked":["Concentrate","Expertise","Setup"],"picked":"SKIP","floor":8},{"not_picked":["Escape Plan","Deadly Poison"],"picked":"Bouncing Flask","floor":11},{"not_picked":["Deflect","Masterful Stab"],"picked":"Blade Dance","floor":12},{"not_picked":["Endless Agony","Flying Knee","Dagger Throw"],"picked":"SKIP","floor":13},{"not_picked":["PiercingWail","Bane"],"picked":"Envenom","floor":14},{"not_picked":["Wraith Form v2","Venomology"],"picked":"Adrenaline","floor":16},{"not_picked":["Underhanded Strike","Reflex+1","Acrobatics+1"],"picked":"SKIP","floor":18},{"not_picked":["Endless Agony","Dodge and Roll","Quick Slash"],"picked":"SKIP","floor":20},{"not_picked":["Reflex","Setup+1"],"picked":"Dash","floor":21},{"not_picked":["Concentrate","Well Laid Plans","Dodge and Roll"],"picked":"SKIP","floor":22}],"player_experience":821601,"relics_obtained":[{"floor":1,"key":"LetterFromLob"},{"floor":6,"key":"Art of War"},{"floor":8,"key":"Snake Skull"},{"floor":9,"key":"ScarletDevilRocket"},{"floor":11,"key":"Bird Faced Urn"}],"event_choices":[{"damage_healed":0,"gold_gain":0,"player_choice":"Donut","damage_taken":0,"max_hp_gain":5,"max_hp_loss":0,"event_name":"Big Fish","floor":2,"gold_loss":0}],"is_beta":false,"boss_relics":[{"not_picked":["Fusion Hammer","Runic Pyramid"],"picked":"Black Star"},{"not_picked":[]}],"items_purged_floors":[],"is_endless":false,"potions_floor_spawned":[1,3,6,11,16,20],"killed_by":"Slavers","ascension_level":5}}