{"host":"9jkzatiwan7o33sr","time":1611275442,"event":{"mods":["A Magickal Journey","AchievementEnabler","Act Like it!","Aspiration","BaseMod","Colored Map","Colored Powertips","Conspire","Downfall","Duelist Mod","GifTheSpireLib","Hallownest","Hermit","Hubris","Infinite Spire","Marisa????????","Mimic Mod","Minty Spire (QoL Compilation)","StSLib","Stuff the Spire","Td1madao Mod","The Animator","The Bug Knight","The Construct","The Cursed","The Disciple","The Elementalist","The Factory","The Hierophant","The Jungle","The Mystic","The Necromancer","The Poker Player","The Runesmith","The Servant 0.9.4","The Witch","[IsaacMod]????"],"gold_per_floor":[111,130,130,150,17,17,45,45,45,55,55,55,55,55,55,156,156,172,158,73,37,57,57,90,107,183,208,208,208],"floor_reached":28,"language":"ENG","playtime":4939,"items_purged":[],"score":258,"play_id":"7e8a0568-43c8-4903-8fe1-80ce23acd6ee","local_time":"20210122013042","is_ascension_mode":true,"campfire_choices":[{"data":"Eruption","floor":6,"key":"SMITH"},{"data":"LikeWater","floor":8,"key":"SMITH"},{"data":"Vigilance","floor":11,"key":"SMITH"},{"data":"PathToVictory","floor":13,"key":"SMITH"},{"floor":15,"key":"REST"},{"floor":23,"key":"REST"}],"circlet_count":0,"master_deck":["Strike_P","Strike_P","Strike_P","Strike_P","Defend_P","Defend_P","Defend_P","Eruption+1","Vigilance+1","PathToVictory+1","ClearTheMind","LikeWater+1","PathToVictory","Good Instincts","EmptyBody","CutThroughFate","Establishment","SashWhip+1","Study+1","Tantrum","Consecrate","Sanctity","EmptyBody","DevaForm"],"relics":["PureWater","HushsDoor","PunchingBag","Odd Mushroom","StuffTheSpire:Rhapsscallions","hubris:Icosahedron","VioletLotus","hubris:SlimyHat","Tiny Chest","Sundial","infinitespire:BottledMercury"],"acts_visited":["Exordium","TheCity"],"potions_floor_usage":[25,27,28,28],"damage_taken":[{"damage":0.0,"enemies":"Cultist","floor":1.0,"turns":2.0},{"damage":5.0,"enemies":"Small Slimes","floor":2.0,"turns":4.0},{"damage":4.0,"enemies":"Jaw Worm","floor":4.0,"turns":4.0},{"damage":10,"enemies":"The Mushroom Lair","floor":7,"turns":4},{"damage":4,"enemies":"Exordium Wildlife","floor":10,"turns":3},{"damage":4,"enemies":"Hexaghost","floor":16,"turns":6},{"damage":5,"enemies":"Shell Parasite","floor":18,"turns":5},{"damage":10,"enemies":"2 Thieves","floor":19,"turns":4},{"damage":12,"enemies":"conspire:HollyBat","floor":22,"turns":7},{"damage":6,"enemies":"HollowMod:Nosk","floor":24,"turns":7},{"damage":16,"enemies":"Snake Plant","floor":25,"turns":4},{"damage":24,"enemies":"conspire:Head Lice","floor":27,"turns":6},{"damage":42,"enemies":"Cultist and Chosen","floor":28,"turns":6}],"seed_played":"221239225567633596","potions_obtained":[{"floor":1.0,"key":"ColorlessPotion"},{"floor":4,"key":"Block Potion"},{"floor":16,"key":"infinitespire:BlackPotion"},{"floor":27,"key":"Regen Potion"}],"is_trial":false,"path_per_floor":["M","M","?","M","$","R","?","R","T","M","R","?","R","$","R","B",null,"M","M","?","$","M","R","E","M","T","E","M"],"character_chosen":"WATCHER","items_purchased":["PathToVictory","Good Instincts","Tantrum"],"campfire_rested":2,"item_purchase_floors":[5,5,21],"current_hp_per_floor":[79,74,74,70,70,70,60,60,64,60,60,60,60,60,83,79,83,78,68,68,68,56,80,74,58,58,34,0,0],"gold":208,"neow_bonus":"TEN_PERCENT_HP_BONUS","is_daily":false,"chose_seed":false,"campfire_upgraded":4,"win_rate":0.0,"timestamp":1611275442,"path_taken":["M","M","?","M","$","R","?","R","T","M","R","?","R","$","R","BOSS","M","M","?","$","M","R","E","M","T","E","M"],"items_purchased_type":["Card","Card","Card"],"build_version":"2020-12-22","purchased_purges":0,"victory":false,"max_hp_per_floor":[79,79,79,79,79,79,79,79,83,83,83,83,83,83,83,83,83,83,83,83,83,83,83,83,83,83,83,83,83],"card_choices":[{"not_picked":["SashWhip","Worship"],"picked":"PathToVictory","floor":1.0},{"not_picked":["Weave","ThirdEye"],"picked":"ClearTheMind","floor":2.0},{"not_picked":["Prostrate","ClearTheMind"],"picked":"LikeWater","floor":4},{"not_picked":["Evaluate","ClearTheMind"],"picked":"EmptyBody","floor":7},{"not_picked":["FollowUp","SashWhip"],"picked":"CutThroughFate","floor":10},{"not_picked":["Omniscience","Blasphemy"],"picked":"Establishment","floor":16},{"not_picked":["Halt","Crescendo"],"picked":"SashWhip+1","floor":18},{"not_picked":["ClearTheMind","SashWhip+1"],"picked":"Study+1","floor":19},{"not_picked":["FlurryOfBlows","Crescendo"],"picked":"Consecrate","floor":22},{"not_picked":["ThirdEye","JustLucky"],"picked":"Sanctity","floor":24},{"not_picked":["CutThroughFate","Nirvana"],"picked":"EmptyBody","floor":25},{"not_picked":["InnerPeace+1","CutThroughFate"],"picked":"DevaForm","floor":27}],"player_experience":598915,"relics_obtained":[{"floor":7,"key":"Odd Mushroom"},{"floor":9,"key":"StuffTheSpire:Rhapsscallions"},{"floor":24,"key":"Tiny Chest"},{"floor":26,"key":"Sundial"},{"floor":27,"key":"infinitespire:BottledMercury"}],"event_choices":[{"damage_healed":0,"gold_gain":0,"player_choice":"Fought Mushrooms","damage_taken":0,"max_hp_gain":0,"max_hp_loss":0,"event_name":"Mushrooms","floor":7,"gold_loss":0},{"damage_healed":0,"gold_gain":0,"player_choice":"Obtained Relic","damage_taken":0,"relics_obtained":["hubris:SlimyHat"],"max_hp_gain":0,"max_hp_loss":0,"event_name":"Addict","floor":20,"gold_loss":85}],"is_beta":false,"boss_relics":[{"not_picked":["Runic Dome","SlaversCollar"],"picked":"VioletLotus"},{"not_picked":[]}],"items_purged_floors":[],"is_endless":false,"potions_floor_spawned":[1,4,16,18,24,27],"killed_by":"Cultist and Chosen","ascension_level":1}}