{"host":"g1wmg2w41xhsnw8g","time":1611303309,"event":{"mods":["2.2 Compatiblity","Act Like it!","BaseMod","Better Altar","Better Match","Better Note","Better Sensory Stone","Better Skull","Better Third Choice","BetterRewards","Booster Modes","CapriCore","Colored Map","Colored Powertips","Defuse TimeMaze Blight","Displayed Cursed Tome","Evolution","Fox Events","Friendly Minions","GifTheSpireLib","Good Game Mod","Googly Eyes","Infinite Spire","Minty Spire (QoL Compilation)","Red Circlet Mod","Relic Sorter","SCP261 Mod","Shop Mod","Spicy Shops","Spire Arcade","StSLib","The Poker Player","The Runesmith","The Sage","Transform Curses","Wandering Minibosses","Wide Potions","????"],"gold_per_floor":[118,131,131,146,165,165,199,0,26,26,26,40,65,65,65,186,186,206,121,121,136,136,175,175,269,293,334,334,360,310,334,104,234,234,255,255,273,292,16,56,56,56,83,124,18,62,85,85,85,85],"floor_reached":51,"language":"ENG","playtime":4201,"items_purged":["Runesmith:MakeshiftArmor"],"score":1160,"play_id":"2e94c2f9-aa31-425b-a6e8-5388c9a12b17","local_time":"20210122031508","daily_mods":["Heirloom","Elite Swarm"],"is_ascension_mode":true,"campfire_choices":[{"data":"PokerPlayerMod:CloakAndDiamond","floor":6,"key":"SMITH"},{"data":"Runesmith:ArcReactor","floor":11,"key":"SMITH"},{"data":"Runesmith:HammerThrow","floor":15,"key":"SMITH"},{"data":"Enlightenment","floor":24,"key":"SMITH"},{"data":"Runesmith:BackupBattery","floor":41,"key":"SMITH"},{"data":"PokerPlayerMod:CardPrinter","floor":49,"key":"SMITH"}],"circlet_count":0,"master_deck":["Runesmith:Overpower","Runesmith:HeatedChisel","Runesmith:EnergizedChisel+1","Runesmith:HammerThrow+1","Runesmith:StaticCage","Runesmith:EarthShield","PokerPlayerMod:CloakAndDiamond+1","Runesmith:CraftFirestone","Runesmith:Fortify","Runesmith:HeatExchange","Runesmith:Permafrost","DeusExMachina+1","Runesmith:ArcReactor+1","Runesmith:ChaoticBlast+1","Runesmith:CraftMagma","Runesmith:CraftMedicinae+1","Enlightenment+1","Runesmith:CraftVitae","Runesmith:RuneHurl+1","Runesmith:Duplicate","Runesmith:GrandSlam","Runesmith:BackupBattery+1","Runesmith:RunicBlueprint+1","PokerPlayerMod:SpadeStrike","Runesmith:Supernova+1","PokerPlayerMod:CardPrinter+1","Runesmith:CraftPrismatica"],"relics":["Runesmith:BrokenRuby","REME:ComplimentaryCards","EVO:Axolotl","TungstenRod","Runesmith:MiniCore","HornCleat","Nunchaku","Vajra","Odd Mushroom","Golden Idol","infinitespire:Cupcake","Ice Cream","Pocketwatch","infinitespire:Joker Card","Bag of Preparation","Oddly Smooth Stone","MerchantsRug","Omamori","Philosopher\u0027s Stone","wanderingMiniBosses:Inkheart","Membership Card","OrangePellets","Runesmith:Nanobots","Runesmith:AutoHammer","Smiling Mask","War Paint","MealTicket"],"acts_visited":["Exordium","TheCity","TheBeyond"],"potions_floor_usage":[7,21,21,25,40,50],"damage_taken":[{"damage":0,"enemies":"Small Slimes","floor":1,"turns":2},{"damage":3,"enemies":"2 Louse","floor":2,"turns":2},{"damage":0,"enemies":"Cultist","floor":4,"turns":4},{"damage":5,"enemies":"2 Fungi Beasts","floor":5,"turns":2},{"damage":0,"enemies":"Lagavulin","floor":7,"turns":4},{"damage":3,"enemies":"Looter","floor":12,"turns":3},{"damage":0,"enemies":"The Mushroom Lair","floor":13,"turns":4},{"damage":0,"enemies":"Hexaghost","floor":16,"turns":8},{"damage":0,"enemies":"Chosen","floor":18,"turns":3},{"damage":5,"enemies":"Shell Parasite","floor":21,"turns":6},{"damage":6,"enemies":"Book of Stabbing","floor":23,"turns":6},{"damage":0,"enemies":"Slavers","floor":25,"turns":3},{"damage":6,"enemies":"Book of Stabbing","floor":27,"turns":6},{"damage":0,"enemies":"Sentry and Sphere","floor":31,"turns":3},{"damage":7,"enemies":"Collector","floor":33,"turns":10},{"damage":0,"enemies":"Orb Walker","floor":35,"turns":7},{"damage":0,"enemies":"3 Darklings","floor":37,"turns":3},{"damage":0,"enemies":"Jaw Worm Horde","floor":38,"turns":3},{"damage":45,"enemies":"Reptomancer","floor":40,"turns":4},{"damage":0,"enemies":"Nemesis","floor":44,"turns":5},{"damage":0,"enemies":"Reptomancer","floor":46,"turns":5},{"damage":0,"enemies":"Writhing Mass","floor":47,"turns":5},{"damage":30,"enemies":"Donu and Deca","floor":50,"turns":10}],"seed_played":"4498873221547411277","potions_obtained":[{"floor":1,"key":"SpeedPotion"},{"floor":4,"key":"SneckoOil"},{"floor":5,"key":"Strength Potion"},{"floor":16,"key":"Energy Potion"},{"floor":23,"key":"ColorlessPotion"},{"floor":27,"key":"DuplicationPotion"},{"floor":31,"key":"BlessingOfTheForge"},{"floor":35,"key":"SCP261:EnergyGasPotion"},{"floor":37,"key":"Swift Potion"},{"floor":47,"key":"SCP261:DewritoBlazePotion"}],"is_trial":true,"path_per_floor":["M","M","?","M","M","R","E","?","T","?","R","M","?","?","R","B",null,"M","?","?","M","$","E","R","E","T","E","?","T","?","M","R","B",null,"M","?","M","M","$","E","R","?","T","E","$","E","M","?","R","B",null],"character_chosen":"RUNESMITH_CLASS","items_purchased":["MerchantsRug","Omamori","Membership Card","OrangePellets","PokerPlayerMod:SpadeStrike","War Paint","PokerPlayerMod:CardPrinter"],"campfire_rested":0,"item_purchase_floors":[32,32,39,39,39,45,45],"current_hp_per_floor":[72,69,52,52,47,47,47,53,53,53,53,50,50,50,50,53,78,78,78,78,73,73,70,70,70,70,72,72,72,72,72,72,73,78,78,78,78,78,78,33,33,33,33,33,33,50,50,78,78,48],"gold":85,"neow_bonus":"","is_daily":false,"chose_seed":false,"campfire_upgraded":6,"win_rate":0.0,"timestamp":1611303308,"path_taken":["M","M","?","M","M","R","E","?","T","?","R","?","?","?","R","BOSS","M","?","?","M","$","E","R","E","T","E","?","?","?","?","R","BOSS","M","?","M","?","$","E","R","?","T","E","?","E","M","?","R","BOSS"],"items_purchased_type":["Relic","Relic","Relic","Relic","Card","Relic","Card"],"build_version":"2020-12-22","purchased_purges":1,"victory":true,"max_hp_per_floor":[72,72,72,72,72,72,72,78,78,78,78,78,78,78,78,78,78,78,78,78,78,78,78,78,78,78,78,78,78,78,78,78,78,78,78,78,78,78,78,78,78,78,78,78,78,78,78,78,78,78],"card_choices":[{"not_picked":["Runesmith:Overpower","Runesmith:EnergizedChisel"],"picked":"Runesmith:HeatExchange","floor":1},{"not_picked":["Runesmith:Prism","Runesmith:Electrocute"],"picked":"Runesmith:Permafrost","floor":2},{"not_picked":["Runesmith:RuneHurl","Runesmith:UnlimitedPower"],"picked":"Runesmith:ChaoticBlast","floor":4},{"not_picked":["PokerPlayerMod:MagicTrick","PokerPlayerMod:CardBurn"],"picked":"Runesmith:CraftMagma","floor":5},{"not_picked":["PokerPlayerMod:SecretDealer","Runesmith:ArcReactor"],"picked":"Runesmith:CraftMedicinae","floor":7},{"not_picked":["Runesmith:ShiftingStrike","Runesmith:MakeshiftArmor","Runesmith:UnstableHammer"],"picked":"SKIP","floor":12},{"not_picked":["PokerPlayerMod:Raise+1","PokerPlayerMod:ClubsClub"],"picked":"Runesmith:CraftVitae","floor":18},{"not_picked":["PokerPlayerMod:HiddenCard","Runesmith:Prism"],"picked":"Runesmith:RuneHurl+1","floor":21},{"not_picked":["Runesmith:ArcReactor","PokerPlayerMod:TheDieIsCast","Runesmith:LastStand"],"picked":"SKIP","floor":23},{"not_picked":["PokerPlayerMod:ChangeRules","PokerPlayerMod:VarietyAttack"],"picked":"Runesmith:Duplicate","floor":25},{"not_picked":["Runesmith:DuctTape","Runesmith:LastStand","PokerPlayerMod:StackedDeck"],"picked":"SKIP","floor":27},{"not_picked":["PokerPlayerMod:HotShotCut","Runesmith:ChiselStab+1","Runesmith:CraftProtectio"],"picked":"SKIP","floor":31},{"not_picked":["PokerPlayerMod:TheDieIsCast","Runesmith:CreatorForm"],"picked":"Runesmith:GrandSlam","floor":33},{"not_picked":["PokerPlayerMod:SpadeStrike+1","PokerPlayerMod:DartThrow+1"],"picked":"Runesmith:BackupBattery","floor":35},{"not_picked":["PokerPlayerMod:CardBurn","Runesmith:ChargedHammer"],"picked":"Runesmith:RunicBlueprint+1","floor":37},{"not_picked":["Runesmith:EarthShield+1","Runesmith:MakeshiftArmor+1","Runesmith:BackupBattery+1"],"picked":"SKIP","floor":38},{"not_picked":["Runesmith:ArcReactor","Runesmith:LastStand"],"picked":"Runesmith:Supernova","floor":40},{"not_picked":["PokerPlayerMod:Duplicate","PokerPlayerMod:GamblerForm","Runesmith:LightningRod"],"picked":"SKIP","floor":44},{"not_picked":["PokerPlayerMod:WildCard","PokerPlayerMod:StackedDeck"],"picked":"Runesmith:CraftPrismatica","floor":46},{"not_picked":["PokerPlayerMod:Configure+1","PokerPlayerMod:RiskyBet","PokerPlayerMod:ClubsClub"],"picked":"SKIP","floor":47}],"player_experience":1034650,"relics_obtained":[{"floor":7,"key":"Nunchaku"},{"floor":9,"key":"Vajra"},{"floor":13,"key":"Odd Mushroom"},{"floor":23,"key":"Pocketwatch"},{"floor":25,"key":"infinitespire:Joker Card"},{"floor":26,"key":"Bag of Preparation"},{"floor":27,"key":"Oddly Smooth Stone"},{"floor":29,"key":"Whetstone"},{"floor":35,"key":"wanderingMiniBosses:Inkheart"},{"floor":40,"key":"Runesmith:Nanobots"},{"floor":43,"key":"Runesmith:AutoHammer"},{"floor":44,"key":"Smiling Mask"},{"floor":46,"key":"MealTicket"}],"event_choices":[{"damage_healed":0,"gold_gain":1,"player_choice":"Relic Relic Card ","damage_taken":24,"max_hp_gain":0,"max_hp_loss":0,"event_name":"betterThird:BetterScrap","floor":3,"gold_loss":0,"cards_obtained":["DeusExMachina","ConjureBlade"]},{"damage_healed":0,"gold_gain":0,"player_choice":"RENOUNCE","damage_taken":199,"max_hp_gain":0,"max_hp_loss":0,"event_name":"betterThird:BetterSerpent","floor":8,"gold_loss":199,"cards_obtained":["Enlightenment"]},{"cards_removed":["DeusExMachina"],"damage_healed":0,"gold_gain":0,"player_choice":"Give","damage_taken":0,"max_hp_gain":0,"max_hp_loss":0,"event_name":"betterNote:BetterNote","floor":10,"gold_loss":0,"cards_obtained":["None"]},{"damage_healed":0,"gold_gain":0,"player_choice":"Fought Mushrooms","damage_taken":0,"max_hp_gain":0,"max_hp_loss":0,"event_name":"Mushrooms","floor":13,"gold_loss":0},{"damage_healed":0,"gold_gain":0,"player_choice":"Take Wound","damage_taken":0,"relics_obtained":["Golden Idol"],"max_hp_gain":0,"max_hp_loss":0,"event_name":"Golden Idol","floor":14,"gold_loss":0,"cards_obtained":["Injury"]},{"damage_healed":0,"gold_gain":0,"player_choice":"Obtained Relic","damage_taken":0,"relics_obtained":["Ice Cream"],"max_hp_gain":0,"max_hp_loss":0,"event_name":"Addict","floor":19,"gold_loss":85},{"damage_healed":0,"gold_gain":0,"player_choice":"Bet on Murderer","damage_taken":0,"max_hp_gain":0,"max_hp_loss":0,"event_name":"The Joust","floor":30,"gold_loss":50},{"cards_removed":["Injury"],"damage_healed":0,"gold_gain":0,"player_choice":"Removed Curses","damage_taken":0,"max_hp_gain":0,"max_hp_loss":0,"event_name":"Fountain of Cleansing","floor":36,"gold_loss":0},{"damage_healed":28,"gold_gain":0,"player_choice":"Full Heal","damage_taken":0,"max_hp_gain":0,"max_hp_loss":0,"event_name":"Wheel of Change","floor":48,"gold_loss":0}],"is_beta":false,"boss_relics":[{"not_picked":["Runesmith:UraniumAnvil","Empty Cage"],"picked":"infinitespire:Cupcake"},{"not_picked":["Runic Dome","Fusion Hammer"],"picked":"Philosopher\u0027s Stone"}],"items_purged_floors":[39],"is_endless":false,"potions_floor_spawned":[1,4,5,16,23,27,31,35,37,47],"ascension_level":1}}