{"host":"1qxljlv0g0hslid3","time":1611321184,"event":{"mods":["2.2 Compatiblity","AchievementEnabler","Act Like it!","Astrologer","BaseMod","Beaked The Cultist","BetterRewards","Clawfect","Conspire","Custom Start","Dio Mod","Elementarium","Energized Spire","Googly Eyes","GungeonMod","Hallownest","Hermit","Hero for Fun","Hubris","Infinite Spire","Lobotomy","LobotomyExtend","Magitek Elite","Marisa????????","Minty Spire (QoL Compilation)","Prisma Mod","Remilia??????","Replay The Spire","Shop Mod","StSLib","The Administrix","The Alterego","The Animator","The Bug Knight","The Cursed","The Death Knight","The Elementalist","The Hierophant","The Jungle","The Necromancer","The Runesmith","The Senshi","The Servant 0.9.4","Wandering Minibosses","Yuri Mod","everything is the same but u backflip on backflip","slay the spire mod where everything is the same but ironclad has a cowboy hat"],"gold_per_floor":[114,114,64,64,64,103,103,103,103,103,137,6,26,51,51,179,179,179,179,179,179,197,197,237,252,252,296,347,369,369],"floor_reached":29,"language":"ENG","playtime":1736,"items_purged":[],"score":357,"play_id":"2e2f6bca-5b4f-45e2-a224-7d458767d3a3","local_time":"20210122071304","is_ascension_mode":true,"campfire_choices":[{"data":"KidneyShot","floor":7,"key":"SMITH"},{"data":"Potential","floor":10,"key":"SMITH"},{"floor":15,"key":"DIG"},{"floor":23,"key":"REST"}],"circlet_count":0,"master_deck":["Woodsman","Strike_S","Strike_S","Strike_S","Strike_S","Defend_S","Defend_S","Defend_S","KidneyShot+1","Exchange","Wellcheers","BottledTime","Bloodbath","Potential+1","Revamp","Revamp","Foresight","Rewind","ShyLook","Potential","ShatteredReality","SurpressingFire+1","ShatteredReality","Comet+1","Deny+1","AbeCurse","Alleviate+1"],"relics":["Uniform","CogitoBucket","LetterFromLob","Ring of Fury","Golden Idol","Shuriken","Garlic","Replay:Ringing Soul","Toxic Egg 2","DemoMod:Orange","hubris:RunicObelisk","Moonlight_r","Abe\u0027s Treasure","ScarletDevilRocket","hubris:Icosahedron","hubris:Towel","HellTrain","Shovel","DemoMod:WeirdEgg","Replay:Bandana","Logging_r"],"acts_visited":["Exordium","TheCity"],"potions_floor_usage":[6,24],"damage_taken":[{"damage":0,"enemies":"2 Louse","floor":1,"turns":3},{"damage":0,"enemies":"3 Sentries","floor":6,"turns":7},{"damage":27,"enemies":"Gremlin Nob","floor":11,"turns":5},{"damage":8,"enemies":"Jaw Worm","floor":13,"turns":2},{"damage":0,"enemies":"Cultist","floor":14,"turns":2},{"damage":6,"enemies":"Fading Forest","floor":16,"turns":11},{"damage":0,"enemies":"3 Byrds","floor":22,"turns":1},{"damage":4,"enemies":"Book of Stabbing","floor":24,"turns":3},{"damage":14,"enemies":"Shell Parasite","floor":25,"turns":6},{"damage":6,"enemies":"Slavers","floor":27,"turns":3},{"damage":18,"enemies":"3 Cultists","floor":28,"turns":4},{"damage":45,"enemies":"Shelled Parasite and Fungi","floor":29,"turns":4}],"seed_played":"-6402977470175512298","potions_obtained":[{"floor":1,"key":"DemoMod:LeadSkinPotion"},{"floor":11,"key":"Weak Potion"},{"floor":13,"key":"Weak Potion"},{"floor":16,"key":"LifebloodPotion"},{"floor":25,"key":"Venom Potion"}],"is_trial":false,"path_per_floor":["M","?","?","?","$","E","R","?","T","R","E","$","M","M","R","B",null,"M","AVR","?","?","M","R","E","M","T","E","M","M"],"character_chosen":"THE_SERVANT","items_purchased":["Shuriken","ShatteredReality","SurpressingFire"],"campfire_rested":1,"item_purchase_floors":[5,12,12],"current_hp_per_floor":[65,65,65,60,44,47,47,47,47,47,26,29,24,27,39,44,87,4,7,7,7,10,37,43,42,42,61,44,0,0],"gold":369,"neow_bonus":"","is_daily":false,"chose_seed":false,"campfire_upgraded":2,"win_rate":0.0,"timestamp":1611321184,"path_taken":["M","?","?","?","?","E","R","?","T","R","E","?","?","M","R","BOSS","M","AVR","?","?","M","R","E","M","T","E","M","M"],"items_purchased_type":["Relic","Card","Card"],"build_version":"2020-12-22","purchased_purges":0,"victory":false,"max_hp_per_floor":[65,65,65,60,60,60,60,60,60,60,63,66,69,72,84,87,87,87,90,90,90,93,93,93,93,93,96,96,96,96],"card_choices":[{"not_picked":["GreedKing","FieryBird"],"picked":"Wellcheers","floor":1},{"not_picked":["DoubleEdge","Rearm"],"picked":"BottledTime","floor":1},{"not_picked":["CrumblingArmor","VoidDream"],"picked":"Bloodbath","floor":6},{"not_picked":["Rewind","TheWorld","Snipe"],"picked":"SKIP","floor":6},{"not_picked":["SnowQueen","BigBadWolf"],"picked":"ShyLook","floor":11},{"not_picked":["Sunlight","Starlight"],"picked":"Potential","floor":11},{"not_picked":["FlawlessForm","Misdirection+1"],"picked":"ShatteredReality","floor":13},{"not_picked":["Snipe","DoubleEdge"],"picked":"Comet","floor":14},{"not_picked":["FloweringNight","Initiator"],"picked":"Deny+1","floor":16},{"not_picked":["CrumblingArmor","PunishingBird"],"picked":"Woodsman","floor":22},{"not_picked":["RealityMarble","Ricochet","Starlight+1"],"picked":"SKIP","floor":22},{"not_picked":["Defy+1","Hightail+1","Moondial+1"],"picked":"SKIP","floor":24},{"not_picked":["Ricochet","Spin","FastForward+1"],"picked":"SKIP","floor":25},{"not_picked":["FieryBird","CherryBlossoms"],"picked":"DespairKnight","floor":27},{"not_picked":["InstantArmor+1","DoubleEdge+1"],"picked":"Alleviate+1","floor":27},{"not_picked":["Defy+1","FlawlessForm","DoubleEdge"],"picked":"SKIP","floor":28}],"player_experience":576858,"relics_obtained":[{"floor":1,"key":"LetterFromLob"},{"floor":2,"key":"Ring of Fury"},{"floor":6,"key":"Garlic"},{"floor":9,"key":"Replay:Ringing Soul"},{"floor":11,"key":"Toxic Egg 2"},{"floor":15,"key":"DemoMod:Orange"},{"floor":24,"key":"Shovel"},{"floor":26,"key":"DemoMod:WeirdEgg"},{"floor":27,"key":"Replay:Bandana"}],"event_choices":[{"cards_removed":["Defend_S"],"damage_healed":0,"gold_gain":0,"player_choice":"Card Removal","damage_taken":0,"max_hp_gain":0,"max_hp_loss":0,"event_name":"The Cleric","floor":3,"gold_loss":50},{"damage_healed":0,"gold_gain":0,"player_choice":"Lose Max HP","damage_taken":0,"relics_obtained":["Golden Idol"],"max_hp_gain":0,"max_hp_loss":5,"event_name":"Golden Idol","floor":4,"gold_loss":0}],"is_beta":false,"boss_relics":[{"not_picked":["hubris:ScarierMask","energizedSpire:CursedPentagram"],"picked":"hubris:RunicObelisk"}],"items_purged_floors":[],"is_endless":false,"potions_floor_spawned":[1,11,13,16,25],"killed_by":"Shelled Parasite and Fungi","ascension_level":1}}