{"host":"ss2ocoam53r2lno0","time":1611358552,"event":{"mods":["Act Like it!","BaseMod","ChefMod","Clockwork Mod","Colored Powertips","Curses Come First","Displayed Cursed Tome","Downfall","Evolution","Googly Eyes","Hallownest","Highlight Path","Minty Spire (QoL Compilation)","Poor People Problems","Rare Cards Sparkle","Robot Space Explorer","Shade Mod","Shop Mod","Spicy Shops","StSLib","The Marked"],"gold_per_floor":[109,109,109,184,184,216,141,166,166,166,179,4,4,15,15,88,88,13,63,75,87,137,137,137,137],"floor_reached":24,"language":"ENG","playtime":1595,"items_purged":["Clockwork:Strike","Clockwork:Shield"],"score":525,"play_id":"1a4cd014-ad87-4042-b957-049b80f99065","local_time":"20210123003552","is_ascension_mode":true,"campfire_choices":[{"data":"Clockwork:Tinker","floor":10,"key":"SMITH"},{"data":"Clockwork:CogShield","floor":15,"key":"SMITH"},{"data":"Clockwork:Efficiency","floor":23,"key":"SMITH"}],"circlet_count":0,"master_deck":["AscendersBane","Clockwork:Strike","Clockwork:Strike+1","Clockwork:Strike+1","Clockwork:Shield","Clockwork:Shield","Clockwork:Tinker+1","Clockwork:WarmUp","Clockwork:CogShield+1","Clockwork:Efficiency+1"],"relics":["Clockwork:MomentumEngine","EVO:Axolotl","NeowsBlessing","Singing Bowl","MealTicket","Bottled Lightning","Molten Egg 2","Blood Vial","sneckomod:SneckoTalon"],"acts_visited":["Exordium","TheCity"],"potions_floor_usage":[16],"damage_taken":[{"damage":0,"enemies":"Jaw Worm","floor":1,"turns":1},{"damage":0,"enemies":"Lagavulin","floor":6,"turns":1},{"damage":0,"enemies":"Gremlin Nob","floor":8,"turns":1},{"damage":0,"enemies":"2 Louse","floor":11,"turns":5},{"damage":0,"enemies":"Small Slimes","floor":14,"turns":7},{"damage":0,"enemies":"The Guardian","floor":16,"turns":15},{"damage":18,"enemies":"2 Thieves","floor":18,"turns":5},{"damage":2,"enemies":"3 Byrds","floor":20,"turns":7},{"damage":51,"enemies":"Snecko","floor":21,"turns":12},{"damage":31,"enemies":"Snake Plant","floor":24,"turns":7}],"seed_played":"6728898216215000799","potions_obtained":[{"floor":8,"key":"SteroidPotion"},{"floor":14,"key":"Strength Potion"}],"is_trial":false,"path_per_floor":["M","?","?","?","?","E","?","E","T","R","M","$","T","M","R","B",null,"M","?","M","M","?","R","M"],"character_chosen":"CLOCKWORK","items_purchased":[],"campfire_rested":0,"item_purchase_floors":[],"current_hp_per_floor":[71,66,42,31,36,38,38,38,38,38,40,55,55,59,59,63,85,71,71,73,26,26,26,0,0],"gold":137,"neow_bonus":"THREE_ENEMY_KILL","is_daily":false,"chose_seed":false,"campfire_upgraded":3,"win_rate":0.0,"timestamp":1611358552,"path_taken":["M","?","?","?","?","E","?","E","T","R","?","$","?","M","R","BOSS","M","?","M","?","?","R","M"],"items_purchased_type":[],"build_version":"2020-12-22","purchased_purges":2,"victory":false,"max_hp_per_floor":[79,79,79,79,84,86,86,86,86,86,88,88,88,90,90,92,92,94,94,96,98,98,98,98,98],"card_choices":[{"not_picked":["Clockwork:CogToss","Clockwork:Redundancy"],"picked":"Clockwork:CogShield","floor":1},{"not_picked":["Clockwork:Friction","Clockwork:Improve","Clockwork:CogShield"],"picked":"Singing Bowl","floor":6},{"not_picked":["Clockwork:TestingEnvironment","Clockwork:ReserveSystems"],"picked":"Clockwork:Efficiency","floor":8},{"not_picked":["Clockwork:PerfectedShield","Clockwork:CogShield","Clockwork:Redundancy+1"],"picked":"Singing Bowl","floor":11},{"not_picked":["Clockwork:AdaptiveCannon+1","Clockwork:AdaptiveShield","Clockwork:Minimalism"],"picked":"Singing Bowl","floor":14},{"not_picked":["Clockwork:UnlimitedCogworks","Clockwork:CraftQuicksilverHourglass+1","Clockwork:AeonShield"],"picked":"Singing Bowl","floor":16},{"not_picked":["Clockwork:RitualDaggerMk0+1","Clockwork:SmithsMallet+1","Clockwork:AdaptiveCannon+1"],"picked":"Singing Bowl","floor":18},{"not_picked":["Clockwork:Selectivity","Clockwork:Pluck+1","Clockwork:Roundhouse+1"],"picked":"Singing Bowl","floor":20},{"not_picked":["Clockwork:ChargingBlade+1","Clockwork:Redundancy+1","Clockwork:ChargingShield"],"picked":"Singing Bowl","floor":21}],"player_experience":813476,"relics_obtained":[{"floor":6,"key":"MealTicket"},{"floor":8,"key":"Bottled Lightning"},{"floor":9,"key":"Molten Egg 2"},{"floor":13,"key":"Blood Vial"}],"event_choices":[{"damage_healed":0,"gold_gain":0,"player_choice":"Success","damage_taken":5,"relics_obtained":["Singing Bowl"],"max_hp_gain":0,"max_hp_loss":0,"event_name":"Scrap Ooze","floor":2,"gold_loss":0},{"damage_healed":0,"gold_gain":0,"player_choice":"Entered Light","damage_taken":24,"max_hp_gain":0,"max_hp_loss":0,"event_name":"Shining Light","floor":3,"gold_loss":0,"cards_upgraded":["Clockwork:Strike","Clockwork:Strike"]},{"damage_healed":0,"gold_gain":75,"player_choice":"Gather Gold","damage_taken":11,"max_hp_gain":0,"max_hp_loss":0,"event_name":"World of Goop","floor":4,"gold_loss":0},{"damage_healed":0,"gold_gain":0,"player_choice":"Donut","damage_taken":0,"max_hp_gain":5,"max_hp_loss":0,"event_name":"Big Fish","floor":5,"gold_loss":0},{"cards_removed":["Clockwork:Shield"],"damage_healed":0,"gold_gain":0,"player_choice":"Card Removal","damage_taken":0,"max_hp_gain":0,"max_hp_loss":0,"event_name":"The Cleric","floor":7,"gold_loss":75},{"damage_healed":0,"gold_gain":50,"player_choice":"Pray","damage_taken":0,"max_hp_gain":0,"max_hp_loss":0,"event_name":"Golden Shrine","floor":19,"gold_loss":0},{"damage_healed":0,"gold_gain":50,"player_choice":"Stole From Cult","damage_taken":0,"max_hp_gain":0,"max_hp_loss":0,"event_name":"Nest","floor":22,"gold_loss":0}],"is_beta":false,"boss_relics":[{"not_picked":["expansioncontent:StudyCardRelic","Philosopher\u0027s Stone"],"picked":"sneckomod:SneckoTalon"}],"items_purged_floors":[12,12],"is_endless":false,"potions_floor_spawned":[8,14],"killed_by":"Snake Plant","ascension_level":15}}