{"host":"dubvjd3hvlwuhjqk","time":1611304265,"event":{"mods":["AchievementEnabler","BaseMod","Better Match","Better Third Choice","BetterRewards","ChefMod","Colored Map","Colored Powertips","Conspire","Curses Come First","Downfall","Energized Spire","Googly Eyes","GungeonMod","Hermit","Hubris","Infinite Spire","JesterMod","Minty Spire (QoL Compilation)","Permanent Neow","Quick Restart","Robot Space Explorer","Shade Mod","Shop Mod","StSLib","The Bladedancer","The Cursed","The Hayseed","The Jungle","The Servant 0.9.4","TheBandit","UnlockEverythingMod","egg"],"gold_per_floor":[113,153,133,151,151,151,163,188,188,226,152,152,152,192,192,312,312],"floor_reached":16,"language":"ENG","playtime":1015,"items_purged":[],"score":285,"play_id":"879a1cca-7d5c-476b-b83c-e7cec5ae98ba","local_time":"20210122103105","is_ascension_mode":false,"campfire_choices":[{"data":"RobotSpaceExplorer:MiniLasers","floor":6,"key":"SMITH"},{"floor":13,"key":"REST"},{"data":"RobotSpaceExplorer:PowerGlove","floor":15,"key":"SMITH"}],"circlet_count":0,"master_deck":["RobotSpaceExplorer:Strike","RobotSpaceExplorer:Strike","RobotSpaceExplorer:Defend","RobotSpaceExplorer:Defend","RobotSpaceExplorer:Defend","RobotSpaceExplorer:Defend","RobotSpaceExplorer:Scan","RobotSpaceExplorer:MiniLasers+1","RobotSpaceExplorer:FranticSearch","RobotSpaceExplorer:ImprovisedAttack","RobotSpaceExplorer:PlasmaMissile","RobotSpaceExplorer:PowerGlove+1","RobotSpaceExplorer:ScrapMissile","RobotSpaceExplorer:Pulsar","RobotSpaceExplorer:HighVoltage"],"relics":["RobotSpaceExplorer:RoboCore","DemoMod:Relodestone","Toolbox","conspire:BottledYoYo","CaptainsWheel","Golden Idol","Nunchaku"],"acts_visited":["Exordium"],"potions_floor_usage":[],"damage_taken":[{"damage":5,"enemies":"Cultist","floor":1,"turns":4},{"damage":7,"enemies":"infinitespire:Voidling","floor":2,"turns":4},{"damage":0,"enemies":"Small Slimes","floor":4,"turns":3},{"damage":2,"enemies":"Gremlin Gang","floor":7,"turns":2},{"damage":0,"enemies":"Gremlin Nob","floor":8,"turns":3},{"damage":0,"enemies":"Blue Slaver","floor":10,"turns":4},{"damage":5,"enemies":"3 Sentries","floor":14,"turns":9},{"damage":12,"enemies":"Hexaghost","floor":16,"turns":9}],"seed_played":"-3828951622830970516","potions_obtained":[{"floor":1,"key":"GamblersBrew"},{"floor":3,"key":"SmokeBomb"},{"floor":7,"key":"Weak Potion"}],"is_trial":false,"path_per_floor":["M","M","?","M","?","R","M","E","T","M","$","?","R","E","R","B"],"character_chosen":"RobotSpaceExplorer","items_purchased":["RobotSpaceExplorer:FranticSearch","RobotSpaceExplorer:ImprovisedAttack","Toolbox","RobotSpaceExplorer:HighVoltage"],"campfire_rested":1,"item_purchase_floors":[0,0,0,11],"current_hp_per_floor":[54,47,47,47,47,47,45,45,45,45,45,27,49,44,44,32,32],"gold":312,"neow_bonus":"","is_daily":false,"chose_seed":false,"campfire_upgraded":2,"win_rate":0.0,"timestamp":1611304265,"path_taken":["M","M","?","?","?","R","M","E","T","?","$","?","R","E","R","BOSS"],"items_purchased_type":["Card","Card","Relic","Card"],"build_version":"2020-12-22","purchased_purges":0,"victory":false,"max_hp_per_floor":[75,75,75,75,75,75,75,75,75,75,75,75,75,75,75,75,75],"card_choices":[{"not_picked":["RobotSpaceExplorer:ImprovisedAttack","RobotSpaceExplorer:Electroshield"],"picked":"RobotSpaceExplorer:PowerGlove","floor":1},{"not_picked":["RobotSpaceExplorer:GlueShot","RobotSpaceExplorer:Fix","RobotSpaceExplorer:DoubleBlock"],"picked":"SKIP","floor":2},{"not_picked":["RobotSpaceExplorer:ScrapToss","RobotSpaceExplorer:ToxicBomb","RobotSpaceExplorer:Jetpack"],"picked":"SKIP","floor":4},{"not_picked":["RobotSpaceExplorer:ScrapToss","RobotSpaceExplorer:FreezeRay"],"picked":"RobotSpaceExplorer:ScrapMissile","floor":7},{"not_picked":["RobotSpaceExplorer:PowerCollector","RobotSpaceExplorer:ShockKick"],"picked":"RobotSpaceExplorer:Pulsar","floor":8},{"not_picked":["RobotSpaceExplorer:Electroshield","RobotSpaceExplorer:SurgingStrike","RobotSpaceExplorer:Calculate"],"picked":"SKIP","floor":10},{"not_picked":["RobotSpaceExplorer:ScrapMissile","RobotSpaceExplorer:MakeshiftVolley","RobotSpaceExplorer:StunGrenade"],"picked":"SKIP","floor":14}],"player_experience":91786,"relics_obtained":[{"floor":8,"key":"conspire:BottledYoYo"},{"floor":9,"key":"CaptainsWheel"},{"floor":14,"key":"Nunchaku"}],"event_choices":[{"damage_healed":0,"gold_gain":0,"player_choice":"Bought 1 Potion","damage_taken":0,"max_hp_gain":0,"max_hp_loss":0,"event_name":"The Woman in Blue","floor":3,"gold_loss":0},{"cards_removed":["RobotSpaceExplorer:Strike"],"damage_healed":0,"gold_gain":0,"player_choice":"Offered Basic","damage_taken":0,"max_hp_gain":0,"max_hp_loss":0,"event_name":"Bonfire Elementals","floor":5,"gold_loss":0},{"damage_healed":0,"gold_gain":0,"player_choice":"Take Damage","damage_taken":18,"relics_obtained":["Golden Idol"],"max_hp_gain":0,"max_hp_loss":0,"event_name":"Golden Idol","floor":12,"gold_loss":0}],"is_beta":false,"boss_relics":[],"items_purged_floors":[],"is_endless":false,"potions_floor_spawned":[1,7,16],"killed_by":"Hexaghost","ascension_level":0}}