{"host":"b1dzdo8uo7e6jx8g","time":1611349422,"event":{"mods":["AchievementEnabler","BaseMod","BetterRewards","Colored Map","Highlight Path","Minty Spire (QoL Compilation)","StSLib"],"gold_per_floor":[119,119,134,149,166,166,166,186,211,246,246,261,295,306,306,403,403,418,437,437,437,536,536,585,597,597,608,627,147,147,147,147],"floor_reached":31,"language":"ENG","playtime":1118,"items_purged":["Regret"],"score":374,"play_id":"6778e3a1-7045-4d10-a019-ad7742b2490d","local_time":"20210122220342","is_ascension_mode":false,"campfire_choices":[{"floor":11,"key":"REST"},{"floor":15,"key":"REST"},{"floor":23,"key":"REST"},{"data":"Demon Form","floor":30,"key":"SMITH"}],"circlet_count":0,"master_deck":["Strike_R","Strike_R+1","Strike_R","Strike_R","Strike_R","Defend_R","Defend_R","Defend_R","Defend_R+1","Bash","Pommel Strike","Flex","Armaments","Twin Strike","Disarm","Heavy Blade","Battle Trance","Heavy Blade","Spot Weakness","Demon Form+1","Battle Trance","Uppercut+1","Anger","Ghostly","Ghostly","Ghostly","Ghostly","Ghostly","Metallicize+1"],"relics":["Burning Blood","Prayer Wheel","Red Skull","Centennial Puzzle","Gambling Chip","MealTicket","SacredBark","Ancient Tea Set","Omamori","Question Card","CeramicFish"],"acts_visited":["Exordium","TheCity"],"potions_floor_usage":[10,16],"damage_taken":[{"damage":0,"enemies":"2 Louse","floor":1,"turns":3},{"damage":4,"enemies":"Jaw Worm","floor":3,"turns":3},{"damage":1,"enemies":"Cultist","floor":4,"turns":3},{"damage":10,"enemies":"Blue Slaver","floor":5,"turns":5},{"damage":14,"enemies":"3 Louse","floor":8,"turns":3},{"damage":40,"enemies":"3 Sentries","floor":10,"turns":7},{"damage":2,"enemies":"Looter","floor":12,"turns":2},{"damage":21,"enemies":"Gremlin Nob","floor":13,"turns":4},{"damage":9,"enemies":"Exordium Thugs","floor":14,"turns":3},{"damage":21,"enemies":"Slime Boss","floor":16,"turns":10},{"damage":39,"enemies":"Chosen","floor":18,"turns":6},{"damage":40,"enemies":"3 Byrds","floor":19,"turns":5},{"damage":3,"enemies":"Snecko","floor":25,"turns":5},{"damage":11,"enemies":"Snake Plant","floor":27,"turns":6},{"damage":2,"enemies":"Centurion and Healer","floor":28,"turns":6},{"damage":43,"enemies":"3 Cultists","floor":31,"turns":4}],"seed_played":"6004546944436062236","potions_obtained":[{"floor":8,"key":"PowerPotion"},{"floor":10,"key":"Swift Potion"},{"floor":12,"key":"Weak Potion"},{"floor":13,"key":"CultistPotion"},{"floor":16,"key":"ColorlessPotion"}],"is_trial":false,"path_per_floor":["M","?","M","M","M","?","T","M","T","E","R","M","E","M","R","B",null,"M","M","?","?","?","R","T","M","T","M","M","$","R","M"],"character_chosen":"IRONCLAD","items_purchased":["Question Card","CeramicFish"],"campfire_rested":3,"item_purchase_floors":[29,29],"current_hp_per_floor":[76,76,78,80,76,60,60,52,52,18,42,46,31,28,52,37,80,47,13,13,8,8,21,21,24,24,19,23,38,38,0,0],"gold":147,"neow_bonus":"","is_daily":false,"chose_seed":false,"campfire_upgraded":1,"win_rate":0.0,"timestamp":1611349422,"path_taken":["M","?","M","M","M","?","?","?","T","E","R","M","E","M","R","BOSS","M","M","?","?","?","R","?","M","T","?","M","$","R","M"],"items_purchased_type":["Relic","Relic"],"build_version":"2020-12-22","purchased_purges":1,"victory":false,"max_hp_per_floor":[80,80,80,80,80,80,80,80,80,80,80,80,80,80,80,80,80,80,80,40,45,45,45,45,45,45,45,45,45,45,45,45],"card_choices":[{"not_picked":["Iron Wave","Sword Boomerang"],"picked":"Pommel Strike","floor":1},{"not_picked":["Wild Strike","Headbutt"],"picked":"Flex","floor":1},{"not_picked":["Warcry","Burning Pact"],"picked":"Armaments","floor":3},{"not_picked":["Shrug It Off","Flame Barrier","Havoc"],"picked":"SKIP","floor":3},{"not_picked":["Havoc","Wild Strike"],"picked":"Twin Strike","floor":4},{"not_picked":["Thunderclap","Armaments"],"picked":"Disarm","floor":4},{"not_picked":["Reckless Charge","Juggernaut"],"picked":"Heavy Blade","floor":5},{"not_picked":["Whirlwind","Headbutt","True Grit"],"picked":"SKIP","floor":5},{"not_picked":["Cleave","Sentinel","Thunderclap"],"picked":"SKIP","floor":8},{"not_picked":["True Grit","Warcry","Anger"],"picked":"SKIP","floor":8},{"not_picked":["Sever Soul","Exhume"],"picked":"Battle Trance","floor":10},{"not_picked":["Cleave","Shrug It Off"],"picked":"Heavy Blade","floor":12},{"not_picked":["Fire Breathing","Sentinel","Pommel Strike"],"picked":"SKIP","floor":12},{"not_picked":["Searing Blow","Dual Wield","Body Slam"],"picked":"SKIP","floor":13},{"not_picked":["Fire Breathing","Cleave"],"picked":"Spot Weakness","floor":14},{"not_picked":["Whirlwind","Body Slam","Twin Strike"],"picked":"SKIP","floor":14},{"not_picked":["Offering","Fiend Fire"],"picked":"Demon Form","floor":16},{"not_picked":["Pummel+1","Perfected Strike"],"picked":"Battle Trance","floor":18},{"not_picked":["Fire Breathing+1","Entrench+1"],"picked":"Uppercut+1","floor":18},{"not_picked":["Headbutt+1","True Grit+1"],"picked":"Anger","floor":19},{"not_picked":["Pommel Strike+1","Entrench","Dropkick"],"picked":"SKIP","floor":19},{"not_picked":["Havoc","Whirlwind"],"picked":"Metallicize+1","floor":25},{"not_picked":["Thunderclap","Brutality","Reckless Charge"],"picked":"SKIP","floor":25},{"not_picked":["Pommel Strike","Anger","Rampage+1"],"picked":"SKIP","floor":27},{"not_picked":["Rampage","Sword Boomerang","Clash"],"picked":"SKIP","floor":27},{"not_picked":["Havoc","Armaments","Clash"],"picked":"SKIP","floor":28},{"not_picked":["Barricade","Pommel Strike","Heavy Blade"],"picked":"SKIP","floor":28}],"player_experience":220923,"relics_obtained":[{"floor":9,"key":"Centennial Puzzle"},{"floor":10,"key":"Gambling Chip"},{"floor":13,"key":"MealTicket"},{"floor":24,"key":"Ancient Tea Set"},{"floor":26,"key":"Omamori"}],"event_choices":[{"damage_healed":0,"gold_gain":0,"player_choice":"Box","damage_taken":0,"relics_obtained":["Red Skull"],"max_hp_gain":0,"max_hp_loss":0,"event_name":"Big Fish","floor":2,"gold_loss":0,"cards_obtained":["Regret"]},{"damage_healed":0,"gold_gain":0,"player_choice":"Entered Light","damage_taken":16,"max_hp_gain":0,"max_hp_loss":0,"event_name":"Shining Light","floor":6,"gold_loss":0,"cards_upgraded":["Defend_R","Strike_R"]},{"damage_healed":0,"gold_gain":0,"player_choice":"Became a Ghost","damage_taken":0,"max_hp_gain":0,"max_hp_loss":40,"event_name":"Ghosts","floor":20,"gold_loss":0,"cards_obtained":["Ghostly","Ghostly","Ghostly","Ghostly","Ghostly"]},{"damage_healed":0,"gold_gain":0,"player_choice":"Shed Blood","damage_taken":10,"max_hp_gain":5,"max_hp_loss":0,"event_name":"Forgotten Altar","floor":21,"gold_loss":0},{"damage_healed":0,"gold_gain":99,"player_choice":"Stole From Cult","damage_taken":0,"max_hp_gain":0,"max_hp_loss":0,"event_name":"Nest","floor":22,"gold_loss":0}],"is_beta":false,"boss_relics":[{"not_picked":["Ectoplasm","Astrolabe"],"picked":"SacredBark"}],"items_purged_floors":[29],"is_endless":false,"potions_floor_spawned":[8,10,12,13,16,18,28],"killed_by":"3 Cultists","ascension_level":0}}