{"host":"0vd2boh2oi7jm085","time":1611298973,"event":{"mods":["BaseMod","Colored Map","Colored Powertips","Highlight Path","Minty Spire (QoL Compilation)","Quick Restart","StSLib","The IronCluck"],"gold_per_floor":[117,131,54,54,2,2,30,40,65,95,107,135,147,172,184,270,332,357,380,392,422,434,446,785,809,844,874,886,898,925,441,441,515,515,529,554,602,602,602,602,622,622,647,40,40,40,60,72,72,72,72],"floor_reached":50,"language":"ENG","playtime":1444,"items_purged":[],"score":1025,"play_id":"67ae47b5-ecb6-4887-839f-2b8fd1197c90","local_time":"20210121230253","is_ascension_mode":true,"campfire_choices":[{"data":"Perfected Strike","floor":6.0,"key":"SMITH"},{"data":"Perfected Strike","floor":13.0,"key":"SMITH"},{"data":"Perfected Strike","floor":15.0,"key":"SMITH"},{"data":"Perfected Strike","floor":23.0,"key":"SMITH"},{"floor":29.0,"key":"REST"},{"floor":32.0,"key":"REST"},{"data":"Seeing Red","floor":40.0,"key":"SMITH"},{"data":"Ghostly","floor":42.0,"key":"SMITH"},{"floor":49.0,"key":"REST"}],"circlet_count":0,"master_deck":["AscendersBane","Strike_R+1","Strike_R+1","Strike_R+1","Strike_R+1","Strike_R+1","Defend_R+1","Defend_R+1","Defend_R+1","Bash","Perfected Strike+1","Whirlwind","Perfected Strike+1","Perfected Strike+1","Double Tap","Perfected Strike+1","Pommel Strike","Pommel Strike+1","Ghostly","Ghostly","Ghostly+1","Seeing Red","Wild Strike","Twin Strike+1","Seeing Red+1","Wild Strike","Thunderclap","Enlightenment+1","Pommel Strike+1"],"relics":["Burning Blood","NeowsBlessing","Vajra","War Paint","MawBank","FaceOfCleric","Tiny House","Torii","Old Coin","Ancient Tea Set","Bag of Marbles","Bag of Preparation","Orrery","Runic Pyramid","TungstenRod","Unceasing Top","Blood Vial","Chemical X","Whetstone","Nunchaku"],"acts_visited":["Exordium","TheCity","TheBeyond"],"potions_floor_usage":[],"damage_taken":[{"damage":0.0,"enemies":"2 Louse","floor":1.0,"turns":1.0},{"damage":0.0,"enemies":"Cultist","floor":2.0,"turns":1.0},{"damage":0.0,"enemies":"Gremlin Nob","floor":7.0,"turns":1.0},{"damage":12.0,"enemies":"Small Slimes","floor":8.0,"turns":2.0},{"damage":0.0,"enemies":"2 Fungi Beasts","floor":10.0,"turns":2.0},{"damage":15.0,"enemies":"Large Slime","floor":12.0,"turns":5.0},{"damage":11.0,"enemies":"Gremlin Gang","floor":14.0,"turns":2.0},{"damage":48.0,"enemies":"The Guardian","floor":16.0,"turns":9.0},{"damage":25.0,"enemies":"2 Thieves","floor":18.0,"turns":3.0},{"damage":19.0,"enemies":"3 Byrds","floor":19.0,"turns":5.0},{"damage":11.0,"enemies":"Sentry and Sphere","floor":21.0,"turns":6.0},{"damage":24.0,"enemies":"Gremlin Leader","floor":24.0,"turns":5.0},{"damage":8.0,"enemies":"Chosen and Byrds","floor":25.0,"turns":4.0},{"damage":0.0,"enemies":"Snake Plant","floor":27.0,"turns":2.0},{"damage":15.0,"enemies":"Centurion and Healer","floor":30.0,"turns":7.0},{"damage":9.0,"enemies":"Champ","floor":33.0,"turns":7.0},{"damage":0.0,"enemies":"Orb Walker","floor":35.0,"turns":2.0},{"damage":0.0,"enemies":"Mind Bloom Boss Battle","floor":36.0,"turns":2.0},{"damage":10.0,"enemies":"2 Orb Walkers","floor":37.0,"turns":3.0},{"damage":0.0,"enemies":"3 Darklings","floor":41.0,"turns":3.0},{"damage":0.0,"enemies":"Writhing Mass","floor":47.0,"turns":1.0},{"damage":22.0,"enemies":"4 Shapes","floor":48.0,"turns":3.0},{"damage":123,"enemies":"Awakened One","floor":50,"turns":10}],"seed_played":"8908575259497072706","potions_obtained":[{"floor":8.0,"key":"Weak Potion"},{"floor":10.0,"key":"Fire Potion"},{"floor":17.0,"key":"FairyPotion"},{"floor":24.0,"key":"AttackPotion"},{"floor":36.0,"key":"DuplicationPotion"}],"is_trial":false,"path_per_floor":["M","M","$","?","$","R","E","M","T","M","?","M","R","M","R","B",null,"M","M","?","M","?","R","E","M","T","M","?","R","M","$","R","B",null,"M","?","?","?","?","R","M","R","T","$","?","?","M","M","R","B"],"character_chosen":"IRONCLAD","items_purchased":["Whirlwind","Perfected Strike","Bag of Marbles","Bag of Preparation","Orrery","Chemical X","Whetstone","Nunchaku","FairyPotion"],"campfire_rested":3,"item_purchase_floors":[3,5,31,31,31,44,44,44,44],"current_hp_per_floor":[74,75,75,75,75,75,75,69,69,75,75,67,67,63,63,22,69,51,39,39,35,35,35,18,17,17,24,24,37,29,29,43,41,46,49,50,47,47,47,47,52,52,52,52,52,46,53,38,54,0,0],"gold":72,"neow_bonus":"THREE_ENEMY_KILL","is_daily":false,"chose_seed":false,"campfire_upgraded":6,"win_rate":0.0,"timestamp":1611298973,"path_taken":["M","M","$","?","?","R","E","M","T","M","?","?","R","M","R","BOSS","M","?","?","M","?","R","E","?","T","M","?","R","M","$","R","BOSS","M","?","?","?","?","R","?","R","T","$","?","?","M","M","R","BOSS"],"items_purchased_type":["Card","Card","Relic","Relic","Relic","Relic","Relic","Relic","Potion"],"build_version":"2020-12-22","purchased_purges":0,"victory":false,"max_hp_per_floor":[75,75,75,75,75,75,75,75,75,75,75,76,76,77,77,78,83,84,85,42,43,43,43,44,45,45,46,46,46,47,47,47,48,48,49,50,51,51,51,51,52,52,52,52,52,52,53,54,54,54,54],"card_choices":[{"not_picked":["Sword Boomerang","Seeing Red"],"picked":"Perfected Strike","floor":1.0},{"not_picked":["Battle Trance","Dual Wield"],"picked":"Cleave","floor":2.0},{"not_picked":["Uppercut","Sever Soul","True Grit"],"picked":"SKIP","floor":7.0},{"not_picked":["Cleave","Sword Boomerang","Second Wind"],"picked":"SKIP","floor":8.0},{"not_picked":["Headbutt","Shrug It Off","Spot Weakness"],"picked":"SKIP","floor":10.0},{"not_picked":["Spot Weakness","Intimidate","Rampage"],"picked":"SKIP","floor":12.0},{"not_picked":["Entrench","Dual Wield"],"picked":"Perfected Strike","floor":14.0},{"not_picked":["Offering","Limit Break"],"picked":"Double Tap","floor":16.0},{"not_picked":["Twin Strike","Havoc"],"picked":"Perfected Strike","floor":17.0},{"not_picked":["Body Slam+1","Barricade"],"picked":"Pommel Strike","floor":18.0},{"not_picked":["Anger","Sentinel"],"picked":"Pommel Strike","floor":19.0},{"not_picked":["Shrug It Off","Dual Wield","Flame Barrier"],"picked":"SKIP","floor":21.0},{"not_picked":["Entrench","Flame Barrier","Whirlwind"],"picked":"SKIP","floor":24.0},{"not_picked":["Shrug It Off+1","Clothesline"],"picked":"Seeing Red","floor":25.0},{"not_picked":["Armaments+1","Pommel Strike","Heavy Blade"],"picked":"SKIP","floor":27.0},{"not_picked":["Heavy Blade","Rampage+1"],"picked":"Wild Strike","floor":30.0},{"not_picked":["Barricade","Shockwave"],"picked":"Twin Strike","floor":31.0},{"not_picked":["Warcry","Headbutt+1"],"picked":"Seeing Red","floor":31.0},{"not_picked":["Sword Boomerang","Fiend Fire"],"picked":"Wild Strike","floor":31.0},{"not_picked":["Rupture+1","Pummel+1"],"picked":"Thunderclap","floor":31.0},{"not_picked":["Blood for Blood","Twin Strike","Flex"],"picked":"SKIP","floor":35.0},{"not_picked":["Chrysalis","Madness"],"picked":"Enlightenment","floor":38.0},{"not_picked":["Warcry","Headbutt"],"picked":"Pommel Strike+1","floor":41.0},{"not_picked":["Power Through","Fire Breathing","Pummel"],"picked":"SKIP","floor":47.0},{"not_picked":["Wild Strike","Armaments","Intimidate+1"],"picked":"SKIP","floor":48.0}],"player_experience":109072,"relics_obtained":[{"floor":7.0,"key":"War Paint"},{"floor":9.0,"key":"MawBank"},{"floor":22.0,"key":"Torii"},{"floor":24.0,"key":"Old Coin"},{"floor":26.0,"key":"Ancient Tea Set"},{"floor":36.0,"key":"TungstenRod"},{"floor":37.0,"key":"Unceasing Top"},{"floor":43.0,"key":"Blood Vial"}],"event_choices":[{"cards_removed":["Cleave"],"damage_healed":0.0,"max_hp_gain":0.0,"max_hp_loss":0.0,"gold_gain":0.0,"event_name":"WeMeetAgain","player_choice":"Gave Card","floor":4.0,"gold_loss":0.0,"damage_taken":0.0,"relics_obtained":["Vajra"]},{"damage_healed":0.0,"max_hp_gain":0.0,"max_hp_loss":0.0,"gold_gain":0.0,"event_name":"FaceTrader","player_choice":"Trade","floor":11.0,"gold_loss":0.0,"damage_taken":0.0,"relics_obtained":["FaceOfCleric"]},{"damage_healed":0.0,"max_hp_gain":0.0,"max_hp_loss":43.0,"gold_gain":0.0,"event_name":"Ghosts","player_choice":"Became a Ghost","floor":20.0,"gold_loss":0.0,"damage_taken":0.0,"cards_obtained":["Ghostly","Ghostly","Ghostly"]},{"damage_healed":0.0,"max_hp_gain":0.0,"max_hp_loss":0.0,"gold_gain":0.0,"event_name":"Wheel of Change","player_choice":"Relic","floor":22.0,"gold_loss":0.0,"damage_taken":0.0},{"damage_healed":0.0,"max_hp_gain":0.0,"max_hp_loss":0.0,"gold_gain":0.0,"event_name":"Back to Basics","player_choice":"Simplicity","floor":28.0,"gold_loss":0.0,"damage_taken":0.0,"cards_upgraded":["Strike_R","Strike_R","Strike_R","Strike_R","Defend_R","Defend_R"]},{"damage_healed":0.0,"max_hp_gain":0.0,"max_hp_loss":0.0,"gold_gain":0.0,"event_name":"MindBloom","player_choice":"Fight","floor":36.0,"gold_loss":0.0,"damage_taken":0.0},{"damage_healed":0.0,"max_hp_gain":0.0,"max_hp_loss":0.0,"gold_gain":0.0,"event_name":"Mysterious Sphere","player_choice":"Fight","floor":37.0,"gold_loss":0.0,"damage_taken":0.0},{"damage_healed":0.0,"max_hp_gain":0.0,"max_hp_loss":0.0,"gold_gain":0.0,"event_name":"SensoryStone","player_choice":"Memory 1","floor":38.0,"gold_loss":0.0,"damage_taken":0.0},{"damage_healed":0.0,"max_hp_gain":0.0,"max_hp_loss":0.0,"gold_gain":0.0,"event_name":"Upgrade Shrine","player_choice":"Upgraded","floor":39.0,"gold_loss":0.0,"damage_taken":0.0,"cards_upgraded":["Enlightenment"]},{"cards_removed":["Defend_R"],"damage_healed":0.0,"max_hp_gain":0.0,"max_hp_loss":0.0,"gold_gain":0.0,"event_name":"Falling","player_choice":"Removed Skill","floor":45.0,"gold_loss":0.0,"damage_taken":0.0},{"damage_healed":0.0,"max_hp_gain":0.0,"max_hp_loss":0.0,"gold_gain":0.0,"event_name":"Wheel of Change","player_choice":"Damaged","floor":46.0,"gold_loss":0.0,"damage_taken":7.0}],"is_beta":false,"boss_relics":[{"not_picked":["Runic Cube","Empty Cage"],"picked":"Tiny House"},{"not_picked":["Philosopher\u0027s Stone","Black Blood"],"picked":"Runic Pyramid"}],"items_purged_floors":[],"is_endless":false,"potions_floor_spawned":[8,10,14,16,18,24,27,36,37,47],"killed_by":"Awakened One","ascension_level":19}}