{"host":"gbkezel2j61cgxyt","time":1611289820,"event":{"mods":["Aspiration","BaseMod","Better Skull","Better Third Choice","GifTheSpireLib","GungeonMod","Hermit","Highlight Path","Hubris","Infinite Spire","Lobotomy","Marisa????????","Minty Spire (QoL Compilation)","Rare Cards Sparkle","Relic Stats","Replay The Spire","StSLib","The Cursed","The Marked","The Necromancer","The Servant 0.9.4","The Wild Card"],"gold_per_floor":[114,129,144,159,174,174,204,219,219,219,249,249,249,264,264,364,364,379,379,294,22,22,22,37,37,37,37,37,52,67,67,67,97,97,197,197,212,212,212,227,227,242,257,257,272,272,272,272,272,272,272],"floor_reached":52,"language":"ENG","playtime":3298,"items_purged":["Vampiric_Strike"],"score":582,"play_id":"d9bdc01c-6f56-4510-976e-55d6f9da4560","local_time":"20210122043020","daily_mods":["Heirloom","Time Dilation","Night Terrors"],"is_ascension_mode":false,"campfire_choices":[{"data":"Summon_Undead_Army","floor":6,"key":"SMITH"},{"floor":10,"key":"REST"},{"data":"Uncharnel","floor":12,"key":"SMITH"},{"data":"Death_March_Dance","floor":15,"key":"SMITH"},{"data":"Slay_Living","floor":23,"key":"SMITH"},{"data":"Bone_Wall","floor":25,"key":"SMITH"},{"data":"Requiem","floor":27,"key":"SMITH"},{"data":"Consume_Illness","floor":34,"key":"SMITH"},{"data":"Summon_Death_Knight","floor":42,"key":"SMITH"},{"floor":46,"key":"REST"},{"data":"Summon_Vampire_Lady","floor":48,"key":"SMITH"},{"data":"Good Instincts","floor":51,"key":"SMITH"}],"circlet_count":0,"master_deck":["Strike_W","Strike_W","Strike_W","Strike_W","Defend_W","Defend_W","Defend_W","Defend_W","Negative_Energy_Arrows","Bone_Wall+1","Finger_Of_Death","Death_March_Dance+1","Summon_Undead_Army+1","Bone_Spikes","Strike_from_Beyond","Uncharnel+1","Pot Of Greed","Pot Of Greed","Hellfire","Spectral_Armor","Requiem+1","Slay_Living+1","Bone_Bullets","Negative_Energy_Shield","Summon_Lich+1","Pot Of Greed","Exploit","Consume_Illness+1","Summon_Death_Knight+1","Injury","DemoMod:TableTechHeat","Summon_Death_Knight+1","Good Instincts+1","infinitespire:Starlight","Stop_Heart","Summon_Vampire_Lady+1","Negative_Energy_Sphere+1","Pot Of Greed","Bone_Armor+1"],"relics":["Vampire_Amulet","hubris:Teleporter","Toy Ornithopter","Grinning Jar","infinitespire:FocusingShard","hubris:Icosahedron","Honey Jar","hubris:PeanutButter","aspiration:Lifesprig","infinitespire:PuzzleCube","Juzu Bracelet","ReplayTheSpireMod:SealedPack","hubris:Towel"],"acts_visited":["Exordium","TheCity","TheBeyond"],"potions_floor_usage":[8,8,24,33,35,35,52,52],"damage_taken":[{"damage":19,"enemies":"infinitespire:Voidling","floor":1,"turns":5},{"damage":0,"enemies":"Cultist","floor":2,"turns":4},{"damage":1,"enemies":"Small Slimes","floor":3,"turns":3},{"damage":31,"enemies":"Exordium Thugs","floor":4,"turns":4},{"damage":20,"enemies":"3 Louse","floor":5,"turns":3},{"damage":22,"enemies":"Lagavulin","floor":7,"turns":4},{"damage":7,"enemies":"Blue Slaver","floor":8,"turns":2},{"damage":13,"enemies":"Gremlin Nob","floor":11,"turns":4},{"damage":12,"enemies":"Exordium Thugs","floor":14,"turns":4},{"damage":30,"enemies":"Fading Forest","floor":16,"turns":11},{"damage":11,"enemies":"Chosen","floor":18,"turns":4},{"damage":22,"enemies":"2 Thieves","floor":24,"turns":3},{"damage":13,"enemies":"3 Cultists","floor":29,"turns":5},{"damage":8,"enemies":"Snecko","floor":30,"turns":4},{"damage":0,"enemies":"Gremlin Leader","floor":33,"turns":6},{"damage":56,"enemies":"Collector","floor":35,"turns":8},{"damage":47,"enemies":"3 Darklings","floor":37,"turns":6},{"damage":13,"enemies":"3 Shapes","floor":40,"turns":6},{"damage":13,"enemies":"Writhing Mass","floor":43,"turns":5},{"damage":56,"enemies":"Maw","floor":44,"turns":8},{"damage":50,"enemies":"Jaw Worm Horde","floor":47,"turns":5},{"damage":91,"enemies":"Donu and Deca","floor":52,"turns":7}],"seed_played":"8945501730091475425","potions_obtained":[{"floor":1,"key":"Toxic Potion"},{"floor":4,"key":"LiquidMemories"},{"floor":7,"key":"SkillPotion"},{"floor":18,"key":"FearPotion"},{"floor":24,"key":"Energy Potion"},{"floor":33,"key":"DuplicationPotion"},{"floor":40,"key":"FearPotion"},{"floor":44,"key":"LiquidMemories"}],"is_trial":false,"path_per_floor":["M","M","M","M","M","R","E","M","T","R","E","R","?","M","R","B",null,"M","?","?","$","?","R","M","R","T","R","$","M","M","PTL","PTL","E","R","B",null,"M","?","?","M","R","M","M","R","M","R","?","?","R","B"],"character_chosen":"NECROMANCER","items_purchased":["aspiration:Lifesprig","Bone_Bullets"],"campfire_rested":2,"item_purchase_floors":[21,21],"current_hp_per_floor":[67,69,72,45,33,33,13,18,18,70,59,59,59,53,53,49,70,61,61,61,61,61,61,48,48,48,48,48,41,35,35,35,50,50,17,70,25,25,25,28,28,30,4,65,42,42,45,45,45,0,0],"gold":272,"neow_bonus":"","is_daily":true,"chose_seed":false,"campfire_upgraded":10,"win_rate":0.0,"timestamp":1611289820,"path_taken":["M","?","M","?","M","R","E","M","T","R","E","R","?","M","R","BOSS","M","?","?","$","?","R","M","R","T","R","?","M","M","PTL","PTL","E","R","BOSS","M","?","?","M","R","M","M","R","M","R","?","?","R","BOSS"],"items_purchased_type":["Relic","Card"],"build_version":"2020-12-22","purchased_purges":1,"victory":false,"max_hp_per_floor":[75,75,75,75,75,75,75,75,75,70,70,70,70,70,70,70,70,70,70,70,70,70,70,70,70,70,70,70,70,70,70,70,70,70,70,70,70,70,70,70,70,70,70,65,65,65,65,65,65,65,65],"relic_stats":{"counters":[22,111],"Juzu Bracelet":1,"obtain_stats":[{"aspiration:Lifesprig":21,"hubris:Teleporter":0,"DemoMod:GlassGuonStoneRelic":1,"infinitespire:FocusingShard":11,"ReplayTheSpireMod:SealedPack":36,"Juzu Bracelet":33,"hubris:Towel":38,"hubris:Icosahedron":13,"Honey Jar":17,"hubris:PeanutButter":20,"Vampire_Amulet":0,"Grinning Jar":9,"Toy Ornithopter":7,"infinitespire:PuzzleCube":26},{"aspiration:Lifesprig":11,"hubris:Teleporter":0,"DemoMod:GlassGuonStoneRelic":1,"infinitespire:FocusingShard":8,"ReplayTheSpireMod:SealedPack":16,"Juzu Bracelet":15,"hubris:Towel":17,"hubris:Icosahedron":8,"Honey Jar":10,"hubris:PeanutButter":11,"Vampire_Amulet":0,"Grinning Jar":7,"Toy Ornithopter":6,"infinitespire:PuzzleCube":12},{"aspiration:Lifesprig":48,"hubris:Teleporter":0,"DemoMod:GlassGuonStoneRelic":5,"infinitespire:FocusingShard":29,"ReplayTheSpireMod:SealedPack":74,"Juzu Bracelet":66,"hubris:Towel":80,"hubris:Icosahedron":29,"Honey Jar":44,"hubris:PeanutButter":48,"Vampire_Amulet":0,"Grinning Jar":25,"Toy Ornithopter":23,"infinitespire:PuzzleCube":51}],"Toy Ornithopter":40},"card_choices":[{"not_picked":["Bone_Armor","Bones_to_Steel"],"picked":"Finger_Of_Death","floor":1},{"not_picked":["Toxic_Smoke_Screen","Consume_Illness"],"picked":"Death_March_Dance","floor":2},{"not_picked":["Death_Knell","Blood_Shield"],"picked":"Summon_Undead_Army","floor":3},{"not_picked":["Bones_to_Steel","Toxic_Smoke_Screen"],"picked":"Vampiric_Strike","floor":4},{"not_picked":["Blood_Curse","Shade_Step"],"picked":"Bone_Spikes","floor":5},{"not_picked":["Scare","Acid_Javelin"],"picked":"Strike_from_Beyond","floor":7},{"not_picked":["Deaths_Shadow","Strike_from_Beyond"],"picked":"Uncharnel","floor":8},{"not_picked":["Pandemic","Scare"],"picked":"Hellfire","floor":11},{"not_picked":["Negative_Energy_Sphere","Bone_Shift"],"picked":"Spectral_Armor","floor":14},{"not_picked":["Skeleton_Dragon","Cloudkill"],"picked":"Requiem","floor":16},{"not_picked":["Negative_Energy_Javelin","Bone_Spikes+1","Finger_Of_Death+1"],"picked":"Slay_Living","floor":18},{"not_picked":["Consume_Illness","Life_Drain","Chill_Blood"],"picked":"Negative_Energy_Shield","floor":24},{"not_picked":["Blood_Curse","Strike_from_Beyond","Chill_Blood"],"picked":"Summon_Lich+1","floor":29},{"not_picked":["Death_Coil","Epidemic","Spectral_Armor"],"picked":"Exploit","floor":30},{"not_picked":["Toxic_Smoke_Screen","Negative_Energy_Shield","Scare"],"picked":"Consume_Illness","floor":33},{"not_picked":["Blood_Wake","Cloudkill","Negative_Energy_Bomb"],"picked":"Summon_Death_Knight","floor":35},{"not_picked":["Survivor","Vigilance","Bone_Wall"],"picked":"DemoMod:TableTechHeat","floor":36},{"not_picked":["Detonate_Bones","Negative_Energy_Bomb","Grasp_Heart"],"picked":"Summon_Death_Knight","floor":36},{"not_picked":["DemoMod:Spice","Swift Strike","Replay:BasicMightCard"],"picked":"Good Instincts","floor":36},{"not_picked":["ReplayTheSpireMod:Echoes of Time","infinitespire:Execution","infinitespire:SealOfDarkness+"],"picked":"infinitespire:Starlight","floor":36},{"not_picked":["Blood_Is_Power","Scare","Negative_Energy_Sphere"],"picked":"Blood_Curse+1","floor":37},{"not_picked":["Negative_Energy_Javelin+1","Life_Drain+1","Chill_Blood"],"picked":"Stop_Heart","floor":40},{"not_picked":["Consume_Illness","Chill_Blood+1","Whirlwind_of_Bones+1"],"picked":"Summon_Vampire_Lady","floor":43},{"not_picked":["Scare","Necrotic_Claws","Necromantic_Selection"],"picked":"Negative_Energy_Sphere+1","floor":44},{"not_picked":["Shade_Step+1","Whirlwind_of_Bones+1","Epidemic"],"picked":"Bone_Armor+1","floor":47}],"player_experience":576702,"relics_obtained":[{"floor":7,"key":"Toy Ornithopter"},{"floor":9,"key":"Grinning Jar"},{"floor":11,"key":"infinitespire:FocusingShard"},{"floor":26,"key":"infinitespire:PuzzleCube"},{"floor":33,"key":"Juzu Bracelet"}],"event_choices":[{"damage_healed":0,"gold_gain":0,"player_choice":"Obtained Relic","damage_taken":0,"relics_obtained":["hubris:PeanutButter"],"max_hp_gain":0,"max_hp_loss":0,"event_name":"Addict","floor":20,"gold_loss":85},{"damage_healed":0,"gold_gain":0,"player_choice":"Ignored","damage_taken":0,"max_hp_gain":0,"max_hp_loss":0,"event_name":"Vampires","floor":22,"gold_loss":0},{"damage_healed":3,"gold_gain":0,"player_choice":"LEAVE ","damage_taken":0,"relics_obtained":[],"max_hp_gain":0,"max_hp_loss":0,"event_name":"betterSkull:BetterSkull","floor":49,"gold_loss":0,"cards_upgraded":[]},{"cards_removed":["Blood_Curse"],"damage_healed":0,"gold_gain":0,"player_choice":"Removed Attack","damage_taken":0,"max_hp_gain":0,"max_hp_loss":0,"event_name":"Falling","floor":50,"gold_loss":0}],"is_beta":false,"boss_relics":[{"not_picked":["aspiration:RunicSpoon","Replay:Bronze Core"],"picked":"Honey Jar"},{"not_picked":["hubris:Backtick","Cursed Key"],"picked":"ReplayTheSpireMod:SealedPack"}],"items_purged_floors":[21],"is_endless":false,"potions_floor_spawned":[1,4,7,18,24,33,40,44],"killed_by":"Donu and Deca","ascension_level":0}}