{"host":"41y51qpuw3tri6uv","time":1611301771,"event":{"mods":["AchievementEnabler","BaseMod","Bestiary","Better Altar","Better Match","Better Note","Better Sensory Stone","Better Skull","Better Third Choice","Better Vampires","Colored Map","Colored Powertips","DeckTracker","Minty Spire (QoL Compilation)","Permanent Neow","Quick Restart","Random Character Button","StSLib","SuperFastMode","Synergy Search","Thieving Mod"],"gold_per_floor":[118,17,32,44,56,56,85,100,170,170,181,192,208,233,233,336,336,351,351,351,371,381,381,381,381],"floor_reached":24,"language":"ENG","playtime":882,"items_purged":["Strike_R"],"score":257,"play_id":"317e2669-cb35-4c89-b21f-29b23d620dae","local_time":"20210122024931","is_ascension_mode":true,"campfire_choices":[{"data":"Limit Break","floor":6,"key":"SMITH"},{"data":"Heavy Blade","floor":10,"key":"SMITH"},{"data":"Whirlwind","floor":15,"key":"SMITH"},{"data":"Double Tap","floor":23,"key":"SMITH"}],"circlet_count":0,"master_deck":["Strike_R","Strike_R","Strike_R","Defend_R","Defend_R","Defend_R","Defend_R","Bash","Limit Break+1","Flex","Cleave","Flex","Battle Trance","Heavy Blade+1","Thunderclap","True Grit","Double Tap+1","Whirlwind+1","Reckless Charge","Impervious","Feel No Pain+1","Armaments","Shrug It Off+1"],"relics":["Burning Blood","Vajra","Ancient Tea Set","Letter Opener","Turnip","Runic Pyramid"],"acts_visited":["Exordium","TheCity"],"potions_floor_usage":[7,14,16,19,24],"damage_taken":[{"damage":1.0,"enemies":"Cultist","floor":1.0,"turns":3.0},{"damage":6,"enemies":"2 Louse","floor":3,"turns":2},{"damage":0,"enemies":"Small Slimes","floor":4,"turns":2},{"damage":16,"enemies":"Blue Slaver","floor":5,"turns":3},{"damage":33,"enemies":"3 Sentries","floor":7,"turns":6},{"damage":5,"enemies":"Large Slime","floor":8,"turns":4},{"damage":0,"enemies":"3 Louse","floor":11,"turns":1},{"damage":0,"enemies":"Lots of Slimes","floor":12,"turns":1},{"damage":14,"enemies":"Red Slaver","floor":13,"turns":2},{"damage":8,"enemies":"Lagavulin","floor":14,"turns":5},{"damage":27,"enemies":"Hexaghost","floor":16,"turns":5},{"damage":0,"enemies":"Spheric Guardian","floor":18,"turns":3},{"damage":7,"enemies":"3 Byrds","floor":19,"turns":2},{"damage":24,"enemies":"Snake Plant","floor":21,"turns":4},{"damage":47,"enemies":"Chosen and Byrds","floor":22,"turns":7},{"damage":0,"enemies":"Slavers","floor":24,"turns":1}],"seed_played":"1435797241184178305","potions_obtained":[{"floor":4,"key":"Block Potion"},{"floor":7,"key":"SmokeBomb"},{"floor":8,"key":"LiquidBronze"},{"floor":12,"key":"AttackPotion"},{"floor":14,"key":"SteroidPotion"},{"floor":22,"key":"SpeedPotion"}],"is_trial":false,"path_per_floor":["M","$","M","M","M","R","E","M","T","R","M","M","M","E","R","B",null,"M","M","?","M","M","R","E"],"character_chosen":"IRONCLAD","items_purchased":["Cleave"],"campfire_rested":0,"item_purchase_floors":[2],"current_hp_per_floor":[80,80,80,80,70,70,43,44,44,44,50,56,48,46,46,25,80,80,79,79,61,20,20,20,20],"gold":381,"neow_bonus":"ONE_RANDOM_RARE_CARD","is_daily":false,"chose_seed":false,"campfire_upgraded":4,"win_rate":0.0,"timestamp":1611301771,"path_taken":["M","$","M","M","M","R","E","?","T","R","M","M","M","E","R","BOSS","M","M","?","M","M","R","E"],"items_purchased_type":["Card"],"build_version":"2020-12-22","purchased_purges":1,"victory":false,"max_hp_per_floor":[80,80,80,80,80,80,80,80,80,80,80,80,80,80,80,80,80,80,80,80,80,80,80,80,80],"card_choices":[{"not_picked":["Clash","Burning Pact"],"picked":"Flex","floor":1.0},{"not_picked":["Fire Breathing","Feel No Pain"],"picked":"Battle Trance","floor":3},{"not_picked":["Flex","Armaments"],"picked":"Heavy Blade","floor":4},{"not_picked":["Heavy Blade","Feel No Pain"],"picked":"Thunderclap","floor":5},{"not_picked":["Cleave","Blood for Blood"],"picked":"True Grit","floor":7},{"not_picked":["Iron Wave","Heavy Blade"],"picked":"Double Tap","floor":8},{"not_picked":["Armaments","Headbutt"],"picked":"Whirlwind","floor":11},{"not_picked":["Anger","Fire Breathing","Battle Trance"],"picked":"SKIP","floor":12},{"not_picked":["Havoc","Intimidate","Thunderclap"],"picked":"SKIP","floor":13},{"not_picked":["Perfected Strike","Exhume"],"picked":"Reckless Charge","floor":14},{"not_picked":["Brutality","Barricade"],"picked":"Impervious","floor":16},{"not_picked":["Thunderclap","Whirlwind+1"],"picked":"Feel No Pain+1","floor":18},{"not_picked":["Fire Breathing","Heavy Blade"],"picked":"Armaments","floor":21},{"not_picked":["Rampage","Sever Soul+1"],"picked":"Shrug It Off+1","floor":22}],"player_experience":127286,"relics_obtained":[{"floor":7,"key":"Ancient Tea Set"},{"floor":9,"key":"Letter Opener"},{"floor":14,"key":"Turnip"}],"event_choices":[{"cards_removed":["Strike_R"],"damage_healed":0,"gold_gain":0,"player_choice":"Card Removal","damage_taken":0,"max_hp_gain":0,"max_hp_loss":0,"event_name":"Wheel of Change","floor":20,"gold_loss":0}],"is_beta":false,"boss_relics":[{"not_picked":["Black Blood","SacredBark"],"picked":"Runic Pyramid"}],"items_purged_floors":[2],"is_endless":false,"potions_floor_spawned":[4,7,8,12,14,19,22],"killed_by":"Slavers","ascension_level":4}}