{"host":"tknto047uabgu3zm","time":1611348367,"event":{"mods":["AchievementEnabler","BaseMod","Bestiary","Block Reminder","Colored Map","Colored Powertips","Highlight Path","Minty Spire (QoL Compilation)","MonsterHotkey","Permanent Neow","Random Character Button","Rare Cards Sparkle","Relic Sorter","Relic Stats","StSLib"],"gold_per_floor":[118,268,282,295,30,30,61,61,110,130,130,130,154,178,178,273,273,287,303,30,30,105,139,139,139,139],"floor_reached":25,"language":"ENG","playtime":999,"items_purged":["Doubt","Decay"],"score":409,"play_id":"60845996-04ed-460e-8f7d-d10edb3f06d7","local_time":"20210122124607","is_ascension_mode":true,"campfire_choices":[{"data":"Noxious Fumes","floor":6.0,"key":"SMITH"},{"floor":8.0,"key":"REST"},{"floor":15.0,"key":"REST"},{"floor":24,"key":"REST"}],"circlet_count":0,"master_deck":["AscendersBane","Strike_G","Strike_G","Strike_G","Strike_G","Strike_G","Defend_G","Defend_G","Defend_G","Defend_G","Defend_G","Survivor","Neutralize+1","Poisoned Stab+1","Concentrate","Noxious Fumes+1","Deflect","Blade Dance","Flying Knee","Prepared","Backflip","Malaise","Crippling Poison","Calculated Gamble+1","Blade Dance+1"],"relics":["Ring of the Snake","Unceasing Top","Strawberry","Tiny Chest","Happy Flower","Golden Idol","Philosopher\u0027s Stone","Medical Kit","Pantograph","Turnip"],"acts_visited":["Exordium","TheCity"],"potions_floor_usage":[18,23],"damage_taken":[{"damage":12.0,"enemies":"2 Louse","floor":1.0,"turns":4.0},{"damage":7.0,"enemies":"Small Slimes","floor":3.0,"turns":4.0},{"damage":2.0,"enemies":"Jaw Worm","floor":4.0,"turns":4.0},{"damage":17.0,"enemies":"Gremlin Nob","floor":7.0,"turns":4.0},{"damage":6.0,"enemies":"Large Slime","floor":10.0,"turns":5.0},{"damage":4.0,"enemies":"Red Slaver","floor":13.0,"turns":2.0},{"damage":1.0,"enemies":"Exordium Wildlife","floor":14.0,"turns":3.0},{"damage":21.0,"enemies":"Hexaghost","floor":16.0,"turns":9.0},{"damage":17,"enemies":"Chosen","floor":18,"turns":7},{"damage":26,"enemies":"3 Byrds","floor":19,"turns":5},{"damage":26,"enemies":"Book of Stabbing","floor":23,"turns":5},{"damage":23,"enemies":"Sentry and Sphere","floor":25,"turns":3}],"seed_played":"5277386408462761423","potions_obtained":[{"floor":3.0,"key":"Explosive Potion"},{"floor":4.0,"key":"FairyPotion"},{"floor":13.0,"key":"Weak Potion"},{"floor":19,"key":"CultistPotion"}],"is_trial":false,"path_per_floor":["M","?","M","M","$","R","E","R","T","M","?","?","M","M","R","B",null,"M","M","$","?","T","E","R","M"],"character_chosen":"THE_SILENT","items_purchased":["Deflect","Strawberry","Medical Kit"],"campfire_rested":3,"item_purchase_floors":[5,5,20],"current_hp_per_floor":[47,47,40,38,45,45,28,49,49,43,21,21,17,16,35,14,53,36,10,10,10,10,4,23,0,0],"gold":139,"neow_bonus":"ONE_RARE_RELIC","is_daily":false,"chose_seed":false,"campfire_upgraded":1,"win_rate":0.0,"timestamp":1611348367,"path_taken":["M","?","M","M","$","R","E","R","T","M","?","?","M","M","R","BOSS","M","M","$","?","?","E","R","M"],"items_purchased_type":["Card","Relic","Relic"],"build_version":"2020-12-22","purchased_purges":2,"victory":false,"max_hp_per_floor":[66,66,66,66,73,73,73,73,73,73,73,66,66,66,66,66,66,66,66,66,66,66,66,66,66,66],"relic_stats":{"Happy Flower":[13],"counters":[12,55],"Golden Idol":42,"Pantograph":0,"Tiny Chest":1,"Turnip":[5],"Medical Kit":[3],"obtain_stats":[{"Happy Flower":9,"Golden Idol":12,"Strawberry":5,"Pantograph":22,"Tiny Chest":7,"Philosopher\u0027s Stone":17,"Turnip":23,"Medical Kit":20,"Unceasing Top":0,"Ring of the Snake":0},{"Happy Flower":4,"Golden Idol":5,"Strawberry":3,"Pantograph":10,"Tiny Chest":4,"Philosopher\u0027s Stone":8,"Turnip":11,"Medical Kit":10,"Unceasing Top":0,"Ring of the Snake":0},{"Happy Flower":16,"Golden Idol":21,"Strawberry":12,"Pantograph":47,"Tiny Chest":16,"Philosopher\u0027s Stone":35,"Turnip":52,"Medical Kit":47,"Unceasing Top":0,"Ring of the Snake":0}],"Unceasing Top":[64],"Ring of the Snake":[24]},"card_choices":[{"not_picked":["Finisher","Heel Hook"],"picked":"Poisoned Stab","floor":1.0},{"not_picked":["Dagger Throw","Dagger Spray"],"picked":"Concentrate","floor":3.0},{"not_picked":["Acrobatics","Quick Slash"],"picked":"Noxious Fumes","floor":4.0},{"not_picked":["Backflip","Bullet Time"],"picked":"Blade Dance","floor":7.0},{"not_picked":["Distraction","Dash"],"picked":"Flying Knee","floor":10.0},{"not_picked":["Deadly Poison","Reflex"],"picked":"Prepared","floor":13.0},{"not_picked":["Predator","Poisoned Stab"],"picked":"Backflip","floor":14.0},{"not_picked":["After Image","Night Terror"],"picked":"Malaise","floor":16.0},{"not_picked":["Outmaneuver","Quick Slash"],"picked":"Crippling Poison","floor":18},{"not_picked":["Predator","Dodge and Roll"],"picked":"Calculated Gamble","floor":19},{"not_picked":["Deadly Poison","Sucker Punch"],"picked":"Blade Dance+1","floor":23}],"player_experience":497605,"relics_obtained":[{"floor":7.0,"key":"Tiny Chest"},{"floor":9.0,"key":"Happy Flower"},{"floor":22,"key":"Pantograph"},{"floor":23,"key":"Turnip"}],"event_choices":[{"damage_healed":0.0,"max_hp_gain":0.0,"max_hp_loss":0.0,"gold_gain":150.0,"event_name":"Liars Game","player_choice":"AGREE","floor":2.0,"gold_loss":0.0,"damage_taken":0.0,"cards_obtained":["Doubt"]},{"damage_healed":0.0,"max_hp_gain":0.0,"max_hp_loss":0.0,"gold_gain":0.0,"event_name":"Shining Light","player_choice":"Entered Light","floor":11.0,"gold_loss":0.0,"damage_taken":22.0,"cards_upgraded":["Poisoned Stab","Neutralize"]},{"damage_healed":0.0,"max_hp_gain":0.0,"max_hp_loss":7.0,"gold_gain":0.0,"event_name":"Golden Idol","player_choice":"Lose Max HP","floor":12.0,"gold_loss":0.0,"damage_taken":0.0,"relics_obtained":["Golden Idol"]},{"damage_healed":0,"gold_gain":0,"player_choice":"Upgraded","damage_taken":0,"max_hp_gain":0,"max_hp_loss":0,"event_name":"Upgrade Shrine","floor":21,"gold_loss":0,"cards_upgraded":["Calculated Gamble"]}],"is_beta":false,"boss_relics":[{"not_picked":["Snecko Eye","Empty Cage"],"picked":"Philosopher\u0027s Stone"}],"items_purged_floors":[5,20],"is_endless":false,"potions_floor_spawned":[3,4,7,13,19],"killed_by":"Sentry and Sphere","ascension_level":17}}