{"host":"msfr2axb1w9025n0","time":1611321785,"event":{"mods":["BaseMod","Colored Map","DeckTracker","Minty Spire (QoL Compilation)"],"gold_per_floor":[119,65,81,31,47,77,88,88,88,88,103,103,103,122,122,122,122],"floor_reached":16,"language":"ENG","playtime":394,"items_purged":[],"score":158,"play_id":"ea3d0cc8-3a50-4f03-803f-3dd43196635d","local_time":"20210122202305","is_ascension_mode":true,"campfire_choices":[{"data":"White Noise","floor":15,"key":"SMITH"}],"circlet_count":0,"master_deck":["AscendersBane","Strike_B","Strike_B","Strike_B","Strike_B","Defend_B+1","Defend_B","Defend_B","Defend_B","Zap","Dualcast","Beam Cell","Ball Lightning+1","White Noise+1","Loop","Skim","Redo"],"relics":["Cracked Core","Ginger","Ancient Tea Set","Singing Bowl","Pantograph"],"acts_visited":["Exordium"],"potions_floor_usage":[16],"damage_taken":[{"damage":1,"enemies":"Cultist","floor":1,"turns":3},{"damage":2,"enemies":"Small Slimes","floor":3,"turns":3},{"damage":3,"enemies":"2 Louse","floor":5,"turns":3},{"damage":36,"enemies":"Gremlin Nob","floor":6,"turns":4},{"damage":0,"enemies":"2 Fungi Beasts","floor":7,"turns":3},{"damage":2,"enemies":"Large Slime","floor":11,"turns":4},{"damage":0,"enemies":"3 Louse","floor":14,"turns":3},{"damage":63,"enemies":"Hexaghost","floor":16,"turns":9}],"seed_played":"5173148798298717484","potions_obtained":[{"floor":1,"key":"PotionOfCapacity"},{"floor":6,"key":"Dexterity Potion"}],"is_trial":false,"path_per_floor":["M","$","M","?","M","E","M","?","T","?","M","?","T","M","R","B"],"character_chosen":"DEFECT","items_purchased":["Ball Lightning"],"campfire_rested":0,"item_purchase_floors":[2],"current_hp_per_floor":[67,67,65,65,62,26,26,11,11,11,11,36,36,38,38,0,0],"gold":122,"neow_bonus":"ONE_RARE_RELIC","is_daily":false,"chose_seed":false,"campfire_upgraded":1,"win_rate":0.0,"timestamp":1611321785,"path_taken":["M","$","?","?","M","E","M","?","T","?","M","?","?","M","R","BOSS"],"items_purchased_type":["Card"],"build_version":"2020-12-22","purchased_purges":0,"victory":false,"max_hp_per_floor":[75,75,75,75,75,75,75,75,75,75,77,77,77,79,79,79,79],"card_choices":[{"not_picked":["Rebound","Aggregate"],"picked":"Beam Cell","floor":1},{"not_picked":["Reinforced Body","Coolheaded"],"picked":"White Noise","floor":3},{"not_picked":["Beam Cell","Self Repair"],"picked":"Loop","floor":5},{"not_picked":["Turbo","Blizzard"],"picked":"Skim","floor":6},{"not_picked":["Gash","Rebound"],"picked":"Redo","floor":7},{"not_picked":["Meteor Strike","Beam Cell","Leap"],"picked":"Singing Bowl","floor":11},{"not_picked":["FTL","Leap","Go for the Eyes"],"picked":"Singing Bowl","floor":14}],"player_experience":268607,"relics_obtained":[{"floor":6,"key":"Ancient Tea Set"},{"floor":9,"key":"Singing Bowl"},{"floor":13,"key":"Pantograph"}],"event_choices":[{"cards_removed":["Clumsy"],"damage_healed":0,"gold_gain":0,"player_choice":"Card Removal","damage_taken":0,"max_hp_gain":0,"max_hp_loss":0,"event_name":"The Cleric","floor":4,"gold_loss":50},{"damage_healed":0,"gold_gain":0,"player_choice":"Entered Light","damage_taken":15,"max_hp_gain":0,"max_hp_loss":0,"event_name":"Shining Light","floor":8,"gold_loss":0,"cards_upgraded":["Ball Lightning","Defend_B"]},{"damage_healed":0,"gold_gain":0,"player_choice":"Ignored","damage_taken":0,"max_hp_gain":0,"max_hp_loss":0,"event_name":"Liars Game","floor":10,"gold_loss":0},{"damage_healed":25,"gold_gain":0,"player_choice":"Banana","damage_taken":0,"max_hp_gain":0,"max_hp_loss":0,"event_name":"Big Fish","floor":12,"gold_loss":0}],"is_beta":false,"boss_relics":[],"items_purged_floors":[],"is_endless":false,"potions_floor_spawned":[1,6,11],"killed_by":"Hexaghost","ascension_level":11}}