{"host":"08t08ld674si40tv","time":1611322820,"event":{"mods":["AchievementEnabler","BaseMod","Colored Map","Minty Spire (QoL Compilation)","StSLib","SuperFastMode"],"gold_per_floor":[114,39,58,77,77,102,102,102,102,131,131,144,144,144,144,218,218,173,185,185,185,17,17,17,17,40,55,121,121,171,496,496,570,570,582,632,45,95,95,124,140,174,174,208,208,225,258,273,273,273,273,273,148,174,174],"floor_reached":56,"language":"KOR","playtime":2039,"items_purged":["Strike_B","Strike_B","Decay"],"score":2297,"play_id":"d7e93a91-fb3d-4f1e-abee-11b885865f61","local_time":"20210122224020","is_ascension_mode":true,"campfire_choices":[{"floor":7.0,"key":"REST"},{"data":"Dualcast","floor":13.0,"key":"SMITH"},{"data":"Hologram","floor":15.0,"key":"SMITH"},{"data":"Multi-Cast","floor":23.0,"key":"SMITH"},{"data":"Turbo","floor":25.0,"key":"SMITH"},{"data":"Zap","floor":29.0,"key":"SMITH"},{"data":"Ghostly","floor":32.0,"key":"SMITH"},{"floor":45.0,"key":"REST"},{"floor":49.0,"key":"RECALL"},{"floor":52,"key":"REST"}],"circlet_count":0,"master_deck":["AscendersBane","Defend_B","Defend_B","Defend_B","Defend_B","Zap+1","Dualcast+1","Rip and Tear","Hologram+1","Cold Snap","Auto Shields","Multi-Cast+1","Turbo+1","Recycle+1","Storm","Echo Form","Ghostly+1","Ghostly","Ghostly","Reinforced Body+1","Reboot","Secret Technique","Flash of Steel","Chaos+1"],"relics":["Cracked Core","NeowsBlessing","InkBottle","Symbiotic Virus","Runic Pyramid","Lee\u0027s Waffle","SsserpentHead","Regal Pillow","Old Coin","Fusion Hammer","CaptainsWheel","Runic Capacitor","Nunchaku","Mummified Hand","Eternal Feather","MealTicket","DataDisk","Bronze Scales"],"acts_visited":["Exordium","TheCity","TheBeyond","TheEnding"],"potions_floor_usage":[55],"damage_taken":[{"damage":0.0,"enemies":"Cultist","floor":1.0,"turns":1.0},{"damage":0.0,"enemies":"2 Louse","floor":3.0,"turns":1.0},{"damage":0.0,"enemies":"Small Slimes","floor":4.0,"turns":1.0},{"damage":34.0,"enemies":"Gremlin Nob","floor":6.0,"turns":4.0},{"damage":30.0,"enemies":"Lagavulin","floor":10.0,"turns":8.0},{"damage":0.0,"enemies":"Exordium Wildlife","floor":11.0,"turns":1.0},{"damage":3.0,"enemies":"2 Fungi Beasts","floor":12.0,"turns":3.0},{"damage":26.0,"enemies":"Slime Boss","floor":16.0,"turns":7.0},{"damage":21.0,"enemies":"2 Thieves","floor":18.0,"turns":5.0},{"damage":26.0,"enemies":"3 Byrds","floor":19.0,"turns":4.0},{"damage":27.0,"enemies":"Snake Plant","floor":27.0,"turns":4.0},{"damage":5.0,"enemies":"Sentry and Sphere","floor":28.0,"turns":4.0},{"damage":17.0,"enemies":"Gremlin Leader","floor":31.0,"turns":5.0},{"damage":13.0,"enemies":"Champ","floor":33.0,"turns":9.0},{"damage":0.0,"enemies":"3 Darklings","floor":35.0,"turns":5.0},{"damage":0.0,"enemies":"Giant Head","floor":40.0,"turns":7.0},{"damage":0.0,"enemies":"3 Shapes","floor":41.0,"turns":3.0},{"damage":0.0,"enemies":"Reptomancer","floor":42.0,"turns":5.0},{"damage":7.0,"enemies":"Nemesis","floor":44.0,"turns":5.0},{"damage":0.0,"enemies":"Spire Growth","floor":46.0,"turns":4.0},{"damage":11.0,"enemies":"Reptomancer","floor":47.0,"turns":5.0},{"damage":3.0,"enemies":"Writhing Mass","floor":48.0,"turns":6.0},{"damage":0,"enemies":"Awakened One","floor":50,"turns":12},{"damage":14,"enemies":"Shield and Spear","floor":54,"turns":5},{"damage":22,"enemies":"The Heart","floor":55,"turns":9}],"seed_played":"2171364872573227393","potions_obtained":[{"floor":1.0,"key":"SmokeBomb"},{"floor":6.0,"key":"ColorlessPotion"},{"floor":16.0,"key":"ColorlessPotion"},{"floor":27.0,"key":"Strength Potion"},{"floor":31.0,"key":"SpeedPotion"},{"floor":47.0,"key":"LiquidMemories"}],"is_trial":false,"path_per_floor":["M","$","M","M","$","E","R","?","T","E","M","M","R","?","R","B",null,"M","M","?","?","$","R","?","R","T","M","M","R","?","E","R","B",null,"M","?","$","?","$","E","M","E","T","E","R","M","E","M","R","B",null,"R","$","E","B",null],"character_chosen":"DEFECT","items_purchased":["Lee\u0027s Waffle","CaptainsWheel","Runic Capacitor"],"campfire_rested":3,"item_purchase_floors":[22,37,37],"current_hp_per_floor":[64,64,64,64,64,30,51,71,71,41,41,38,38,38,38,12,56,35,9,9,9,78,78,78,78,78,51,46,46,39,22,22,9,32,32,32,32,22,22,22,22,22,22,15,37,37,26,23,37,37,37,37,37,23,1],"gold":174,"neow_bonus":"THREE_ENEMY_KILL","is_daily":false,"chose_seed":false,"campfire_upgraded":6,"win_rate":0.0,"timestamp":1611322820,"path_taken":["M","$","?","M","$","E","R","?","T","E","M","M","R","?","R","BOSS","M","M","?","?","$","R","?","R","T","M","?","R","?","E","R","BOSS","M","?","$","?","$","E","M","E","T","E","R","M","E","M","R","BOSS","R","$","E","BOSS"],"items_purchased_type":["Relic","Relic","Relic"],"build_version":"2020-12-22","purchased_purges":3,"victory":true,"max_hp_per_floor":[71,71,71,71,71,71,71,71,71,71,71,71,71,71,71,71,71,71,71,71,71,78,78,78,78,78,78,78,78,39,39,39,39,39,39,37,37,37,37,37,37,37,37,37,37,37,37,37,37,37,37,37,37,37,37],"card_choices":[{"not_picked":["Turbo","Barrage"],"picked":"Rip and Tear","floor":1.0},{"not_picked":["Heatsinks","Reinforced Body"],"picked":"Hologram","floor":3.0},{"not_picked":["Barrage","Double Energy"],"picked":"Cold Snap","floor":4.0},{"not_picked":["Scrape","Turbo"],"picked":"Auto Shields","floor":6.0},{"not_picked":["Hyperbeam","Compile Driver","Auto Shields"],"picked":"SKIP","floor":10.0},{"not_picked":["Gash","Chaos","Steam"],"picked":"SKIP","floor":12.0},{"not_picked":["Core Surge","Fission"],"picked":"Multi-Cast","floor":16.0},{"not_picked":["Scrape","Undo"],"picked":"Turbo","floor":18.0},{"not_picked":["Sweeping Beam","Beam Cell"],"picked":"Recycle+1","floor":19.0},{"not_picked":["Cold Snap","Compile Driver","Gash+1"],"picked":"SKIP","floor":27.0},{"not_picked":["Compile Driver","Recycle","Skim"],"picked":"SKIP","floor":28.0},{"not_picked":["FTL","Sweeping Beam"],"picked":"Reinforced Body+1","floor":31.0},{"not_picked":["Hyperbeam","Echo Form"],"picked":"Reboot","floor":33.0},{"not_picked":["Glacier","Compile Driver","Streamline"],"picked":"SKIP","floor":35.0},{"not_picked":["Panacea","Madness"],"picked":"Secret Technique","floor":38.0},{"not_picked":["PanicButton","Swift Strike"],"picked":"Flash of Steel","floor":38.0},{"not_picked":["Turbo","Scrape","Lockon"],"picked":"SKIP","floor":40.0},{"not_picked":["Streamline","Beam Cell+1","Scrape"],"picked":"SKIP","floor":41.0},{"not_picked":["Turbo","Storm","Coolheaded"],"picked":"SKIP","floor":42.0},{"not_picked":["Go for the Eyes","Meteor Strike"],"picked":"Chaos+1","floor":44.0},{"not_picked":["Recycle","Leap","Lockon"],"picked":"SKIP","floor":46.0},{"not_picked":["Steam+1","Compile Driver","Turbo"],"picked":"SKIP","floor":47.0},{"not_picked":["Genetic Algorithm","Stack","Defragment"],"picked":"SKIP","floor":48.0},{"not_picked":["Capacitor","Conserve Battery","Blizzard"],"picked":"SKIP","floor":54}],"player_experience":248593,"relics_obtained":[{"floor":6.0,"key":"InkBottle"},{"floor":10.0,"key":"Symbiotic Virus"},{"floor":26.0,"key":"Regal Pillow"},{"floor":31.0,"key":"Old Coin"},{"floor":40.0,"key":"Nunchaku"},{"floor":42.0,"key":"Mummified Hand"},{"floor":43.0,"key":"Eternal Feather"},{"floor":44.0,"key":"MealTicket"},{"floor":47.0,"key":"DataDisk"},{"floor":54,"key":"Bronze Scales"}],"event_choices":[{"damage_healed":23.0,"max_hp_gain":0.0,"max_hp_loss":0.0,"gold_gain":0.0,"event_name":"Big Fish","player_choice":"Banana","floor":8.0,"gold_loss":0.0,"damage_taken":0.0},{"damage_healed":0.0,"max_hp_gain":0.0,"max_hp_loss":0.0,"gold_gain":0.0,"event_name":"Liars Game","player_choice":"Ignored","floor":14.0,"gold_loss":0.0,"damage_taken":0.0},{"damage_healed":0.0,"max_hp_gain":0.0,"max_hp_loss":0.0,"gold_gain":0.0,"event_name":"Forgotten Altar","player_choice":"Smashed Altar","floor":20.0,"gold_loss":0.0,"damage_taken":0.0,"cards_obtained":["Decay"]},{"damage_healed":0.0,"max_hp_gain":0.0,"max_hp_loss":0.0,"gold_gain":0.0,"cards_transformed":["Strike_B","Strike_B"],"event_name":"Drug Dealer","player_choice":"Became Test Subject","floor":21.0,"gold_loss":0.0,"damage_taken":0.0,"cards_obtained":["Storm","Echo Form"]},{"damage_healed":0.0,"max_hp_gain":0.0,"max_hp_loss":0.0,"gold_gain":0.0,"event_name":"FaceTrader","player_choice":"Trade","floor":24.0,"gold_loss":0.0,"damage_taken":0.0,"relics_obtained":["SsserpentHead"]},{"damage_healed":0.0,"max_hp_gain":0.0,"max_hp_loss":39.0,"gold_gain":0.0,"event_name":"Ghosts","player_choice":"Became a Ghost","floor":30.0,"gold_loss":0.0,"damage_taken":0.0,"cards_obtained":["Ghostly","Ghostly","Ghostly"]},{"damage_healed":0.0,"max_hp_gain":0.0,"max_hp_loss":2.0,"gold_gain":0.0,"event_name":"Winding Halls","player_choice":"Max HP","floor":36.0,"gold_loss":0.0,"damage_taken":0.0},{"damage_healed":0.0,"max_hp_gain":0.0,"max_hp_loss":0.0,"gold_gain":0.0,"event_name":"SensoryStone","player_choice":"Memory 3","floor":38.0,"gold_loss":0.0,"damage_taken":10.0}],"is_beta":false,"boss_relics":[{"not_picked":["Philosopher\u0027s Stone","Velvet Choker"],"picked":"Runic Pyramid"},{"not_picked":["FrozenCore","Snecko Eye"],"picked":"Fusion Hammer"}],"items_purged_floors":[2,37,53],"is_endless":false,"potions_floor_spawned":[1,6,16,27,31,35,47,48,54],"ascension_level":17}}