{"host":"0iey8v53xvwqxh5z","time":1611287674,"event":{"mods":["BaseMod","BetterRewards","Hermit","Hubris","Minty Spire (QoL Compilation)","Relic Stats","Replay The Spire","Shop Mod","StSLib","The Cursed"],"gold_per_floor":[115,127,402,178,188,219,219,229,277,290,303,336,336,363,363,460,460,479,497,40,40,91,126,126,160,183,229,266,312,312,345,345,440,440,470,222,239,34,34,69,69,99,99,146,31,31,31,64,64,64,64,64,1,30,30],"floor_reached":56,"language":"ENG","playtime":2478,"items_purged":["Regret","Strike_R","Strike_R"],"score":1866,"play_id":"c258d163-1eb4-4ef6-9dff-a40d97e46247","local_time":"20210121225434","is_ascension_mode":true,"campfire_choices":[{"data":"Inflame","floor":7,"key":"SMITH"},{"data":"Inflame","floor":13,"key":"SMITH"},{"data":"1","floor":15,"key":"LIFT"},{"data":"2","floor":24,"key":"LIFT"},{"data":"3","floor":32,"key":"LIFT"},{"floor":41,"key":"RECALL"},{"data":"Dark Embrace","floor":47,"key":"SMITH"},{"data":"Replay:Many Hands","floor":49,"key":"SMITH"},{"data":"Heavy Blade","floor":52,"key":"SMITH"}],"circlet_count":0,"master_deck":["Strike_R","Strike_R","Defend_R","Defend_R","Defend_R","Defend_R","Bash","Flame Barrier","Inflame+1","Inflame+1","Sword Boomerang","Fire Breathing","Pommel Strike","Twin Strike","Impervious","Reaper","Battle Trance","Anger","Disarm","Disarm","HandOfGreed","Heavy Blade+1","Spot Weakness","Pommel Strike+1","Double Tap","Replay:Many Hands+1","Heavy Blade+1","True Grit+1","Flash of Steel","Thunderclap","Intimidate","True Grit+1","Rage+1","Dark Embrace+1","Languid","Life Link+1","Barricade"],"relics":["Burning Blood","Replay:Towering Pillar of Hats","hubris:64BitClover","ClockworkSouvenir","Eternal Feather","Lee\u0027s Waffle","Ornamental Fan","Nunchaku","hubris:CuriousFeather","Girya","PreservedInsect","Coffee Dripper","Medical Kit","Garlic","hubris:GlazedTorus","Replay:Wax Seal","Strawberry","Gremlin Food","Ring of Chaos","Mummified Hand","Bag of Marbles","Membership Card","WingedGreaves","Pantograph","ReplayTheSpireMod:Ninjato","OrangePellets","Ring of Searing","ReplayTheSpireMod:Ring of Addiction","Potion Belt","SacredBark","Toy Ornithopter"],"acts_visited":["Exordium","TheCity","TheBeyond","TheEnding"],"potions_floor_usage":[8,18,22,23,54,55,55,55,55],"damage_taken":[{"damage":7,"enemies":"Jaw Worm","floor":1,"turns":4},{"damage":0,"enemies":"Cultist","floor":2,"turns":3},{"damage":0,"enemies":"Small Slimes","floor":5,"turns":3},{"damage":28,"enemies":"Gremlin Nob","floor":6,"turns":4},{"damage":4,"enemies":"Red Slaver","floor":8,"turns":4},{"damage":27,"enemies":"Gremlin Gang","floor":10,"turns":5},{"damage":6,"enemies":"Blue Slaver","floor":11,"turns":4},{"damage":18,"enemies":"Lagavulin","floor":12,"turns":5},{"damage":16,"enemies":"Gremlin Nob","floor":14,"turns":5},{"damage":26,"enemies":"Hexaghost","floor":16,"turns":7},{"damage":21,"enemies":"2 Thieves","floor":18,"turns":4},{"damage":28,"enemies":"Chosen","floor":19,"turns":5},{"damage":9,"enemies":"Centurion and Healer","floor":22,"turns":5},{"damage":19,"enemies":"Book of Stabbing","floor":23,"turns":4},{"damage":11,"enemies":"Gremlin Leader","floor":25,"turns":5},{"damage":14,"enemies":"Slavers","floor":27,"turns":2},{"damage":4,"enemies":"Sentry and Sphere","floor":28,"turns":3},{"damage":0,"enemies":"Replay:Snechameleon","floor":29,"turns":3},{"damage":2,"enemies":"Chosen and Byrds","floor":31,"turns":9},{"damage":17,"enemies":"hubris:MusketHawk","floor":33,"turns":6},{"damage":14,"enemies":"3 Shapes","floor":35,"turns":7},{"damage":9,"enemies":"Orb Walker","floor":37,"turns":3},{"damage":0,"enemies":"Giant Head","floor":40,"turns":5},{"damage":24,"enemies":"Reptomancer","floor":42,"turns":4},{"damage":20,"enemies":"R_Hoarder","floor":44,"turns":5},{"damage":43,"enemies":"Maw","floor":48,"turns":7},{"damage":25,"enemies":"Donu and Deca","floor":50,"turns":5},{"damage":28,"enemies":"Shield and Spear","floor":54,"turns":3},{"damage":77,"enemies":"The Heart","floor":55,"turns":6}],"seed_played":"6217178243196097379","potions_obtained":[{"floor":2,"key":"Dexterity Potion"},{"floor":5,"key":"Explosive Potion"},{"floor":6,"key":"Reflective Coating"},{"floor":10,"key":"Cursed Concoction"},{"floor":19,"key":"LifebloodPotion"},{"floor":22,"key":"DistilledChaos"},{"floor":27,"key":"ColorlessPotion"},{"floor":46,"key":"SkillPotion"},{"floor":46,"key":"SpeedPotion"},{"floor":48,"key":"Adrenaline Potion"},{"floor":54,"key":"SteroidPotion"}],"is_trial":false,"path_per_floor":["M","M","?","$","M","E","R","M","T","M","M","E","R","E","R","B",null,"M","M","$","$","M","E","R","E","T","E","M","E","?","M","R","B",null,"M","$","M","$","?","E","R","E","T","E","$","?","R","M","R","B",null,"R","$","E","B",null],"character_chosen":"IRONCLAD","items_purchased":["Flame Barrier","Inflame","ClockworkSouvenir","Eternal Feather","Lee\u0027s Waffle","Medical Kit","Disarm","HandOfGreed","Heavy Blade","Bag of Marbles","Membership Card","Flash of Steel","Thunderclap","OrangePellets","Dark Embrace"],"campfire_rested":0,"item_purchase_floors":[0,0,0,0,4,20,20,20,20,36,38,38,38,45,45],"current_hp_per_floor":[33,39,39,87,87,65,74,76,76,55,55,43,52,42,51,31,87,72,50,50,50,60,60,75,87,87,86,88,94,94,94,94,94,94,94,94,91,91,91,94,94,76,76,76,76,76,94,79,94,92,92,92,90,77,66],"gold":30,"neow_bonus":"","is_daily":false,"chose_seed":false,"campfire_upgraded":5,"win_rate":0.0,"timestamp":1611287674,"path_taken":["M","M","?","$","M","E","R","M","T","M","M","E","R","E","R","BOSS","M","M","?","$","?","E","R","E","T","E","?","E","?","M","R","BOSS","M","$","?","$","?","E","R","E","T","E","?","?","R","M","R","BOSS","R","$","E","BOSS"],"items_purchased_type":["Card","Card","Relic","Relic","Relic","Relic","Card","Card","Card","Relic","Relic","Card","Card","Relic","Card"],"build_version":"2020-12-22","purchased_purges":3,"victory":true,"max_hp_per_floor":[80,80,80,87,87,87,87,87,87,87,87,87,87,87,87,87,87,87,87,87,87,87,87,87,87,87,94,94,94,94,94,94,94,94,94,94,94,94,94,94,94,94,94,94,94,94,94,94,94,92,92,92,90,90,90],"relic_stats":{"Lee\u0027s Waffle":48,"counters":[626,3104],"Eternal Feather":75,"PreservedInsect":489,"Medical Kit":[0],"Burning Blood":239,"OrangePellets":[15],"Nunchaku":[19],"Ornamental Fan":[120],"Mummified Hand":[154],"Pantograph":13,"obtain_stats":[{"Replay:Accelerometer":42,"hubris:MysteriousPyramids":42,"Sling":53,"Ring of Searing":46,"Blood Vial":25,"Replay:Wanted Poster":38,"hubris:HerbalPaste":53,"hubris:AstralHammer":44,"Fusion Hammer":17,"HandDrill":57,"Replay:Bottled Flurry":23,"Replay:Bottled Steam":36,"TheCursedMod:BlackMagic101":0,"MerchantsRug":19,"Eternal Feather":23,"Pen Nib":31,"Bird Faced Urn":14,"ReplayTheSpireMod:Ring of Collecting":2,"Unceasing Top":0,"hubris:Reverence":54,"Regal Pillow":6,"Torii":0,"GremlinMask":29,"King of Hearts":23,"hubris:EmptyBottle":0,"Ancient Tea Set":44,"Pet Ghost":10,"Burning Blood":0,"hubris:Backtick":17,"Toolbox":3,"hubris:CuriousFeather":0,"Chemical X":0,"Replay:Bottled Eggs":28,"InkBottle":40,"Potion Belt":45,"Lee\u0027s Waffle":0,"Golden Idol":3,"hubris:64BitClover":28,"PreservedInsect":26,"Ring of Greed":5,"hubris:Towel":37,"Replay:Arrowhead":0,"hubris:Spice":0,"Ornamental Fan":0,"Ring of Misfortune":20,"Garlic":26,"Durian":9,"hubris:BottledRain":9,"Ice Cream":39,"Calipers":0,"Gremlin Horn":20,"Nilry\u0027s Codex":19,"hubris:VirtuousBlindfold":34,"hubris:TerracottaHorce":19,"Sozu":34,"Centennial Puzzle":8,"Honey Jar":0,"Philosopher\u0027s Stone":17,"Iron Hammer":0,"Girya":26,"hubris:Teleporter":13,"hubris:DuctTape":57,"ReplayTheSpireMod:CursedCoin":0,"Ring of Chaos":34,"WarpedTongs":2,"hubris:Zylophone":0,"OrangePellets":0,"hubris:PeanutButter":9,"Onion Ring":54,"Mirror":38,"Pocketwatch":0,"Juzu Bracelet":42,"Empty Cage":34,"Dream Catcher":6,"Nunchaku":53,"hubris:Icosahedron":9,"Chameleon Ring":11,"Red Mask":21,"Replay:Bottled Snecko":28,"hubris:MedicalManual":42,"Replay:WaspNest":53,"Odd Mushroom":10,"Medical Kit":0,"Mercury Hourglass":0,"Calling Bell":17,"Strange Spoon":0,"Cauldron":53,"Pondfish Scales":14,"HolyWater":34,"hubris:BundleOfHerbs":0,"Bag of Marbles":31,"Membership Card":0,"FossilizedHelix":6,"hubris:OldNail":0,"ReplayTheSpireMod:ShopPack":45,"Golden Egg":20,"Whetstone":44,"Ginger":0,"Bottled Tornado":27,"Boot":40,"Old Coin":5,"Replay:Ringing Soul":53,"TheCursedMod:CrystalBall":7,"hubris:DeckOfHolding":40,"MealTicket":28,"Kunai":29,"Replay:Wax Seal":0,"hubris:TinFlute":28,"Pear":58,"Counterbalance":0,"ReplayTheSpireMod:Ring of Addiction":26,"hubris:SphereOfDissonance":40,"Replay:Ancient Bell":17,"SlaversCollar":34,"Runic Dome":34,"hubris:TenFootPole":0,"Kintsugi":17,"Abe\u0027s Treasure":17,"TheCursedMod:SoulVessel":46,"TheCursedMod:FourLeafCloverCharm":17,"Lantern":53,"Blue Doll":27,"StoneCalendar":53,"Bag of Preparation":46,"Replay:Multitool":40,"Cursed Key":17,"hubris:EvacipatedBox":41,"Replay:Rubber Ducky":0,"Matryoshka":6,"Ring of Peace":11,"WingedGreaves":0,"hubris:FunFungus":43,"Ring of Panic":5,"hubris:GlazedTorus":0,"TheCursedMod:BlackMagicAdvanced":34,"Thread and Needle":0,"Frozen Egg 2":0,"MawBank":13,"Bloody Idol":27,"Orrery":0,"Bottled Lightning":54,"ReplayTheSpireMod:Ring of Challenge":20,"ReplayTheSpireMod:Lightbulb":54,"Toy Ornithopter":9,"Mark of the Bloom":49,"hubris:CrystalStatue":34,"TheCursedMod:Tack":54,"Vajra":0,"Lizard Tail":25,"HornCleat":0,"DollysMirror":28,"Strawberry":46,"Toxic Egg 2":0,"Happy Flower":53,"Ring of Hypnosis":5,"Oddly Smooth Stone":0,"Replay:Kaleidoscope":47,"Letter Opener":53,"War Paint":0,"Question Card":17,"Replay:Baseball":21,"Bottled Flame":9,"ReplayTheSpireMod:Shallot":9,"Shuriken":9,"Bronze Scales":27,"Simple Rune":23,"Molten Egg 2":21,"Black Star":34,"ReplayTheSpireMod:TigerMarble":39,"hubris:ToyBattleship":26,"Nloth\u0027s Gift":30,"Grinning Jar":11,"Meat on the Bone":15,"ReplayFunnel":21,"Darkstone Periapt":30,"TheCursedMod:BloodyHarpoon":54,"ReplayTheSpireMod:Ring of Exchange":5,"Replay:PocketPolymizer":0,"Snecko Heart":24,"SacredBark":46,"Mango":0,"Incense Burner":0,"hubris:SlimyHat":28,"ClockworkSouvenir":22,"Frozen Eye":38,"SsserpentHead":5,"Replay:Bandana":7,"Mummified Hand":53,"Pantograph":22,"Gambling Chip":0,"Gremlin Food":28,"hubris:DisguiseKit":14,"BargainBundle":0,"ReplayTheSpireMod:Ninjato":44,"Replay:Towering Pillar of Hats":0,"Quantum Egg":0,"TheCursedMod:MagicCandle":0,"Orichalcum":0,"White Beast Statue":0,"Peace Pipe":12,"CaptainsWheel":19,"Anchor":10,"TheCursedMod:OminousMark":34,"ChewingGum":53,"Ring of Fury":2,"Snack Pack":54,"Coffee Dripper":17,"hubris:GrandSneckoEye":17,"PureWater":0,"TungstenRod":44,"hubris:Potato":0,"hubris:NiceRug":53},{"Replay:Accelerometer":327,"hubris:MysteriousPyramids":107,"Sling":221,"Ring of Searing":385,"Blood Vial":12,"Replay:Wanted Poster":75,"hubris:HerbalPaste":144,"hubris:AstralHammer":50,"Fusion Hammer":397,"HandDrill":84,"Replay:Bottled Flurry":524,"Replay:Bottled Steam":324,"TheCursedMod:BlackMagic101":0,"MerchantsRug":398,"Eternal Feather":11,"Pen Nib":13,"Bird Faced Urn":342,"ReplayTheSpireMod:Ring of Collecting":445,"Unceasing Top":146,"hubris:Reverence":197,"Regal Pillow":309,"Torii":198,"GremlinMask":292,"King of Hearts":582,"hubris:EmptyBottle":25,"Ancient Tea Set":79,"Pet Ghost":61,"Burning Blood":0,"hubris:Backtick":370,"Toolbox":1,"hubris:CuriousFeather":171,"Chemical X":25,"Replay:Bottled Eggs":348,"InkBottle":326,"Potion Belt":20,"Lee\u0027s Waffle":115,"Golden Idol":59,"hubris:64BitClover":129,"PreservedInsect":41,"Ring of Greed":279,"hubris:Towel":47,"Replay:Arrowhead":25,"hubris:Spice":25,"Ornamental Fan":171,"Ring of Misfortune":424,"Garlic":12,"Durian":175,"hubris:BottledRain":200,"Ice Cream":105,"Calipers":57,"Gremlin Horn":37,"Nilry\u0027s Codex":180,"hubris:VirtuousBlindfold":351,"hubris:TerracottaHorce":65,"Sozu":586,"Centennial Puzzle":30,"Honey Jar":0,"Philosopher\u0027s Stone":7,"Iron Hammer":57,"Girya":69,"hubris:Teleporter":33,"hubris:DuctTape":83,"ReplayTheSpireMod:CursedCoin":246,"Ring of Chaos":493,"WarpedTongs":87,"hubris:Zylophone":25,"OrangePellets":25,"hubris:PeanutButter":4,"Onion Ring":114,"Mirror":47,"Pocketwatch":416,"Juzu Bracelet":270,"Empty Cage":213,"Dream Catcher":3,"Nunchaku":169,"hubris:Icosahedron":60,"Chameleon Ring":366,"Red Mask":97,"Replay:Bottled Snecko":129,"hubris:MedicalManual":138,"Replay:WaspNest":415,"Odd Mushroom":448,"Medical Kit":277,"Mercury Hourglass":25,"Calling Bell":578,"Strange Spoon":86,"Cauldron":196,"Pondfish Scales":63,"HolyWater":530,"hubris:BundleOfHerbs":86,"Bag of Marbles":45,"Membership Card":25,"FossilizedHelix":29,"hubris:OldNail":57,"ReplayTheSpireMod:ShopPack":243,"Golden Egg":207,"Whetstone":20,"Ginger":86,"Bottled Tornado":583,"Boot":269,"Old Coin":279,"Replay:Ringing Soul":144,"TheCursedMod:CrystalBall":90,"hubris:DeckOfHolding":106,"MealTicket":233,"Kunai":70,"Replay:Wax Seal":25,"hubris:TinFlute":183,"Pear":85,"Counterbalance":25,"ReplayTheSpireMod:Ring of Addiction":457,"hubris:SphereOfDissonance":19,"Replay:Ancient Bell":343,"SlaversCollar":14,"Runic Dome":236,"hubris:TenFootPole":334,"Kintsugi":229,"Abe\u0027s Treasure":154,"TheCursedMod:SoulVessel":52,"TheCursedMod:FourLeafCloverCharm":122,"Lantern":196,"Blue Doll":127,"StoneCalendar":169,"Bag of Preparation":21,"Replay:Multitool":48,"Cursed Key":35,"hubris:EvacipatedBox":465,"Replay:Rubber Ducky":25,"Matryoshka":419,"Ring of Peace":152,"WingedGreaves":115,"hubris:FunFungus":242,"Ring of Panic":279,"hubris:GlazedTorus":86,"TheCursedMod:BlackMagicAdvanced":431,"Thread and Needle":198,"Frozen Egg 2":198,"MawBank":94,"Bloody Idol":182,"Orrery":25,"Bottled Lightning":389,"ReplayTheSpireMod:Ring of Challenge":424,"ReplayTheSpireMod:Lightbulb":222,"Toy Ornithopter":251,"Mark of the Bloom":80,"hubris:CrystalStatue":73,"TheCursedMod:Tack":170,"Vajra":361,"Lizard Tail":126,"HornCleat":115,"DollysMirror":12,"Strawberry":166,"Toxic Egg 2":86,"Happy Flower":196,"Ring of Hypnosis":392,"Oddly Smooth Stone":25,"Replay:Kaleidoscope":141,"Letter Opener":275,"War Paint":25,"Question Card":578,"Replay:Baseball":9,"Bottled Flame":151,"ReplayTheSpireMod:Shallot":119,"Shuriken":30,"Bronze Scales":291,"Simple Rune":98,"Molten Egg 2":124,"Black Star":46,"ReplayTheSpireMod:TigerMarble":105,"hubris:ToyBattleship":232,"Nloth\u0027s Gift":491,"Grinning Jar":5,"Meat on the Bone":63,"ReplayFunnel":258,"Darkstone Periapt":264,"TheCursedMod:BloodyHarpoon":276,"ReplayTheSpireMod:Ring of Exchange":392,"Replay:PocketPolymizer":223,"Snecko Heart":401,"SacredBark":622,"Mango":25,"Incense Burner":25,"hubris:SlimyHat":69,"ClockworkSouvenir":180,"Frozen Eye":134,"SsserpentHead":476,"Replay:Bandana":119,"Mummified Hand":220,"Pantograph":97,"Gambling Chip":146,"Gremlin Food":43,"hubris:DisguiseKit":94,"BargainBundle":361,"ReplayTheSpireMod:Ninjato":622,"Replay:Towering Pillar of Hats":115,"Quantum Egg":223,"TheCursedMod:MagicCandle":25,"Orichalcum":334,"White Beast Statue":25,"Peace Pipe":62,"CaptainsWheel":123,"Anchor":176,"TheCursedMod:OminousMark":161,"ChewingGum":415,"Ring of Fury":445,"Snack Pack":24,"Coffee Dripper":95,"hubris:GrandSneckoEye":315,"PureWater":0,"TungstenRod":243,"hubris:Potato":511,"hubris:NiceRug":55},{"Replay:Accelerometer":1603,"hubris:MysteriousPyramids":566,"Sling":1169,"Ring of Searing":1948,"Blood Vial":62,"Replay:Wanted Poster":406,"hubris:HerbalPaste":727,"hubris:AstralHammer":280,"Fusion Hammer":2023,"HandDrill":443,"Replay:Bottled Flurry":2655,"Replay:Bottled Steam":1591,"TheCursedMod:BlackMagic101":0,"MerchantsRug":2026,"Eternal Feather":58,"Pen Nib":66,"Bird Faced Urn":1675,"ReplayTheSpireMod:Ring of Collecting":2215,"Unceasing Top":738,"hubris:Reverence":1023,"Regal Pillow":1511,"Torii":1030,"GremlinMask":1440,"King of Hearts":2896,"hubris:EmptyBottle":130,"Ancient Tea Set":424,"Pet Ghost":338,"Burning Blood":0,"hubris:Backtick":1866,"Toolbox":3,"hubris:CuriousFeather":879,"Chemical X":130,"Replay:Bottled Eggs":1710,"InkBottle":1600,"Potion Belt":102,"Lee\u0027s Waffle":616,"Golden Idol":330,"hubris:64BitClover":664,"PreservedInsect":213,"Ring of Greed":1396,"hubris:Towel":252,"Replay:Arrowhead":130,"hubris:Spice":130,"Ornamental Fan":879,"Ring of Misfortune":2139,"Garlic":62,"Durian":896,"hubris:BottledRain":1037,"Ice Cream":557,"Calipers":327,"Gremlin Horn":188,"Nilry\u0027s Codex":930,"hubris:VirtuousBlindfold":1732,"hubris:TerracottaHorce":357,"Sozu":2918,"Centennial Puzzle":151,"Honey Jar":0,"Philosopher\u0027s Stone":32,"Iron Hammer":327,"Girya":378,"hubris:Teleporter":163,"hubris:DuctTape":439,"ReplayTheSpireMod:CursedCoin":1253,"Ring of Chaos":2483,"WarpedTongs":459,"hubris:Zylophone":130,"OrangePellets":130,"hubris:PeanutButter":14,"Onion Ring":607,"Mirror":252,"Pocketwatch":2099,"Juzu Bracelet":1356,"Empty Cage":1127,"Dream Catcher":13,"Nunchaku":853,"hubris:Icosahedron":331,"Chameleon Ring":1834,"Red Mask":507,"Replay:Bottled Snecko":664,"hubris:MedicalManual":700,"Replay:WaspNest":2096,"Odd Mushroom":2235,"Medical Kit":1392,"Mercury Hourglass":130,"Calling Bell":2875,"Strange Spoon":455,"Cauldron":1017,"Pondfish Scales":347,"HolyWater":2678,"hubris:BundleOfHerbs":455,"Bag of Marbles":237,"Membership Card":130,"FossilizedHelix":143,"hubris:OldNail":327,"ReplayTheSpireMod:ShopPack":1239,"Golden Egg":1076,"Whetstone":102,"Ginger":455,"Bottled Tornado":2903,"Boot":1351,"Old Coin":1396,"Replay:Ringing Soul":727,"TheCursedMod:CrystalBall":470,"hubris:DeckOfHolding":562,"MealTicket":1209,"Kunai":384,"Replay:Wax Seal":130,"hubris:TinFlute":946,"Pear":448,"Counterbalance":130,"ReplayTheSpireMod:Ring of Addiction":2275,"hubris:SphereOfDissonance":95,"Replay:Ancient Bell":1685,"SlaversCollar":79,"Runic Dome":1218,"hubris:TenFootPole":1640,"Kintsugi":1197,"Abe\u0027s Treasure":773,"TheCursedMod:SoulVessel":289,"TheCursedMod:FourLeafCloverCharm":637,"Lantern":1017,"Blue Doll":659,"StoneCalendar":853,"Bag of Preparation":107,"Replay:Multitool":266,"Cursed Key":180,"hubris:EvacipatedBox":2310,"Replay:Rubber Ducky":130,"Matryoshka":2113,"Ring of Peace":758,"WingedGreaves":616,"hubris:FunFungus":1235,"Ring of Panic":1396,"hubris:GlazedTorus":455,"TheCursedMod:BlackMagicAdvanced":2162,"Thread and Needle":1030,"Frozen Egg 2":1030,"MawBank":487,"Bloody Idol":943,"Orrery":130,"Bottled Lightning":1968,"ReplayTheSpireMod:Ring of Challenge":2139,"ReplayTheSpireMod:Lightbulb":1173,"Toy Ornithopter":1275,"Mark of the Bloom":427,"hubris:CrystalStatue":397,"TheCursedMod:Tack":863,"Vajra":1798,"Lizard Tail":654,"HornCleat":616,"DollysMirror":62,"Strawberry":832,"Toxic Egg 2":455,"Happy Flower":1017,"Ring of Hypnosis":1982,"Oddly Smooth Stone":130,"Replay:Kaleidoscope":712,"Letter Opener":1379,"War Paint":130,"Question Card":2875,"Replay:Baseball":45,"Bottled Flame":753,"ReplayTheSpireMod:Shallot":625,"Shuriken":151,"Bronze Scales":1437,"Simple Rune":510,"Molten Egg 2":644,"Black Star":245,"ReplayTheSpireMod:TigerMarble":557,"hubris:ToyBattleship":1206,"Nloth\u0027s Gift":2466,"Grinning Jar":21,"Meat on the Bone":347,"ReplayFunnel":1308,"Darkstone Periapt":1332,"TheCursedMod:BloodyHarpoon":1384,"ReplayTheSpireMod:Ring of Exchange":1982,"Replay:PocketPolymizer":1179,"Snecko Heart":2037,"SacredBark":3083,"Mango":130,"Incense Burner":130,"hubris:SlimyHat":378,"ClockworkSouvenir":930,"Frozen Eye":679,"SsserpentHead":2367,"Replay:Bandana":625,"Mummified Hand":1161,"Pantograph":507,"Gambling Chip":738,"Gremlin Food":227,"hubris:DisguiseKit":487,"BargainBundle":1798,"ReplayTheSpireMod:Ninjato":3083,"Replay:Towering Pillar of Hats":616,"Quantum Egg":1179,"TheCursedMod:MagicCandle":130,"Orichalcum":1640,"White Beast Statue":130,"Peace Pipe":342,"CaptainsWheel":643,"Anchor":902,"TheCursedMod:OminousMark":811,"ChewingGum":2096,"Ring of Fury":2215,"Snack Pack":121,"Coffee Dripper":498,"hubris:GrandSneckoEye":1546,"PureWater":0,"TungstenRod":1239,"hubris:Potato":2618,"hubris:NiceRug":311}],"Toy Ornithopter":20},"card_choices":[{"not_picked":["Perfected Strike","Flex"],"picked":"Sword Boomerang","floor":1},{"not_picked":["Fire Breathing","Replay:Undeath\u0027s Touch","Armaments"],"picked":"SKIP","floor":2},{"not_picked":["Sword Boomerang","Iron Wave","Metallicize"],"picked":"SKIP","floor":5},{"not_picked":["Defy Death","True Grit"],"picked":"Fire Breathing","floor":6},{"not_picked":["Abandon","Searing Blow","Defy Death"],"picked":"SKIP","floor":8},{"not_picked":["Second Wind","Combust"],"picked":"Pommel Strike","floor":10},{"not_picked":["Power Through","Blood for Blood"],"picked":"Twin Strike","floor":11},{"not_picked":["ReplayReversal","Pommel Strike"],"picked":"Impervious","floor":12},{"not_picked":["Twin Strike","Warcry","ReplayTheSpireMod:Strike From Hell"],"picked":"SKIP","floor":14},{"not_picked":["Demon Form","Impervious"],"picked":"Reaper","floor":16},{"not_picked":["Headbutt","Rage"],"picked":"Battle Trance","floor":18},{"not_picked":["Flame Barrier","Ghostly Armor"],"picked":"Anger","floor":19},{"not_picked":["Abandon","Headbutt"],"picked":"Spot Weakness","floor":22},{"not_picked":["Iron Wave","Defy Death"],"picked":"Pommel Strike+1","floor":23},{"not_picked":["hubris:SharpeningStone","Replay:Undeath\u0027s Touch","Inflame"],"picked":"SKIP","floor":25},{"not_picked":["Heavy Blade","Replay:Undeath\u0027s Touch"],"picked":"Double Tap","floor":27},{"not_picked":["ReplayTheSpireMod:LeadingStrike","Intimidate","Run Through"],"picked":"SKIP","floor":28},{"not_picked":["Heavy Blade","Twin Strike+1","Iron Wave+1"],"picked":"SKIP","floor":29},{"not_picked":["Dual Wield","Spot Weakness","Heavy Blade"],"picked":"SKIP","floor":31},{"not_picked":["Feed","Juggernaut"],"picked":"Replay:Many Hands","floor":33},{"not_picked":["ReplayTheSpireMod:Strike From Hell","Clash+1"],"picked":"Heavy Blade+1","floor":35},{"not_picked":["hubris:SharpeningStone","ReplayTheSpireMod:Strike From Hell+1"],"picked":"True Grit+1","floor":37},{"not_picked":["Double Tap","Ghostly Armor","Life Link"],"picked":"SKIP","floor":40},{"not_picked":["Run Through+1","Replay:Undeath\u0027s Touch"],"picked":"True Grit+1","floor":42},{"not_picked":["Metallicize+1","Bludgeon"],"picked":"Rage+1","floor":44},{"not_picked":["True Grit","hubris:ReadiedAction+1"],"picked":"Life Link+1","floor":48},{"not_picked":["Hemokinesis","Anger+1"],"picked":"Barricade","floor":54}],"player_experience":280816,"relics_obtained":[{"floor":6,"key":"Ornamental Fan"},{"floor":9,"key":"Nunchaku"},{"floor":12,"key":"hubris:CuriousFeather"},{"floor":14,"key":"Girya"},{"floor":16,"key":"PreservedInsect"},{"floor":23,"key":"Garlic"},{"floor":25,"key":"hubris:GlazedTorus"},{"floor":26,"key":"Replay:Wax Seal"},{"floor":27,"key":"Strawberry"},{"floor":29,"key":"Gremlin Food"},{"floor":35,"key":"Mummified Hand"},{"floor":40,"key":"WingedGreaves"},{"floor":42,"key":"Pantograph"},{"floor":44,"key":"ReplayTheSpireMod:Ninjato"},{"floor":46,"key":"Ring of Searing"},{"floor":46,"key":"ReplayTheSpireMod:Ring of Addiction"},{"floor":46,"key":"Potion Belt"},{"floor":46,"key":"SacredBark"},{"floor":54,"key":"Toy Ornithopter"}],"event_choices":[{"damage_healed":0,"gold_gain":275,"player_choice":"Desecrate","damage_taken":0,"max_hp_gain":0,"max_hp_loss":0,"event_name":"Golden Shrine","floor":3,"gold_loss":0,"cards_obtained":["Regret"]},{"damage_healed":0,"gold_gain":0,"player_choice":"Bought 0 Potions","damage_taken":0,"max_hp_gain":0,"max_hp_loss":0,"event_name":"The Woman in Blue","floor":30,"gold_loss":0},{"damage_healed":0,"gold_gain":0,"cards_transformed":["Strike_R"],"player_choice":"Transformed","damage_taken":0,"max_hp_gain":0,"max_hp_loss":0,"event_name":"Transmorgrifier","floor":39,"gold_loss":0,"cards_obtained":["Intimidate"]}],"is_beta":false,"boss_relics":[{"not_picked":["Runic Cube","Ectoplasm"],"picked":"Coffee Dripper"},{"not_picked":["Sozu","Black Star"],"picked":"Ring of Chaos"}],"items_purged_floors":[4,36,53],"is_endless":false,"potions_floor_spawned":[2,5,6,10,14,19,22,27,33,40,42,48,54],"ascension_level":2}}