{"host":"ewfe3cr33ktd9xzj","time":1611305453,"event":{"mods":["AchievementEnabler","Arknights The Spire","BaseMod","Colored Map","Custom Start","DeckTracker","Minty Spire (QoL Compilation)","Permanent Neow","Quick Restart","Rare Cards Sparkle","StSLib","everything is the same but u backflip on backflip"],"gold_per_floor":[119,134,149,149,6,37,51,83,83,114,114,114,146,162,162,267,267,280,292,292,302,51,51,151,151,177,197,197,112,112,43,43,155,155,168,194,119,134,34,34,34,34,79,95,95,95,95,108,108,108,108],"floor_reached":50,"language":"KOR","playtime":1564,"items_purged":["ats:Strike S","ats:Strike C"],"score":596,"play_id":"dd430814-ff22-4931-b4fd-1ee82ee725f9","local_time":"20210122175053","is_ascension_mode":true,"campfire_choices":[{"data":"ats:Serious Mode","floor":11.0,"key":"SMITH"},{"data":"ats:Hook Shot","floor":15.0,"key":"SMITH"},{"data":"ats:Calcification","floor":23.0,"key":"SMITH"},{"data":"ats:Calcification","floor":25.0,"key":"SMITH"},{"data":"ats:Red Shift","floor":30.0,"key":"SMITH"},{"data":"ats:Emotion Absorption","floor":32.0,"key":"SMITH"},{"data":"ats:True Silver Slash","floor":40,"key":"SMITH"},{"data":"ats:Hook Shot","floor":42,"key":"SMITH"},{"data":"ats:Shell Defense","floor":46,"key":"SMITH"},{"data":"ats:Leaping Hammer","floor":49,"key":"SMITH"}],"circlet_count":0,"master_deck":["ats:Strike G","ats:Armor Crushing Shot","ats:Defend","ats:Defend","ats:Defend+1","ats:Defend","ats:Emotion Absorption+1","ats:Hammer On+1","ats:Leaping Hammer+1","ats:Serious Mode+1","ats:Collapsing Strike+1","ats:Hook Shot+1","ats:Thermite Blade","ats:Calcification+1","ats:Calcification+1","ats:Shell Defense+1","ats:Red Shift+1","ats:Hook Shot+1","ats:True Silver Slash+1","ats:Song Of Battle+1"],"relics":["Coffee Dripper","Juzu Bracelet","ats:Originium","Oddly Smooth Stone","Akabeko","ats:Emergency Defibrillator","Bag of Preparation","Runic Pyramid","Gremlin Horn","CeramicFish","ats:Industrial Water Cannon","Philosopher\u0027s Stone","Nunchaku"],"acts_visited":["Exordium","TheCity","TheBeyond"],"potions_floor_usage":[50],"damage_taken":[{"damage":6.0,"enemies":"2 Louse","floor":1.0,"turns":3.0},{"damage":7.0,"enemies":"Small Slimes","floor":2.0,"turns":4.0},{"damage":0.0,"enemies":"Cultist","floor":3.0,"turns":2.0},{"damage":18.0,"enemies":"Lagavulin","floor":6.0,"turns":6.0},{"damage":4.0,"enemies":"Large Slime","floor":7.0,"turns":2.0},{"damage":3.0,"enemies":"3 Sentries","floor":8.0,"turns":3.0},{"damage":0.0,"enemies":"Gremlin Nob","floor":10.0,"turns":2.0},{"damage":0.0,"enemies":"Lagavulin","floor":13.0,"turns":4.0},{"damage":0.0,"enemies":"Exordium Thugs","floor":14.0,"turns":2.0},{"damage":0.0,"enemies":"Slime Boss","floor":16.0,"turns":5.0},{"damage":0.0,"enemies":"Chosen","floor":18.0,"turns":4.0},{"damage":5.0,"enemies":"3 Byrds","floor":19.0,"turns":4.0},{"damage":21.0,"enemies":"Snake Plant","floor":21.0,"turns":2.0},{"damage":5.0,"enemies":"Centurion and Healer","floor":27.0,"turns":4.0},{"damage":26.0,"enemies":"Collector","floor":33.0,"turns":13.0},{"damage":0,"enemies":"Orb Walker","floor":35,"turns":4},{"damage":16,"enemies":"3 Shapes","floor":36,"turns":5},{"damage":16,"enemies":"3 Darklings","floor":38,"turns":5},{"damage":30,"enemies":"4 Shapes","floor":44,"turns":3},{"damage":8,"enemies":"Jaw Worm Horde","floor":48,"turns":3},{"damage":18,"enemies":"Time Eater","floor":50,"turns":6}],"seed_played":"-1035313417244389983","potions_obtained":[{"floor":2.0,"key":"Explosive Potion"},{"floor":7.0,"key":"LiquidBronze"},{"floor":8.0,"key":"SkillPotion"},{"floor":13.0,"key":"DuplicationPotion"},{"floor":16.0,"key":"SteroidPotion"},{"floor":19.0,"key":"LiquidMemories"}],"is_trial":false,"path_per_floor":["M","M","M","?","$","E","M","E","T","E","R","?","E","M","R","B",null,"M","M","?","M","$","R","?","R","T","M","?","?","R","$","R","B",null,"M","M","$","M","$","R","?","R","T","M","$","R","$","M","R","B"],"character_chosen":"DOCTOR_CLASS","items_purchased":["Juzu Bracelet","Gremlin Horn","ats:Hook Shot"],"campfire_rested":0,"item_purchase_floors":[5,22,31],"current_hp_per_floor":[66,59,59,45,45,27,23,20,20,22,22,22,22,22,22,22,72,72,68,68,47,47,47,47,47,47,44,44,44,44,44,44,33,72,72,56,56,42,42,42,42,42,42,14,14,14,14,12,12,6,6],"gold":108,"neow_bonus":"BOSS_RELIC","is_daily":false,"chose_seed":false,"campfire_upgraded":10,"win_rate":0.0,"timestamp":1611305453,"path_taken":["M","M","M","?","$","E","M","E","T","E","R","?","E","M","R","BOSS","M","M","?","M","?","R","?","R","T","M","?","?","R","$","R","BOSS","M","M","$","M","$","R","?","R","T","M","$","R","?","M","R","BOSS"],"items_purchased_type":["Relic","Relic","Card"],"build_version":"2020-12-22","purchased_purges":2,"victory":false,"max_hp_per_floor":[72,72,72,72,72,72,72,72,72,72,72,72,72,72,72,72,72,72,72,72,72,72,72,72,72,72,72,72,72,72,72,72,72,72,72,72,72,72,72,72,72,72,72,72,72,72,72,72,72,72,72],"card_choices":[{"not_picked":["ats:Revitalization","ats:Part Time Job"],"picked":"ats:Hammer On","floor":1.0},{"not_picked":["ats:Flexible Camouflage","ats:Poison Spread"],"picked":"ats:Leaping Hammer","floor":2.0},{"not_picked":["ats:Cat Scratch","ats:Revitalization"],"picked":"ats:Serious Mode","floor":3.0},{"not_picked":["ats:Leaping Hammer","ats:Revitalization","ats:Consecutive Shot Auto"],"picked":"SKIP","floor":6.0},{"not_picked":["ats:Flexible Camouflage","ats:Hammer On","ats:Flame Of Heaven"],"picked":"SKIP","floor":7.0},{"not_picked":["ats:Defend Order","ats:Leaping Hammer","ats:Steam Pump"],"picked":"SKIP","floor":8.0},{"not_picked":["ats:Apocalypse","ats:Explosion Area Strengthen"],"picked":"ats:Collapsing Strike","floor":10.0},{"not_picked":["ats:Flexible Camouflage","ats:Explosion Area Strengthen"],"picked":"ats:Hook Shot","floor":13.0},{"not_picked":["ats:Echo Reverb","ats:Childhood Dance"],"picked":"ats:Thermite Blade","floor":14.0},{"not_picked":["ats:Dogmatic Field","ats:Ambush"],"picked":"ats:Calcification","floor":16.0},{"not_picked":["ats:Collapsing Strike","ats:Ignite","ats:Hammer On"],"picked":"SKIP","floor":18.0},{"not_picked":["ats:Apocalypse+1","ats:Powerful Strike","ats:Flexible Camouflage"],"picked":"SKIP","floor":19.0},{"not_picked":["ats:Hammer On","ats:Soul Absorption"],"picked":"ats:Shell Defense","floor":21.0},{"not_picked":["ats:Overload","ats:Explosion Area Strengthen"],"picked":"ats:Red Shift","floor":27.0},{"not_picked":["ats:Soul Rend","ats:Wolf Pack"],"picked":"ats:True Silver Slash","floor":33.0},{"not_picked":["ats:Consecutive Shot Auto","ats:Ignite","ats:Assault Order+1"],"picked":"SKIP","floor":35},{"not_picked":["ats:Overload","ats:Apocalypse+1"],"picked":"ats:Song Of Battle+1","floor":36},{"not_picked":["ats:Automatic Cover+1","ats:Revitalization+1","ats:Assault Order+1"],"picked":"SKIP","floor":38},{"not_picked":["ats:Thermite Blade","ats:Consecutive Shot Auto","ats:Poison Spread+1"],"picked":"SKIP","floor":44},{"not_picked":["ats:Powerful Strike+1","ats:Ignite","ats:Phantom+1"],"picked":"SKIP","floor":48}],"player_experience":59376,"relics_obtained":[{"floor":6.0,"key":"ats:Originium"},{"floor":6.0,"key":"Oddly Smooth Stone"},{"floor":8.0,"key":"ats:Originium"},{"floor":8.0,"key":"Akabeko"},{"floor":10.0,"key":"ats:Originium"},{"floor":10.0,"key":"ats:Emergency Defibrillator"},{"floor":13.0,"key":"ats:Originium"},{"floor":13.0,"key":"Bag of Preparation"},{"floor":26.0,"key":"CeramicFish"},{"floor":43,"key":"Nunchaku"}],"event_choices":[{"damage_healed":0.0,"max_hp_gain":0.0,"max_hp_loss":0.0,"gold_gain":0.0,"event_name":"Shining Light","player_choice":"Entered Light","floor":4.0,"gold_loss":0.0,"damage_taken":14.0,"cards_upgraded":["ats:Defend","ats:Hammer On"]},{"damage_healed":0.0,"max_hp_gain":0.0,"max_hp_loss":0.0,"gold_gain":0.0,"event_name":"Living Wall","player_choice":"Grow","floor":12.0,"gold_loss":0.0,"damage_taken":0.0,"cards_upgraded":["ats:Collapsing Strike"]},{"damage_healed":0.0,"max_hp_gain":0.0,"max_hp_loss":0.0,"gold_gain":0.0,"event_name":"Duplicator","player_choice":"Copied","floor":20.0,"gold_loss":0.0,"damage_taken":0.0,"cards_obtained":["ats:Calcification"]},{"damage_healed":0.0,"max_hp_gain":0.0,"max_hp_loss":0.0,"gold_gain":100.0,"event_name":"Golden Shrine","player_choice":"Pray","floor":24.0,"gold_loss":0.0,"damage_taken":0.0},{"damage_healed":0.0,"max_hp_gain":0.0,"max_hp_loss":0.0,"gold_gain":0.0,"event_name":"Ghosts","player_choice":"Ignored","floor":28.0,"gold_loss":0.0,"damage_taken":0.0},{"damage_healed":0.0,"max_hp_gain":0.0,"max_hp_loss":0.0,"gold_gain":0.0,"event_name":"Addict","player_choice":"Obtained Relic","floor":29.0,"gold_loss":85.0,"damage_taken":0.0,"relics_obtained":["ats:Industrial Water Cannon"]},{"cards_removed":["ats:Strike V"],"damage_healed":0,"gold_gain":0,"player_choice":"Offered Basic","damage_taken":0,"max_hp_gain":0,"max_hp_loss":0,"event_name":"Bonfire Elementals","floor":41,"gold_loss":0}],"is_beta":false,"boss_relics":[{"not_picked":["SlaversCollar","Cursed Key"],"picked":"Runic Pyramid"},{"not_picked":["Astrolabe","Busted Crown"],"picked":"Philosopher\u0027s Stone"}],"items_purged_floors":[37,39],"is_endless":false,"potions_floor_spawned":[2,7,8,13,16,19,27,36,38],"killed_by":"Time Eater","ascension_level":1}}