{"host":"qekv59dthhdg54sz","time":1611297158,"event":{"mods":["AchievementEnabler","BaseMod","Colored Map","DeckTracker","KOR Keyword Fix","Minty Spire (QoL Compilation)","Rare Cards Sparkle","StSLib","SuperFastMode"],"gold_per_floor":[116,136,152,152,77,112,112,139,209,240,254,265,265,298,298,377,377,396,296,310,327,359,393,393,443,489,489,489,43,80,80,80,168,168,181,31,45,63,285,285,298,309,309,309,336,361,230,243,243,243,243],"floor_reached":52,"language":"KOR","playtime":1507,"items_purged":["Strike_P","Strike_P","Strike_P","Ragnarok","Defend_P"],"score":2507,"play_id":"f1fdd684-8fc3-4ee9-bf0f-401babd670c8","local_time":"20210122153238","is_ascension_mode":true,"campfire_choices":[{"data":"Eruption","floor":7,"key":"SMITH"},{"data":"1","floor":13,"key":"LIFT"},{"data":"2","floor":15,"key":"LIFT"},{"data":"Adaptation","floor":24,"key":"SMITH"},{"data":"InnerPeace","floor":28,"key":"SMITH"},{"data":"ForeignInfluence","floor":32,"key":"SMITH"},{"data":"3","floor":40,"key":"LIFT"},{"data":"Scrawl","floor":44,"key":"SMITH"},{"data":"MentalFortress","floor":49,"key":"SMITH"}],"circlet_count":0,"master_deck":["AscendersBane","Defend_P","Eruption+1","Vigilance","EmptyFist","ForeignInfluence+1","Vengeance+1","Tantrum","FearNoEvil","Halt","FlurryOfBlows+1","InnerPeace+1","Adaptation+1","BattleHymn+1","Scrawl+1","Master of Strategy","Finesse","MentalFortress+1"],"relics":["PureWater","Dead Branch","Girya","Anchor","Kunai","Centennial Puzzle","FossilizedHelix","VioletLotus","Red Mask","HornCleat","CeramicFish","Toy Ornithopter","Calipers","Bag of Preparation","Empty Cage","Yang","Smiling Mask","StoneCalendar"],"acts_visited":["Exordium","TheCity","TheBeyond"],"potions_floor_usage":[16,22,23,41],"damage_taken":[{"damage":3,"enemies":"Cultist","floor":1,"turns":5},{"damage":0,"enemies":"2 Louse","floor":2,"turns":3},{"damage":0,"enemies":"Jaw Worm","floor":3,"turns":3},{"damage":0,"enemies":"Gremlin Nob","floor":6,"turns":2},{"damage":23,"enemies":"Lagavulin","floor":8,"turns":6},{"damage":0,"enemies":"Gremlin Nob","floor":10,"turns":2},{"damage":0,"enemies":"Looter","floor":11,"turns":2},{"damage":0,"enemies":"Blue Slaver","floor":12,"turns":4},{"damage":10,"enemies":"3 Sentries","floor":14,"turns":4},{"damage":12,"enemies":"Hexaghost","floor":16,"turns":7},{"damage":0,"enemies":"Chosen","floor":18,"turns":2},{"damage":4,"enemies":"3 Byrds","floor":20,"turns":4},{"damage":0,"enemies":"Centurion and Healer","floor":21,"turns":4},{"damage":0,"enemies":"Masked Bandits","floor":22,"turns":2},{"damage":2,"enemies":"Slavers","floor":23,"turns":3},{"damage":0,"enemies":"Gremlin Leader","floor":30,"turns":3},{"damage":0,"enemies":"Collector","floor":33,"turns":3},{"damage":0,"enemies":"3 Shapes","floor":35,"turns":2},{"damage":0,"enemies":"3 Darklings","floor":37,"turns":4},{"damage":0,"enemies":"Spire Growth","floor":41,"turns":3},{"damage":0,"enemies":"4 Shapes","floor":42,"turns":2},{"damage":0,"enemies":"Mind Bloom Boss Battle","floor":46,"turns":3},{"damage":0,"enemies":"3 Darklings","floor":48,"turns":1},{"damage":0,"enemies":"Awakened One","floor":50,"turns":6},{"damage":0,"enemies":"Donu and Deca","floor":51,"turns":7}],"seed_played":"4172077450066466002","potions_obtained":[{"floor":1,"key":"Explosive Potion"},{"floor":6,"key":"ColorlessPotion"},{"floor":14,"key":"BottledMiracle"},{"floor":18,"key":"AttackPotion"},{"floor":30,"key":"PowerPotion"},{"floor":33,"key":"Block Potion"},{"floor":42,"key":"BlessingOfTheForge"}],"is_trial":false,"path_per_floor":["M","M","M","?","$","E","R","E","T","E","M","M","R","E","R","B",null,"M","$","M","M","?","E","R","?","T","T","R","$","E","?","R","B",null,"M","$","M","?","?","R","M","M","T","R","T","?","$","M","R","B","B",null],"character_chosen":"WATCHER","items_purchased":["Calipers","MentalFortress"],"campfire_rested":0,"item_purchase_floors":[29,47],"current_hp_per_floor":[58,58,58,58,58,58,58,35,35,35,35,35,35,25,25,13,50,50,50,46,46,46,44,44,44,44,44,44,44,44,44,44,44,58,58,58,58,48,48,48,53,53,53,53,53,53,53,53,53,53,53],"gold":243,"neow_bonus":"ONE_RARE_RELIC","is_daily":false,"chose_seed":false,"campfire_upgraded":6,"win_rate":0.0,"timestamp":1611297158,"path_taken":["M","?","M","?","$","E","R","E","T","E","M","M","R","E","R","BOSS","M","$","?","M","?","E","R","?","T","?","R","$","E","?","R","BOSS","M","$","M","?","?","R","M","M","T","R","?","?","$","M","R","BOSS","BOSS"],"items_purchased_type":["Relic","Card"],"build_version":"2020-12-22","purchased_purges":5,"victory":true,"max_hp_per_floor":[62,62,62,62,62,62,62,62,62,62,62,62,62,62,62,62,62,62,62,62,62,62,62,62,62,62,62,62,62,62,62,62,62,62,62,62,62,62,62,62,62,62,62,62,62,62,62,62,62,62,62],"card_choices":[{"not_picked":["DeceiveReality","PathToVictory"],"picked":"EmptyFist","floor":1},{"not_picked":["Crescendo","Wireheading"],"picked":"ForeignInfluence","floor":2},{"not_picked":["Swivel","Consecrate"],"picked":"Vengeance","floor":3},{"not_picked":["Alpha","TalkToTheHand"],"picked":"FearNoEvil","floor":6},{"not_picked":["JustLucky","Wish"],"picked":"Halt","floor":8},{"not_picked":["CutThroughFate","ReachHeaven","JustLucky"],"picked":"SKIP","floor":10},{"not_picked":["Tantrum","Evaluate","Worship"],"picked":"SKIP","floor":11},{"not_picked":["Wireheading","Worship","CrushJoints"],"picked":"SKIP","floor":12},{"not_picked":["Prostrate","WreathOfFlame","SandsOfTime"],"picked":"SKIP","floor":14},{"not_picked":["Blasphemy","Judgement"],"picked":"Ragnarok","floor":16},{"not_picked":["Evaluate+1","EmptyFist"],"picked":"FlurryOfBlows+1","floor":18},{"not_picked":["PathToVictory","Evaluate","Wallop"],"picked":"SKIP","floor":20},{"not_picked":["Omniscience","Pray"],"picked":"InnerPeace","floor":21},{"not_picked":["WindmillStrike","WreathOfFlame"],"picked":"Adaptation","floor":23},{"not_picked":["FollowUp","Crescendo"],"picked":"BattleHymn+1","floor":30},{"not_picked":["Devotion","DeusExMachina"],"picked":"Scrawl","floor":33},{"not_picked":["FollowUp+1","EmptyBody","Vengeance"],"picked":"SKIP","floor":35},{"not_picked":["FlyingSleeves","FlurryOfBlows","Consecrate"],"picked":"SKIP","floor":37},{"not_picked":["Chrysalis","Thinking Ahead"],"picked":"Master of Strategy","floor":38},{"not_picked":["Jack Of All Trades","Panacea"],"picked":"Finesse","floor":38},{"not_picked":["EmptyBody","CutThroughFate","SandsOfTime+1"],"picked":"SKIP","floor":41},{"not_picked":["EmptyBody","Protect+1","Crescendo"],"picked":"SKIP","floor":42},{"not_picked":["FlyingSleeves","EmptyFist+1","WindmillStrike"],"picked":"SKIP","floor":48}],"player_experience":803476,"relics_obtained":[{"floor":6,"key":"Girya"},{"floor":8,"key":"Anchor"},{"floor":9,"key":"Kunai"},{"floor":10,"key":"Centennial Puzzle"},{"floor":14,"key":"FossilizedHelix"},{"floor":22,"key":"Red Mask"},{"floor":23,"key":"HornCleat"},{"floor":26,"key":"CeramicFish"},{"floor":27,"key":"Toy Ornithopter"},{"floor":30,"key":"Bag of Preparation"},{"floor":43,"key":"Yang"},{"floor":45,"key":"Smiling Mask"},{"floor":46,"key":"StoneCalendar"}],"event_choices":[{"damage_healed":0,"gold_gain":0,"cards_transformed":["Defend_P"],"player_choice":"Transformed","damage_taken":0,"max_hp_gain":0,"max_hp_loss":0,"event_name":"Transmorgrifier","floor":4,"gold_loss":0,"cards_obtained":["Tantrum"]},{"damage_healed":0,"gold_gain":0,"player_choice":"Fought Bandits","damage_taken":0,"max_hp_gain":0,"max_hp_loss":0,"event_name":"Masked Bandits","floor":22,"gold_loss":0},{"damage_healed":0,"gold_gain":50,"player_choice":"Stole From Cult","damage_taken":0,"max_hp_gain":0,"max_hp_loss":0,"event_name":"Nest","floor":25,"gold_loss":0},{"damage_healed":0,"gold_gain":0,"player_choice":"Forge","damage_taken":0,"max_hp_gain":0,"max_hp_loss":0,"event_name":"Accursed Blacksmith","floor":31,"gold_loss":0,"cards_upgraded":["Vengeance"]},{"damage_healed":0,"gold_gain":0,"player_choice":"Memory 3","damage_taken":10,"max_hp_gain":0,"max_hp_loss":0,"event_name":"SensoryStone","floor":38,"gold_loss":0},{"damage_healed":0,"gold_gain":222,"player_choice":"Wore Mask","damage_taken":0,"max_hp_gain":0,"max_hp_loss":0,"event_name":"Tomb of Lord Red Mask","floor":39,"gold_loss":0},{"damage_healed":0,"gold_gain":0,"player_choice":"Fight","damage_taken":0,"max_hp_gain":0,"max_hp_loss":0,"event_name":"MindBloom","floor":46,"gold_loss":0}],"is_beta":false,"boss_relics":[{"not_picked":["Runic Pyramid","Runic Dome"],"picked":"VioletLotus"},{"not_picked":["HolyWater","Black Star"],"picked":"Empty Cage"}],"items_purged_floors":[5,19,29,36,47],"is_endless":false,"potions_floor_spawned":[1,6,10,14,18,21,30,33,35,42],"ascension_level":20}}