{"host":"RampantMystic","time":1611320535,"event":{"mods":["Act Like it!","BaseMod","Bestiary","Better Match","Better Third Choice","Better Vampires","Block Reminder","ChefMod","Conjunction","Conspire","Dota2Spire","Evolution","GifTheSpireLib","Infinite Spire","Menagerie","Minty Spire (QoL Compilation)","Potionbrewer","QueenMod","Rare Cards Sparkle","Relic Stats","Replay The Spire","Spicy Shops","Spikes Relics","Spire Arcade","StSLib","Stuff the Spire","Swap Starting Deck Mod","The Blue Laboratory","The Cursed","The Jungle","The Mystic","The Necromancer","The Runesmith","TheVacant","Thieving Mod","Wandering Minibosses","slay the spire mod where everything is the same but ironclad has a cowboy hat","vexMod"],"gold_per_floor":[118,118,60,51,0,27,42,42,42,42,42,42,58,78,78,173,173,190,190,184,84,96,96,121,135,158,158,158,911,929,946,946,946,946],"floor_reached":33,"language":"ENG","playtime":1857,"items_purged":["Delirium","Pain"],"score":314,"play_id":"3166e365-0186-45ed-837f-bdecd5af6926","local_time":"20210122150215","is_ascension_mode":true,"campfire_choices":[{"data":"Enlightenment","floor":8,"key":"SMITH"},{"data":"Rampage","floor":12,"key":"SMITH"},{"floor":15,"key":"REST"},{"data":"Bash","floor":23,"key":"SMITH"},{"data":"Pommel Strike","floor":27,"key":"SMITH"},{"floor":32,"key":"REST"}],"circlet_count":0,"master_deck":["Pommel Strike","Wild Strike","StuffTheSpire:RockThrow","Strike_R","Defend_R","Defend_R","Defend_R","Defend_R","Bash+1","Rampage+1","Cleave","Enlightenment+1","Headbutt","Twin Strike","Invigoration+1","Pommel Strike+1","ReplayTheSpireMod:Muscle Training","Shrug It Off+1"],"relics":["Burning Blood","EVO:Axolotl","Ring of Chaos","Dota2Spire:DrumOfEndurance","Red Skull","GiantMaggot","Ginger","ReplayTheSpireMod:CursedCoin","Replay:Wax Seal","StuffTheSpire:Barrel","wanderingMiniBosses:MasterThiefsPresence"],"acts_visited":["Exordium","TheCity"],"potions_floor_usage":[16,29,33,33,33],"damage_taken":[{"damage":0,"enemies":"2 Louse","floor":1,"turns":2},{"damage":5,"enemies":"Small Slimes","floor":4,"turns":5},{"damage":25,"enemies":"Lagavulin","floor":6,"turns":5},{"damage":1,"enemies":"Cultist","floor":7,"turns":2},{"damage":16,"enemies":"Exordium Thugs","floor":13,"turns":2},{"damage":24,"enemies":"3 Sentries","floor":14,"turns":4},{"damage":23,"enemies":"Fading Forest","floor":16,"turns":11},{"damage":10,"enemies":"conspire:FuzzyDice","floor":18,"turns":4},{"damage":17,"enemies":"Shell Parasite","floor":22,"turns":3},{"damage":20,"enemies":"conspire:Head Lice","floor":24,"turns":5},{"damage":20,"enemies":"Snecko","floor":25,"turns":4},{"damage":25,"enemies":"conspire:HollyBat","floor":29,"turns":9},{"damage":11,"enemies":"Centurion and Healer","floor":30,"turns":3},{"damage":7,"enemies":"Cultist and Chosen","floor":31,"turns":4},{"damage":54,"enemies":"Automaton","floor":33,"turns":6}],"seed_played":"7944363123056286981","potions_obtained":[{"floor":7,"key":"Dota2Spire:HealingSalve"},{"floor":11,"key":"blueLaboratory:LimitlessPotion"},{"floor":11,"key":"DuplicationPotion"},{"floor":16,"key":"blueLaboratory:BottleOfRum"},{"floor":22,"key":"blueLaboratory:ConflagurationPotion"},{"floor":25,"key":"blueLaboratory:StoneskinPotion"},{"floor":29,"key":"Swift Potion"}],"is_trial":true,"path_per_floor":["M","?","$","M","?","E","M","R","T","$","?","R","M","E","R","B",null,"M","AVR","$","$","M","R","E","M","T","R","?","M","M","M","R","B"],"character_chosen":"IRONCLAD","items_purchased":["Dota2Spire:DrumOfEndurance","ReplayTheSpireMod:CursedCoin","Invigoration+1"],"campfire_rested":2,"item_purchase_floors":[3,20,20],"current_hp_per_floor":[80,80,80,80,86,67,72,72,72,72,72,72,62,44,69,62,86,82,82,82,82,71,71,57,43,43,43,43,24,19,18,43,0,0],"gold":946,"neow_bonus":"","is_daily":false,"chose_seed":false,"campfire_upgraded":4,"win_rate":0.0,"timestamp":1611320535,"path_taken":["M","?","$","M","?","E","M","R","T","$","?","R","M","E","R","BOSS","M","AVR","?","$","M","R","E","M","T","R","?","M","M","M","R","BOSS"],"items_purchased_type":["Relic","Relic","Card"],"build_version":"2020-12-18","purchased_purges":2,"victory":false,"max_hp_per_floor":[80,80,80,80,86,86,86,86,86,86,86,86,86,86,86,86,86,86,86,86,86,86,86,86,86,86,86,86,86,86,86,86,86,86],"relic_stats":{"counters":[15,69],"Ginger":[20],"obtain_stats":[{"StuffTheSpire:Barrel":26,"GiantMaggot":9,"ReplayTheSpireMod:CursedCoin":20,"Dota2Spire:DrumOfEndurance":3,"wanderingMiniBosses:MasterThiefsPresence":29,"Ring of Chaos":0,"EVO:Axolotl":0,"Ginger":14,"Replay:Wax Seal":24,"Burning Blood":0,"Red Skull":6},{"StuffTheSpire:Barrel":11,"GiantMaggot":4,"ReplayTheSpireMod:CursedCoin":8,"Dota2Spire:DrumOfEndurance":1,"wanderingMiniBosses:MasterThiefsPresence":12,"Ring of Chaos":0,"EVO:Axolotl":0,"Ginger":6,"Replay:Wax Seal":10,"Burning Blood":0,"Red Skull":3},{"StuffTheSpire:Barrel":47,"GiantMaggot":14,"ReplayTheSpireMod:CursedCoin":35,"Dota2Spire:DrumOfEndurance":2,"wanderingMiniBosses:MasterThiefsPresence":56,"Ring of Chaos":0,"EVO:Axolotl":0,"Ginger":20,"Replay:Wax Seal":43,"Burning Blood":0,"Red Skull":12}],"Burning Blood":77},"card_choices":[{"not_picked":["Armaments","Headbutt"],"picked":"Rampage","floor":1},{"not_picked":["Clash","Havoc"],"picked":"Cleave","floor":4},{"not_picked":["Combust","Havoc"],"picked":"Headbutt","floor":6},{"not_picked":["Blood for Blood","Clash"],"picked":"Twin Strike","floor":7},{"not_picked":["Dark Embrace","True Grit","Run Through"],"picked":"SKIP","floor":13},{"not_picked":["Anger","Cleave","True Grit"],"picked":"SKIP","floor":14},{"not_picked":["Thunderclap","Cleave","Intimidate"],"picked":"SKIP","floor":18},{"not_picked":["Body Slam+1","StuffTheSpire:Incineration","Perfected Strike+1"],"picked":"SKIP","floor":22},{"not_picked":["Massacre","Shrug It Off"],"picked":"Pommel Strike","floor":24},{"not_picked":["Havoc","Clash"],"picked":"ReplayTheSpireMod:Muscle Training","floor":25},{"not_picked":["Combust","StuffTheSpire:Incineration","infinitespire:OneForAll"],"picked":"SKIP","floor":29},{"not_picked":["Barricade","Feel No Pain+1"],"picked":"Shrug It Off+1","floor":30},{"not_picked":["Twin Strike","StuffTheSpire:Incineration","Metallicize"],"picked":"SKIP","floor":31}],"player_experience":1545139,"relics_obtained":[{"floor":6,"key":"Red Skull"},{"floor":9,"key":"GiantMaggot"},{"floor":14,"key":"Ginger"},{"floor":24,"key":"Replay:Wax Seal"},{"floor":26,"key":"StuffTheSpire:Barrel"},{"floor":29,"key":"wanderingMiniBosses:MasterThiefsPresence"}],"event_choices":[{"cards_removed":["Strike_R"],"damage_healed":0,"gold_gain":0,"player_choice":"Forget","damage_taken":0,"max_hp_gain":0,"max_hp_loss":0,"event_name":"Living Wall","floor":2,"gold_loss":0},{"damage_healed":0,"gold_gain":0,"player_choice":"RENOUNCE","damage_taken":51,"max_hp_gain":0,"max_hp_loss":0,"event_name":"betterThird:BetterSerpent","floor":5,"gold_loss":51,"cards_obtained":["Enlightenment"]},{"damage_healed":0,"gold_gain":0,"player_choice":"Got Potions","damage_taken":0,"max_hp_gain":0,"max_hp_loss":0,"event_name":"Lab","floor":11,"gold_loss":0}],"is_beta":true,"boss_relics":[{"not_picked":["Electric Blood","conspire:SeveredTorchhead","StuffTheSpire:ModemDavis"]}],"items_purged_floors":[20,21],"is_endless":false,"potions_floor_spawned":[7,13,14,16,22,25,29],"killed_by":"Automaton","ascension_level":1}}