{"host":"0awa854l6bexpjrv","time":1611297782,"event":{"mods":["BaseMod","Block Reminder","Colored Map","Colored Powertips","Downfall","Highlight Path","Minty Spire (QoL Compilation)","Quick Restart","Rare Cards Sparkle","StSLib","SuperFastMode"],"gold_per_floor":[115,40,40,52,70,70,100,100,100,110,123,123,37,37,37,141,141,153,8,8,28,28,28,54,54,54,64,64,64],"floor_reached":28,"language":"ENG","playtime":1259,"items_purged":["Strike_G"],"score":260,"play_id":"4becffd7-013e-4f1c-b41f-b90bcedd290f","local_time":"20210121224302","is_ascension_mode":true,"campfire_choices":[{"data":"Neutralize","floor":6.0,"key":"SMITH"},{"floor":8,"key":"REST"},{"data":"Riddle With Holes","floor":12,"key":"SMITH"},{"data":"Terror","floor":15,"key":"SMITH"},{"data":"Bullet Time","floor":23,"key":"SMITH"}],"circlet_count":0,"master_deck":["Defend_G+1","Defend_G+1","Defend_G+1","Defend_G+1","Defend_G+1","Survivor","Neutralize+1","CurseOfTheBell","Backflip","Terror+1","Dodge and Roll","Noxious Fumes","Riddle With Holes+1","Noxious Fumes","Poisoned Stab","Bullet Time+1","Slimebound:Tackle+1","Slimebound:Tackle+1","Slimebound:Tackle+1","Crippling Poison","Poisoned Stab+1","Unload","Flechettes"],"relics":["Calling Bell","Vajra","Sundial","The Specimen","CultistMask","Toy Ornithopter","Eternal Feather","Runic Pyramid","TwistedFunnel","Smiling Mask","Ninja Scroll"],"acts_visited":["Exordium","TheCity"],"potions_floor_usage":[7,11],"damage_taken":[{"damage":6.0,"enemies":"2 Louse","floor":1.0,"turns":3.0},{"damage":0.0,"enemies":"Cultist","floor":4.0,"turns":3.0},{"damage":2.0,"enemies":"Jaw Worm","floor":5.0,"turns":3.0},{"damage":13,"enemies":"Lagavulin","floor":7,"turns":8},{"damage":11,"enemies":"2 Fungi Beasts","floor":10,"turns":5},{"damage":0,"enemies":"Red Slaver","floor":11,"turns":4},{"damage":12,"enemies":"The Guardian","floor":16,"turns":9},{"damage":20,"enemies":"3 Byrds","floor":18,"turns":5},{"damage":1,"enemies":"Chosen","floor":21,"turns":4},{"damage":32,"enemies":"Gremlin Leader","floor":24,"turns":6},{"damage":29,"enemies":"Snake Plant","floor":27,"turns":3},{"damage":6,"enemies":"Sentry and Sphere","floor":28,"turns":2}],"seed_played":"2345578219088258611","potions_obtained":[{"floor":4.0,"key":"EssenceOfSteel"},{"floor":10,"key":"Poison Potion"},{"floor":16,"key":"SpeedPotion"},{"floor":21,"key":"Energy Potion"}],"is_trial":false,"path_per_floor":["M","$","?","M","M","R","E","R","T","M","M","R","$","?","R","B",null,"M","$","?","M","?","R","E","?","T","M","M"],"character_chosen":"THE_SILENT","items_purchased":["Noxious Fumes","Poisoned Stab","TwistedFunnel"],"campfire_rested":1,"item_purchase_floors":[13,13,19],"current_hp_per_floor":[64,64,64,64,62,62,49,70,70,59,64,70,70,75,75,63,75,55,55,55,54,54,66,34,34,34,5,0,0],"gold":64,"neow_bonus":"BOSS_RELIC","is_daily":false,"chose_seed":false,"campfire_upgraded":4,"win_rate":0.0,"timestamp":1611297782,"path_taken":["M","$","?","M","M","R","E","R","T","?","M","R","$","?","R","BOSS","M","$","?","M","?","R","E","?","T","M","M"],"items_purchased_type":["Card","Card","Relic"],"build_version":"2020-12-22","purchased_purges":1,"victory":false,"max_hp_per_floor":[70,70,70,70,70,70,70,70,70,70,70,70,70,75,75,75,75,75,75,75,75,75,75,75,75,75,75,75,75],"card_choices":[{"not_picked":["Deadly Poison","Dagger Throw"],"picked":"Backflip","floor":1.0},{"not_picked":["Heel Hook","Underhanded Strike"],"picked":"Terror","floor":4.0},{"not_picked":["Reflex","Deflect"],"picked":"Dodge and Roll","floor":5.0},{"not_picked":["All Out Attack","Die Die Die"],"picked":"Noxious Fumes","floor":7},{"not_picked":["Deflect","Flying Knee"],"picked":"Riddle With Holes","floor":10},{"not_picked":["Reflex","Underhanded Strike","Slice"],"picked":"SKIP","floor":11},{"not_picked":["Grand Finale","Die Die Die"],"picked":"Bullet Time","floor":16},{"not_picked":["Choke","Masterful Stab","Terror"],"picked":"SKIP","floor":18},{"not_picked":["Masterful Stab+1","Backflip"],"picked":"Crippling Poison","floor":21},{"not_picked":["Backflip","Accuracy+1"],"picked":"Poisoned Stab+1","floor":24},{"not_picked":["Acrobatics","Escape Plan","PiercingWail"],"picked":"SKIP","floor":27}],"player_experience":601997,"relics_obtained":[{"floor":0.0,"key":"Vajra"},{"floor":0.0,"key":"Sundial"},{"floor":0.0,"key":"The Specimen"},{"floor":7,"key":"Toy Ornithopter"},{"floor":9,"key":"Eternal Feather"},{"floor":24,"key":"Smiling Mask"},{"floor":26,"key":"Ninja Scroll"}],"event_choices":[{"damage_healed":0.0,"max_hp_gain":0.0,"max_hp_loss":0.0,"gold_gain":0.0,"event_name":"FaceTrader","player_choice":"Trade","floor":3.0,"gold_loss":0.0,"damage_taken":0.0,"relics_obtained":["CultistMask"]},{"damage_healed":0,"gold_gain":0,"player_choice":"Donut","damage_taken":0,"max_hp_gain":5,"max_hp_loss":0,"event_name":"Big Fish","floor":14,"gold_loss":0},{"damage_healed":0,"gold_gain":0,"player_choice":"Simplicity","damage_taken":0,"max_hp_gain":0,"max_hp_loss":0,"event_name":"Back to Basics","floor":22,"gold_loss":0,"cards_upgraded":["Defend_G","Defend_G","Defend_G","Defend_G","Defend_G"]},{"damage_healed":0,"gold_gain":0,"player_choice":"2 cards matched","damage_taken":0,"max_hp_gain":0,"max_hp_loss":0,"event_name":"Match and Keep!","floor":25,"gold_loss":0,"cards_obtained":["Unload","Flechettes"]}],"is_beta":false,"boss_relics":[{"not_picked":["Tiny House","Sozu"],"picked":"Runic Pyramid"}],"items_purged_floors":[2],"is_endless":false,"potions_floor_spawned":[4,10,16,21],"killed_by":"Sentry and Sphere","ascension_level":2}}