{"host":"9tzam4717zt8ei1o","time":1611327183,"event":{"mods":["BaseMod","Colored Map","Keyboard Shortcuts","Minty Spire (QoL Compilation)","Quick Restart","StSLib","SuperFastMode"],"gold_per_floor":[114,114,127,127,40,75,75,103,103,103,134,59,59,73,73,148,148,162,3,20,20,36,36,306,306,306,306,323,333,361,74,74,151,151,168,168,178,196,46,46,57,57,57,87,104,129,146,160,160,160,160,160,160,0,27,27,27],"floor_reached":56,"language":"KOR","playtime":1423,"items_purged":["Strike_R","Strike_R","Strike_R","Twin Strike"],"score":2090,"play_id":"a0029c68-c925-4b9e-b436-8164f25309aa","local_time":"20210122235303","is_ascension_mode":true,"campfire_choices":[{"data":"Carnage","floor":7.0,"key":"SMITH"},{"data":"Burning Pact","floor":15.0,"key":"SMITH"},{"floor":23.0,"key":"REST"},{"data":"Evolve","floor":25.0,"key":"SMITH"},{"data":"Wild Strike","floor":27.0,"key":"SMITH"},{"data":"Feel No Pain","floor":32.0,"key":"SMITH"},{"floor":40.0,"key":"RECALL"},{"data":"Shrug It Off","floor":42.0,"key":"SMITH"},{"data":"Reckless Charge","floor":49.0,"key":"SMITH"},{"data":"Body Slam","floor":53.0,"key":"SMITH"}],"circlet_count":0,"master_deck":["AscendersBane","Strike_R+1","Defend_R","Defend_R+1","Defend_R","Defend_R+1","Bash+1","Carnage+1","Wild Strike+1","Reckless Charge+1","Power Through+1","Burning Pact+1","Corruption","Evolve+1","Body Slam+1","Sentinel+1","True Grit+1","Feel No Pain+1","Shrug It Off+1","Dark Embrace","True Grit"],"relics":["Burning Blood","NeowsBlessing","Calipers","Pantograph","Eternal Feather","Pear","InkBottle","Snecko Eye","Mercury Hourglass","Gremlin Horn","TheAbacus","Busted Crown","Bag of Marbles","Darkstone Periapt","Centennial Puzzle","War Paint"],"acts_visited":["Exordium","TheCity","TheBeyond","TheEnding"],"potions_floor_usage":[55],"damage_taken":[{"damage":0.0,"enemies":"Small Slimes","floor":1.0,"turns":1.0},{"damage":0.0,"enemies":"Cultist","floor":3.0,"turns":1.0},{"damage":0.0,"enemies":"3 Sentries","floor":6.0,"turns":1.0},{"damage":40.0,"enemies":"Lagavulin","floor":8.0,"turns":4.0},{"damage":20.0,"enemies":"3 Sentries","floor":11.0,"turns":6.0},{"damage":0.0,"enemies":"2 Louse","floor":14.0,"turns":2.0},{"damage":51.0,"enemies":"Slime Boss","floor":16.0,"turns":9.0},{"damage":1.0,"enemies":"2 Thieves","floor":18.0,"turns":3.0},{"damage":33.0,"enemies":"Shell Parasite","floor":20.0,"turns":5.0},{"damage":14.0,"enemies":"Cultist and Chosen","floor":22.0,"turns":5.0},{"damage":0.0,"enemies":"3 Cultists","floor":28.0,"turns":5.0},{"damage":0.0,"enemies":"Snecko","floor":29.0,"turns":4.0},{"damage":27.0,"enemies":"Slavers","floor":30.0,"turns":6.0},{"damage":0.0,"enemies":"Automaton","floor":33.0,"turns":5.0},{"damage":0.0,"enemies":"3 Shapes","floor":35.0,"turns":3.0},{"damage":0.0,"enemies":"3 Darklings","floor":37.0,"turns":2.0},{"damage":9.0,"enemies":"Transient","floor":38.0,"turns":6.0},{"damage":0.0,"enemies":"Sphere and 2 Shapes","floor":41.0,"turns":4.0},{"damage":0.0,"enemies":"Reptomancer","floor":44.0,"turns":3.0},{"damage":0.0,"enemies":"Spire Growth","floor":45.0,"turns":2.0},{"damage":17.0,"enemies":"Giant Head","floor":46.0,"turns":6.0},{"damage":0.0,"enemies":"Jaw Worm Horde","floor":47.0,"turns":2.0},{"damage":0.0,"enemies":"Transient","floor":48.0,"turns":6.0},{"damage":35.0,"enemies":"Donu and Deca","floor":50.0,"turns":6.0},{"damage":58.0,"enemies":"Awakened One","floor":51.0,"turns":8.0},{"damage":50,"enemies":"Shield and Spear","floor":55,"turns":6},{"damage":51,"enemies":"The Heart","floor":56,"turns":6}],"seed_played":"-8529012606581048545","potions_obtained":[{"floor":1.0,"key":"LiquidBronze"},{"floor":2.0,"key":"PowerPotion"},{"floor":2.0,"key":"Strength Potion"},{"floor":16.0,"key":"BlessingOfTheForge"},{"floor":28.0,"key":"Energy Potion"},{"floor":30.0,"key":"FairyPotion"},{"floor":37.0,"key":"DuplicationPotion"}],"is_trial":false,"path_per_floor":["M","?","M","?","$","E","R","E","T","?","E","$","?","M","R","B",null,"M","$","M","?","M","R","?","R","T","R","M","M","E","$","R","B",null,"M","?","M","M","$","R","M","R","T","E","M","E","M","M","R","B","B",null,"R","$","E","B"],"character_chosen":"IRONCLAD","items_purchased":["Carnage","Body Slam","TheAbacus","Centennial Puzzle"],"campfire_rested":1,"item_purchase_floors":[5,19,31,54],"current_hp_per_floor":[74,74,75,52,52,58,58,24,24,29,15,15,15,21,30,10,66,71,71,44,19,11,50,23,35,35,47,53,59,38,38,50,81,88,90,90,90,87,87,90,90,90,90,90,90,79,85,90,90,61,34,76,88,88,44,18,18],"gold":27,"neow_bonus":"THREE_ENEMY_KILL","is_daily":false,"chose_seed":false,"campfire_upgraded":8,"win_rate":0.0,"timestamp":1611327183,"path_taken":["M","?","?","?","$","E","R","E","T","?","E","$","?","M","R","BOSS","M","$","?","?","M","R","?","R","T","R","M","?","E","$","R","BOSS","M","?","M","M","$","R","M","R","T","E","M","E","M","M","R","BOSS","BOSS","R","$","E","BOSS"],"items_purchased_type":["Card","Card","Relic","Relic"],"build_version":"2020-12-22","purchased_purges":4,"victory":false,"max_hp_per_floor":[75,75,75,75,75,75,75,75,75,85,85,85,85,85,85,85,85,85,85,85,90,90,90,90,90,90,90,90,90,90,90,90,90,90,90,90,90,90,90,90,90,90,90,90,90,90,90,90,90,90,90,90,90,90,90,90,90],"card_choices":[{"not_picked":["Battle Trance","Thunderclap"],"picked":"Twin Strike","floor":1.0},{"not_picked":["Iron Wave","Thunderclap","Clothesline"],"picked":"SKIP","floor":3.0},{"not_picked":["Twin Strike","Anger"],"picked":"Wild Strike","floor":6.0},{"not_picked":["Clash","Dropkick"],"picked":"Reckless Charge","floor":8.0},{"not_picked":["Heavy Blade","Carnage"],"picked":"Power Through","floor":11.0},{"not_picked":["Cleave","Inflame"],"picked":"Burning Pact","floor":14.0},{"not_picked":["Reaper","Double Tap"],"picked":"Corruption","floor":16.0},{"not_picked":["Blood for Blood","Pommel Strike"],"picked":"Evolve","floor":18.0},{"not_picked":["Spot Weakness+1","Reckless Charge"],"picked":"Sentinel+1","floor":20.0},{"not_picked":["Carnage","Anger"],"picked":"True Grit+1","floor":22.0},{"not_picked":["Body Slam","Shrug It Off+1"],"picked":"Feel No Pain","floor":28.0},{"not_picked":["Sever Soul","Iron Wave"],"picked":"Shrug It Off","floor":29.0},{"not_picked":["Sword Boomerang","Rage","Whirlwind"],"picked":"SKIP","floor":30.0},{"not_picked":[],"picked":"Dark Embrace","floor":35.0},{"not_picked":["Body Slam+1"],"picked":"SKIP","floor":37.0},{"not_picked":["Body Slam+1"],"picked":"SKIP","floor":37.0},{"not_picked":["Wild Strike"],"picked":"SKIP","floor":38.0},{"not_picked":["Hemokinesis+1"],"picked":"SKIP","floor":41.0},{"not_picked":["Rampage"],"picked":"SKIP","floor":44.0},{"not_picked":["Havoc"],"picked":"SKIP","floor":45.0},{"not_picked":["Sword Boomerang+1"],"picked":"SKIP","floor":46.0},{"not_picked":["Iron Wave"],"picked":"SKIP","floor":47.0},{"not_picked":["Pommel Strike"],"picked":"SKIP","floor":48.0},{"not_picked":[],"picked":"True Grit","floor":55}],"player_experience":91491,"relics_obtained":[{"floor":6.0,"key":"Calipers"},{"floor":8.0,"key":"Pantograph"},{"floor":9.0,"key":"Eternal Feather"},{"floor":11.0,"key":"InkBottle"},{"floor":26.0,"key":"Mercury Hourglass"},{"floor":30.0,"key":"Gremlin Horn"},{"floor":44.0,"key":"Bag of Marbles"},{"floor":46.0,"key":"Darkstone Periapt"},{"floor":55,"key":"War Paint"}],"event_choices":[{"damage_healed":0.0,"max_hp_gain":0.0,"max_hp_loss":0.0,"gold_gain":0.0,"event_name":"Lab","player_choice":"Got Potions","floor":2.0,"gold_loss":0.0,"damage_taken":0.0},{"damage_healed":0.0,"max_hp_gain":0.0,"max_hp_loss":0.0,"gold_gain":0.0,"event_name":"Shining Light","player_choice":"Entered Light","floor":4.0,"gold_loss":0.0,"damage_taken":23.0,"cards_upgraded":["Bash","Strike_R"]},{"damage_healed":0.0,"max_hp_gain":0.0,"max_hp_loss":0.0,"gold_gain":0.0,"event_name":"Scrap Ooze","player_choice":"Success","floor":10.0,"gold_loss":0.0,"damage_taken":5.0,"relics_obtained":["Pear"]},{"damage_healed":0.0,"max_hp_gain":0.0,"max_hp_loss":0.0,"gold_gain":0.0,"event_name":"Accursed Blacksmith","player_choice":"Forge","floor":13.0,"gold_loss":0.0,"damage_taken":0.0,"cards_upgraded":["Power Through"]},{"damage_healed":0.0,"max_hp_gain":5.0,"max_hp_loss":0.0,"gold_gain":0.0,"event_name":"Forgotten Altar","player_choice":"Shed Blood","floor":21.0,"gold_loss":0.0,"damage_taken":30.0},{"damage_healed":0.0,"max_hp_gain":0.0,"max_hp_loss":0.0,"gold_gain":270.0,"event_name":"Knowing Skull","player_choice":"GOLD GOLD GOLD ","floor":24.0,"potions_obtained":[],"gold_loss":0.0,"damage_taken":27.0,"cards_obtained":[]},{"cards_removed":["Strike_R"],"damage_healed":0.0,"max_hp_gain":0.0,"max_hp_loss":0.0,"gold_gain":0.0,"event_name":"Purifier","player_choice":"Purged","floor":36.0,"gold_loss":0.0,"damage_taken":0.0}],"is_beta":false,"boss_relics":[{"not_picked":["Black Star","Pandora\u0027s Box"],"picked":"Snecko Eye"},{"not_picked":["Tiny House","Runic Dome"],"picked":"Busted Crown"}],"items_purged_floors":[12,19,31,39],"is_endless":false,"potions_floor_spawned":[1,16,28,30,33,35,37,44,46,47],"killed_by":"The Heart","ascension_level":20}}