{"host":"qm4rv4rkpk76sbxu","time":1611345621,"event":{"mods":["BaseMod","Bestiary","Block Reminder","DeckTracker","Filter the Spire","Keyboard Shortcuts","Minty Spire (QoL Compilation)","MonsterHotkey","Quick Restart","Random Character Button","Relic Stats","Slay-I","StSLib","Unceasing Turn Reminder","ojb\u0027s Better Paths Mod","ojb\u0027s Info Mod"],"gold_per_floor":[112,112,126,138,138,163,163,195,240,257,16,16,16,16,16,113,113,129,129,129,129,129],"floor_reached":21,"language":"ENG","playtime":386,"items_purged":[],"score":219,"play_id":"bcf23cc5-7e73-435e-b0a0-dae7a8704e9a","local_time":"20210122210021","is_ascension_mode":true,"campfire_choices":[{"data":"Bash","floor":7.0,"key":"SMITH"},{"data":"True Grit","floor":15,"key":"SMITH"}],"circlet_count":0,"master_deck":["Defend_R","Defend_R","Bash+1","Deep Breath","Whirlwind+1","Shrug It Off","Offering","True Grit+1","Berserk","Heavy Blade+1","Clash+1","Exhume+1","Uppercut+1","Bite","Bite","Bite","Bite","Bite"],"relics":["Burning Blood","Darkstone Periapt","Ancient Tea Set","Juzu Bracelet","Gremlin Horn","Astrolabe","Nloth\u0027s Gift"],"acts_visited":["Exordium","TheCity"],"potions_floor_usage":[16,16],"damage_taken":[{"damage":6.0,"enemies":"Cultist","floor":1.0,"turns":3.0},{"damage":5.0,"enemies":"2 Louse","floor":3.0,"turns":2.0},{"damage":6.0,"enemies":"Jaw Worm","floor":4.0,"turns":3.0},{"damage":23.0,"enemies":"3 Sentries","floor":6.0,"turns":6.0},{"damage":44.0,"enemies":"Gremlin Nob","floor":8.0,"turns":5.0},{"damage":6,"enemies":"Large Slime","floor":10,"turns":2},{"damage":16,"enemies":"Slime Boss","floor":16,"turns":7},{"damage":32,"enemies":"2 Thieves","floor":18,"turns":2}],"seed_played":"-1209272952300139432","potions_obtained":[{"floor":3.0,"key":"BloodPotion"},{"floor":8.0,"key":"CultistPotion"},{"floor":16,"key":"Regen Potion"}],"is_trial":false,"path_per_floor":["M","?","M","M","?","E","R","E","T","M","$","?","?","$","R","B",null,"M","?","?","$"],"character_chosen":"IRONCLAD","items_purchased":["Gremlin Horn"],"campfire_rested":0,"item_purchase_floors":[11],"current_hp_per_floor":[80,80,80,80,62,45,45,7,7,7,7,7,7,7,7,13,80,56,56,56,56,56],"gold":129,"neow_bonus":"RANDOM_COLORLESS","is_daily":false,"chose_seed":false,"campfire_upgraded":2,"win_rate":0.0,"timestamp":1611345621,"path_taken":["M","?","M","?","?","E","R","E","T","M","?","?","?","$","R","BOSS","M","?","?","$"],"items_purchased_type":["Relic"],"build_version":"2020-12-22","purchased_purges":0,"victory":false,"max_hp_per_floor":[80,80,80,80,80,80,80,80,80,80,80,80,80,80,80,80,80,80,80,56,56,56],"relic_stats":{"Darkstone Periapt":0,"Gremlin Horn":[3,3],"counters":[8,30],"Astrolabe":["Heavy Blade","Clash","Exhume"],"Juzu Bracelet":1,"Nloth\u0027s Gift":0,"obtain_stats":[{"Darkstone Periapt":5,"Gremlin Horn":11,"Bird Faced Urn":8,"Astrolabe":17,"Juzu Bracelet":9,"Nloth\u0027s Gift":19,"Ancient Tea Set":6,"Burning Blood":0},{"Darkstone Periapt":3,"Gremlin Horn":6,"Bird Faced Urn":5,"Astrolabe":7,"Juzu Bracelet":5,"Nloth\u0027s Gift":8,"Ancient Tea Set":4,"Burning Blood":0},{"Darkstone Periapt":8,"Gremlin Horn":21,"Bird Faced Urn":19,"Astrolabe":28,"Juzu Bracelet":19,"Nloth\u0027s Gift":30,"Ancient Tea Set":14,"Burning Blood":0}],"Burning Blood":47},"card_choices":[{"not_picked":["Finesse","Jack Of All Trades"],"picked":"Deep Breath","floor":0.0},{"not_picked":["Shrug It Off","Thunderclap"],"picked":"Whirlwind","floor":1.0},{"not_picked":["Clash","Perfected Strike","Thunderclap"],"picked":"SKIP","floor":3.0},{"not_picked":["Corruption","Combust"],"picked":"Shrug It Off","floor":4.0},{"not_picked":["Power Through","Bloodletting","Thunderclap"],"picked":"SKIP","floor":6.0},{"not_picked":["Bloodletting","Havoc"],"picked":"Offering","floor":8.0},{"not_picked":["Rage","Disarm"],"picked":"True Grit","floor":10},{"not_picked":["Immolate","Fiend Fire"],"picked":"Berserk","floor":16},{"not_picked":["Intimidate+1","Shrug It Off"],"picked":"Uppercut+1","floor":18}],"player_experience":1378443,"relics_obtained":[{"floor":6.0,"key":"Ancient Tea Set"},{"floor":8.0,"key":"Bird Faced Urn"},{"floor":9.0,"key":"Juzu Bracelet"}],"event_choices":[{"damage_healed":0.0,"max_hp_gain":0.0,"max_hp_loss":0.0,"gold_gain":0.0,"event_name":"Upgrade Shrine","player_choice":"Upgraded","floor":2.0,"gold_loss":0.0,"damage_taken":0.0,"cards_upgraded":["Whirlwind"]},{"damage_healed":0.0,"max_hp_gain":0.0,"max_hp_loss":0.0,"gold_gain":0.0,"event_name":"Scrap Ooze","player_choice":"Success","floor":5.0,"gold_loss":0.0,"damage_taken":18.0,"relics_obtained":["Darkstone Periapt"]},{"damage_healed":0,"gold_gain":0,"player_choice":"Ignored","damage_taken":0,"max_hp_gain":0,"max_hp_loss":0,"event_name":"Shining Light","floor":12,"gold_loss":0},{"cards_removed":["Strike_R"],"damage_healed":0,"gold_gain":0,"player_choice":"Card Removal","damage_taken":0,"max_hp_gain":0,"max_hp_loss":0,"event_name":"Wheel of Change","floor":13,"gold_loss":0},{"damage_healed":0,"gold_gain":0,"player_choice":"Traded Relic","damage_taken":0,"relics_obtained":["Nloth\u0027s Gift"],"max_hp_gain":0,"max_hp_loss":0,"event_name":"N\u0027loth","floor":19,"relics_lost":["Bird Faced Urn"],"gold_loss":0},{"damage_healed":0,"gold_gain":0,"player_choice":"Became a vampire","damage_taken":0,"max_hp_gain":0,"max_hp_loss":24,"event_name":"Vampires","floor":20,"gold_loss":0,"cards_obtained":["Bite","Bite","Bite","Bite","Bite"]}],"is_beta":false,"boss_relics":[{"not_picked":["Empty Cage","Runic Cube"],"picked":"Astrolabe"}],"items_purged_floors":[],"is_endless":false,"potions_floor_spawned":[3,8,16],"ascension_level":1}}