{"host":"41y51qpuw3tri6uv","time":1611289790,"event":{"mods":["AchievementEnabler","BaseMod","Colored Map","Colored Powertips","DeckTracker","Minty Spire (QoL Compilation)","Permanent Neow","Quick Restart","Random Character Button","Synergy Search"],"gold_per_floor":[114,134,154,54,74,109,109,126,203,535,158,176,176,191,191,292,292,304,304,34,52,71,71,98,98,98,118,152,172,172,207,207,304,304,319,62,75,85,17,17,17],"floor_reached":40,"language":"ENG","playtime":1998,"items_purged":["Strike_R","Strike_R","Strike_R"],"score":611,"play_id":"d4d577c2-c315-45a6-83c8-2990d7a01e2f","local_time":"20210121232950","is_ascension_mode":true,"campfire_choices":[{"data":"True Grit","floor":7,"key":"SMITH"},{"data":"Whirlwind","floor":15,"key":"SMITH"},{"data":"Body Slam","floor":23,"key":"SMITH"},{"data":"Body Slam","floor":25,"key":"SMITH"},{"data":"Demon Form","floor":32,"key":"SMITH"}],"circlet_count":0,"master_deck":["Defend_R+1","Defend_R","Defend_R","Bash","Feed","Cleave","Hemokinesis","True Grit+1","True Grit+1","Shockwave","Battle Trance","Body Slam+1","Headbutt","Whirlwind+1","Cleave","Sword Boomerang","Iron Wave","Demon Form+1","Body Slam+1","Iron Wave","Pommel Strike","Disarm","Shrug It Off","Metallicize","Pommel Strike","Metallicize+1","Body Slam","Feel No Pain","Impervious","Armaments","Pommel Strike","Inflame"],"relics":["Burning Blood","War Paint","Gremlin Horn","Old Coin","Red Skull","Sozu","Akabeko","Charon\u0027s Ashes","Orichalcum","PreservedInsect","Mark of Pain","Paper Frog"],"acts_visited":["Exordium","TheCity","TheBeyond"],"potions_floor_usage":[10,16,24],"damage_taken":[{"damage":1,"enemies":"Small Slimes","floor":1,"turns":5},{"damage":7,"enemies":"2 Louse","floor":2,"turns":2},{"damage":2,"enemies":"Cultist","floor":3,"turns":2},{"damage":16,"enemies":"Looter","floor":5,"turns":4},{"damage":46,"enemies":"Lagavulin","floor":6,"turns":10},{"damage":13,"enemies":"2 Fungi Beasts","floor":8,"turns":3},{"damage":23,"enemies":"Gremlin Nob","floor":10,"turns":4},{"damage":10,"enemies":"Exordium Thugs","floor":12,"turns":3},{"damage":2,"enemies":"Large Slime","floor":14,"turns":3},{"damage":17,"enemies":"Hexaghost","floor":16,"turns":10},{"damage":35,"enemies":"Spheric Guardian","floor":18,"turns":4},{"damage":9,"enemies":"Shell Parasite","floor":21,"turns":5},{"damage":39,"enemies":"Centurion and Healer","floor":22,"turns":5},{"damage":12,"enemies":"Book of Stabbing","floor":24,"turns":5},{"damage":0,"enemies":"Chosen and Byrds","floor":27,"turns":3},{"damage":0,"enemies":"Slavers","floor":28,"turns":1},{"damage":0,"enemies":"Snecko","floor":29,"turns":3},{"damage":2,"enemies":"Gremlin Leader","floor":31,"turns":3},{"damage":35,"enemies":"Automaton","floor":33,"turns":9},{"damage":9,"enemies":"Orb Walker","floor":35,"turns":3},{"damage":42,"enemies":"3 Shapes","floor":37,"turns":3},{"damage":38,"enemies":"Jaw Worm Horde","floor":38,"turns":3},{"damage":36,"enemies":"Spire Growth","floor":40,"turns":3}],"seed_played":"-9013748662363962297","potions_obtained":[{"floor":1,"key":"Weak Potion"},{"floor":3,"key":"Weak Potion"},{"floor":8,"key":"DistilledChaos"},{"floor":14,"key":"GamblersBrew"}],"is_trial":false,"path_per_floor":["M","M","M","$","M","E","R","M","T","E","$","M","?","M","R","B",null,"M","?","$","M","M","R","E","R","T","M","E","M","?","E","R","B",null,"M","$","M","M","$","M"],"character_chosen":"IRONCLAD","items_purchased":["True Grit","Red Skull","Whirlwind","Cleave","Iron Wave","Pommel Strike","Disarm","Paper Frog","Inflame"],"campfire_rested":0,"item_purchase_floors":[4,11,11,11,20,20,20,36,39],"current_hp_per_floor":[83,85,89,89,79,39,39,35,35,18,18,17,17,24,24,13,98,72,72,72,69,36,36,30,30,30,36,42,48,48,52,52,23,101,98,98,65,36,36,0,0],"gold":17,"neow_bonus":"TRANSFORM_CARD","is_daily":false,"chose_seed":false,"campfire_upgraded":5,"win_rate":0.0,"timestamp":1611289790,"path_taken":["M","M","M","$","M","E","R","M","T","E","$","M","?","M","R","BOSS","M","?","$","M","M","R","E","R","T","M","E","M","?","E","R","BOSS","M","$","M","M","$","?"],"items_purchased_type":["Card","Relic","Card","Card","Card","Card","Card","Relic","Card"],"build_version":"2020-12-22","purchased_purges":3,"victory":false,"max_hp_per_floor":[83,86,89,89,89,89,89,92,92,92,92,95,95,98,98,98,98,101,101,101,101,101,101,101,101,101,101,101,101,101,101,101,101,101,101,101,104,107,107,107,107],"card_choices":[{"not_picked":["Dropkick","Entrench"],"picked":"Cleave","floor":1},{"not_picked":["Dropkick","Clash"],"picked":"Hemokinesis","floor":2},{"not_picked":["Cleave","Sword Boomerang"],"picked":"True Grit","floor":3},{"not_picked":["Iron Wave","Shrug It Off"],"picked":"Shockwave","floor":5},{"not_picked":["Headbutt","Anger"],"picked":"Battle Trance","floor":6},{"not_picked":["Bloodletting","Combust"],"picked":"Body Slam","floor":8},{"not_picked":["Twin Strike","Metallicize"],"picked":"Headbutt","floor":10},{"not_picked":["Clothesline","Wild Strike"],"picked":"Sword Boomerang","floor":12},{"not_picked":["Wild Strike","Warcry"],"picked":"Iron Wave","floor":14},{"not_picked":["Immolate","Offering"],"picked":"Demon Form","floor":16},{"not_picked":["Burning Pact+1","Clothesline"],"picked":"Body Slam","floor":18},{"not_picked":["Dual Wield+1","Second Wind"],"picked":"Shrug It Off","floor":21},{"not_picked":["Cleave+1","Rage"],"picked":"Metallicize","floor":22},{"not_picked":["Fire Breathing","Headbutt"],"picked":"Pommel Strike","floor":24},{"not_picked":["Dual Wield","Anger+1"],"picked":"Metallicize+1","floor":27},{"not_picked":["Dual Wield","Clash","Limit Break"],"picked":"SKIP","floor":28},{"not_picked":["Metallicize","Thunderclap+1"],"picked":"Body Slam","floor":29},{"not_picked":["Feed","Cleave"],"picked":"Feel No Pain","floor":31},{"not_picked":["Juggernaut","Feed"],"picked":"Impervious","floor":33},{"not_picked":["Cleave","Rage"],"picked":"Armaments","floor":35},{"not_picked":["Clothesline","Burning Pact"],"picked":"Pommel Strike","floor":37},{"not_picked":["Anger","Shockwave+1","Sword Boomerang+1"],"picked":"SKIP","floor":38}],"player_experience":118538,"relics_obtained":[{"floor":6,"key":"War Paint"},{"floor":9,"key":"Gremlin Horn"},{"floor":10,"key":"Old Coin"},{"floor":24,"key":"Akabeko"},{"floor":26,"key":"Charon\u0027s Ashes"},{"floor":28,"key":"Orichalcum"},{"floor":31,"key":"PreservedInsect"}],"event_choices":[{"damage_healed":0,"gold_gain":0,"player_choice":"Ignored","damage_taken":0,"max_hp_gain":0,"max_hp_loss":0,"event_name":"Shining Light","floor":13,"gold_loss":0},{"cards_removed":["Strike_R"],"damage_healed":0,"gold_gain":0,"player_choice":"Elegance","damage_taken":0,"max_hp_gain":0,"max_hp_loss":0,"event_name":"Back to Basics","floor":19,"gold_loss":0},{"cards_removed":["Defend_R"],"damage_healed":0,"gold_gain":0,"player_choice":"Purged","damage_taken":0,"max_hp_gain":0,"max_hp_loss":0,"event_name":"Purifier","floor":30,"gold_loss":0}],"is_beta":false,"boss_relics":[{"not_picked":["Fusion Hammer","Snecko Eye"],"picked":"Sozu"},{"not_picked":["Empty Cage","Busted Crown"],"picked":"Mark of Pain"}],"items_purged_floors":[4,11,20],"is_endless":false,"potions_floor_spawned":[1,3,8,14,18,22,29,31,33,38],"killed_by":"Spire Growth","ascension_level":2}}