{"host":"zrg8yzdwi219jxzu","time":1611289754,"event":{"mods":["BaseMod","Minty Spire (QoL Compilation)","The IronCluck","slay the spire mod where everything is the same but ironclad has a cowboy hat"],"gold_per_floor":[113,63,80,155,170,170,202,202,226,226,226,241,257,274,274,373,373,393,426,351,351,41,41,41,41,64,64,83,109,209,238,250,262,262],"floor_reached":33,"language":"ENG","playtime":1032,"items_purged":["Strike_R","Strike_R"],"score":337,"play_id":"12f8911d-771b-4447-adfc-de03a21492ac","local_time":"20210121232914","is_ascension_mode":true,"campfire_choices":[{"data":"Armaments","floor":6,"key":"SMITH"},{"data":"Sword Boomerang","floor":8,"key":"SMITH"},{"data":"Bash","floor":10,"key":"SMITH"},{"floor":15,"key":"REST"},{"data":"Searing Blow","floor":23,"key":"SMITH"},{"data":"Searing Blow+1","floor":27,"key":"SMITH"},{"data":"Searing Blow+2","floor":32,"key":"SMITH"}],"circlet_count":0,"master_deck":["Strike_R+1","Strike_R","Strike_R","Defend_R","Defend_R","Bash+1","Battle Trance","Armaments+1","Sword Boomerang+1","Heavy Blade+1","Sword Boomerang","Cleave+1","Cleave","Limit Break","Searing Blow+3","Armaments+1","Decay","Flex","Disarm","Clash+1","Clash"],"relics":["Burning Blood","PreservedInsect","Orichalcum","Velvet Choker","Red Mask","Sling","MutagenicStrength","Whetstone","Eternal Feather","WingedGreaves","Mummified Hand","MawBank"],"acts_visited":["Exordium","TheCity"],"potions_floor_usage":[7,16,30,30,31],"damage_taken":[{"damage":8,"enemies":"2 Louse","floor":1,"turns":2},{"damage":12,"enemies":"Small Slimes","floor":3,"turns":3},{"damage":6,"enemies":"Cultist","floor":5,"turns":3},{"damage":27,"enemies":"3 Sentries","floor":7,"turns":6},{"damage":3,"enemies":"Blue Slaver","floor":12,"turns":4},{"damage":5,"enemies":"2 Fungi Beasts","floor":13,"turns":3},{"damage":9,"enemies":"Exordium Wildlife","floor":14,"turns":3},{"damage":52,"enemies":"Slime Boss","floor":16,"turns":9},{"damage":21,"enemies":"Shell Parasite","floor":18,"turns":4},{"damage":13,"enemies":"Masked Bandits","floor":19,"turns":3},{"damage":3,"enemies":"Chosen","floor":28,"turns":3},{"damage":9,"enemies":"Gremlin Leader","floor":29,"turns":2},{"damage":14,"enemies":"Colosseum Slavers","floor":30,"turns":2},{"damage":7,"enemies":"Colosseum Nobs","floor":30,"turns":3},{"damage":9,"enemies":"Book of Stabbing","floor":31,"turns":4},{"damage":65,"enemies":"Collector","floor":33,"turns":6}],"seed_played":"-706699801056033202","potions_obtained":[{"floor":1,"key":"SteroidPotion"},{"floor":5,"key":"Weak Potion"},{"floor":7,"key":"BlessingOfTheForge"},{"floor":13,"key":"Dexterity Potion"},{"floor":14,"key":"DistilledChaos"},{"floor":28,"key":"FearPotion"},{"floor":29,"key":"PowerPotion"},{"floor":30,"key":"ColorlessPotion"}],"is_trial":false,"path_per_floor":["M","?","M","?","M","R","E","R","T","R","?","M","M","M","R","B",null,"M","?","$","?","$","R","$","?","T","R","M","E","?","E","R","B"],"character_chosen":"IRONCLAD","items_purchased":["Flex","Sling"],"campfire_rested":1,"item_purchase_floors":[22,22],"current_hp_per_floor":[78,78,72,61,61,61,40,40,40,40,40,43,44,41,65,19,80,65,58,58,58,58,58,58,58,58,58,61,58,49,46,58,0,0],"gold":262,"neow_bonus":"REMOVE_CARD","is_daily":false,"chose_seed":false,"campfire_upgraded":6,"win_rate":0.0,"timestamp":1611289754,"path_taken":["M","?","M","?","M","R","E","R","T","R","?","?","M","M","R","BOSS","M","?","$","?","$","R","?","?","T","R","M","E","?","E","R","BOSS"],"items_purchased_type":["Card","Relic"],"build_version":"2020-12-22","purchased_purges":2,"victory":false,"max_hp_per_floor":[80,80,80,80,80,80,80,80,80,80,80,80,80,80,80,80,80,80,80,80,80,80,80,80,80,80,80,80,80,80,80,80,80,80],"card_choices":[{"not_picked":["Rage","Sword Boomerang"],"picked":"Battle Trance","floor":1},{"not_picked":["Entrench","Perfected Strike"],"picked":"Armaments","floor":3},{"not_picked":["Blood for Blood","Second Wind"],"picked":"Sword Boomerang","floor":5},{"not_picked":["Body Slam","Headbutt"],"picked":"Heavy Blade","floor":7},{"not_picked":["Sever Soul","Shrug It Off"],"picked":"Sword Boomerang","floor":12},{"not_picked":["Thunderclap","Immolate"],"picked":"Cleave","floor":13},{"not_picked":["Iron Wave","Wild Strike"],"picked":"Cleave","floor":14},{"not_picked":["Brutality","Exhume"],"picked":"Limit Break","floor":16},{"not_picked":["Uppercut+1","Havoc+1"],"picked":"Searing Blow","floor":18},{"not_picked":["Cleave+1","Sword Boomerang+1"],"picked":"Armaments+1","floor":19},{"not_picked":["Sever Soul+1","Twin Strike","Rupture"],"picked":"SKIP","floor":28},{"not_picked":["Iron Wave","Anger"],"picked":"Disarm","floor":29},{"not_picked":["Exhume","Heavy Blade"],"picked":"Clash+1","floor":30},{"not_picked":["Shockwave","Whirlwind"],"picked":"Clash","floor":31}],"player_experience":125017,"relics_obtained":[{"floor":7,"key":"PreservedInsect"},{"floor":9,"key":"Orichalcum"},{"floor":19,"key":"Red Mask"},{"floor":26,"key":"Whetstone"},{"floor":29,"key":"Eternal Feather"},{"floor":30,"key":"WingedGreaves"},{"floor":30,"key":"Mummified Hand"},{"floor":31,"key":"MawBank"}],"event_choices":[{"cards_removed":["Defend_R"],"damage_healed":0,"gold_gain":0,"player_choice":"Card Removal","damage_taken":0,"max_hp_gain":0,"max_hp_loss":0,"event_name":"The Cleric","floor":2,"gold_loss":50},{"damage_healed":0,"gold_gain":75,"player_choice":"Gather Gold","damage_taken":11,"max_hp_gain":0,"max_hp_loss":0,"event_name":"World of Goop","floor":4,"gold_loss":0},{"damage_healed":0,"gold_gain":0,"player_choice":"Forge","damage_taken":0,"max_hp_gain":0,"max_hp_loss":0,"event_name":"Accursed Blacksmith","floor":11,"gold_loss":0,"cards_upgraded":["Heavy Blade"]},{"damage_healed":0,"gold_gain":0,"player_choice":"Fought Bandits","damage_taken":0,"max_hp_gain":0,"max_hp_loss":0,"event_name":"Masked Bandits","floor":19,"gold_loss":0},{"damage_healed":0,"gold_gain":0,"player_choice":"Smashed Altar","damage_taken":0,"max_hp_gain":0,"max_hp_loss":0,"event_name":"Forgotten Altar","floor":21,"gold_loss":0,"cards_obtained":["Decay"]},{"damage_healed":0,"gold_gain":0,"player_choice":"Inject Mutagens","damage_taken":0,"relics_obtained":["MutagenicStrength"],"max_hp_gain":0,"max_hp_loss":0,"event_name":"Drug Dealer","floor":25,"gold_loss":0},{"damage_healed":0,"gold_gain":0,"player_choice":"Fight","damage_taken":0,"max_hp_gain":0,"max_hp_loss":0,"event_name":"Colosseum","floor":30,"gold_loss":0},{"damage_healed":0,"gold_gain":0,"player_choice":"Fought Nobs","damage_taken":0,"max_hp_gain":0,"max_hp_loss":0,"event_name":"Colosseum","floor":30,"gold_loss":0}],"is_beta":false,"boss_relics":[{"not_picked":["Empty Cage","SlaversCollar"],"picked":"Velvet Choker"}],"items_purged_floors":[20,22],"is_endless":false,"potions_floor_spawned":[1,5,7,13,14,28,29,30],"killed_by":"Collector","ascension_level":4}}