{"host":"jmumkimrafwvkspb","time":1611342385,"event":{"mods":["AchievementEnabler","BaseMod","Colored Map","Minty Spire (QoL Compilation)","Replay The Spire","StSLib"],"gold_per_floor":[111,126,126,126,142,175,175,188,212,245,245,276,276,305,305,376,376,396,158,185,17,32,32,57,57,57,92,111,15,15,40,40,40,40],"floor_reached":33,"language":"ENG","playtime":1173,"items_purged":["Strike_B"],"score":708,"play_id":"7083df1e-01cc-4084-94af-6ec5a04f7a64","local_time":"20210122200625","is_ascension_mode":true,"campfire_choices":[{"data":"Sunder","floor":7.0,"key":"SMITH"},{"data":"Chill","floor":11,"key":"SMITH"},{"data":"ReplayGash","floor":13,"key":"SMITH"},{"data":"Dualcast","floor":15,"key":"SMITH"},{"data":"Chaos","floor":23,"key":"SMITH"},{"data":"Meteor Strike","floor":25,"key":"SMITH"},{"floor":30,"key":"REST"},{"floor":32,"key":"REST"}],"circlet_count":0,"master_deck":["AscendersBane","Strike_B+1","Strike_B+1","Defend_B","Defend_B","Defend_B","Zap","Dualcast+1","Chill+1","Ball Lightning","ReplayGash+1","Sunder+1","Rebound","Cold Snap","Core Surge","Meteor Strike+1","Chaos+1","ReplayTheSpireMod:Calculation Training","Fission+1","ReplayTheSpireMod:Calculation Training+1","Survey Options+1","Consume+1"],"relics":["Cracked Core","PreservedInsect","Toy Ornithopter","ReplayTheSpireMod:Lightbulb","Nunchaku","Boot","SlaversCollar","Omamori","Simple Rune","Happy Flower","Lantern","Toxic Egg 2","Cables","Bag of Marbles"],"acts_visited":["Exordium","TheCity"],"potions_floor_usage":[8,14,14,22,28],"damage_taken":[{"damage":1.0,"enemies":"2 Louse","floor":1.0,"turns":3.0},{"damage":2.0,"enemies":"Jaw Worm","floor":2.0,"turns":4.0},{"damage":0.0,"enemies":"Cultist","floor":5.0,"turns":3.0},{"damage":29.0,"enemies":"3 Sentries","floor":6.0,"turns":7.0},{"damage":10,"enemies":"Exordium Thugs","floor":8,"turns":3},{"damage":6,"enemies":"Gremlin Nob","floor":10,"turns":3},{"damage":0,"enemies":"3 Sentries","floor":12,"turns":3},{"damage":8,"enemies":"Lagavulin","floor":14,"turns":3},{"damage":6,"enemies":"Slime Boss","floor":16,"turns":7},{"damage":2,"enemies":"Spheric Guardian","floor":18,"turns":3},{"damage":11,"enemies":"2 Thieves","floor":22,"turns":5},{"damage":10,"enemies":"Slavers","floor":24,"turns":3},{"damage":13,"enemies":"Replay:Snechameleon","floor":27,"turns":4},{"damage":20,"enemies":"Cultist and Chosen","floor":28,"turns":6},{"damage":20,"enemies":"Book of Stabbing","floor":31,"turns":3},{"damage":45,"enemies":"Automaton","floor":33,"turns":8}],"seed_played":"-523066179597419278","potions_obtained":[{"floor":5.0,"key":"Energy Potion"},{"floor":6.0,"key":"BlessingOfTheForge"},{"floor":10,"key":"Fire Potion"},{"floor":12,"key":"ColorlessPotion"},{"floor":14,"key":"Flashbang"},{"floor":18,"key":"FearPotion"},{"floor":27,"key":"Adrenaline Potion"}],"is_trial":false,"path_per_floor":["M","M","?","?","M","E","R","M","T","E","R","E","R","E","R","B",null,"M","$","T","$","M","R","E","R","T","E","M","$","R","E","R","B"],"character_chosen":"DEFECT","items_purchased":["Omamori","Happy Flower","Survey Options+1"],"campfire_rested":2,"item_purchase_floors":[19,21,29],"current_hp_per_floor":[70,68,61,61,61,32,32,22,22,16,16,16,16,18,18,12,62,60,60,60,60,54,54,44,44,44,31,16,16,39,19,42,0,0],"gold":40,"neow_bonus":"TEN_PERCENT_HP_BONUS","is_daily":false,"chose_seed":false,"campfire_upgraded":6,"win_rate":0.0,"timestamp":1611342385,"path_taken":["M","M","?","?","M","E","R","M","T","E","R","E","R","E","R","BOSS","M","?","?","?","M","R","E","R","T","E","M","$","R","E","R","BOSS"],"items_purchased_type":["Relic","Relic","Card"],"build_version":"2020-12-22","purchased_purges":1,"victory":false,"max_hp_per_floor":[78,78,78,78,78,78,78,78,78,78,78,78,78,78,78,78,78,78,78,78,78,78,78,78,78,78,78,78,78,78,78,78,78,78],"card_choices":[{"not_picked":["Rebound","Go for the Eyes"],"picked":"Chill","floor":1.0},{"not_picked":["ReplayTheSpireMod:Calculation Training","White Noise"],"picked":"Ball Lightning","floor":2.0},{"not_picked":["Compile Driver","Capacitor"],"picked":"ReplayGash","floor":5.0},{"not_picked":["Ball Lightning","Rip and Tear"],"picked":"Sunder","floor":6.0},{"not_picked":["Leap","Panic Button"],"picked":"Rebound","floor":8},{"not_picked":["Ball Lightning","ReplaySolidLightProjector"],"picked":"Cold Snap","floor":10},{"not_picked":["Stack","Darkness","ReplaySolidLightProjector"],"picked":"SKIP","floor":12},{"not_picked":["BasicCrystalCard","Streamline"],"picked":"Core Surge","floor":14},{"not_picked":["Rainbow","Machine Learning"],"picked":"Meteor Strike","floor":16},{"not_picked":["Chill","Leap"],"picked":"Chaos","floor":18},{"not_picked":["Compile Driver","Steam","Rebound"],"picked":"SKIP","floor":22},{"not_picked":["Conserve Battery","Sweeping Beam"],"picked":"ReplayTheSpireMod:Calculation Training","floor":24},{"not_picked":["Leap+1","Force Field+1"],"picked":"Fission+1","floor":27},{"not_picked":["Redo+1","Steam+1"],"picked":"ReplayTheSpireMod:Calculation Training+1","floor":28},{"not_picked":["Skim+1","Time Bomb+1"],"picked":"Consume+1","floor":31}],"player_experience":1580947,"relics_obtained":[{"floor":6.0,"key":"PreservedInsect"},{"floor":9,"key":"Toy Ornithopter"},{"floor":10,"key":"ReplayTheSpireMod:Lightbulb"},{"floor":12,"key":"Nunchaku"},{"floor":14,"key":"Boot"},{"floor":20,"key":"Simple Rune"},{"floor":24,"key":"Lantern"},{"floor":26,"key":"Toxic Egg 2"},{"floor":27,"key":"Cables"},{"floor":31,"key":"Bag of Marbles"}],"event_choices":[{"cards_removed":["Strike_B"],"damage_healed":0.0,"max_hp_gain":0.0,"max_hp_loss":0.0,"gold_gain":0.0,"event_name":"Golden Wing","player_choice":"Card Removal","floor":3.0,"gold_loss":0.0,"damage_taken":7.0},{"cards_removed":["Defend_B"],"damage_healed":0.0,"max_hp_gain":0.0,"max_hp_loss":0.0,"gold_gain":0.0,"event_name":"Bonfire Elementals","player_choice":"Offered Basic","floor":4.0,"gold_loss":0.0,"damage_taken":0.0}],"is_beta":false,"boss_relics":[{"not_picked":["FrozenCore","Astrolabe"],"picked":"SlaversCollar"}],"items_purged_floors":[19],"is_endless":false,"potions_floor_spawned":[5,6,10,12,14,18,27],"killed_by":"Automaton","ascension_level":20}}