{"host":"7z347kdhnquy3q4q","time":1611276081,"event":{"mods":["Act Like it!","Aspiration","BaseMod","Hubris","Minty Spire (QoL Compilation)","MostiFishMod","Permanent Neow","Potionbrewer","Replay The Spire","Robot Space Explorer","Spicy Shops","StSLib","The Bladedancer","The Jungle","Wandering Minibosses"],"gold_per_floor":[113,123,142,142,142,142,68,68,68,82,82,148,226,335,335,427,427,501,514,532,532,532,532,582,597,597,628,682,532,445,475,625,782,782,816,816,816,816,816,826,881,914,914,959,991,991,991,891,891,891],"floor_reached":51,"language":"ENG","playtime":2499,"items_purged":["Normality","Clumsy","Doubt","blademaster:Strike","blademaster:Defend","blademaster:Defend","blademaster:Defend"],"score":1874,"play_id":"8feb3b20-7c7f-495a-8112-5a70a0e87c9e","local_time":"20210121184121","is_ascension_mode":true,"campfire_choices":[{"floor":6,"key":"REST"},{"floor":8,"key":"REST"},{"floor":15,"key":"REST"},{"floor":23,"key":"REST"},{"floor":49,"key":"DIG"}],"circlet_count":1,"master_deck":["AscendersBane","blademaster:Strike","blademaster:Strike","blademaster:Strike+1","blademaster:RagingBlow","blademaster:HighVoltage+1","FTL","Gash","blademaster:Stability","blademaster:Stability","Dramatic Entrance","Rip and Tear","blademaster:WindSlash","Turbo","blademaster:FuriousStrike","blademaster:DaggerAndCloak","Anger","blademaster:EyeOfTheStorm","blademaster:ThunderingOpener","ReplayTheSpireMod:Omega Cannon","MostiFishMod:Galeforce","Specialist","blademaster:Stability","blademaster:Havoc","blademaster:Safeguard","Beam Cell","blademaster:Blindside","CurseOfTheBell","blademaster:Meditate","blademaster:DancingEdge","blademaster:Flurry","blademaster:Stability","blademaster:Overcharge","blademaster:Discharge","Poisoned Strike+1","blademaster:FuriousStrike+1","Deep Breath","blademaster:BladeMastery","blademaster:ColdBlood","Replay:Bootleg Shield Generator","blademaster:Stability","MostiFishMod:PerfectForm","ReplayUltimateDefense+1","Survey Options","Midas Touch","blademaster:Stability","Metamorphosis","ReplayTheSpireMod:Trickstab+1","blademaster:ThunderSlash+1","blademaster:Blindside+1","blademaster:BladeMastery","blademaster:Safeguard+1","Secret Weapon+1","blademaster:SharpBlades+1"],"relics":["blademaster:DancersAmulet","DaveBox","EGODaCapo","aspiration:Nostalgia","Iron Core","SynthV:TestCard","Mango","DiscerningMonocle","Blood Vial","Iron Hammer","hubris:SlimyHat","HandDrill","Question Card","ReplayTheSpireMod:Ninjato","potionbrewer:SalesContract","MealTicket","hubris:OldNail","Tiny Chest","Dream Catcher","potionbrewer:BoosterPack","hubris:Teleporter","Pear","Calling Bell","PreservedInsect","Mirror","Replay:Multitool","theJungle:WildStrawberry","Replay:Accelerometer","hubris:PeanutButter","Durian","Dodecahedron","ReplayFunnel","Molten Egg 2","Juzu Bracelet","ClockworkSouvenir","Gremlin Food","HereWithMe","Replay:WaspNest","potionbrewer:WarMedal","BargainBundle","Happy Flower","ReplayTheSpireMod:ShopPack","Calipers","White Beast Statue","Blue Doll","Replay:Rubber Ducky","Bag of Marbles","Toolbox","aspiration:SeaSaltIceCream","Circlet","potionbrewer:RamsHorn","Toy Ornithopter","hubris:Towel","Guide Book","BrkXgEgg","Ancient Tea Set","aspiration:ChemicalBlood","SynthV:C4","Art of War","Gremlin Horn"],"acts_visited":["Exordium","Exordium","TheBeyond"],"potions_floor_usage":[12,12],"damage_taken":[{"damage":0,"enemies":"Cultist","floor":1,"turns":3},{"damage":0,"enemies":"Jaw Worm","floor":2,"turns":2},{"damage":0,"enemies":"Small Slimes","floor":3,"turns":1},{"damage":0,"enemies":"Blue Slaver","floor":10,"turns":1},{"damage":0,"enemies":"Replay:BlueRogue","floor":12,"turns":3},{"damage":0,"enemies":"2 Fungi Beasts","floor":13,"turns":3},{"damage":18,"enemies":"Lagavulin","floor":14,"turns":4},{"damage":9,"enemies":"Slime Boss","floor":16,"turns":5},{"damage":12,"enemies":"Shell Parasite","floor":18,"turns":3},{"damage":35,"enemies":"theJungle:5_Spyders","floor":19,"turns":6},{"damage":2,"enemies":"theJungle:JungleHuntersEncounter","floor":20,"turns":4},{"damage":6,"enemies":"theJungle:2_Phrogs","floor":24,"turns":5},{"damage":10,"enemies":"theJungle:Lyon","floor":25,"turns":4},{"damage":0,"enemies":"theJungle:SlimyTreeVines","floor":27,"turns":3},{"damage":0,"enemies":"theJungle:MamaSnecko","floor":28,"turns":3},{"damage":0,"enemies":"theJungle:JungleHuntersEncounter","floor":31,"turns":2},{"damage":0,"enemies":"theJungle:QueenSpyder","floor":33,"turns":5},{"damage":0,"enemies":"Orb Walker","floor":35,"turns":2},{"damage":0,"enemies":"Giant Head","floor":41,"turns":1},{"damage":0,"enemies":"3 Shapes","floor":42,"turns":1},{"damage":0,"enemies":"R_Hoarder","floor":44,"turns":6},{"damage":0,"enemies":"Maw","floor":45,"turns":4},{"damage":0,"enemies":"Time Eater","floor":50,"turns":3}],"seed_played":"7545647547384838180","potions_obtained":[{"floor":3,"key":"LiquidBronze"}],"is_trial":false,"path_per_floor":["M","M","M","?","?","R","$","R","T","M","$","E","M","E","R","B",null,"M","M","M","?","?","R","E","M","T","M","E","$","R","M","R","B",null,"M","$","T","$","?","R","E","M","T","E","M","?","$","NS","R","B",null],"character_chosen":"THE_BLADEMASTER","items_purchased":["DiscerningMonocle","Blood Vial","Iron Hammer","hubris:SlimyHat","HandDrill","blademaster:Stability","ReplayTheSpireMod:Brewmster","Dramatic Entrance","Rip and Tear","blademaster:WindSlash","Question Card","PowerPotion","Energy Potion","potionbrewer:SalesContract","MealTicket","hubris:OldNail","Tiny Chest","Dream Catcher","potionbrewer:BoosterPack","MostiFishMod:Galeforce","Specialist","Dodecahedron","ReplayFunnel","Molten Egg 2","Juzu Bracelet","ClockworkSouvenir","Poisoned Strike+1","blademaster:FuriousStrike+1","Deep Breath","Replay:WaspNest","potionbrewer:WarMedal","BargainBundle","Happy Flower","ReplayTheSpireMod:ShopPack","Replay:Bootleg Shield Generator","blademaster:Stability","MostiFishMod:PerfectForm","White Beast Statue","Blue Doll","Replay:Rubber Ducky","Bag of Marbles","Toolbox","blademaster:Stability","Metamorphosis","ReplayTheSpireMod:Trickstab+1","Guide Book","BrkXgEgg","Ancient Tea Set","aspiration:ChemicalBlood","SynthV:C4","Art of War","Secret Weapon+1","blademaster:SharpBlades+1"],"campfire_rested":4,"item_purchase_floors":[7,7,7,7,7,7,7,7,7,7,7,7,7,11,11,11,11,11,11,11,11,29,29,29,29,29,29,29,29,36,36,36,36,36,36,36,36,38,38,38,38,38,38,38,38,47,47,47,47,47,47,47,47],"current_hp_per_floor":[64,64,64,52,26,51,51,76,76,78,78,80,82,76,95,86,93,83,56,56,56,49,79,75,79,79,87,100,107,107,107,107,107,107,107,107,107,107,117,117,117,117,117,117,117,117,117,117,117,117],"gold":891,"neow_bonus":"NOSTALGIA","is_daily":false,"chose_seed":false,"campfire_upgraded":0,"win_rate":0.0,"timestamp":1611276081,"path_taken":["M","M","?","?","?","R","$","R","T","M","$","E","M","E","R","BOSS","M","M","M","?","?","R","E","M","T","?","E","$","R","M","R","BOSS","M","$","?","?","?","R","E","M","T","E","M","?","$","NS","R","BOSS"],"items_purchased_type":["Relic","Relic","Relic","Relic","Relic","Card","Card","Card","Card","Card","Relic","Potion","Potion","Relic","Relic","Relic","Relic","Relic","Relic","Card","Card","Relic","Relic","Relic","Relic","Relic","Card","Card","Card","Relic","Relic","Relic","Relic","Relic","Card","Card","Card","Relic","Relic","Relic","Relic","Relic","Card","Card","Card","Relic","Relic","Relic","Relic","Relic","Relic","Card","Card"],"build_version":"2020-12-22","purchased_purges":7,"victory":true,"max_hp_per_floor":[71,71,71,85,85,85,85,85,85,85,85,85,85,95,95,95,95,95,95,95,95,102,102,102,102,102,102,107,107,107,107,107,107,107,107,107,107,107,117,117,117,117,117,117,117,117,117,117,117,117],"card_choices":[{"not_picked":["blademaster:FuriousStrike","blademaster:DaggerAndCloak"],"picked":"FTL","floor":1},{"not_picked":["Anger","blademaster:Thrust","Cold Snap","blademaster:LeechingStrike"],"picked":"Gash","floor":2},{"not_picked":["blademaster:SlyStabs","blademaster:HighVoltage","blademaster:Quickstep","Genetic Algorithm"],"picked":"blademaster:Stability","floor":3},{"not_picked":["blademaster:SharpBlades","blademaster:Flurry","blademaster:Thrust","blademaster:Stability","ReplayTheSpireMod:GoodbyeWorld"],"picked":"Turbo","floor":10},{"not_picked":["blademaster:ParryingStrike","Anger","WeaponsOverheat","blademaster:OneTrickPony","Fire Breathing"],"picked":"blademaster:Stability","floor":12},{"not_picked":["blademaster:Sunder","ReplayReversal","blademaster:Thrust","Flex","blademaster:Quickness"],"picked":"blademaster:Havoc","floor":13},{"not_picked":["blademaster:Vortex","ReplayTheSpireMod:Repulse","Cold Snap","blademaster:ThunderingOpener","blademaster:Sharpen"],"picked":"blademaster:Safeguard","floor":14},{"not_picked":["Turbo","Gash","blademaster:ChargingUp","Anger","blademaster:Slice"],"picked":"Beam Cell","floor":15},{"not_picked":["blademaster:EnchantedCuirass","Offering","Mirror Shield","Limit Break","Barricade"],"picked":"blademaster:Blindside","floor":16},{"not_picked":["blademaster:Hailwind+1","blademaster:Reversal+1","blademaster:KiBarrier","blademaster:Slice","blademaster:AwakeningDefend"],"picked":"blademaster:Meditate","floor":18},{"not_picked":["blademaster:DragonStrike","blademaster:Frontflip","blademaster:CombatPrep","blademaster:RagingBlow","blademaster:Gust"],"picked":"blademaster:DancingEdge","floor":19},{"not_picked":["blademaster:Bloodbath","blademaster:DeadlyDance","blademaster:SlyStabs","blademaster:Frenzy","blademaster:Slice","blademaster:CombatPrep"],"picked":"SKIP","floor":20},{"not_picked":["blademaster:EyeOfTheStorm","blademaster:Vortex","blademaster:ParryingStrike+1","blademaster:AncestralHealing","blademaster:EyeOfTheTornado"],"picked":"blademaster:Sharpen+1","floor":23},{"not_picked":["blademaster:DragonStrike+1","blademaster:RollingTyphoon","blademaster:Sharpen","blademaster:OneTrickPony","blademaster:BladeDance"],"picked":"blademaster:Flurry","floor":24},{"not_picked":["blademaster:Sunder","blademaster:CombatPrep","blademaster:Frontflip","blademaster:Gust","blademaster:DeadlyDance"],"picked":"blademaster:Stability","floor":25},{"not_picked":["blademaster:AirSlash+1","blademaster:AspectOfLightning","blademaster:Thrust","blademaster:Sharpen","blademaster:DaggerAndCloak"],"picked":"blademaster:Overcharge","floor":27},{"not_picked":["blademaster:ChargingUp","blademaster:ParryingStrike","blademaster:ThunderingOpener","blademaster:Thrust","blademaster:Meditate"],"picked":"blademaster:Discharge","floor":28},{"not_picked":["blademaster:Gust","blademaster:Sunder+1","blademaster:Flurry","blademaster:FuriousStrike+1","blademaster:EyeOfTheTornado"],"picked":"blademaster:BladeMastery","floor":31},{"not_picked":["blademaster:StanceMastery","blademaster:HighVoltage","blademaster:LightningDraw+1","blademaster:RollingTyphoon+1","blademaster:UnrelentingWind"],"picked":"blademaster:ColdBlood","floor":33},{"not_picked":["blademaster:FuriousStrike+1","blademaster:Quickstep","blademaster:AwakeningDefend+1","blademaster:ParryingStrike+1","blademaster:AwakeningStrike+1","blademaster:Bloodbath"],"picked":"SKIP","floor":35},{"not_picked":["HandOfGreed","Thinking Ahead","ReplayTheSpireMod:Brewmster","Metamorphosis","hubris:EnhanceAbility"],"picked":"ReplayUltimateDefense","floor":36},{"not_picked":["MostiFishMod:Galeforce","Mayhem","Specialist","MostiFishMod:StoryBook","Dramatic Entrance"],"picked":"Survey Options","floor":36},{"not_picked":["Specialist","Forethought","Replay:Sssssssssshield","Deep Breath","MostiFishMod:Mottled"],"picked":"Midas Touch","floor":36},{"not_picked":["blademaster:DragonStrike+1","blademaster:DaggerAndCloak","blademaster:Frenzy+1","blademaster:Gust","blademaster:BloodyBlow+1"],"picked":"blademaster:ThunderSlash+1","floor":41},{"not_picked":["blademaster:AspectOfLightning","blademaster:Sharpen+1","blademaster:Slice+1","blademaster:Discharge","blademaster:Thrust+1"],"picked":"blademaster:Blindside+1","floor":42},{"not_picked":["blademaster:LightningCrash+1","blademaster:Cut+1","blademaster:Quickness+1","blademaster:Bloodbath","blademaster:AspectOfWind"],"picked":"blademaster:BladeMastery","floor":44},{"not_picked":["blademaster:SlyStabs","blademaster:Stability+1","blademaster:Sunder+1","blademaster:CombatPrep","blademaster:LightningDraw+1"],"picked":"blademaster:Safeguard+1","floor":45}],"player_experience":2040148,"relics_obtained":[{"floor":1,"key":"SynthV:TestCard"},{"floor":9,"key":"ReplayTheSpireMod:Ninjato"},{"floor":12,"key":"blademaster:RandomStancePerk"},{"floor":12,"key":"hubris:Teleporter"},{"floor":14,"key":"Pear"},{"floor":14,"key":"blademaster:BonusFuryPerk"},{"floor":17,"key":"PreservedInsect"},{"floor":17,"key":"Mirror"},{"floor":17,"key":"Replay:Multitool"},{"floor":24,"key":"Replay:Accelerometer"},{"floor":24,"key":"blademaster:StanceHealPerk"},{"floor":26,"key":"hubris:PeanutButter"},{"floor":28,"key":"Durian"},{"floor":28,"key":"blademaster:ComboEveryTurnPerk"},{"floor":37,"key":"Calipers"},{"floor":41,"key":"aspiration:SeaSaltIceCream"},{"floor":41,"key":"blademaster:OnAttackedChargePerk"},{"floor":43,"key":"potionbrewer:RamsHorn"},{"floor":44,"key":"Toy Ornithopter"},{"floor":44,"key":"blademaster:BleedingLaceratePerk"},{"floor":49,"key":"Gremlin Horn"}],"event_choices":[{"damage_healed":0,"gold_gain":0,"player_choice":"Success","damage_taken":26,"relics_obtained":["Mango"],"max_hp_gain":0,"max_hp_loss":0,"event_name":"Scrap Ooze","floor":4,"gold_loss":0},{"damage_healed":0,"gold_gain":0,"player_choice":"Entered Light","damage_taken":26,"max_hp_gain":0,"max_hp_loss":0,"event_name":"Shining Light","floor":5,"gold_loss":0,"cards_upgraded":["blademaster:Strike","blademaster:Defend"]},{"damage_healed":0,"gold_gain":0,"player_choice":"Paid Gold","damage_taken":0,"relics_obtained":["Gremlin Food"],"max_hp_gain":0,"max_hp_loss":0,"event_name":"WeMeetAgain","floor":30,"gold_loss":87},{"cards_removed":["ReplayTheSpireMod:Brewmster"],"damage_healed":0,"gold_gain":0,"player_choice":"Offered Rare","damage_taken":0,"max_hp_gain":10,"max_hp_loss":0,"event_name":"Bonfire Elementals","floor":39,"gold_loss":0},{"damage_healed":0,"gold_gain":0,"player_choice":"Bought 2 Potions","damage_taken":0,"max_hp_gain":0,"max_hp_loss":0,"event_name":"The Woman in Blue","floor":40,"gold_loss":0}],"is_beta":false,"boss_relics":[{"not_picked":["Tiny House","MoonlightInvasionPlan"],"picked":"Calling Bell"},{"not_picked":["OneHitWonderSystem","aspiration:RunicSpoon"],"picked":"HereWithMe"}],"items_purged_floors":[7,11,29,29,36,38,47],"is_endless":false,"potions_floor_spawned":[3,10,13,14,16,18,24,27,28,41,42,44,45],"ascension_level":15}}