{"host":"aewhn2fld106mlky","time":1611336740,"event":{"mods":["Act Like it!","BaseMod","Downfall","Koishi","KomeijiMod","Minty Spire (QoL Compilation)","Quick Restart","Relic Stats","Spicy Shops","StSLib","The Jungle","The Mystic"],"gold_per_floor":[99,117,117,132,232,232,309,47,60,60,60,8,21,41,57,160,160,160,175,195,195,32,32,32,85,135,220,274,274,0,0,52,196,196,96,154,154,154,209,263,263,403,94,94,108,9,23,41,53,53],"floor_reached":51,"language":"ZHS","playtime":2425,"items_purged":["hexamod:Defend","hexamod:Strike","hexamod:Strike"],"score":768,"play_id":"7b3cf8d2-5a01-470a-bf47-dea478eff89d","local_time":"20210123013220","is_ascension_mode":false,"campfire_choices":[{"data":"hexamod:Sear","floor":1,"key":"SMITH"},{"data":"hexamod:SpectersWail","floor":11,"key":"SMITH"},{"data":"hexamod:GhostOfSpirePresent","floor":18,"key":"SMITH"},{"data":"hexamod:TimeOfNeed","floor":23,"key":"SMITH"},{"data":"hexamod:GhostLash","floor":29,"key":"SMITH"},{"data":"hexamod:TimeOfNeed","floor":35,"key":"SMITH"}],"circlet_count":0,"master_deck":["hexamod:Strike","hexamod:Strike","hexamod:Defend","hexamod:Defend","hexamod:Defend","hexamod:Sear+1","hexamod:Float","hexamod:SpectersWail+1","hexamod:Hexaguard","hexamod:SpectersWail","hexamod:TimeOfNeed+1","hexamod:NightmareGuise","hexamod:Hexaguard","hexamod:NightmareGuise","hexamod:GhostLash+1","hexamod:GhostOfSpirePresent+1","CurseOfTheBell","hexamod:SpectersWail","hexamod:SpectersWail","hexamod:EtherealExpedition+1","hexamod:RadiantFlame","hexamod:SecondSeal","hexamod:SpectersWail","hexamod:VolcanoVisage","hexamod:TimeOfNeed+1","expansioncontent:LastStand","hexamod:ThermalTransfer+1","hexamod:Hexaguard+1","hexamod:RainOfEmbers+1","hexamod:GhostShield","hexamod:Hexaguard","hexamod:GhostOfSpirePast+1","hexamod:Hexaguard","hexamod:BacktrackSmack+1","hexamod:GhostLash+1","hexamod:ExtraCrispy","hexamod:UnleashSpirits+1","hexamod:BacktrackSmack+1","hexamod:RetreatToShadows","hexamod:DynamicBlow+1","hexamod:Rewind+1"],"relics":["hexamod:SpiritBrand","Sundial","Membership Card","hexamod:SoulConsumer","CaptainsWheel","Calling Bell","Toy Ornithopter","Pear","Thread and Needle","downfall:KnowingSkull","Chemical X","Juzu Bracelet","hexamod:MatchstickCase","sneckomod:BabySnecko","Philosopher\u0027s Stone","downfall:HeartBlessingBlue","Mercury Hourglass","downfall:GremlinWheel","Orrery","Molten Egg 2","Mummified Hand","FossilizedHelix"],"acts_visited":["Exordium","TheCity","TheBeyond"],"potions_floor_usage":[16,22,22,28,33,43,43,50,50,50],"damage_taken":[{"damage":0,"enemies":"2 Louse","floor":2,"turns":3},{"damage":6,"enemies":"Jaw Worm","floor":4,"turns":3},{"damage":0,"enemies":"Cultist","floor":6,"turns":1},{"damage":10,"enemies":"downfall:FleeingMerchant","floor":8,"turns":4},{"damage":6,"enemies":"3 Louse","floor":9,"turns":3},{"damage":5,"enemies":"downfall:FleeingMerchant","floor":12,"turns":4},{"damage":5,"enemies":"Blue Slaver","floor":13,"turns":4},{"damage":0,"enemies":"2 Fungi Beasts","floor":14,"turns":3},{"damage":3,"enemies":"Gremlin Gang","floor":15,"turns":3},{"damage":6,"enemies":"SI_SHIV_ARCHETYPE","floor":16,"turns":10},{"damage":0,"enemies":"Chosen","floor":19,"turns":5},{"damage":10,"enemies":"Spheric Guardian","floor":20,"turns":7},{"damage":7,"enemies":"downfall:FleeingMerchant","floor":22,"turns":4},{"damage":14,"enemies":"Centurion and Healer","floor":25,"turns":7},{"damage":7,"enemies":"3 Cultists","floor":26,"turns":4},{"damage":6,"enemies":"Cultist and Chosen","floor":28,"turns":5},{"damage":17,"enemies":"Shelled Parasite and Fungi","floor":32,"turns":4},{"damage":18,"enemies":"WA_ARCHETYPE_CALM","floor":33,"turns":9},{"damage":8,"enemies":"3 Shapes","floor":36,"turns":4},{"damage":10,"enemies":"Orb Walker","floor":39,"turns":3},{"damage":23,"enemies":"3 Darklings","floor":40,"turns":6},{"damage":11,"enemies":"3 Darklings","floor":42,"turns":3},{"damage":19,"enemies":"downfall:FleeingMerchant","floor":43,"turns":4},{"damage":5,"enemies":"Writhing Mass","floor":45,"turns":4},{"damage":3,"enemies":"downfall:FleeingMerchant","floor":46,"turns":1},{"damage":0,"enemies":"Spire Growth","floor":47,"turns":3},{"damage":6,"enemies":"Maw","floor":48,"turns":7},{"damage":0,"enemies":"Sphere and 2 Shapes","floor":49,"turns":3},{"damage":18,"enemies":"DF_ARCHETYPE_ORBS","floor":50,"turns":6}],"seed_played":"-1605394832505102704","potions_obtained":[{"floor":4,"key":"GamblersBrew"},{"floor":9,"key":"RedTea"},{"floor":13,"key":"hexamod:EctoCoolerPotion"},{"floor":20,"key":"Ancient Potion"},{"floor":25,"key":"hexamod:EctoCoolerPotion"},{"floor":26,"key":"Fire Potion"},{"floor":28,"key":"DuplicationPotion"},{"floor":30,"key":"Dexterity Potion"},{"floor":39,"key":"Weak Potion"},{"floor":42,"key":"AttackPotion"},{"floor":47,"key":"DuplicationPotion"}],"is_trial":false,"path_per_floor":["R","M","?","M","?","M","T","$","M","?","R","$","M","M","M","B",null,"R","M","M","?","$","R","T","M","M","?","M","R","?","?","M","B",null,"R","M","?","?","M","M","T","?","$","?","M","$","M","M","M","B",null],"character_chosen":"THE_SPIRIT","items_purchased":["Membership Card","hexamod:SpectersWail","hexamod:SoulConsumer","DistilledChaos","Chemical X","Juzu Bracelet","Orrery","Molten Egg 2","hexamod:Hexaguard","Energy Potion","Regen Potion","Mummified Hand","hexamod:ExtraCrispy","hexamod:UnleashSpirits+1","hexamod:BacktrackSmack+1","FossilizedHelix","hexamod:RetreatToShadows"],"campfire_rested":0,"item_purchase_floors":[8,8,8,12,22,22,43,43,43,43,43,46,46,46,46,46,46],"current_hp_per_floor":[77,77,77,71,71,71,71,61,55,48,48,47,46,46,43,41,87,87,87,77,70,77,77,77,67,64,50,53,53,53,53,40,31,87,97,89,89,89,79,60,60,53,48,48,47,44,48,46,46,47],"gold":53,"neow_bonus":"TEN_PERCENT_HP_BONUS","is_daily":false,"chose_seed":false,"campfire_upgraded":6,"win_rate":0.0,"timestamp":1611336740,"path_taken":["R","M","?","M","?","M","T","$","M","?","R","$","M","?","M","BOSS","R","M","M","?","?","R","T","M","M","?","M","R","?","?","M","BOSS","R","M","?","?","M","M","T","?","$","?","M","?","M","M","M","BOSS"],"items_purchased_type":["Relic","Card","Relic","Potion","Relic","Relic","Relic","Relic","Card","Potion","Potion","Relic","Card","Card","Card","Relic","Card"],"build_version":"2020-12-22","purchased_purges":3,"victory":true,"max_hp_per_floor":[77,77,77,77,77,77,77,77,77,77,77,77,77,77,77,77,87,87,87,87,87,87,87,87,87,87,87,87,87,87,87,87,87,87,97,97,97,97,97,97,97,97,97,97,97,97,97,97,97,97],"relic_stats":{"counters":[29,126],"Sundial":[14],"Mummified Hand":[24],"Juzu Bracelet":1,"Chemical X":[5],"obtain_stats":[{"Pear":17,"Thread and Needle":17,"Juzu Bracelet":22,"hexamod:MatchstickCase":30,"Mercury Hourglass":41,"Calling Bell":17,"sneckomod:BabySnecko":31,"CaptainsWheel":10,"downfall:BrokenWingStatue":3,"downfall:GremlinWheel":42,"Sundial":7,"downfall:HeartBlessingBlue":35,"Mummified Hand":46,"Orrery":43,"downfall:KnowingSkull":21,"Philosopher\u0027s Stone":34,"Molten Egg 2":43,"Membership Card":8,"hexamod:SoulConsumer":8,"Chemical X":22,"hexamod:SpiritBrand":0,"Toy Ornithopter":17,"FossilizedHelix":46},{"Pear":10,"Thread and Needle":10,"Juzu Bracelet":13,"hexamod:MatchstickCase":16,"Mercury Hourglass":21,"Calling Bell":10,"sneckomod:BabySnecko":16,"CaptainsWheel":5,"downfall:BrokenWingStatue":1,"downfall:GremlinWheel":22,"Sundial":3,"downfall:HeartBlessingBlue":18,"Mummified Hand":25,"Orrery":23,"downfall:KnowingSkull":12,"Philosopher\u0027s Stone":18,"Molten Egg 2":23,"Membership Card":4,"hexamod:SoulConsumer":4,"Chemical X":13,"hexamod:SpiritBrand":0,"Toy Ornithopter":10,"FossilizedHelix":25},{"Pear":38,"Thread and Needle":38,"Juzu Bracelet":54,"hexamod:MatchstickCase":70,"Mercury Hourglass":96,"Calling Bell":38,"sneckomod:BabySnecko":70,"CaptainsWheel":14,"downfall:BrokenWingStatue":3,"downfall:GremlinWheel":99,"Sundial":7,"downfall:HeartBlessingBlue":83,"Mummified Hand":108,"Orrery":103,"downfall:KnowingSkull":50,"Philosopher\u0027s Stone":83,"Molten Egg 2":103,"Membership Card":11,"hexamod:SoulConsumer":11,"Chemical X":54,"hexamod:SpiritBrand":0,"Toy Ornithopter":38,"FossilizedHelix":108}],"Toy Ornithopter":45,"Mercury Hourglass":[73]},"card_choices":[{"not_picked":["hexamod:AdvancingGuard","hexamod:BacktrackSmack","hexamod:GhostflameBarrier"],"picked":"SKIP","floor":2},{"not_picked":["hexamod:SpectersWail","hexamod:Again","hexamod:RetreatToShadows"],"picked":"SKIP","floor":4},{"not_picked":["hexamod:Again","hexamod:RetreatToShadows"],"picked":"hexamod:SpectersWail","floor":4},{"not_picked":["hexamod:SpectralAdrenaline","hexamod:BurningTouch","hexamod:SwordOfDarkness"],"picked":"SKIP","floor":6},{"not_picked":["hexamod:AdvancingGuard","hexamod:GhostShield"],"picked":"hexamod:Hexaguard","floor":8},{"not_picked":["hexamod:ThermalTransfer","hexamod:AdvancingGuard"],"picked":"hexamod:TimeOfNeed","floor":9},{"not_picked":["hexamod:HauntingEcho","hexamod:RainOfEmbers"],"picked":"hexamod:NightmareGuise","floor":12},{"not_picked":["hexamod:FourthSeal","hexamod:GhostLash"],"picked":"hexamod:Hexaguard","floor":13},{"not_picked":["hexamod:Again","hexamod:SkipABeat"],"picked":"hexamod:NightmareGuise","floor":14},{"not_picked":["hexamod:RainOfEmbers","hexamod:HauntingEcho"],"picked":"hexamod:GhostLash","floor":15},{"not_picked":["hexamod:VolcanoVisage","hexamod:TimeWarp"],"picked":"hexamod:GhostOfSpirePresent","floor":16},{"not_picked":["hexamod:BurningTouch","hexamod:ThermalTransfer","hexamod:GhostflameBarrier+1"],"picked":"SKIP","floor":19},{"not_picked":["hexamod:InspiringFlames","hexamod:HeatMetal+1"],"picked":"hexamod:SpectersWail","floor":20},{"not_picked":["hexamod:PhantomCloak","hexamod:FirstSeal"],"picked":"hexamod:SpectersWail","floor":22},{"not_picked":["hexamod:GhostShield","hexamod:InspiringFlames+1"],"picked":"hexamod:EtherealExpedition+1","floor":25},{"not_picked":["hexamod:CatchUp+1","hexamod:Incineration"],"picked":"hexamod:RadiantFlame","floor":26},{"not_picked":["hexamod:InspiringFlames+1","hexamod:Firestarter","hexamod:StepThrough"],"picked":"SKIP","floor":28},{"not_picked":["hexamod:HeatMetal","hexamod:ShieldOfDarkness"],"picked":"hexamod:SecondSeal","floor":30},{"not_picked":["hexamod:BacktrackSmack","hexamod:RadiantFlame+1"],"picked":"hexamod:SpectersWail","floor":30},{"not_picked":["hexamod:Haunt+1","hexamod:NightmareStrike+1"],"picked":"hexamod:VolcanoVisage","floor":32},{"not_picked":["hexamod:SixthSeal","hexamod:HexaLevel"],"picked":"hexamod:TimeOfNeed","floor":33},{"not_picked":["hexamod:ThirdSeal","hexamod:GhostShield","hexamod:AdvancingGuard"],"picked":"SKIP","floor":36},{"not_picked":["expansioncontent:YouAreMine","expansioncontent:AwakenDeath"],"picked":"expansioncontent:LastStand","floor":38},{"not_picked":["hexamod:HauntingEcho","hexamod:SkipABeat+1"],"picked":"hexamod:ThermalTransfer+1","floor":39},{"not_picked":["hexamod:Firestarter+1","hexamod:FastForward+1"],"picked":"hexamod:Hexaguard+1","floor":40},{"not_picked":["hexamod:SearingWound","hexamod:NightmareGuise+1","hexamod:PhantomCloak+1"],"picked":"SKIP","floor":43},{"not_picked":["hexamod:BurningTouch+1","hexamod:GhostShield"],"picked":"hexamod:RainOfEmbers+1","floor":43},{"not_picked":["hexamod:ShieldOfDarkness+1","hexamod:Rewind+1"],"picked":"hexamod:GhostShield","floor":43},{"not_picked":["hexamod:ThermalTransfer+1","hexamod:SwordOfDarkness"],"picked":"hexamod:Hexaguard","floor":43},{"not_picked":["hexamod:SkipABeat+1","hexamod:ThermalTransfer"],"picked":"hexamod:GhostOfSpirePast+1","floor":43},{"not_picked":["hexamod:Firestarter+1","hexamod:InspiringFlames+1"],"picked":"hexamod:BacktrackSmack+1","floor":45},{"not_picked":["hexamod:Firestarter+1","hexamod:ThermalTransfer+1"],"picked":"hexamod:GhostLash+1","floor":46},{"not_picked":["hexamod:SwordOfDarkness+1","hexamod:FirstSeal"],"picked":"hexamod:DynamicBlow+1","floor":47},{"not_picked":["hexamod:GhostLash+1","hexamod:HeatCrush+1"],"picked":"hexamod:Rewind+1","floor":48},{"not_picked":["hexamod:SoulSteal+1","hexamod:Haunt","hexamod:HauntingEcho+1"],"picked":"SKIP","floor":49}],"player_experience":40327,"relics_obtained":[{"floor":7,"key":"Sundial"},{"floor":17,"key":"Toy Ornithopter"},{"floor":17,"key":"Pear"},{"floor":17,"key":"Thread and Needle"},{"floor":30,"key":"hexamod:MatchstickCase"},{"floor":41,"key":"Mercury Hourglass"},{"floor":42,"key":"downfall:GremlinWheel"}],"event_choices":[{"damage_healed":0,"gold_gain":0,"player_choice":"Success","damage_taken":7,"relics_obtained":["CaptainsWheel"],"max_hp_gain":0,"max_hp_loss":0,"event_name":"Scrap Ooze","floor":10,"gold_loss":0},{"damage_healed":0,"gold_gain":0,"player_choice":"Ignored","damage_taken":0,"max_hp_gain":0,"max_hp_loss":0,"event_name":"NoteForYourself","floor":44,"gold_loss":0}],"is_beta":false,"boss_relics":[{"not_picked":["Tiny House","Astrolabe"],"picked":"Calling Bell"},{"not_picked":["hexamod:IceCube","hexamod:UnbrokenSoul"],"picked":"Philosopher\u0027s Stone"}],"items_purged_floors":[22,43,46],"is_endless":false,"potions_floor_spawned":[4,9,13,14,15,20,25,26,28,39,42,47,48],"ascension_level":0}}