{"host":"a3oe3gstxz77c7qu","time":1611349025,"event":{"mods":["2.2 Compatiblity","Act Like it!","Astrologer","BaseMod","Bestiary","Better Altar","Better Match","Better Note","Better Skull","Better Third Choice","Block Reminder","Curses Come First","Custom Start","Dark Map","Downfall","Fox Events","Friendly Minions","GifTheSpireLib","Hallownest","Hermit","Jorbs\u0027s Wanderer Trilogy","Lobotomy","LobotomyExtend","Marisa????????","Minty Spire (QoL Compilation)","Permanent Neow","Quick Restart","Relic Stats","Spire Arcade","StSLib","The Bug Knight","The Cursed","The Disciple","The Jungle","Uncapped","Unknown Chances","Wandering Minibosses"],"gold_per_floor":[110,130,149,149,149,149,161,161,187,218,218,228,228,239,239,338,338,365,365,365,290,290,324,324,351,431,431,268,284,302,153,153,257,257,282,282,128,128,128,128,158,169,169,99,99,115,115,135,135,135,135],"floor_reached":50,"language":"ENG","playtime":2727,"items_purged":["GreedKing"],"score":988,"play_id":"27aa1b4a-7c7e-491b-831d-3c950e6d4631","local_time":"20210122205705","is_ascension_mode":true,"campfire_choices":[{"data":"ParadiseLost","floor":24.0,"key":"SMITH"},{"data":"ParadiseLost+1","floor":32,"key":"SMITH"},{"data":"ScreamingWedge","floor":47,"key":"SMITH"},{"data":"ParadiseLost+2","floor":49,"key":"SMITH"}],"circlet_count":0,"master_deck":["SpecialBullet","SpecialBullet","SpecialBullet","SpecialBullet","SpecialBullet","SpecialBullet","WelfareCode","ParadiseLost+3","LifeForTheDareDevil+1","QueenBee","Logging+1","Harmony+1","ScreamingWedge+1"],"relics":["CogitoBucket","RabbitCall","LetterFromLob","PreservedInsect","LaetitiaHeart","sneckomod:BlankCard","Bag of Preparation","Eternal Feather","AspirationHeart","Snecko Eye","Blood Vial","HollowMod:PaleOreRelic","HollowMod:StagPassRelic","Theresia","Coffee Dripper","Guardian:BottledAnomaly","Thread and Needle","AtMidnight","ChangeAnything","Prayer Wheel"],"acts_visited":["Exordium","TheCity","TheBeyond"],"potions_floor_usage":[33,50,50],"damage_taken":[{"damage":6.0,"enemies":"Cultist","floor":1.0,"turns":3.0},{"damage":0.0,"enemies":"Small Slimes","floor":2.0,"turns":4.0},{"damage":12.0,"enemies":"Jaw Worm","floor":3.0,"turns":3.0},{"damage":0.0,"enemies":"Blue Slaver","floor":7.0,"turns":5.0},{"damage":0.0,"enemies":"3 Sentries","floor":8.0,"turns":8.0},{"damage":0.0,"enemies":"3 Sentries","floor":10.0,"turns":8.0},{"damage":6.0,"enemies":"Exordium Thugs","floor":12.0,"turns":3.0},{"damage":0.0,"enemies":"3 Louse","floor":14.0,"turns":4.0},{"damage":0.0,"enemies":"The Guardian","floor":16.0,"turns":8.0},{"damage":0.0,"enemies":"Spheric Guardian","floor":18.0,"turns":4.0},{"damage":0.0,"enemies":"Gremlin Leader","floor":23.0,"turns":3.0},{"damage":0.0,"enemies":"Book of Stabbing","floor":25.0,"turns":5.0},{"damage":4,"enemies":"Chosen","floor":29,"turns":3},{"damage":0,"enemies":"Snake Plant","floor":30,"turns":2},{"damage":0,"enemies":"Collector","floor":33,"turns":5},{"damage":4,"enemies":"3 Shapes","floor":35,"turns":3},{"damage":0,"enemies":"Giant Head","floor":41,"turns":4},{"damage":0,"enemies":"Orb Walker","floor":42,"turns":4},{"damage":0,"enemies":"3 Darklings","floor":46,"turns":2},{"damage":0,"enemies":"Writhing Mass","floor":48,"turns":3},{"damage":90,"enemies":"Donu and Deca","floor":50,"turns":4}],"seed_played":"-6589477611950741997","potions_obtained":[{"floor":2.0,"key":"ColorlessPotion"},{"floor":3.0,"key":"Weak Potion"},{"floor":12.0,"key":"sneckomod:MuddlingPotion"},{"floor":16.0,"key":"bronze:BurnAndBuffPotion"},{"floor":33,"key":"SkillPotion"}],"is_trial":false,"path_per_floor":["M","M","M","?","?","R","M","E","T","E","T","M","R","M","R","B",null,"M","?","?","?","?","E","R","E","T","R","$","M","M","$","R","B",null,"M","?","$","?","?","R","E","M","T","$","?","M","R","M","R","B"],"character_chosen":"Angela","items_purchased":["GoldRush","Logging","Guardian:BottledAnomaly","ScreamingWedge"],"campfire_rested":0,"item_purchase_floors":[28,31,37,44],"current_hp_per_floor":[57,57,45,45,45,45,45,70,70,70,70,74,77,77,80,80,80,80,80,80,80,80,80,80,80,80,80,80,76,82,82,84,84,84,80,80,80,80,84,84,84,84,84,84,84,84,84,84,84,0,0],"gold":135,"neow_bonus":"REMOVE_CARD","is_daily":false,"chose_seed":false,"campfire_upgraded":4,"win_rate":0.0,"timestamp":1611349025,"path_taken":["M","M","M","?","?","R","M","E","T","E","?","M","R","?","R","BOSS","M","?","?","?","?","E","R","E","T","R","$","M","M","$","R","BOSS","M","?","$","?","?","R","E","M","T","?","?","?","R","M","R","BOSS"],"items_purchased_type":["Card","Card","Relic","Card"],"build_version":"2020-12-22","purchased_purges":1,"victory":false,"max_hp_per_floor":[70,70,70,70,70,70,70,70,70,70,70,80,80,80,80,80,80,80,80,80,80,80,80,80,80,80,80,80,80,84,84,84,84,84,84,84,84,84,84,84,84,84,84,84,84,84,84,84,84,84,84],"relic_stats":{"Blood Vial":2,"counters":[25,92],"Snecko Eye":[65,82,77,74],"Eternal Feather":8,"Prayer Wheel":2,"PreservedInsect":251,"Bag of Preparation":[32],"obtain_stats":[{"RabbitCall":0,"sneckomod:BlankCard":9,"AspirationHeart":12,"Eternal Feather":11,"Thread and Needle":41,"PreservedInsect":4,"Bag of Preparation":10,"HollowMod:StagPassRelic":26,"Blood Vial":23,"CogitoBucket":0,"LaetitiaHeart":8,"Snecko Eye":17,"AtMidnight":42,"Prayer Wheel":43,"LetterFromLob":3,"Coffee Dripper":34,"HollowMod:PaleOreRelic":25,"Guardian:BottledAnomaly":37,"ChangeAnything":42,"Theresia":29},{"RabbitCall":0,"sneckomod:BlankCard":5,"AspirationHeart":8,"Eternal Feather":6,"Thread and Needle":19,"PreservedInsect":3,"Bag of Preparation":6,"HollowMod:StagPassRelic":13,"Blood Vial":12,"CogitoBucket":0,"LaetitiaHeart":5,"Snecko Eye":10,"AtMidnight":21,"Prayer Wheel":21,"LetterFromLob":3,"Coffee Dripper":17,"HollowMod:PaleOreRelic":13,"Guardian:BottledAnomaly":18,"ChangeAnything":21,"Theresia":15},{"RabbitCall":0,"sneckomod:BlankCard":23,"AspirationHeart":35,"Eternal Feather":31,"Thread and Needle":77,"PreservedInsect":10,"Bag of Preparation":31,"HollowMod:StagPassRelic":59,"Blood Vial":54,"CogitoBucket":0,"LaetitiaHeart":23,"Snecko Eye":47,"AtMidnight":82,"Prayer Wheel":82,"LetterFromLob":10,"Coffee Dripper":70,"HollowMod:PaleOreRelic":59,"Guardian:BottledAnomaly":73,"ChangeAnything":82,"Theresia":63}]},"card_choices":[{"not_picked":["Loneliness","SomewhereSpear"],"picked":"SKIP","floor":1.0},{"not_picked":["Regret_ego","Diffraction"],"picked":"SKIP","floor":2.0},{"not_picked":["BeautyBeast","Woodsman"],"picked":"MeatLantern","floor":3.0},{"not_picked":["Lantern","Soda"],"picked":"SKIP","floor":3.0},{"not_picked":["Alriune","FairyFestival"],"picked":"GreedKing","floor":7.0},{"not_picked":["Regret_ego","Loneliness"],"picked":"SKIP","floor":7.0},{"not_picked":["Loneliness","Pinks"],"picked":"SKIP","floor":10.0},{"not_picked":["Lantern","Soda"],"picked":"SKIP","floor":12.0},{"not_picked":["FrostShard","Horn"],"picked":"SKIP","floor":14.0},{"not_picked":["Twilight"],"picked":"ParadiseLost","floor":16.0},{"not_picked":["Horn"],"picked":"LifeForTheDareDevil","floor":18.0},{"not_picked":["Horn","BloodyDesire"],"picked":"SKIP","floor":23.0},{"not_picked":["CUTE+1","Loneliness"],"picked":"SKIP","floor":25.0},{"not_picked":["Soda","Noise"],"picked":"SKIP","floor":29},{"not_picked":["LifeForTheDareDevil","GreenStem"],"picked":"SKIP","floor":30},{"not_picked":["Horn"],"picked":"Harmony+1","floor":35},{"not_picked":["Pleasure","BlackSwan_ego"],"picked":"SKIP","floor":41},{"not_picked":["DaCapo","FourthMatchFlame"],"picked":"SKIP","floor":42},{"not_picked":["RedEyes+1","BlueScar"],"picked":"SKIP","floor":46},{"not_picked":["TodaysExpression+1","Horn"],"picked":"SKIP","floor":46},{"not_picked":["FrostShard+1","Wingbeat+1"],"picked":"SKIP","floor":48},{"not_picked":["Soda+1","TodaysExpression+1"],"picked":"SKIP","floor":48}],"player_experience":1079526,"relics_obtained":[{"floor":3.0,"key":"LetterFromLob"},{"floor":9.0,"key":"sneckomod:BlankCard"},{"floor":10.0,"key":"Bag of Preparation"},{"floor":11.0,"key":"Eternal Feather"},{"floor":23.0,"key":"Blood Vial"},{"floor":25.0,"key":"HollowMod:PaleOreRelic"},{"floor":26.0,"key":"HollowMod:StagPassRelic"},{"floor":41,"key":"Thread and Needle"},{"floor":42,"key":"AtMidnight"},{"floor":43,"key":"Prayer Wheel"}],"event_choices":[{"cards_removed":["CentralCode"],"damage_healed":0.0,"max_hp_gain":0.0,"max_hp_loss":0.0,"gold_gain":0.0,"event_name":"Living Wall","player_choice":"Forget","floor":5.0,"gold_loss":0.0,"damage_taken":0.0},{"damage_healed":0.0,"max_hp_gain":0.0,"max_hp_loss":0.0,"gold_gain":0.0,"event_name":"Vampires","player_choice":"Ignored","floor":20.0,"gold_loss":0.0,"damage_taken":0.0},{"cards_removed":["MeatLantern"],"damage_healed":0.0,"max_hp_gain":0.0,"max_hp_loss":0.0,"gold_gain":0.0,"event_name":"Beggar","player_choice":"Gave Gold","floor":21.0,"gold_loss":75.0,"damage_taken":0.0},{"damage_healed":0.0,"max_hp_gain":0.0,"max_hp_loss":0.0,"gold_gain":0.0,"event_name":"Accursed Blacksmith","player_choice":"Forge","floor":22.0,"gold_loss":0.0,"damage_taken":0.0,"cards_upgraded":["LifeForTheDareDevil"]},{"cards_removed":["GoldRush"],"damage_healed":0,"gold_gain":0,"player_choice":"Removed Attack","damage_taken":0,"max_hp_gain":0,"max_hp_loss":0,"event_name":"Falling","floor":45,"gold_loss":0}],"is_beta":false,"boss_relics":[{"not_picked":["Runic Pyramid","Fusion Hammer"],"picked":"Snecko Eye"},{"not_picked":["Empty Cage","Calling Bell"],"picked":"Coffee Dripper"}],"items_purged_floors":[31],"is_endless":false,"potions_floor_spawned":[2,3,12,16,25,30,35,46],"killed_by":"Donu and Deca","ascension_level":8}}