{"host":"msfr2axb1w9025n0","time":1611288269,"event":{"mods":["BaseMod","Colored Map","DeckTracker","Minty Spire (QoL Compilation)"],"gold_per_floor":[109,4,56,26,44,44,78,78,104,117,131,54,81,91,91,165,165,182,197,197,213,213,213,232,260,260,260,25,42,58,83,83,160,160,172,185,185,205,52,84,104,136,162,172,172,172,192,192,192,192],"floor_reached":51,"language":"ENG","playtime":2741,"items_purged":[],"score":1444,"play_id":"f4eee89e-6894-4277-995d-8c3d7bc95e8f","local_time":"20210122110429","is_ascension_mode":true,"campfire_choices":[{"data":"Dash","floor":6,"key":"SMITH"},{"data":"Leg Sweep","floor":8,"key":"SMITH"},{"data":"Acrobatics","floor":15,"key":"SMITH"},{"data":"Corpse Explosion","floor":23,"key":"SMITH"},{"data":"Crippling Poison","floor":32,"key":"SMITH"},{"data":"Reflex","floor":45,"key":"SMITH"},{"data":"Choke","floor":49,"key":"SMITH"}],"circlet_count":0,"master_deck":["AscendersBane","Strike_G","Strike_G","Strike_G","Strike_G","Strike_G","Defend_G","Defend_G","Defend_G","Defend_G","Defend_G","Survivor","Neutralize","Dash+1","Quick Slash","Leg Sweep+1","Acrobatics+1","Reflex+1","Dagger Throw","Backflip","Corpse Explosion+1","Reflex","Writhe","Crippling Poison+1","Choke+1","Unload","Outmaneuver","Mayhem","Crippling Poison+1","Deadly Poison","Night Terror","CurseOfTheBell","Riddle With Holes+1","Underhanded Strike","Leg Sweep+1","Doubt","Parasite"],"relics":["Coffee Dripper","Du-Vu Doll","Bronze Scales","The Specimen","Snecko Eye","Centennial Puzzle","Enchiridion","Gambling Chip","Blue Candle","Lizard Tail","Calling Bell","Boot","Paper Crane","Unceasing Top","Frozen Eye","Bag of Marbles","Ninja Scroll","Ancient Tea Set"],"acts_visited":["Exordium","TheCity","TheBeyond"],"potions_floor_usage":[24,24,24,24,24,25,31,40,50],"damage_taken":[{"damage":7,"enemies":"Small Slimes","floor":1,"turns":5},{"damage":0,"enemies":"2 Louse","floor":5,"turns":2},{"damage":17,"enemies":"3 Sentries","floor":7,"turns":8},{"damage":0,"enemies":"Cultist","floor":10,"turns":3},{"damage":0,"enemies":"Looter","floor":11,"turns":3},{"damage":9,"enemies":"Lagavulin","floor":13,"turns":6},{"damage":0,"enemies":"2 Fungi Beasts","floor":14,"turns":3},{"damage":0,"enemies":"The Guardian","floor":16,"turns":12},{"damage":0,"enemies":"Shell Parasite","floor":18,"turns":4},{"damage":0,"enemies":"Chosen","floor":19,"turns":4},{"damage":6,"enemies":"Snake Plant","floor":21,"turns":3},{"damage":0,"enemies":"Cultist and Chosen","floor":24,"turns":4},{"damage":1,"enemies":"Slavers","floor":25,"turns":2},{"damage":0,"enemies":"Centurion and Healer","floor":29,"turns":2},{"damage":0,"enemies":"Snake Plant","floor":30,"turns":2},{"damage":2,"enemies":"Book of Stabbing","floor":31,"turns":4},{"damage":14,"enemies":"Automaton","floor":33,"turns":5},{"damage":0,"enemies":"Orb Walker","floor":35,"turns":3},{"damage":4,"enemies":"3 Darklings","floor":36,"turns":3},{"damage":1,"enemies":"Spire Growth","floor":38,"turns":4},{"damage":17,"enemies":"Reptomancer","floor":40,"turns":4},{"damage":11,"enemies":"Sphere and 2 Shapes","floor":41,"turns":4},{"damage":31,"enemies":"Nemesis","floor":42,"turns":7},{"damage":0,"enemies":"Transient","floor":44,"turns":5},{"damage":2,"enemies":"Writhing Mass","floor":47,"turns":4},{"damage":60,"enemies":"Awakened One","floor":50,"turns":16}],"seed_played":"-7781386825802388738","potions_obtained":[{"floor":4,"key":"Explosive Potion"},{"floor":4,"key":"Poison Potion"},{"floor":10,"key":"EntropicBrew"},{"floor":14,"key":"Poison Potion"},{"floor":24,"key":"Swift Potion"},{"floor":31,"key":"FearPotion"},{"floor":42,"key":"SpeedPotion"},{"floor":44,"key":"DuplicationPotion"}],"is_trial":false,"path_per_floor":["M","$","?","?","M","R","E","R","T","M","M","$","E","M","R","B",null,"M","M","?","M","?","R","M","E","T","?","$","M","M","E","R","B",null,"M","M","?","M","$","E","M","E","T","M","R","?","M","?","R","B",null],"character_chosen":"THE_SILENT","items_purchased":["Cloak And Dagger","Dagger Spray","Reflex","Mayhem","Block Potion","Frozen Eye"],"campfire_rested":0,"item_purchase_floors":[2,2,12,28,28,39],"current_hp_per_floor":[56,56,56,56,56,56,39,39,39,39,39,39,30,30,30,30,60,60,60,60,54,38,38,38,37,37,37,37,37,37,35,35,21,58,58,54,54,53,53,36,25,31,31,31,31,70,68,68,68,8],"gold":192,"neow_bonus":"BOSS_RELIC","is_daily":false,"chose_seed":false,"campfire_upgraded":7,"win_rate":0.0,"timestamp":1611288269,"path_taken":["M","$","?","?","M","R","E","R","T","M","M","$","E","?","R","BOSS","M","M","?","M","?","R","M","E","T","?","$","M","M","E","R","BOSS","M","M","?","M","$","E","M","E","T","M","R","?","?","?","R","BOSS"],"items_purchased_type":["Card","Card","Card","Card","Potion","Relic"],"build_version":"2020-12-22","purchased_purges":0,"victory":true,"max_hp_per_floor":[70,70,70,70,70,70,70,70,70,70,70,70,70,70,70,70,70,70,70,70,70,70,70,70,70,70,70,70,70,70,70,70,70,70,70,70,70,70,70,70,70,70,70,70,70,70,70,70,70,70],"card_choices":[{"not_picked":["Dagger Throw","Cloak And Dagger"],"picked":"Dash","floor":1},{"not_picked":["Bane","Flying Knee"],"picked":"Quick Slash","floor":5},{"not_picked":["Crippling Poison","Prepared"],"picked":"Leg Sweep","floor":7},{"not_picked":["Slice","Eviscerate"],"picked":"Backstab","floor":10},{"not_picked":["Prepared","PiercingWail"],"picked":"Acrobatics","floor":11},{"not_picked":["Deflect","Caltrops"],"picked":"Dagger Throw","floor":13},{"not_picked":["Sucker Punch","Flying Knee"],"picked":"Backflip","floor":14},{"not_picked":["Glass Knife","Envenom"],"picked":"Corpse Explosion","floor":16},{"not_picked":["Outmaneuver","Dagger Spray","Cloak And Dagger+1"],"picked":"SKIP","floor":18},{"not_picked":["Finisher","Sucker Punch"],"picked":"Reflex","floor":19},{"not_picked":["Backstab+1","Accuracy","Flying Knee"],"picked":"SKIP","floor":21},{"not_picked":["Dodge and Roll","Bane"],"picked":"Crippling Poison+1","floor":24},{"not_picked":["Deflect+1","Flying Knee"],"picked":"Choke","floor":25},{"not_picked":["Backflip","Noxious Fumes+1"],"picked":"Crippling Poison","floor":29},{"not_picked":["Blade Dance","Dagger Spray","Grand Finale"],"picked":"SKIP","floor":30},{"not_picked":["Deadly Poison","Outmaneuver","Slice"],"picked":"SKIP","floor":31},{"not_picked":["Outmaneuver","Slice"],"picked":"Deadly Poison","floor":31},{"not_picked":["Doppelganger","Phantasmal Killer"],"picked":"Night Terror","floor":33},{"not_picked":["Slice","PiercingWail","Dagger Throw"],"picked":"SKIP","floor":35},{"not_picked":["Bane+1","Quick Slash+1","Flying Knee"],"picked":"SKIP","floor":36},{"not_picked":["Backflip","Calculated Gamble"],"picked":"Riddle With Holes+1","floor":38},{"not_picked":["Outmaneuver","Dagger Spray","Caltrops"],"picked":"SKIP","floor":40},{"not_picked":["Backflip+1","Poisoned Stab"],"picked":"Underhanded Strike","floor":41},{"not_picked":["Heel Hook","Riddle With Holes"],"picked":"Leg Sweep+1","floor":42},{"not_picked":["Flying Knee","Backstab","Prepared"],"picked":"SKIP","floor":44},{"not_picked":["Dagger Throw","Blur","After Image"],"picked":"SKIP","floor":47}],"player_experience":262430,"relics_obtained":[{"floor":7,"key":"Du-Vu Doll"},{"floor":9,"key":"Bronze Scales"},{"floor":13,"key":"The Specimen"},{"floor":22,"key":"Enchiridion"},{"floor":25,"key":"Gambling Chip"},{"floor":26,"key":"Blue Candle"},{"floor":31,"key":"Lizard Tail"},{"floor":34,"key":"Boot"},{"floor":34,"key":"Paper Crane"},{"floor":34,"key":"Unceasing Top"},{"floor":40,"key":"Bag of Marbles"},{"floor":42,"key":"Ninja Scroll"},{"floor":43,"key":"Ancient Tea Set"}],"event_choices":[{"damage_healed":0,"gold_gain":52,"player_choice":"Gained Gold","damage_taken":0,"max_hp_gain":0,"max_hp_loss":0,"event_name":"Golden Wing","floor":3,"gold_loss":0},{"damage_healed":0,"gold_gain":0,"player_choice":"Bought 2 Potions","damage_taken":0,"max_hp_gain":0,"max_hp_loss":0,"event_name":"The Woman in Blue","floor":4,"gold_loss":0},{"damage_healed":0,"gold_gain":0,"player_choice":"Opened","damage_taken":0,"relics_obtained":["Centennial Puzzle"],"max_hp_gain":0,"max_hp_loss":0,"event_name":"The Mausoleum","floor":20,"gold_loss":0,"cards_obtained":["Writhe"]},{"damage_healed":0,"gold_gain":0,"player_choice":"Obtained Book","damage_taken":16,"max_hp_gain":0,"max_hp_loss":0,"event_name":"Cursed Tome","floor":22,"gold_loss":0},{"damage_healed":0,"gold_gain":0,"cards_transformed":["Backstab","Cloak And Dagger"],"player_choice":"Became Test Subject","damage_taken":0,"max_hp_gain":0,"max_hp_loss":0,"event_name":"Drug Dealer","floor":27,"gold_loss":0,"cards_obtained":["Unload","Outmaneuver"]},{"cards_removed":["Dagger Spray"],"damage_healed":0,"gold_gain":0,"player_choice":"Removed Attack","damage_taken":0,"max_hp_gain":0,"max_hp_loss":0,"event_name":"Falling","floor":37,"gold_loss":0},{"damage_healed":39,"gold_gain":0,"player_choice":"Heal","damage_taken":0,"max_hp_gain":0,"max_hp_loss":0,"event_name":"MindBloom","floor":46,"gold_loss":0,"cards_obtained":["Doubt"]},{"damage_healed":0,"gold_gain":0,"player_choice":"Ignored","damage_taken":0,"max_hp_gain":0,"max_hp_loss":0,"event_name":"Mysterious Sphere","floor":48,"gold_loss":0}],"is_beta":false,"boss_relics":[{"not_picked":["Astrolabe","Black Star"],"picked":"Snecko Eye"},{"not_picked":["WristBlade","Pandora\u0027s Box"],"picked":"Calling Bell"}],"items_purged_floors":[],"is_endless":false,"potions_floor_spawned":[10,14,16,19,24,31,36,38,42,44],"ascension_level":13}}