{"host":"pesfwaef25r60kxm","time":1611336079,"event":{"mods":["Ascension Reborn","BaseMod","Challenge The Spire","Colored Powertips","KomeijiMod","Minty Spire (QoL Compilation)","Prisma Mod","Quick Restart","Replay The Spire","RumiaBox-露米娅的神秘盒子","Shop Mod","StSLib","Td1madao Mod","The Bladedancer","The Construct","The Cursed","The Hierophant","The IronCluck","The Poker Player","[IsaacMod]以撒尖塔","vexMod"],"gold_per_floor":[113,163,181,181,181,181,35,44,96,105,116,116,137,237,237,217,217],"floor_reached":16,"language":"ZHS","playtime":1102,"items_purged":[],"score":166,"play_id":"301e65df-ff35-4d47-bc21-7ab91b7af2ad","local_time":"20210123012119","is_ascension_mode":true,"campfire_choices":[{"data":"hierophant:Punish","floor":6,"key":"SMITH"},{"floor":12,"key":"REST"},{"floor":15,"key":"REST"}],"circlet_count":0,"master_deck":["hierophant:Strike_Hierophant","hierophant:Strike_Hierophant","hierophant:Strike_Hierophant","hierophant:Strike_Hierophant+1","hierophant:Punish+1","hierophant:Defend_Hierophant","hierophant:Defend_Hierophant+1","hierophant:Defend_Hierophant","hierophant:Defend_Hierophant","hierophant:ChurchCoffers","hierophant:Smite","Bomb"],"relics":["hierophant:PropheticMaskRelic","HushsDoor","TheBible","NeowsBlessing","AddBug","SecretRecord","SecretRecord","SecretRecord"],"acts_visited":["Exordium"],"potions_floor_usage":[16],"damage_taken":[{"damage":0,"enemies":"2 Louse","floor":1,"turns":1},{"damage":0,"enemies":"Hiden Room Battle","floor":2,"turns":1},{"damage":0,"enemies":"Cultist","floor":3,"turns":1},{"damage":0,"enemies":"Lagavulin","floor":8,"turns":3},{"damage":1,"enemies":"3 Sentries","floor":10,"turns":5},{"damage":6,"enemies":"Jaw Worm","floor":11,"turns":2},{"damage":18,"enemies":"Lagavulin","floor":13,"turns":5},{"damage":77,"enemies":"The Guardian","floor":16,"turns":10}],"seed_played":"4433435206791884827","potions_obtained":[{"floor":1,"key":"PowerPotion"},{"floor":10,"key":"ExcitationPotion"}],"is_trial":false,"path_per_floor":["M","?","M","?","?","R","$","E","T","E","M","R","E","?","R","B"],"character_chosen":"HIEROPHANT","items_purchased":["ReplayTheSpireMod:TigerMarble"],"campfire_rested":2,"item_purchase_floors":[7],"current_hp_per_floor":[75,60,60,45,52,52,52,52,52,51,45,67,49,49,71,0,0],"gold":217,"neow_bonus":"THREE_ENEMY_KILL","is_daily":false,"chose_seed":false,"campfire_upgraded":1,"win_rate":0.0,"timestamp":1611336079,"path_taken":["M","?","M","?","?","R","?","E","T","E","?","R","E","?","R","BOSS"],"items_purchased_type":["Relic"],"build_version":"2020-12-22","purchased_purges":0,"victory":false,"max_hp_per_floor":[75,75,75,75,75,75,75,75,75,75,75,75,75,75,75,75,75],"card_choices":[{"not_picked":[],"picked":"ChaosCard","floor":0},{"not_picked":["hierophant:Encroach","hierophant:PassingBell","hierophant:FieryStrike"],"picked":"SKIP","floor":1},{"not_picked":["hierophant:Doubloon","hierophant:Invocation"],"picked":"hierophant:Smite","floor":2},{"not_picked":["hierophant:AuricBeam","hierophant:Doubloon","hierophant:HammerAndAnvil"],"picked":"SKIP","floor":3},{"not_picked":["hierophant:HammerAndAnvil","hierophant:DeathKnell"],"picked":"Bomb","floor":8},{"not_picked":["hierophant:Racketeering","hierophant:FlamingChariot","hierophant:AuricShield"],"picked":"SKIP","floor":10},{"not_picked":["hierophant:PassingBell","hierophant:TollTheBells","hierophant:FlamingChariot"],"picked":"SKIP","floor":11},{"not_picked":["hierophant:DisplayOfPower","hierophant:AuricBeam","hierophant:RecallFunds"],"picked":"SKIP","floor":13}],"player_experience":134330,"relics_obtained":[{"floor":1,"key":"AddBug"},{"floor":2,"key":"vexMod:ScavengeHelm"},{"floor":2,"key":"War Paint"},{"floor":8,"key":"Regal Pillow"},{"floor":9,"key":"vexMod:MemoryStick"},{"floor":10,"key":"SecretRecord"},{"floor":10,"key":"Grinning Jar"},{"floor":13,"key":"SecretRecord"},{"floor":13,"key":"BookOfRevelations"}],"event_choices":[{"damage_healed":0,"gold_gain":0,"player_choice":"Fight","damage_taken":0,"max_hp_gain":0,"max_hp_loss":0,"event_name":"HidenRoomEvent","floor":2,"gold_loss":0},{"damage_healed":0,"gold_gain":0,"player_choice":"Entered Light","damage_taken":15,"max_hp_gain":0,"max_hp_loss":0,"event_name":"Shining Light","floor":4,"gold_loss":0,"cards_upgraded":["hierophant:Strike_Hierophant","hierophant:Defend_Hierophant"]},{"damage_healed":0,"gold_gain":100,"player_choice":"Pray","damage_taken":0,"max_hp_gain":0,"max_hp_loss":0,"event_name":"Golden Shrine","floor":14,"gold_loss":0}],"is_beta":false,"boss_relics":[],"items_purged_floors":[],"is_endless":false,"potions_floor_spawned":[1,10],"killed_by":"The Guardian","ascension_level":0}}