{"host":"nlowmoq7gy18n72d","time":1611340478,"event":{"mods":["BaseMod","Colored Powertips","Conspire","Downfall","Hermit","Highlight Path","Infinite Spire","Jorbs\u0027s Wanderer Trilogy","Minty Spire (QoL Compilation)","Rare Cards Sparkle","Replay The Spire","StSLib","The Cursed","The Hierophant"],"gold_per_floor":[111,129,48,58,69,101,101,118,142,142,9,29,64,92,104,214,226,257,269,296,332,363,375,415,427,515,527,539,551,563,590,602,614,614],"floor_reached":33,"language":"ENG","playtime":1295,"items_purged":["hermit:Strike_Hermit","ReplayTheSpireMod:Splinters"],"score":277,"play_id":"0cdd8550-1b07-43fb-ad4d-c93acffbd7db","local_time":"20210122213438","is_ascension_mode":false,"campfire_choices":[{"data":"hermit:TakeCover","floor":10,"key":"SMITH"},{"floor":15,"key":"REST"},{"floor":23,"key":"REST"},{"data":"hermit:FlashPowder","floor":25,"key":"SMITH"},{"data":"hermit:Covet","floor":28,"key":"SMITH"},{"data":"hermit:Cheat","floor":30,"key":"SMITH"},{"floor":32,"key":"REST"}],"circlet_count":0,"master_deck":["hermit:Defend_Hermit","hermit:Defend_Hermit","hermit:Defend_Hermit","hermit:Defend_Hermit","hermit:Snapshot","hermit:Covet+1","hermit:FlashPowder+1","hermit:Shortfuse","hermit:PistolWhip","hermit:Horror","hermit:Desperado","hermit:TakeCover+1","hermit:Coalescence","hermit:GoldenBullet+1","hermit:GoldenBullet","hermit:Quickdraw","hermit:Cheat+1","hermit:Gambit","hermit:Roughhouse+1","hermit:Shortfuse+1","hermit:LuckOfTheDraw+1","hermit:Brawl","hermit:Glare+1","hermit:Quickdraw","infinitespire:FutureSight"],"relics":["hermit:Momento","Tiny Chest","Lantern","MawBank","Astrolabe","Replay:Baseball","Juzu Bracelet","ReplayTheSpireMod:Ring of Collecting","Ring of Searing","Strawberry","bronze:MakeshiftBattery"],"acts_visited":["Exordium","TheCity"],"potions_floor_usage":[6,13,16,24,24,33,33],"damage_taken":[{"damage":5,"enemies":"Small Slimes","floor":1,"turns":3},{"damage":0,"enemies":"Cultist","floor":2,"turns":3},{"damage":1,"enemies":"2 Louse","floor":4,"turns":3},{"damage":2,"enemies":"Looter","floor":5,"turns":3},{"damage":21,"enemies":"Lagavulin","floor":6,"turns":5},{"damage":20,"enemies":"Exordium Thugs","floor":8,"turns":6},{"damage":2,"enemies":"Blue Slaver","floor":12,"turns":5},{"damage":33,"enemies":"3 Sentries","floor":13,"turns":9},{"damage":0,"enemies":"Red Slaver","floor":14,"turns":2},{"damage":22,"enemies":"Hexaghost","floor":16,"turns":13},{"damage":39,"enemies":"3 Byrds","floor":18,"turns":9},{"damage":0,"enemies":"Chosen","floor":20,"turns":3},{"damage":9,"enemies":"3 Cultists","floor":22,"turns":4},{"damage":33,"enemies":"Gremlin Leader","floor":24,"turns":8},{"damage":9,"enemies":"Centurion and Healer","floor":31,"turns":4},{"damage":52,"enemies":"Champ","floor":33,"turns":5}],"seed_played":"-1577090509354620108","potions_obtained":[{"floor":1,"key":"Weak Potion"},{"floor":2,"key":"AttackPotion"},{"floor":8,"key":"conspire:TimeTravelPotion"},{"floor":12,"key":"hermit:Tonic"},{"floor":14,"key":"Dexterity Potion"},{"floor":16,"key":"LiquidBronze"},{"floor":24,"key":"Explosive Potion"},{"floor":31,"key":"Energy Potion"}],"is_trial":false,"path_per_floor":["M","M","$","M","M","E","?","M","T","R","$","M","E","M","R","B",null,"M","?","M","T","M","R","E","R","T","?","R","AVR","R","M","R","B"],"character_chosen":"HERMIT","items_purchased":["hermit:PistolWhip","hermit:GoldenBullet+1"],"campfire_rested":3,"item_purchase_floors":[3,11],"current_hp_per_floor":[77,77,77,76,74,53,53,33,33,33,33,31,4,4,28,6,82,43,43,43,43,34,58,25,25,25,25,25,32,32,23,49,0,0],"gold":614,"neow_bonus":"TEN_PERCENT_HP_BONUS","is_daily":false,"chose_seed":false,"campfire_upgraded":4,"win_rate":0.0,"timestamp":1611340478,"path_taken":["M","M","$","M","M","E","?","M","T","R","?","M","E","M","R","BOSS","M","?","M","?","M","R","E","R","T","?","R","AVR","R","M","R","BOSS"],"items_purchased_type":["Card","Card"],"build_version":"2020-12-22","purchased_purges":2,"victory":false,"max_hp_per_floor":[82,82,82,82,82,82,82,82,82,82,82,82,82,82,82,82,82,82,82,82,82,82,82,82,82,82,82,82,89,89,89,89,89,89],"card_choices":[{"not_picked":["hermit:WideOpen","hermit:Virtue"],"picked":"hermit:FlashPowder","floor":1},{"not_picked":["hermit:TakeCover","hermit:Spite"],"picked":"hermit:Shortfuse","floor":2},{"not_picked":["hermit:Dive","hermit:PistolWhip"],"picked":"hermit:Horror","floor":4},{"not_picked":["hermit:Feint","hermit:Coalescence"],"picked":"hermit:Desperado","floor":5},{"not_picked":["hermit:Purgatory","hermit:BodyArmor"],"picked":"hermit:TakeCover","floor":6},{"not_picked":["hermit:Headshot","hermit:Manifest"],"picked":"hermit:Coalescence","floor":8},{"not_picked":["hermit:TrackingShot","hermit:Feint"],"picked":"hermit:GoldenBullet","floor":12},{"not_picked":["hermit:WideOpen","hermit:Showdown"],"picked":"hermit:Quickdraw","floor":13},{"not_picked":["hermit:Misfire","hermit:Feint"],"picked":"hermit:Cheat","floor":14},{"not_picked":["hermit:BlackWind","hermit:EternalForm"],"picked":"hermit:Gambit","floor":16},{"not_picked":["hermit:Horror","hermit:Desperado","hermit:SprayPray+1"],"picked":"SKIP","floor":18},{"not_picked":["hermit:FatalDesire","hermit:Shortfuse+1","hermit:Coalescence+1"],"picked":"SKIP","floor":20},{"not_picked":["hermit:TakeAim","hermit:BodyArmor"],"picked":"hermit:Glare+1","floor":22},{"not_picked":["hermit:Headshot","hermit:WideOpen"],"picked":"hermit:Quickdraw","floor":24},{"not_picked":["hermit:Feint","hermit:Roughhouse","hermit:TrackingShot"],"picked":"SKIP","floor":31}],"player_experience":712737,"relics_obtained":[{"floor":6,"key":"Tiny Chest"},{"floor":9,"key":"Lantern"},{"floor":13,"key":"MawBank"},{"floor":21,"key":"Replay:Baseball"},{"floor":24,"key":"Juzu Bracelet"},{"floor":27,"key":"ReplayTheSpireMod:Ring of Collecting"},{"floor":27,"key":"Ring of Searing"}],"event_choices":[{"damage_healed":0,"gold_gain":0,"player_choice":"Ignored","damage_taken":0,"max_hp_gain":0,"max_hp_loss":0,"event_name":"NoteForYourself","floor":7,"gold_loss":0},{"damage_healed":0,"gold_gain":0,"player_choice":"1 cards matched","damage_taken":0,"max_hp_gain":0,"max_hp_loss":0,"event_name":"Match and Keep!","floor":19,"gold_loss":0,"cards_obtained":["hermit:Brawl"]}],"is_beta":false,"boss_relics":[{"not_picked":["Runic Pyramid","conspire:RunicOctahedron"],"picked":"Astrolabe"}],"items_purged_floors":[11,29],"is_endless":false,"potions_floor_spawned":[1,2,8,12,14,16,18,24,31],"killed_by":"Champ","ascension_level":0}}