{"host":"dqv8oo4v229c1o2l","time":1611293264,"event":{"mods":["AchievementEnabler","BaseMod","Colored Map","Colored Powertips","Minty Spire (QoL Compilation)","Quick Restart","Rare Cards Sparkle","StSLib","Synergy Search"],"gold_per_floor":[13,28,28,42,53,53,3,16,16,92,92,92],"floor_reached":11,"language":"ENG","playtime":617,"items_purged":[],"score":85,"play_id":"61fb2f63-5a7a-481a-81d4-b3288f6c5653","local_time":"20210121212744","is_ascension_mode":true,"campfire_choices":[{"data":"Limit Break","floor":6,"key":"SMITH"}],"circlet_count":0,"master_deck":["Strike_R","Strike_R","Strike_R","Defend_R","Defend_R","Defend_R","Defend_R","Bash","Limit Break+1","Cleave","Dropkick","Thunderclap","Flex","Clash"],"relics":["Burning Blood","Molten Egg 2"],"acts_visited":["Exordium"],"potions_floor_usage":[11],"damage_taken":[{"damage":2,"enemies":"Jaw Worm","floor":1,"turns":3},{"damage":1,"enemies":"Cultist","floor":2,"turns":3},{"damage":9,"enemies":"2 Louse","floor":4,"turns":2},{"damage":10,"enemies":"Exordium Wildlife","floor":5,"turns":3},{"damage":9,"enemies":"Blue Slaver","floor":8,"turns":4},{"damage":56,"enemies":"Lagavulin","floor":11,"turns":8}],"seed_played":"4157883396381738754","potions_obtained":[{"floor":1,"key":"Dexterity Potion"},{"floor":5,"key":"Dexterity Potion"},{"floor":8,"key":"ColorlessPotion"}],"is_trial":false,"path_per_floor":["M","M","?","M","M","R","?","M","T","T","E"],"character_chosen":"IRONCLAD","items_purchased":[],"campfire_rested":0,"item_purchase_floors":[],"current_hp_per_floor":[76,80,80,77,73,73,73,70,70,70,14,14],"gold":92,"neow_bonus":"THREE_RARE_CARDS","is_daily":false,"chose_seed":false,"campfire_upgraded":1,"win_rate":0.0,"timestamp":1611293264,"path_taken":["M","M","?","M","M","R","?","M","T","?","E"],"items_purchased_type":[],"build_version":"2020-12-22","purchased_purges":0,"victory":false,"max_hp_per_floor":[80,80,80,80,80,80,80,80,80,80,80,80],"card_choices":[{"not_picked":["Demon Form","Double Tap"],"picked":"Limit Break","floor":0.0},{"not_picked":["Sever Soul","Iron Wave"],"picked":"Cleave","floor":1},{"not_picked":["Sword Boomerang","Dark Embrace"],"picked":"Dropkick","floor":2},{"not_picked":["Twin Strike","Pommel Strike"],"picked":"Flex","floor":4},{"not_picked":["Headbutt","Anger","Wild Strike"],"picked":"SKIP","floor":5},{"not_picked":["Twin Strike","Flame Barrier"],"picked":"Clash","floor":8}],"player_experience":301693,"relics_obtained":[{"floor":10,"key":"Molten Egg 2"}],"event_choices":[{"damage_healed":0,"gold_gain":0,"cards_transformed":["Strike_R"],"player_choice":"Change","damage_taken":0,"max_hp_gain":0,"max_hp_loss":0,"event_name":"Living Wall","floor":3,"gold_loss":0,"cards_obtained":["Thunderclap"]},{"cards_removed":["Strike_R"],"damage_healed":0,"gold_gain":0,"player_choice":"Card Removal","damage_taken":0,"max_hp_gain":0,"max_hp_loss":0,"event_name":"The Cleric","floor":7,"gold_loss":50}],"is_beta":false,"boss_relics":[],"items_purged_floors":[],"is_endless":false,"potions_floor_spawned":[1,5,8],"killed_by":"Lagavulin","ascension_level":6}}