{"host":"vpaavrwbmey593fx","time":1611341565,"event":{"mods":["AchievementEnabler","BaseMod","Bestiary","Colored Map","Colored Powertips","DeckTracker","Minty Spire (QoL Compilation)","Relic Sorter"],"gold_per_floor":[116,136,146,71,84,84,109,109,159,159,88,88,115,133,133,235,235,250,266,49,66,76,76,76,91,114,147,147,181,201,201,201,303,303,321,335,335,352,352,385,397,397,397],"floor_reached":42,"language":"ENG","playtime":4172,"items_purged":["Strike_R","Strike_R"],"score":631,"play_id":"71321e61-38ba-465d-8b94-7f9f240e1844","local_time":"20210122105245","is_ascension_mode":true,"campfire_choices":[{"data":"Entrench","floor":6.0,"key":"SMITH"},{"data":"Bash","floor":8.0,"key":"SMITH"},{"data":"Wild Strike","floor":10.0,"key":"SMITH"},{"data":"Evolve","floor":15.0,"key":"SMITH"},{"data":"Spot Weakness","floor":23.0,"key":"SMITH"},{"floor":28.0,"key":"REST"},{"data":"Berserk","floor":32.0,"key":"SMITH"}],"circlet_count":0,"master_deck":["Strike_R+1","Defend_R+1","Defend_R+1","Defend_R+1","Bash+1","Pommel Strike+1","Wild Strike+1","Entrench+1","Shrug It Off","Spot Weakness+1","Evolve+1","Corruption","Disarm+1","True Grit+1","Headbutt","Armaments+1","Ghostly Armor","Demon Form","Berserk+1","Reaper","Shrug It Off","Reaper","Heavy Blade+1","Feel No Pain"],"relics":["Burning Blood","Darkstone Periapt","MealTicket","Oddly Smooth Stone","Snecko Eye","Membership Card","Bottled Tornado","The Courier","Cursed Key","Whetstone"],"acts_visited":["Exordium","TheCity","TheBeyond"],"potions_floor_usage":[42,42,42],"damage_taken":[{"damage":6.0,"enemies":"Cultist","floor":1.0,"turns":3.0},{"damage":7.0,"enemies":"2 Louse","floor":2.0,"turns":2.0},{"damage":7.0,"enemies":"Small Slimes","floor":3.0,"turns":4.0},{"damage":7.0,"enemies":"Looter","floor":5.0,"turns":3.0},{"damage":24.0,"enemies":"Lagavulin","floor":7.0,"turns":5.0},{"damage":18.0,"enemies":"Gremlin Nob","floor":13.0,"turns":3.0},{"damage":0.0,"enemies":"2 Fungi Beasts","floor":14.0,"turns":4.0},{"damage":8.0,"enemies":"Slime Boss","floor":16.0,"turns":9.0},{"damage":13.0,"enemies":"2 Thieves","floor":18.0,"turns":5.0},{"damage":13.0,"enemies":"Spheric Guardian","floor":19.0,"turns":4.0},{"damage":23.0,"enemies":"Centurion and Healer","floor":21.0,"turns":7.0},{"damage":14.0,"enemies":"Shelled Parasite and Fungi","floor":22.0,"turns":7.0},{"damage":3.0,"enemies":"Snecko","floor":25.0,"turns":7.0},{"damage":26.0,"enemies":"Book of Stabbing","floor":27.0,"turns":6.0},{"damage":57.0,"enemies":"Slavers","floor":29.0,"turns":9.0},{"damage":10.0,"enemies":"Centurion and Healer","floor":30.0,"turns":8.0},{"damage":28.0,"enemies":"Champ","floor":33.0,"turns":12.0},{"damage":4.0,"enemies":"3 Shapes","floor":35.0,"turns":4.0},{"damage":8.0,"enemies":"3 Darklings","floor":36.0,"turns":6.0},{"damage":3.0,"enemies":"Maw","floor":38.0,"turns":7.0},{"damage":21.0,"enemies":"Nemesis","floor":40.0,"turns":7.0},{"damage":18.0,"enemies":"Transient","floor":41.0,"turns":5.0},{"damage":107,"enemies":"Reptomancer","floor":42,"turns":5}],"seed_played":"2890396698936410817","potions_obtained":[{"floor":2.0,"key":"PowerPotion"},{"floor":3.0,"key":"ElixirPotion"},{"floor":13.0,"key":"DistilledChaos"},{"floor":14.0,"key":"Swift Potion"},{"floor":19.0,"key":"SpeedPotion"},{"floor":27.0,"key":"FairyPotion"},{"floor":29.0,"key":"EntropicBrew"},{"floor":38.0,"key":"SneckoOil"},{"floor":40.0,"key":"CultistPotion"}],"is_trial":false,"path_per_floor":["M","M","M","$","M","R","E","R","T","R","$","?","E","M","R","B",null,"M","M","$","M","M","R","?","M","T","E","R","E","M","?","R","B",null,"M","M","?","M","?","E","M","E"],"character_chosen":"IRONCLAD","items_purchased":["Spot Weakness","Membership Card","Headbutt"],"campfire_rested":1,"item_purchase_floors":[11,20,20],"current_hp_per_floor":[80,79,78,78,77,77,59,59,59,59,74,80,68,74,74,72,78,71,64,79,62,54,54,54,57,57,37,61,10,22,22,22,49,72,80,80,76,76,76,76,76,0,0],"gold":397,"neow_bonus":"THREE_CARDS","is_daily":false,"chose_seed":false,"campfire_upgraded":6,"win_rate":0.0,"timestamp":1611341565,"path_taken":["M","M","M","?","M","R","E","R","T","R","$","?","E","?","R","BOSS","M","M","$","M","M","R","?","M","T","E","R","E","M","?","R","BOSS","M","M","?","M","?","E","M","E"],"items_purchased_type":["Card","Relic","Card"],"build_version":"2020-12-22","purchased_purges":2,"victory":false,"max_hp_per_floor":[80,80,80,80,80,80,80,80,80,80,80,80,80,80,80,80,80,80,80,80,80,80,80,80,80,80,80,80,80,80,80,80,80,80,80,80,76,76,76,76,76,76,76],"card_choices":[{"not_picked":["Thunderclap","Dropkick"],"picked":"Pommel Strike","floor":0.0},{"not_picked":["Warcry","Bloodletting"],"picked":"Wild Strike","floor":1.0},{"not_picked":["Dropkick","Twin Strike","Clothesline"],"picked":"SKIP","floor":2.0},{"not_picked":["Cleave","Clash"],"picked":"Entrench","floor":3.0},{"not_picked":["Twin Strike","Rupture","Flex"],"picked":"SKIP","floor":5.0},{"not_picked":["Rupture","Berserk"],"picked":"Shrug It Off","floor":7.0},{"not_picked":["Sentinel","Flex"],"picked":"Evolve","floor":13.0},{"not_picked":["Flex","Rage","Clothesline"],"picked":"SKIP","floor":14.0},{"not_picked":["Offering","Double Tap"],"picked":"Corruption","floor":16.0},{"not_picked":["Anger","True Grit+1"],"picked":"Disarm+1","floor":18.0},{"not_picked":["Thunderclap","Armaments"],"picked":"True Grit+1","floor":19.0},{"not_picked":["Wild Strike+1","Dropkick"],"picked":"Armaments+1","floor":21.0},{"not_picked":["Warcry+1","Battle Trance"],"picked":"Ghostly Armor","floor":22.0},{"not_picked":["Havoc","Warcry+1","Thunderclap+1"],"picked":"SKIP","floor":25.0},{"not_picked":["Demon Form","Combust","Armaments"],"picked":"SKIP","floor":27.0},{"not_picked":["Perfected Strike","Pommel Strike"],"picked":"Reaper","floor":29.0},{"not_picked":["True Grit","Warcry"],"picked":"Shrug It Off","floor":30.0},{"not_picked":["Juggernaut","Exhume"],"picked":"Reaper","floor":33.0},{"not_picked":["Pommel Strike+1","Perfected Strike+1","Thunderclap"],"picked":"SKIP","floor":35.0},{"not_picked":["Twin Strike","Wild Strike+1","Perfected Strike+1"],"picked":"SKIP","floor":36.0},{"not_picked":["Sword Boomerang","Rage+1"],"picked":"Heavy Blade","floor":38.0},{"not_picked":["Warcry+1","Clash+1","Exhume"],"picked":"SKIP","floor":40.0},{"not_picked":["Clothesline+1","Shrug It Off"],"picked":"Feel No Pain","floor":41.0}],"player_experience":250664,"relics_obtained":[{"floor":7.0,"key":"Darkstone Periapt"},{"floor":9.0,"key":"MealTicket"},{"floor":13.0,"key":"Oddly Smooth Stone"},{"floor":27.0,"key":"Bottled Tornado"},{"floor":29.0,"key":"The Courier"},{"floor":40.0,"key":"Whetstone"}],"event_choices":[{"damage_healed":6.0,"max_hp_gain":0.0,"max_hp_loss":0.0,"gold_gain":0.0,"event_name":"Wheel of Change","player_choice":"Full Heal","floor":12.0,"gold_loss":0.0,"damage_taken":0.0},{"damage_healed":0.0,"max_hp_gain":0.0,"max_hp_loss":0.0,"gold_gain":0.0,"cards_transformed":["Strike_R","Strike_R"],"event_name":"Drug Dealer","player_choice":"Became Test Subject","floor":24.0,"gold_loss":0.0,"damage_taken":0.0,"cards_obtained":["Demon Form","Berserk"]},{"damage_healed":0.0,"max_hp_gain":0.0,"max_hp_loss":0.0,"gold_gain":0.0,"event_name":"Back to Basics","player_choice":"Simplicity","floor":31.0,"gold_loss":0.0,"damage_taken":0.0,"cards_upgraded":["Strike_R","Defend_R","Defend_R","Defend_R","Defend_R"]},{"damage_healed":0.0,"max_hp_gain":0.0,"max_hp_loss":4.0,"gold_gain":0.0,"event_name":"Winding Halls","player_choice":"Max HP","floor":37.0,"gold_loss":0.0,"damage_taken":0.0},{"cards_removed":["Defend_R"],"damage_healed":0.0,"max_hp_gain":0.0,"max_hp_loss":0.0,"gold_gain":0.0,"event_name":"Falling","player_choice":"Removed Skill","floor":39.0,"gold_loss":0.0,"damage_taken":0.0}],"is_beta":false,"boss_relics":[{"not_picked":["SacredBark","Coffee Dripper"],"picked":"Snecko Eye"},{"not_picked":["SlaversCollar","Philosopher\u0027s Stone"],"picked":"Cursed Key"}],"items_purged_floors":[4,20],"is_endless":false,"potions_floor_spawned":[2,3,13,14,19,25,27,29,30,38,40,41],"killed_by":"Reptomancer","ascension_level":5}}