{"host":"bplbr8uekuotory4","time":1611301685,"event":{"mods":["Act Like it!","BaseMod","Custom Start","Gensokyo","GungeonMod","Hermit","KinomotoSakuraMod(木之本樱)","Marisa（F雨　魔理沙）","Minty Spire (QoL Compilation)","Prisma Mod","Quick Restart","Reimu（博丽灵梦）","Replay The Spire","SOS（斯巴达之子）","Spicy Shops","StSLib","TestMod","The Blackbeard","The Cursed","The Marked","The Mystic","The Poker Player","The Runesmith","The Saiyan","The Senshi","The Servant 0.9.4","Yuri Mod","[IsaacMod]以撒尖塔"],"gold_per_floor":[109,109,109,8,21,48,48],"floor_reached":6,"language":"ZHS","playtime":68,"items_purged":["theSenshi:SailorBlock"],"score":69,"play_id":"e5740196-761d-4286-be90-273bb01df2d4","local_time":"20210122154805","is_ascension_mode":false,"campfire_choices":[],"circlet_count":0,"master_deck":["theSenshi:SailorKick","theSenshi:SailorKick","theSenshi:SailorKick","theSenshi:SailorBlock","theSenshi:SailorBlock","theSenshi:SailorBlock","theSenshi:RoseThrow","theSenshi:MoonPrismPowerMakeUp","theSenshi:KlutzyLuck"],"relics":["theSenshi:TransformationBroochRelic","testmod-TestBox","HushsDoor","SteamSale","testmod-LifeArmor","NeowsBlessing","HowToJump","DemoMod:SerJunkan","DemoMod:GlassGuonStoneRelic","YumHeart"],"acts_visited":["Exordium"],"potions_floor_usage":[],"damage_taken":[{"damage":0,"enemies":"2 Louse","floor":1,"turns":1},{"damage":0,"enemies":"Small Slimes","floor":5,"turns":2},{"damage":0,"enemies":"Lagavulin","floor":6,"turns":1}],"seed_played":"4494644362219074526","potions_obtained":[{"floor":6,"key":"Strength Potion"}],"is_trial":false,"path_per_floor":["M","?","?","$","M","E"],"character_chosen":"THE_SENSHI","items_purchased":["DemoMod:SerJunkan"],"campfire_rested":0,"item_purchase_floors":[4],"current_hp_per_floor":[75,75,60,60,60,60,60],"gold":48,"neow_bonus":"THREE_ENEMY_KILL","is_daily":false,"chose_seed":false,"campfire_upgraded":0,"win_rate":0.0,"timestamp":1611301685,"path_taken":["M","?","?","$","M","E"],"items_purchased_type":["Relic"],"build_version":"2020-12-22","purchased_purges":1,"victory":false,"max_hp_per_floor":[75,75,75,75,75,75,75],"card_choices":[{"not_picked":["theSenshi:MoonPunch","theSenshi:TuxedoSmokingBomber","theSenshi:EncouragingSpeech"],"picked":"SKIP","floor":1},{"not_picked":["theSenshi:SchoolBag","theSenshi:TallSilhouette","theSenshi:MoonPrincessHalation"],"picked":"SKIP","floor":5},{"not_picked":["theSenshi:SailorVenusAssists","theSenshi:SailorPlanetAttack"],"picked":"theSenshi:KlutzyLuck","floor":6}],"player_experience":1189163,"relics_obtained":[{"floor":6,"key":"YumHeart"}],"event_choices":[],"is_beta":false,"boss_relics":[],"items_purged_floors":[4],"is_endless":false,"potions_floor_spawned":[6],"killed_by":"Lagavulin","ascension_level":0}}