{"host":"rupmf8lnk599ormj","time":1611278238,"event":{"mods":["2.2 Compatiblity","AchievementEnabler","BaseMod","Better Match","Better Third Choice","BetterRewards","Colored Map","Colored Powertips","Conspire","Downfall","Evolution","Gold Saver","Googly Eyes","Hubris","Minty Spire (QoL Compilation)","Quick Restart","Rare Cards Sparkle","Shade Mod","Spicy Shops","StSLib","The Cursed"],"gold_per_floor":[1420,1435,1450,1465,1480,1480,1480,488,488,488,503,293,293,33,48,148,148,48,63,12,12,12,12,12,42,65,65,88,138,153,153,168,276,276,276,291,291,291,306,306,356,371,386,416,416,416,431,506,521,521],"floor_reached":51,"language":"ENG","playtime":2915,"items_purged":[],"score":1064,"play_id":"ed6e4ed6-f4a9-46dc-bc61-c9396bd8ee76","local_time":"20210121201718","daily_mods":["Insanity","Green Cards","Binary"],"is_ascension_mode":false,"campfire_choices":[{"floor":1,"key":"RECALL"},{"floor":13,"key":"REST"},{"data":"hexamod:RadiantFlame","floor":18,"key":"SMITH"},{"floor":35,"key":"REST"},{"floor":40,"key":"REST"}],"circlet_count":0,"master_deck":["Guardian:ConstructionForm+1","hexamod:SecondSeal","hexamod:NightmareGuise","hexamod:Hexaguard","Dagger Spray","Blade Dance","Sucker Punch","hexamod:Firestarter","Finisher","Dagger Throw","Accuracy","hexamod:FlamesFromBeyond","hexamod:ThirdSeal","Backflip","hexamod:SwordOfDarkness","Flying Knee","Deflect","PiercingWail","Sucker Punch","hexamod:CatchUp","hexamod:SkipABeat","Caltrops","Calculated Gamble","Cloak And Dagger","Dagger Throw","Underhanded Strike","Acrobatics","hexamod:DynamicBlow","Flying Knee","hexamod:Hexaguard","Backstab","Concentrate","hexamod:SuperheatedStrike","hexamod:InspiringFlames","hexamod:ThermalTransfer","hexamod:HeatMetal","hexamod:CatchUp","conspire:PoisonWeapons","Acrobatics","hexamod:FastForward","hexamod:DynamicBlow","hexamod:HeatMetal","hexamod:CatchUp","hexamod:GhostOfSpireFuture","hubris:SlightOfHand","Outmaneuver","Poisoned Stab","hubris:SlightOfHand","hexamod:ThermalTransfer","hexamod:GhostLash","Backflip","Slice","Flechettes","hexamod:ThermalTransfer","PiercingWail","hexamod:EmpoweredFlame","Slice","expansioncontent:InvincibleStrength","Deadly Poison","hexamod:SoulSteal","hexamod:HeatCrush","hexamod:Rewind","hexamod:RadiantFlame+1","Infinite Blades","A Thousand Cuts","Bouncing Flask+1","hexamod:ThermalTransfer","expansioncontent:AwakenDeath","hubris:DuctTapeCard","hexamod:NightmareGuise","Good Instincts","Backflip","Outmaneuver","Deadly Poison","hubris:NaturalOne","Outmaneuver+1","hexamod:GiftsFromTheDead","hexamod:Toasty","Prepared+1","expansioncontent:Chronoboost","expansioncontent:YouAreMine","expansioncontent:PolyBeam","hexamod:ShieldOfDarkness","hexamod:SwordOfDarkness","hexamod:SuperheatedStrike+1","Flying Knee","Parasite","Choke+1","hexamod:PhantomFireball"],"relics":["hexamod:SpiritBrand","EVO:Axolotl","White Beast Statue","Mercury Hourglass","Eternal Feather","hexamod:MatchstickCase","Sling","Membership Card","Anchor","Blue Candle","Kunai","hubris:PeanutButter","Happy Flower","hubris:Reverence","hubris:TerracottaHorce","downfall:HeartBlessingRed","conspire:DeflatedDodgeball","champ:DeflectingBracers","ClockworkSouvenir","hubris:DuctTape","conspire:BottledYoYo","bronze:BronzeIdol","Lantern","hubris:Icosahedron","Fusion Hammer","hubris:TenFootPole","hexamod:CandleOfCauterizing","hubris:DeckOfHolding"],"acts_visited":["Exordium","TheCity","TheBeyond"],"potions_floor_usage":[12,43,44,50],"damage_taken":[{"damage":4,"enemies":"Cultist","floor":2,"turns":3},{"damage":0,"enemies":"conspire:RoseBush","floor":3,"turns":1},{"damage":1,"enemies":"Jaw Worm","floor":4,"turns":2},{"damage":9,"enemies":"3 Louse","floor":5,"turns":3},{"damage":5,"enemies":"downfall:FleeingMerchant","floor":8,"turns":4},{"damage":2,"enemies":"conspire:2 RoseBushes","floor":11,"turns":3},{"damage":10,"enemies":"downfall:FleeingMerchant","floor":12,"turns":4},{"damage":0,"enemies":"downfall:FleeingMerchant","floor":14,"turns":4},{"damage":0,"enemies":"Blue Slaver","floor":15,"turns":2},{"damage":1,"enemies":"The Guardian","floor":16,"turns":7},{"damage":0,"enemies":"conspire:FuzzyDice","floor":19,"turns":4},{"damage":2,"enemies":"downfall:FleeingMerchant","floor":20,"turns":3},{"damage":0,"enemies":"conspire:Head Lice","floor":25,"turns":6},{"damage":0,"enemies":"Chosen","floor":26,"turns":3},{"damage":0,"enemies":"conspire:HollyBat","floor":28,"turns":7},{"damage":0,"enemies":"Shelled Parasite and Fungi","floor":30,"turns":4},{"damage":2,"enemies":"Centurion and Healer","floor":32,"turns":3},{"damage":10,"enemies":"SI_MIRROR_ARCHETYPE","floor":33,"turns":9},{"damage":0,"enemies":"Orb Walker","floor":36,"turns":2},{"damage":15,"enemies":"3 Shapes","floor":39,"turns":4},{"damage":23,"enemies":"3 Darklings","floor":42,"turns":5},{"damage":0,"enemies":"Transient","floor":43,"turns":5},{"damage":54,"enemies":"Reptomancer","floor":44,"turns":6},{"damage":0,"enemies":"Writhing Mass","floor":47,"turns":4},{"damage":0,"enemies":"Maw","floor":49,"turns":7},{"damage":10,"enemies":"DF_ARCHETYPE_ORBS","floor":50,"turns":7}],"seed_played":"8945501730091475425","potions_obtained":[{"floor":2,"key":"Guardian:BlockOnCardUsePotion"},{"floor":11,"key":"Fruit Juice"},{"floor":12,"key":"GamblersBrew"},{"floor":14,"key":"BlessingOfTheForge"},{"floor":19,"key":"Regen Potion"},{"floor":20,"key":"hexamod:InfernoChargePotion"},{"floor":47,"key":"FairyPotion"},{"floor":49,"key":"DistilledChaos"}],"is_trial":false,"path_per_floor":["R","M","M","M","M","?","T","$","?","T","M","$","R","$","M","B",null,"R","M","$","?","?","$","T","E","M","?","M","T","M","?","M","B",null,"R","M","?","?","M","R","T","M","M","E","$","?","M","T","M","B",null],"character_chosen":"THE_SPIRIT","items_purchased":["Mercury Hourglass","Eternal Feather","hexamod:MatchstickCase","Sling","Membership Card","PiercingWail","hubris:PeanutButter","Happy Flower","expansioncontent:InvincibleStrength","Deadly Poison","hubris:Reverence","hexamod:HeatCrush","hexamod:Rewind","hexamod:RadiantFlame","conspire:DeflatedDodgeball","champ:DeflectingBracers","ClockworkSouvenir","expansioncontent:AwakenDeath"],"campfire_rested":3,"item_purchase_floors":[8,8,8,8,8,8,12,12,12,12,14,14,14,14,20,20,20,20],"current_hp_per_floor":[70,66,66,65,56,56,56,51,30,30,28,23,75,75,75,74,75,75,75,73,73,73,73,73,73,73,73,73,73,73,73,71,61,72,75,75,65,66,51,66,66,43,43,4,4,4,4,4,4,14],"gold":521,"neow_bonus":"","is_daily":true,"chose_seed":false,"campfire_upgraded":1,"win_rate":0.0,"timestamp":1611278238,"path_taken":["R","M","M","?","?","?","T","?","?","?","?","$","R","$","M","BOSS","R","M","$","?","?","$","T","E","M","?","?","?","M","?","M","BOSS","R","M","?","?","M","R","T","M","M","E","$","?","M","?","M","BOSS"],"items_purchased_type":["Relic","Relic","Relic","Relic","Relic","Card","Relic","Relic","Card","Card","Relic","Card","Card","Card","Relic","Relic","Relic","Card"],"build_version":"2020-12-22","purchased_purges":0,"victory":true,"max_hp_per_floor":[70,70,70,70,70,70,70,70,70,70,70,75,75,75,75,75,75,75,75,75,75,75,75,75,75,75,75,75,75,75,75,75,75,75,75,75,75,66,66,66,66,66,66,66,66,66,66,66,66,66],"card_choices":[{"not_picked":["hexamod:Hexaguard"],"picked":"hexamod:GhostLash","floor":2},{"not_picked":["hexamod:HeatMetal"],"picked":"Backflip","floor":3},{"not_picked":["Outmaneuver"],"picked":"Slice","floor":4},{"not_picked":["hexamod:GhostOfSpirePast"],"picked":"Flechettes","floor":5},{"not_picked":["hexamod:RetreatToShadows"],"picked":"hexamod:ThermalTransfer","floor":8},{"not_picked":["Dodge and Roll","hexamod:Hexaguard"],"picked":"SKIP","floor":8},{"not_picked":["hexamod:ExtraCrispy"],"picked":"hexamod:EmpoweredFlame","floor":11},{"not_picked":["Eviscerate"],"picked":"Slice","floor":12},{"not_picked":["Bane"],"picked":"hexamod:SoulSteal","floor":14},{"not_picked":["Setup"],"picked":"Infinite Blades","floor":15},{"not_picked":["Grand Finale"],"picked":"A Thousand Cuts","floor":16},{"not_picked":["hubris:SlightOfHand"],"picked":"Bouncing Flask+1","floor":19},{"not_picked":["Dagger Throw"],"picked":"hexamod:ThermalTransfer","floor":20},{"not_picked":["hexamod:CatchUp"],"picked":"hexamod:NightmareGuise","floor":25},{"not_picked":["hexamod:HeatMetal","hexamod:AdvancingGuard"],"picked":"SKIP","floor":26},{"not_picked":["Flying Knee"],"picked":"Outmaneuver","floor":28},{"not_picked":["hexamod:SkipABeat+1"],"picked":"Deadly Poison","floor":28},{"not_picked":["hubris:SlightOfHand","Underhanded Strike"],"picked":"SKIP","floor":30},{"not_picked":["hexamod:UnleashSpirits"],"picked":"Outmaneuver+1","floor":32},{"not_picked":["Tools of the Trade"],"picked":"hexamod:GiftsFromTheDead","floor":33},{"not_picked":["hexamod:ApocalypticArmor"],"picked":"hexamod:Toasty","floor":33},{"not_picked":["Sucker Punch+1"],"picked":"Prepared+1","floor":36},{"not_picked":["expansioncontent:GuardianWhirl"],"picked":"expansioncontent:Chronoboost","floor":37},{"not_picked":["expansioncontent:PrepareCrush"],"picked":"expansioncontent:YouAreMine","floor":37},{"not_picked":["expansioncontent:LastStand"],"picked":"expansioncontent:PolyBeam","floor":37},{"not_picked":["Slice+1"],"picked":"hexamod:ShieldOfDarkness","floor":39},{"not_picked":["hexamod:ThermalTransfer"],"picked":"hexamod:SwordOfDarkness","floor":42},{"not_picked":["Reflex+1"],"picked":"hexamod:SuperheatedStrike+1","floor":43},{"not_picked":["Dagger Throw+1"],"picked":"Flying Knee","floor":44},{"not_picked":["Envenom"],"picked":"Choke+1","floor":47},{"not_picked":["Deflect"],"picked":"hexamod:PhantomFireball","floor":49}],"player_experience":229332,"relics_obtained":[{"floor":7,"key":"White Beast Statue"},{"floor":10,"key":"Kunai"},{"floor":24,"key":"conspire:BottledYoYo"},{"floor":25,"key":"bronze:BronzeIdol"},{"floor":29,"key":"Lantern"},{"floor":41,"key":"hubris:TenFootPole"},{"floor":44,"key":"hexamod:CandleOfCauterizing"},{"floor":48,"key":"hubris:DeckOfHolding"}],"event_choices":[{"damage_healed":0,"gold_gain":1,"player_choice":"Relic Relic ","damage_taken":21,"max_hp_gain":0,"max_hp_loss":0,"event_name":"betterThird:BetterScrap","floor":9,"gold_loss":0,"cards_obtained":["Combust"]},{"damage_healed":0,"gold_gain":0,"player_choice":"Ignored","damage_taken":0,"max_hp_gain":0,"max_hp_loss":0,"event_name":"Vampires","floor":21,"gold_loss":0},{"damage_healed":0,"gold_gain":0,"player_choice":"Leave","damage_taken":0,"max_hp_gain":0,"max_hp_loss":0,"event_name":"conspire:Investor","floor":46,"gold_loss":0}],"is_beta":false,"boss_relics":[{"not_picked":["Tiny House","Sozu"],"picked":"hubris:TerracottaHorce"},{"not_picked":["bronze:MakeshiftBattery","sneckomod:SneckoTalon"],"picked":"Fusion Hammer"}],"items_purged_floors":[],"is_endless":false,"potions_floor_spawned":[2,8,11,12,14,15,16,19,20,25,26,28,30,32,33,36,39,42,43,44,47,49],"ascension_level":0}}