{"host":"d9m9v0h6vo0edadb","time":1611316344,"event":{"mods":["BaseMod","Hermit","Keyboard Shortcuts","Minty Spire (QoL Compilation)","StSLib","SuperFastMode","The Cursed"],"gold_per_floor":[116,135,60,79,154,154,174,174,174,184,203,220,220,237,237,237,237],"floor_reached":16,"language":"KOR","playtime":174,"items_purged":["Strike_G"],"score":192,"play_id":"4e36eb30-a6cb-4df2-8fbc-e3b9537ad349","local_time":"20210122205224","is_ascension_mode":true,"campfire_choices":[{"data":"Deadly Poison","floor":6.0,"key":"SMITH"},{"data":"Crippling Poison","floor":8.0,"key":"SMITH"},{"floor":15.0,"key":"REST"}],"circlet_count":0,"master_deck":["AscendersBane","Strike_G","Strike_G","Strike_G","Strike_G","Defend_G","Defend_G","Defend_G","Defend_G","Defend_G","Survivor","Neutralize","Deadly Poison+1","Dagger Spray","Escape Plan","Crippling Poison+1","Catalyst+1","Poisoned Stab"],"relics":["Ring of the Snake","Matryoshka"],"acts_visited":["Exordium"],"potions_floor_usage":[16],"damage_taken":[{"damage":7.0,"enemies":"Small Slimes","floor":1.0,"turns":4.0},{"damage":1.0,"enemies":"Cultist","floor":2.0,"turns":4.0},{"damage":0.0,"enemies":"2 Louse","floor":4.0,"turns":2.0},{"damage":6.0,"enemies":"Looter","floor":7.0,"turns":3.0},{"damage":13.0,"enemies":"Large Slime","floor":10.0,"turns":5.0},{"damage":7.0,"enemies":"Exordium Thugs","floor":11.0,"turns":6.0},{"damage":0.0,"enemies":"Exordium Wildlife","floor":12.0,"turns":2.0},{"damage":0.0,"enemies":"2 Fungi Beasts","floor":14.0,"turns":2.0},{"damage":70,"enemies":"Slime Boss","floor":16,"turns":8}],"seed_played":"-206536478820651521","potions_obtained":[{"floor":1.0,"key":"GamblersBrew"},{"floor":10.0,"key":"CunningPotion"},{"floor":11.0,"key":"Block Potion"},{"floor":14.0,"key":"Regen Potion"}],"is_trial":false,"path_per_floor":["M","M","$","M","?","R","M","R","T","M","M","M","?","M","R","B"],"character_chosen":"THE_SILENT","items_purchased":[],"campfire_rested":1,"item_purchase_floors":[],"current_hp_per_floor":[58,57,57,57,46,46,40,40,40,27,20,20,20,20,41,0,0],"gold":237,"neow_bonus":"TEN_PERCENT_HP_BONUS","is_daily":false,"chose_seed":false,"campfire_upgraded":2,"win_rate":0.0,"timestamp":1611316344,"path_taken":["M","M","$","M","?","R","M","R","T","M","M","M","?","M","R","BOSS"],"items_purchased_type":[],"build_version":"2020-12-22","purchased_purges":1,"victory":false,"max_hp_per_floor":[72,72,72,72,72,72,72,72,72,72,72,72,72,72,72,72,72],"card_choices":[{"not_picked":["Setup","Leg Sweep"],"picked":"Deadly Poison","floor":1.0},{"not_picked":["Deadly Poison","Quick Slash"],"picked":"Dagger Spray","floor":2.0},{"not_picked":["Slice","Endless Agony"],"picked":"Escape Plan","floor":4.0},{"not_picked":["Prepared","Backflip"],"picked":"Crippling Poison","floor":7.0},{"not_picked":["Blur","Choke","Skewer"],"picked":"SKIP","floor":10.0},{"not_picked":["Outmaneuver","Poisoned Stab"],"picked":"Catalyst","floor":11.0},{"not_picked":["Storm of Steel","Dagger Spray","Deflect"],"picked":"SKIP","floor":12.0},{"not_picked":["Flechettes","Outmaneuver"],"picked":"Poisoned Stab","floor":14.0}],"player_experience":985114,"relics_obtained":[{"floor":9.0,"key":"Matryoshka"}],"event_choices":[{"damage_healed":0.0,"max_hp_gain":0.0,"max_hp_loss":0.0,"gold_gain":75.0,"event_name":"World of Goop","player_choice":"Gather Gold","floor":5.0,"gold_loss":0.0,"damage_taken":11.0},{"damage_healed":0.0,"max_hp_gain":0.0,"max_hp_loss":0.0,"gold_gain":0.0,"event_name":"Upgrade Shrine","player_choice":"Upgraded","floor":13.0,"gold_loss":0.0,"damage_taken":0.0,"cards_upgraded":["Catalyst"]}],"is_beta":false,"boss_relics":[],"items_purged_floors":[3],"is_endless":false,"potions_floor_spawned":[1,10,11,14],"killed_by":"Slime Boss","ascension_level":20}}