{"host":"lh9qfzqeqctr28d2","time":1611309991,"event":{"mods":["BaseMod","CapriCore","Luminous","Minty Spire (QoL Compilation)","Quick Restart","Relic Stats","Remilia£®¿Ÿ√◊¿Ú—«£©","StSLib","Yakumo Yukari mod"],"gold_per_floor":[118,134,134,134,13,46,67,67,67],"floor_reached":8,"language":"ZHS","playtime":148,"items_purged":["Injury"],"score":89,"play_id":"4e9d7e5c-2cd0-4b70-b2ec-d3bcbdf2f03d","local_time":"20210122180631","is_ascension_mode":true,"campfire_choices":[],"circlet_count":0,"master_deck":["Strike_G","Strike_G","Strike_G","Strike_G","Strike_G","Defend_G","Defend_G","Defend_G","Defend_G","Defend_G","Survivor","Neutralize","Dagger Spray","Quick Slash","Acrobatics","Blade Dance","Slice"],"relics":["Ring of the Snake","NeowsBlessing","Golden Idol","Bag of Marbles"],"acts_visited":["Exordium"],"potions_floor_usage":[8],"damage_taken":[{"damage":0,"enemies":"Cultist","floor":1,"turns":1},{"damage":0,"enemies":"Jaw Worm","floor":2,"turns":1},{"damage":0,"enemies":"Lagavulin","floor":6,"turns":1},{"damage":0,"enemies":"2 Louse","floor":7,"turns":2},{"damage":3,"enemies":"3 Sentries","floor":8,"turns":3}],"seed_played":"8908935168381730134","potions_obtained":[{"floor":4,"key":"EssenceOfSteel"},{"floor":4,"key":"SneckoOil"},{"floor":4,"key":"Energy Potion"},{"floor":6,"key":"LiquidBronze"}],"is_trial":false,"path_per_floor":["M","M","?","?","$","E","M","E"],"character_chosen":"THE_SILENT","items_purchased":["Acrobatics"],"campfire_rested":0,"item_purchase_floors":[5],"current_hp_per_floor":[70,70,70,70,70,70,70,67,67],"gold":67,"neow_bonus":"THREE_ENEMY_KILL","is_daily":false,"chose_seed":false,"campfire_upgraded":0,"win_rate":0.0,"timestamp":1611309991,"path_taken":["M","?","?","?","$","E","?","E"],"items_purchased_type":["Card"],"build_version":"2020-12-22","purchased_purges":1,"victory":false,"max_hp_per_floor":[70,70,70,70,70,70,70,70,70],"relic_stats":{"counters":[5,8],"Golden Idol":11,"obtain_stats":[{"NeowsBlessing":0,"Golden Idol":3,"Bag of Marbles":6,"Ring of the Snake":0},{"NeowsBlessing":0,"Golden Idol":2,"Bag of Marbles":3,"Ring of the Snake":0},{"NeowsBlessing":0,"Golden Idol":2,"Bag of Marbles":3,"Ring of the Snake":0}],"Ring of the Snake":[10]},"card_choices":[{"not_picked":["Deadly Poison","Acrobatics"],"picked":"Dagger Spray","floor":1},{"not_picked":["Endless Agony","Deflect"],"picked":"Quick Slash","floor":2},{"not_picked":["Bouncing Flask","Skewer"],"picked":"Blade Dance","floor":6},{"not_picked":["Heel Hook","Eviscerate"],"picked":"Slice","floor":7}],"player_experience":448438,"relics_obtained":[{"floor":6,"key":"Bag of Marbles"}],"event_choices":[{"damage_healed":0,"gold_gain":0,"player_choice":"Take Wound","damage_taken":0,"relics_obtained":["Golden Idol"],"max_hp_gain":0,"max_hp_loss":0,"event_name":"Golden Idol","floor":3,"gold_loss":0,"cards_obtained":["Injury"]},{"damage_healed":0,"gold_gain":0,"player_choice":"Got Potions","damage_taken":0,"max_hp_gain":0,"max_hp_loss":0,"event_name":"Lab","floor":4,"gold_loss":0}],"is_beta":false,"boss_relics":[],"items_purged_floors":[5],"is_endless":false,"potions_floor_spawned":[6],"killed_by":"3 Sentries","ascension_level":2}}