{"host":"mg3e76uznu9x14du","time":1611278475,"event":{"mods":["BaseMod","Colored Map","Downfall","Minty Spire (QoL Compilation)","Permanent Neow","Relic Stats","StSLib","Waifu the Spire","everything is the same but u backflip on backflip"],"gold_per_floor":[99,119,119,137,137,37,37,68,68,81,93,112,128,157,167,272,272,172,189,209,209,42,42,42,55,84,84,116,134,22,46,59,169,169,69,96,204,231,250,250,250,250],"floor_reached":40,"language":"ENG","playtime":2480,"items_purged":[],"score":560,"play_id":"323ed20b-7650-476d-bace-f1c83acd51af","local_time":"20210121202115","is_ascension_mode":true,"campfire_choices":[{"floor":1,"key":"RECALL"},{"data":"champ:Taunt","floor":6,"key":"SMITH"},{"data":"champ:EnchantCrown","floor":18,"key":"SMITH"},{"data":"bronze:Library","floor":35,"key":"SMITH"}],"circlet_count":0,"master_deck":["champ:Execute+1","champ:Taunt+1","champ:DeathBlow","champ:FlashCut","champ:FancyFootwork","champ:SetATrap+1","champ:BringItOn+1","champ:Encircle","champ:PreciseThrust","champ:FaceSlap","champ:BringItOn","champ:FanOfKnives","champ:SteelEdge","champ:SkillfulDodge","champ:EnGarde+1","champ:RecklessLeap","champ:EnchantCrown+1","champ:ViciousMockery","champ:EnGarde","champ:AdrenalArmor","champ:RageSigil+1","champ:AdrenalArmor+1","Immolate","bronze:Separator+1","hexamod:FifthSeal","hexamod:SecondSeal","bronze:Iterate+1","Guardian:ShieldCharger+1","hexamod:SixthSeal","bronze:Library+1","CurseOfTheBell","champ:Shatter","hexamod:ThirdSeal","bronze:ThunderWave","Guardian:Planning","hexamod:FourthSeal","Guardian:ConstructionForm","hexamod:FirstSeal","Consecrate+1","ClearTheMind+1"],"relics":["champ:ChampionCrown","downfall:HeartBlessingRed","Gremlin Horn","Nunchaku","Turnip","Pandora\u0027s Box","downfall:HeartBlessingGreen","PrismaticShard","Bottled Flame","InkBottle","Pen Nib","Oddly Smooth Stone","Calling Bell","Pantograph","champ:SignatureFinisher","War Paint","downfall:HeartBlessingBlue","Potion Belt"],"acts_visited":["Exordium","TheCity","TheBeyond"],"potions_floor_usage":[12,16,16,29,29,30,33,33,36,37,39,39,40,40],"damage_taken":[{"damage":10,"enemies":"Jaw Worm","floor":2,"turns":3},{"damage":10,"enemies":"2 Louse","floor":4,"turns":2},{"damage":28,"enemies":"Gremlin Nob","floor":8,"turns":4},{"damage":0,"enemies":"Cultist","floor":9,"turns":1},{"damage":37,"enemies":"Large Slime","floor":10,"turns":6},{"damage":32,"enemies":"Exordium Thugs","floor":11,"turns":4},{"damage":10,"enemies":"Blue Slaver","floor":12,"turns":2},{"damage":20,"enemies":"Lots of Slimes","floor":13,"turns":2},{"damage":25,"enemies":"3 Sentries","floor":14,"turns":4},{"damage":10,"enemies":"Red Slaver","floor":15,"turns":2},{"damage":45,"enemies":"WA_ARCHETYPE_RETAIN","floor":16,"turns":6},{"damage":10,"enemies":"Spheric Guardian","floor":19,"turns":3},{"damage":40,"enemies":"3 Byrds","floor":20,"turns":6},{"damage":21,"enemies":"downfall:FleeingMerchant","floor":22,"turns":4},{"damage":57,"enemies":"3 Cultists","floor":25,"turns":5},{"damage":55,"enemies":"Slavers","floor":26,"turns":2},{"damage":41,"enemies":"Gremlin Leader","floor":28,"turns":4},{"damage":11,"enemies":"Snake Plant","floor":29,"turns":2},{"damage":30,"enemies":"downfall:FleeingMerchant","floor":30,"turns":4},{"damage":15,"enemies":"Centurion and Healer","floor":32,"turns":3},{"damage":55,"enemies":"IC_MUSHROOM_ARCHETYPE","floor":33,"turns":7},{"damage":25,"enemies":"3 Darklings","floor":36,"turns":5},{"damage":71,"enemies":"downfall:LadyInBlue","floor":37,"turns":8},{"damage":23,"enemies":"3 Shapes","floor":38,"turns":5},{"damage":35,"enemies":"Maw","floor":39,"turns":5},{"damage":35,"enemies":"Jaw Worm Horde","floor":40,"turns":2}],"seed_played":"2134020146279696449","potions_obtained":[{"floor":10,"key":"Swift Potion"},{"floor":11,"key":"sneckomod:MuddlingPotion"},{"floor":12,"key":"Strength Potion"},{"floor":14,"key":"champ:TechniquePotion"},{"floor":26,"key":"hexamod:SoulburnPotion"},{"floor":27,"key":"champ:CounterPotion"},{"floor":29,"key":"AttackPotion"},{"floor":33,"key":"Weak Potion"},{"floor":36,"key":"AttackPotion"},{"floor":37,"key":"SpeedPotion"},{"floor":37,"key":"Guardian:BlockOnCardUsePotion"},{"floor":37,"key":"LiquidMemories"},{"floor":37,"key":"AttackPotion"},{"floor":38,"key":"ColorlessPotion"}],"is_trial":false,"path_per_floor":["R","M","?","M","?","R","T","E","M","M","M","M","M","E","M","B",null,"R","M","M","?","$","T","T","M","E","?","E","M","$","T","M","B",null,"R","M","?","M","M","M"],"character_chosen":"THE_CHAMP","items_purchased":["PrismaticShard","Block Potion","Strength Potion"],"campfire_rested":0,"item_purchase_floors":[22,30,30],"current_hp_per_floor":[90,90,90,90,90,90,90,82,82,75,53,53,53,48,48,23,90,90,90,80,80,79,79,79,72,42,42,42,41,41,41,41,11,90,100,80,49,41,26,0,0,0],"gold":250,"neow_bonus":"UPGRADE_CARD","is_daily":false,"chose_seed":false,"campfire_upgraded":3,"win_rate":0.0,"timestamp":1611278475,"path_taken":["R","M","?","M","?","R","T","E","M","M","M","?","M","E","M","BOSS","R","M","M","?","$","?","T","M","E","?","E","?","$","?","M","BOSS","R","M","?","?","?","M"],"items_purchased_type":["Relic","Potion","Potion"],"build_version":"2020-12-22","purchased_purges":0,"victory":false,"max_hp_per_floor":[90,90,90,90,90,90,90,90,90,90,90,90,90,90,90,90,90,90,90,90,90,90,90,90,90,90,90,90,90,90,90,90,90,90,100,100,100,100,100,100,100,100],"relic_stats":{"Nunchaku":[19],"Gremlin Horn":[25,25],"counters":[26,101],"Pantograph":0,"Pandora\u0027s Box":["champ:SkillfulDodge","champ:EnGarde","champ:RecklessLeap","champ:EnchantCrown","champ:ViciousMockery","champ:EnGarde","champ:GladiatorStyle"],"Turnip":[8],"Pen Nib":[9],"War Paint":["champ:SetATrap","champ:EnGarde"],"obtain_stats":[{"Potion Belt":37,"downfall:HeartBlessingRed":6,"Gremlin Horn":7,"Oddly Smooth Stone":31,"champ:ChampionCrown":0,"downfall:HeartBlessingGreen":18,"Pen Nib":28,"War Paint":34,"PrismaticShard":22,"Calling Bell":34,"Nunchaku":8,"Bottled Flame":23,"downfall:BrokenWingStatue":3,"downfall:HeartBlessingBlue":35,"Pantograph":34,"Pandora\u0027s Box":17,"Turnip":14,"champ:SignatureFinisher":34,"InkBottle":26},{"Potion Belt":23,"downfall:HeartBlessingRed":2,"Gremlin Horn":2,"Oddly Smooth Stone":19,"champ:ChampionCrown":0,"downfall:HeartBlessingGreen":11,"Pen Nib":17,"War Paint":21,"PrismaticShard":14,"Calling Bell":21,"Nunchaku":3,"Bottled Flame":14,"downfall:BrokenWingStatue":1,"downfall:HeartBlessingBlue":21,"Pantograph":21,"Pandora\u0027s Box":11,"Turnip":9,"champ:SignatureFinisher":21,"InkBottle":16},{"Potion Belt":89,"downfall:HeartBlessingRed":5,"Gremlin Horn":5,"Oddly Smooth Stone":66,"champ:ChampionCrown":0,"downfall:HeartBlessingGreen":36,"Pen Nib":60,"War Paint":76,"PrismaticShard":49,"Calling Bell":76,"Nunchaku":9,"Bottled Flame":49,"downfall:BrokenWingStatue":3,"downfall:HeartBlessingBlue":76,"Pantograph":76,"Pandora\u0027s Box":36,"Turnip":28,"champ:SignatureFinisher":76,"InkBottle":56}],"InkBottle":[19]},"card_choices":[{"not_picked":["champ:EnGarde","champ:ViciousMockery"],"picked":"champ:DeathBlow","floor":2},{"not_picked":["champ:AdrenalArmor","champ:StanceDance"],"picked":"champ:FlashCut","floor":4},{"not_picked":["champ:CrownThrow","champ:Circumvent"],"picked":"champ:FancyFootwork","floor":8},{"not_picked":["champ:ShieldSlam","champ:LastStand"],"picked":"champ:SetATrap","floor":9},{"not_picked":["champ:Backstep","champ:Circumvent"],"picked":"champ:BringItOn","floor":10},{"not_picked":["champ:Circumvent","champ:FocusedBerserking"],"picked":"champ:Encircle","floor":11},{"not_picked":["champ:PerfectedStrike","champ:Shatter"],"picked":"champ:PreciseThrust","floor":12},{"not_picked":["champ:FlashCut","champ:DefensiveShout"],"picked":"champ:FaceSlap","floor":13},{"not_picked":["champ:PreciseThrust","champ:Backstep"],"picked":"champ:BringItOn","floor":14},{"not_picked":["champ:AdrenalArmor","champ:RisingSlash"],"picked":"champ:FanOfKnives","floor":15},{"not_picked":["champ:Improvising","champ:MurderStrike"],"picked":"champ:SteelEdge","floor":16},{"not_picked":["champ:FlashCut+1","champ:PerfectedStrike"],"picked":"champ:AdrenalArmor","floor":19},{"not_picked":["champ:EnGarde","champ:Backstep"],"picked":"champ:RageSigil+1","floor":20},{"not_picked":["champ:Shatter","champ:Circumvent"],"picked":"champ:AdrenalArmor+1","floor":22},{"not_picked":["Deflect","Streamline"],"picked":"Immolate","floor":25},{"not_picked":["Whirlwind","Evolve"],"picked":"bronze:Separator","floor":26},{"not_picked":["sneckomod:TrashToTreasure+1","Stack","Clash+1"],"picked":"SKIP","floor":28},{"not_picked":["sneckomod:DiceBlock+1","Heel Hook"],"picked":"hexamod:FifthSeal","floor":29},{"not_picked":["hexamod:ThirdSeal","hexamod:FourthSeal"],"picked":"hexamod:SecondSeal","floor":30},{"not_picked":["hexamod:Firestarter","Leg Sweep+1"],"picked":"bronze:Iterate+1","floor":30},{"not_picked":["PiercingWail","Fasting2"],"picked":"Guardian:ShieldCharger+1","floor":32},{"not_picked":["hexamod:FourthSeal","hexamod:ThirdSeal"],"picked":"hexamod:SixthSeal","floor":33},{"not_picked":["After Image","Offering"],"picked":"bronze:Library","floor":33},{"not_picked":["Body Slam","Guardian:Reroute+1"],"picked":"champ:Shatter","floor":36},{"not_picked":["hexamod:SecondSeal","hexamod:FourthSeal"],"picked":"hexamod:ThirdSeal","floor":37},{"not_picked":["EmptyBody","EmptyFist+1"],"picked":"bronze:ThunderWave","floor":37},{"not_picked":["Guardian:ShieldSpikes+1","Crippling Poison"],"picked":"Guardian:Planning","floor":38},{"not_picked":["hexamod:SixthSeal","hexamod:SecondSeal"],"picked":"hexamod:FourthSeal","floor":38},{"not_picked":["Guardian:ChargeCore","WreathOfFlame+1"],"picked":"Guardian:ConstructionForm","floor":38},{"not_picked":["hexamod:SixthSeal","hexamod:FourthSeal"],"picked":"hexamod:FirstSeal","floor":39},{"not_picked":["Crippling Poison+1","Tantrum+1"],"picked":"Consecrate+1","floor":39},{"not_picked":["champ:PerfectedStrike+1","hexamod:ThermalTransfer"],"picked":"ClearTheMind+1","floor":39}],"player_experience":471365,"relics_obtained":[{"floor":7,"key":"Gremlin Horn"},{"floor":8,"key":"Nunchaku"},{"floor":14,"key":"Turnip"},{"floor":23,"key":"Bottled Flame"},{"floor":26,"key":"InkBottle"},{"floor":28,"key":"Pen Nib"},{"floor":31,"key":"Oddly Smooth Stone"},{"floor":34,"key":"Pantograph"},{"floor":34,"key":"champ:SignatureFinisher"},{"floor":34,"key":"War Paint"},{"floor":37,"key":"Potion Belt"}],"event_choices":[{"cards_removed":["champ:Strike"],"damage_healed":0,"gold_gain":0,"player_choice":"Offered Basic","damage_taken":0,"max_hp_gain":0,"max_hp_loss":0,"event_name":"Bonfire Elementals","floor":5,"gold_loss":0},{"damage_healed":0,"gold_gain":0,"player_choice":"Got Potions","damage_taken":0,"max_hp_gain":0,"max_hp_loss":0,"event_name":"Lab","floor":27,"gold_loss":0}],"is_beta":false,"boss_relics":[{"not_picked":["Cursed Key","sneckomod:SneckoTalon"],"picked":"Pandora\u0027s Box"},{"not_picked":["Coffee Dripper","champ:ChampionCrownUpgraded"],"picked":"Calling Bell"}],"items_purged_floors":[],"is_endless":false,"potions_floor_spawned":[10,11,12,14,26,28,29,33,36,37,38],"killed_by":"Jaw Worm Horde","ascension_level":3}}