{"host":"fgbtpmpkiyhboxpi","time":1611343054,"event":{"mods":["BaseMod","Downfall","Minty Spire (QoL Compilation)","StSLib"],"gold_per_floor":[99,111,211,225,241,22,22,22,57,57,83,83,101,101,117,117,117,117],"floor_reached":16,"language":"ENG","playtime":1123,"items_purged":["bronze:Strike"],"score":110,"play_id":"7f927dbc-60eb-4cfb-8077-45552c69aabb","local_time":"20210122111734","is_ascension_mode":false,"campfire_choices":[{"floor":1,"key":"RECALL"},{"data":"bronze:Deprecate","floor":12,"key":"SMITH"}],"circlet_count":0,"master_deck":["bronze:Strike+1","bronze:Strike+1","bronze:Defend","bronze:Defend","bronze:Defend","bronze:Defend","bronze:Replicate","bronze:Goto","bronze:Overheat","bronze:Boost","bronze:DigitalCarnage","bronze:MaxOutput","bronze:Deprecate+1","bronze:AlphaBuild","bronze:NullPointer","bronze:Iterate","bronze:Shield","bronze:FineTuning"],"relics":["bronze:BronzeCore","Whetstone","downfall:BrokenWingStatue","Pen Nib","Darkstone Periapt","Gremlin Horn"],"acts_visited":["Exordium"],"potions_floor_usage":[16],"damage_taken":[{"damage":5,"enemies":"Small Slimes","floor":2,"turns":4},{"damage":1,"enemies":"Cultist","floor":4,"turns":3},{"damage":1,"enemies":"Jaw Worm","floor":5,"turns":3},{"damage":0,"enemies":"downfall:FleeingMerchant","floor":6,"turns":4},{"damage":6,"enemies":"Gremlin Nob","floor":9,"turns":3},{"damage":17,"enemies":"3 Sentries","floor":11,"turns":8},{"damage":4,"enemies":"Blue Slaver","floor":13,"turns":2},{"damage":0,"enemies":"Exordium Wildlife","floor":15,"turns":2},{"damage":46,"enemies":"IC_STATUS_ARCHETYPE","floor":16,"turns":8}],"seed_played":"-5875249380069453789","potions_obtained":[{"floor":9,"key":"hexamod:SoulburnPotion"},{"floor":15,"key":"Weak Potion"}],"is_trial":false,"path_per_floor":["R","M","?","M","M","$","T","?","E","?","E","R","M","T","M","B"],"character_chosen":"THE_AUTOMATON","items_purchased":["bronze:MaxOutput","bronze:Deprecate"],"campfire_rested":0,"item_purchase_floors":[6,6],"current_hp_per_floor":[77,72,72,71,70,70,70,70,64,64,47,47,43,43,43,0,0,0],"gold":117,"neow_bonus":"TEN_PERCENT_HP_BONUS","is_daily":false,"chose_seed":false,"campfire_upgraded":1,"win_rate":0.0,"timestamp":1611343054,"path_taken":["R","M","?","M","?","$","T","?","E","?","E","R","M","?","M","BOSS"],"items_purchased_type":["Card","Card"],"build_version":"2020-12-22","purchased_purges":1,"victory":false,"max_hp_per_floor":[77,77,77,77,77,77,77,77,77,77,77,77,77,77,77,77,77,77],"card_choices":[{"not_picked":["bronze:Shield","bronze:Deprecate"],"picked":"bronze:Overheat","floor":2},{"not_picked":["bronze:FineTuning","bronze:OilSpill"],"picked":"bronze:Boost","floor":4},{"not_picked":["bronze:Shell","bronze:Shield"],"picked":"bronze:DigitalCarnage","floor":5},{"not_picked":["bronze:BuggyMess","bronze:ItsAFeature","bronze:DelayedGuard"],"picked":"SKIP","floor":6},{"not_picked":["bronze:Boost","bronze:FineTuning"],"picked":"bronze:AlphaBuild","floor":9},{"not_picked":["bronze:Overheat","bronze:DelayedGuard"],"picked":"bronze:Iterate","floor":11},{"not_picked":["bronze:DelayedGuard","bronze:ForceShield"],"picked":"bronze:Shield","floor":13},{"not_picked":["bronze:CloningBeam","bronze:BronzeArmor"],"picked":"bronze:FineTuning","floor":15}],"player_experience":595523,"relics_obtained":[{"floor":7,"key":"Whetstone"},{"floor":9,"key":"Pen Nib"},{"floor":11,"key":"Darkstone Periapt"},{"floor":14,"key":"Gremlin Horn"}],"event_choices":[],"is_beta":false,"boss_relics":[],"items_purged_floors":[6],"is_endless":false,"potions_floor_spawned":[9,15],"killed_by":"IC_STATUS_ARCHETYPE","ascension_level":0}}