{"host":"6aycdg1azw3gf4o9","time":1611320635,"event":{"mods":["Arknights The Spire","BaseMod","CapriCore","Marisa£®ÏF”Í°°ƒß¿Ì…≥£©","Minty Spire (QoL Compilation)","READ ME - Guardian Mod","Remilia£®¿Ÿ√◊¿Ú—«£©","StSLib"],"gold_per_floor":[110,122,135,42,59,59,59,72,72,72,92,92,85,85,85,208,208,231,231,32,32,48,48,48,48,48,63,63,97,23,34,34,133,133,165,20,20,46,46,46,46,46,46,46,111,144,213,247,247,247],"floor_reached":51,"language":"ZHS","playtime":3138,"items_purged":["ats:Composite Medical Shells+1"],"score":705,"play_id":"57d90148-dfd3-4190-885c-e6e2181a6f6f","local_time":"20210122210355","is_ascension_mode":false,"campfire_choices":[{"data":"ats:Ambush","floor":6,"key":"SMITH"},{"floor":10,"key":"REST"},{"floor":15,"key":"REST"},{"data":"ats:Part Time Job","floor":23,"key":"SMITH"},{"data":"ats:Emotion Absorption","floor":25,"key":"SMITH"},{"data":"ats:Composite Medical Shells","floor":32,"key":"SMITH"},{"data":"ats:Neurotoxin","floor":40,"key":"SMITH"},{"data":"ats:Leaping Hammer","floor":44,"key":"SMITH"},{"data":"ats:Part Time Job","floor":49,"key":"SMITH"}],"circlet_count":0,"master_deck":["ats:Strike G","ats:Strike S","ats:Armor Crushing Shot","ats:Defend","ats:Defend","ats:Emotion Absorption+1","ats:Shell Defense","ats:Consecutive Shot Auto","ats:Blood Oath","ats:Assault Order","ats:Cat Scratch","ats:Ambush+1","ats:Leaping Hammer+1","ats:Neurotoxin+1","ats:Revitalization","ats:Calcification","ats:Magnetic Hammer+1","ats:Charging Defense+1","ats:Revitalization+1","ats:Explosion Area Strengthen","ats:Apocalypse+1","RitualDagger","ats:Part Time Job+1","ats:Shell Defense+1","ats:Hammer On+1","ats:Composite Medical Shells+1","ats:Wolf Pack","ats:Consecutive Shot Auto+1","ats:Neurotoxin+1","ats:Disruption Kick","Pain","ats:Mental Burst+1","ats:Flame Of Heaven+1","ats:Part Time Job+1","ats:Closed Bolt Burst Fire+1"],"relics":["ats:Sanity","Du-Vu Doll","Darkstone Periapt","Astrolabe","Nloth\u0027s Gift","Strawberry","Omamori","ats:Originium","Gremlin Horn","Calling Bell","Juzu Bracelet","ats:Lavender","ats:Gyao","WarpedTongs","Question Card","Pocketwatch","Turnip"],"acts_visited":["Exordium","TheCity","TheBeyond"],"potions_floor_usage":[16,20,50],"damage_taken":[{"damage":6,"enemies":"Jaw Worm","floor":1,"turns":4},{"damage":0,"enemies":"2 Louse","floor":2,"turns":3},{"damage":8,"enemies":"Cultist","floor":3,"turns":4},{"damage":13,"enemies":"Exordium Wildlife","floor":5,"turns":4},{"damage":3,"enemies":"2 Fungi Beasts","floor":8,"turns":4},{"damage":27,"enemies":"Gremlin Gang","floor":11,"turns":5},{"damage":0,"enemies":"Exordium Thugs","floor":13,"turns":4},{"damage":51,"enemies":"Hexaghost","floor":16,"turns":11},{"damage":3,"enemies":"Chosen","floor":18,"turns":6},{"damage":16,"enemies":"Shell Parasite","floor":22,"turns":9},{"damage":31,"enemies":"Snake Plant","floor":27,"turns":6},{"damage":23,"enemies":"Gremlin Leader","floor":29,"turns":10},{"damage":34,"enemies":"Shelled Parasite and Fungi","floor":31,"turns":8},{"damage":74,"enemies":"Champ","floor":33,"turns":17},{"damage":44,"enemies":"3 Shapes","floor":35,"turns":5},{"damage":59,"enemies":"Orb Walker","floor":38,"turns":6},{"damage":56,"enemies":"Mind Bloom Boss Battle","floor":45,"turns":10},{"damage":28,"enemies":"Maw","floor":46,"turns":9},{"damage":68,"enemies":"2 Orb Walkers","floor":47,"turns":6},{"damage":23,"enemies":"4 Shapes","floor":48,"turns":5},{"damage":111,"enemies":"Time Eater","floor":50,"turns":13}],"seed_played":"-5078266238640251340","potions_obtained":[{"floor":2,"key":"GamblersBrew"},{"floor":11,"key":"EssenceOfSteel"},{"floor":12,"key":"FairyPotion"},{"floor":12,"key":"DistilledChaos"},{"floor":18,"key":"Fire Potion"},{"floor":22,"key":"SteroidPotion"}],"is_trial":false,"path_per_floor":["M","M","M","$","M","R","?","M","T","R","M","?","M","?","R","B",null,"M","?","$","?","M","R","?","R","T","M","T","E","$","M","R","B",null,"M","$","?","M","?","R","?","?","T","R","?","M","?","M","R","B",null],"character_chosen":"DOCTOR_CLASS","items_purchased":["ats:Assault Order","ats:Cat Scratch","ats:Explosion Area Strengthen","ats:Apocalypse","Fruit Juice","ats:Composite Medical Shells","ats:Neurotoxin"],"campfire_rested":2,"item_purchase_floors":[4,4,20,20,20,30,36],"current_hp_per_floor":[45,45,42,42,35,35,17,17,17,38,17,17,20,20,41,27,72,72,72,77,71,77,77,77,77,84,66,66,84,84,84,84,84,84,70,70,84,59,65,65,65,65,65,65,87,90,79,88,88,66],"gold":247,"neow_bonus":"ONE_RARE_RELIC","is_daily":false,"chose_seed":false,"campfire_upgraded":7,"win_rate":0.0,"timestamp":1611320635,"path_taken":["M","M","M","$","M","R","?","M","T","R","M","?","?","?","R","BOSS","M","?","$","?","M","R","?","R","T","?","?","E","$","M","R","BOSS","M","$","?","M","?","R","?","?","T","R","?","M","?","M","R","BOSS"],"items_purchased_type":["Card","Card","Card","Card","Potion","Card","Card"],"build_version":"2020-12-22","purchased_purges":1,"victory":true,"max_hp_per_floor":[72,72,72,72,72,72,72,72,72,72,72,72,72,72,72,72,72,72,72,77,77,77,77,77,77,84,84,84,84,84,84,84,84,84,84,84,84,84,90,90,90,90,90,90,90,90,90,90,90,90],"card_choices":[{"not_picked":["ats:Ignite","ats:Consecutive Shot Auto"],"picked":"ats:Shell Defense","floor":1},{"not_picked":["ats:Curse Doll","ats:Childhood Dance"],"picked":"ats:Consecutive Shot Auto","floor":2},{"not_picked":["ats:Ignite","ats:Childhood Dance"],"picked":"ats:Blood Oath","floor":3},{"not_picked":["ats:Ignite","ats:Assault Order"],"picked":"ats:Ambush","floor":5},{"not_picked":["ats:Beaten Up","ats:Very Hot Blade"],"picked":"ats:Leaping Hammer","floor":8},{"not_picked":["ats:Very Hot Blade","ats:Poison Spread"],"picked":"ats:Neurotoxin","floor":11},{"not_picked":["ats:Cat Scratch","ats:Poison Spread"],"picked":"ats:Revitalization","floor":13},{"not_picked":["ats:Soul Rend","ats:True Silver Slash"],"picked":"ats:Calcification","floor":16},{"not_picked":["ats:Blood Oath+1","ats:Leaping Hammer+1","ats:Very Hot Blade"],"picked":"SKIP","floor":18},{"not_picked":["ats:Blood Oath+1","ats:Mental Burst"],"picked":"ats:Part Time Job","floor":22},{"not_picked":["ats:Defend Order+1","ats:Assault Order"],"picked":"ats:Shell Defense+1","floor":27},{"not_picked":["ats:Apocalypse","ats:Calcification"],"picked":"ats:Hammer On+1","floor":29},{"not_picked":["ats:Neurotoxin","ats:Counter Healing Mode"],"picked":"ats:Composite Medical Shells+1","floor":31},{"not_picked":["ats:True Silver Slash","ats:Ambush"],"picked":"ats:Wolf Pack","floor":33},{"not_picked":["ats:Ignite+1","ats:Flexible Camouflage"],"picked":"ats:Consecutive Shot Auto+1","floor":35},{"not_picked":["ats:Revitalization","ats:Red Shift+1"],"picked":"ats:Disruption Kick","floor":38},{"not_picked":["ats:Magnetic Hammer","ats:Steam Pump+1","ats:Childhood Dance+1"],"picked":"ats:Mental Burst+1","floor":45},{"not_picked":["ats:Hammer On","ats:Revitalization","ats:Sunburst+1"],"picked":"ats:Flame Of Heaven+1","floor":46},{"not_picked":["ats:Ignite","ats:Very Hot Blade","ats:Curse Doll"],"picked":"ats:Part Time Job","floor":47},{"not_picked":["ats:LN2 Cannon","ats:Ignite+1","ats:Apocalypse+1"],"picked":"ats:Closed Bolt Burst Fire+1","floor":48}],"player_experience":435790,"relics_obtained":[{"floor":9,"key":"Darkstone Periapt"},{"floor":26,"key":"Strawberry"},{"floor":28,"key":"Omamori"},{"floor":29,"key":"ats:Originium"},{"floor":29,"key":"Gremlin Horn"},{"floor":34,"key":"Juzu Bracelet"},{"floor":34,"key":"ats:Lavender"},{"floor":34,"key":"ats:Gyao"},{"floor":43,"key":"Question Card"},{"floor":45,"key":"Pocketwatch"},{"floor":47,"key":"Turnip"}],"event_choices":[{"damage_healed":0,"gold_gain":0,"player_choice":"Take Damage","damage_taken":18,"relics_obtained":["Golden Idol"],"max_hp_gain":0,"max_hp_loss":0,"event_name":"Golden Idol","floor":7,"gold_loss":0},{"damage_healed":0,"gold_gain":0,"player_choice":"Got Potions","damage_taken":0,"max_hp_gain":0,"max_hp_loss":0,"event_name":"Lab","floor":12,"gold_loss":0},{"damage_healed":0,"gold_gain":0,"player_choice":"Grow","damage_taken":0,"max_hp_gain":0,"max_hp_loss":0,"event_name":"Living Wall","floor":14,"gold_loss":0,"cards_upgraded":["ats:Neurotoxin"]},{"damage_healed":0,"gold_gain":0,"player_choice":"Ignored","damage_taken":0,"max_hp_gain":0,"max_hp_loss":0,"event_name":"Ghosts","floor":19,"gold_loss":0},{"damage_healed":0,"gold_gain":0,"player_choice":"Joined the Cult","damage_taken":6,"max_hp_gain":0,"max_hp_loss":0,"event_name":"Nest","floor":21,"gold_loss":0,"cards_obtained":["RitualDagger"]},{"damage_healed":0,"gold_gain":0,"player_choice":"Traded Relic","damage_taken":0,"relics_obtained":["Nloth\u0027s Gift"],"max_hp_gain":0,"max_hp_loss":0,"event_name":"N\u0027loth","floor":24,"relics_lost":["Golden Idol"],"gold_loss":0},{"damage_healed":21,"gold_gain":0,"player_choice":"Writhe","damage_taken":0,"max_hp_gain":0,"max_hp_loss":0,"event_name":"Winding Halls","floor":37,"gold_loss":0,"cards_obtained":["Writhe"]},{"damage_healed":0,"gold_gain":0,"player_choice":"Rummage","damage_taken":0,"relics_obtained":["WarpedTongs"],"max_hp_gain":0,"max_hp_loss":0,"event_name":"Accursed Blacksmith","floor":39,"gold_loss":0,"cards_obtained":["Pain"]},{"cards_removed":["ats:Defend"],"damage_healed":0,"gold_gain":0,"player_choice":"Removed Skill","damage_taken":0,"max_hp_gain":0,"max_hp_loss":0,"event_name":"Falling","floor":41,"gold_loss":0},{"damage_healed":0,"gold_gain":0,"player_choice":"Upgraded","damage_taken":0,"max_hp_gain":0,"max_hp_loss":0,"event_name":"Upgrade Shrine","floor":42,"gold_loss":0,"cards_upgraded":["ats:Apocalypse"]},{"damage_healed":0,"gold_gain":0,"player_choice":"Fight","damage_taken":0,"max_hp_gain":0,"max_hp_loss":0,"event_name":"MindBloom","floor":45,"gold_loss":0},{"damage_healed":0,"gold_gain":0,"player_choice":"Fight","damage_taken":0,"max_hp_gain":0,"max_hp_loss":0,"event_name":"Mysterious Sphere","floor":47,"gold_loss":0}],"is_beta":false,"boss_relics":[{"not_picked":["Coffee Dripper","Black Star"],"picked":"Astrolabe"},{"not_picked":["Fusion Hammer","Runic Pyramid"],"picked":"Calling Bell"}],"items_purged_floors":[36],"is_endless":false,"potions_floor_spawned":[2,11,13,18,22,45,48],"ascension_level":0}}