{"host":"ekyl8r8j8fco3zlk","time":1611315394,"event":{"mods":["ATMod(∞¢Ë™Mod)","Act Like it!","Arknights The Spire","BaseMod","CapriCore","Decade(Õı–°√˜)","Dota2Spire","Friendly Minions","Gensokyo","Lobotomy","LobotomyExtend","Marisa£®ÏF”Í°°ƒß¿Ì…≥£©","Minty Spire (QoL Compilation)","READ ME - Guardian Mod","Rare Cards Sparkle","Reimu£®≤©¿ˆ¡È√Œ£©","StSLib","The Alterego","The Immortal","The Jungle","TheWitcher","Waifu the Spire","WarShipGirlsR/’ΩΩ¢…Ÿ≈ÆR mod","Yakumo Yukari mod","°æ“≈ŒÔø®≈∆°øREMEMod"],"gold_per_floor":[123,141,169,134,134,134,134,168,168,168,168,246,296,305,305,410,410,443,294,308,358,366,361,361],"floor_reached":23,"language":"ZHS","playtime":794,"items_purged":[],"score":141,"play_id":"4fb424a9-b088-4466-bb12-31740998c6a6","local_time":"20210122193634","is_ascension_mode":false,"campfire_choices":[{"data":"SnafuTest:Offering","floor":6,"key":"SMITH"},{"data":"SnafuTest:SpellBitingFrost","floor":10,"key":"SMITH"},{"floor":15,"key":"REST"}],"circlet_count":0,"master_deck":["SnafuTest:DefaultCommonAttack","SnafuTest:DefaultCommonAttack","SnafuTest:DefaultCommonAttack","SnafuTest:BountyHunt","SnafuTest:DefaultCommonSkill","SnafuTest:DefaultCommonSkill","SnafuTest:SignIgni","SnafuTest:Offering+1","SnafuTest:Decapitate+1","AT_EmpoweredMortalDraw","SnafuTest:SignAard","SnafuTest:PayArmorSmith","SnafuTest:SpellBitingFrost+1","SnafuTest:Shooting","SnafuTest:WitchHunt","SnafuTest:SpellGloemGuard","SnafuTest:BombMoonDust","SnafuTest:MagePersecution","SnafuTest:BombDragonsDream+1","SnafuTest:PayWeaponSmith+1","SnafuTest:BombDimeritium"],"relics":["SnafuTest:UnstableMutagenRelic","AT_ATBox","REME_ComplimentaryCards","LetterFromLob","SsserpentHead","Shuriken","AT_TimeSand","LaetitiaHeart","Black Star","Membership Card","Nilry\u0027s Codex"],"acts_visited":["Exordium","TheCity"],"potions_floor_usage":[16,18,22,23],"damage_taken":[{"damage":0,"enemies":"Small Slimes","floor":1,"turns":3},{"damage":8,"enemies":"Jaw Worm","floor":2,"turns":4},{"damage":4,"enemies":"Cultist","floor":3,"turns":3},{"damage":26,"enemies":"Gremlin Nob","floor":8,"turns":5},{"damage":0,"enemies":"2 Fungi Beasts","floor":12,"turns":2},{"damage":23,"enemies":"Exordium Thugs","floor":14,"turns":3},{"damage":0,"enemies":"Slime Boss","floor":16,"turns":5},{"damage":0,"enemies":"3 Byrds","floor":18,"turns":2},{"damage":20,"enemies":"2 Thieves","floor":20,"turns":2},{"damage":15,"enemies":"Snecko","floor":22,"turns":3},{"damage":27,"enemies":"Slavers","floor":23,"turns":1}],"seed_played":"-1771292002187541479","potions_obtained":[{"floor":3,"key":"DuplicationPotion"},{"floor":12,"key":"SkillPotion"},{"floor":14,"key":"Energy Potion"},{"floor":22,"key":"Ancient Potion"}],"is_trial":false,"path_per_floor":["M","M","M","?","?","R","?","E","T","R","M","M","?","M","R","B",null,"M","$","M","?","M","E"],"character_chosen":"THE_WITCHER","items_purchased":["Membership Card"],"campfire_rested":1,"item_purchase_floors":[19],"current_hp_per_floor":[75,67,63,75,75,75,75,49,49,49,49,49,49,26,48,48,75,75,75,55,39,24,0,0],"gold":361,"neow_bonus":"THREE_CARDS","is_daily":false,"chose_seed":false,"campfire_upgraded":2,"win_rate":0.0,"timestamp":1611315394,"path_taken":["M","M","M","?","?","R","?","E","T","R","M","?","?","M","R","BOSS","M","$","M","?","M","E"],"items_purchased_type":["Relic"],"build_version":"2020-12-22","purchased_purges":0,"victory":false,"max_hp_per_floor":[75,75,75,75,75,75,75,75,75,75,75,75,75,75,75,75,75,75,75,75,75,75,75,75],"card_choices":[{"not_picked":["SnafuTest:DesperateRemediation","SnafuTest:CalculatingAmbition"],"picked":"SnafuTest:Offering","floor":0},{"not_picked":["SnafuTest:Offering","SnafuTest:BattleCry"],"picked":"SnafuTest:SignAard","floor":1},{"not_picked":["SnafuTest:FirstAid","SnafuTest:PowerAlwaysOnRoads"],"picked":"SnafuTest:PayArmorSmith","floor":2},{"not_picked":["SnafuTest:SwiftAssault","SnafuTest:PowerHangmenTree"],"picked":"SnafuTest:SpellBitingFrost","floor":3},{"not_picked":["SnafuTest:VitalShield","SnafuTest:PowerCounterAttack"],"picked":"SnafuTest:Shooting","floor":8},{"not_picked":["SnafuTest:SpellHellfire","SnafuTest:BombNorthernWind"],"picked":"SnafuTest:WitchHunt","floor":12},{"not_picked":["SnafuTest:SpellArcaneDomain","SnafuTest:MCFeignDeath"],"picked":"SnafuTest:BombMoonDust","floor":14},{"not_picked":["SnafuTest:ConciliatoryPresence","SnafuTest:AssassinOfKings"],"picked":"SnafuTest:MagePersecution","floor":16},{"not_picked":["SnafuTest:Kick","SnafuTest:ShieldUp+1"],"picked":"SnafuTest:BombDragonsDream+1","floor":18},{"not_picked":["SnafuTest:RecklessBlow","SnafuTest:WitchHunt"],"picked":"SnafuTest:PayWeaponSmith+1","floor":20},{"not_picked":["SnafuTest:BombSamum","SnafuTest:SpellDispellingPush"],"picked":"SnafuTest:BombDimeritium","floor":22}],"player_experience":689507,"relics_obtained":[{"floor":1,"key":"LetterFromLob"},{"floor":8,"key":"Shuriken"},{"floor":9,"key":"AT_TimeSand"},{"floor":21,"key":"Nilry\u0027s Codex"}],"event_choices":[{"damage_healed":18,"gold_gain":0,"player_choice":"Healed","damage_taken":0,"max_hp_gain":0,"max_hp_loss":0,"event_name":"The Cleric","floor":4,"gold_loss":35},{"damage_healed":0,"gold_gain":0,"player_choice":"Grow","damage_taken":0,"max_hp_gain":0,"max_hp_loss":0,"event_name":"Living Wall","floor":5,"gold_loss":0,"cards_upgraded":["SnafuTest:Decapitate"]},{"damage_healed":0,"gold_gain":0,"player_choice":"Trade","damage_taken":0,"relics_obtained":["SsserpentHead"],"max_hp_gain":0,"max_hp_loss":0,"event_name":"FaceTrader","floor":7,"gold_loss":0},{"damage_healed":0,"gold_gain":0,"cards_transformed":["SnafuTest:DefaultCommonSkill"],"player_choice":"Transformed","damage_taken":0,"max_hp_gain":0,"max_hp_loss":0,"event_name":"Transmorgrifier","floor":13,"gold_loss":0,"cards_obtained":["SnafuTest:SpellGloemGuard"]},{"damage_healed":0,"gold_gain":0,"player_choice":"Obtained Book","damage_taken":16,"max_hp_gain":0,"max_hp_loss":0,"event_name":"Cursed Tome","floor":21,"gold_loss":0}],"is_beta":false,"boss_relics":[{"not_picked":["Fusion Hammer","Snecko Eye"],"picked":"Black Star"}],"items_purged_floors":[],"is_endless":false,"potions_floor_spawned":[3,12,14,22],"killed_by":"Slavers","ascension_level":0}}