{"host":"y24pqu7jih1n8m3t","time":1611289012,"event":{"mods":["AchievementEnabler","BaseMod","Bestiary","Block Reminder","Colored Map","Colored Powertips","DeckTracker","Highlight Path","Minty Spire (QoL Compilation)","Permanent Neow","Quick Restart","Rare Cards Sparkle","Relic Stats"],"gold_per_floor":[119,119,131,145,194,206,248,260,325,337,361,391,403,432,444,561,573,573,585,512,504,536,580,592,93,93,93,93,119,137,214,214,316,316,332,332,332,24,24,55,55,83,83,83,430,462,474,493,493,493,493],"floor_reached":50,"language":"ENG","playtime":4480,"items_purged":["Defend_R"],"score":670,"play_id":"2b9298be-7f47-4a7a-992a-d474e646c4f1","local_time":"20210121231651","is_ascension_mode":true,"campfire_choices":[{"data":"Inflame","floor":6,"key":"SMITH"},{"data":"Armaments","floor":13,"key":"SMITH"},{"floor":15,"key":"REST"},{"floor":24,"key":"RECALL"},{"floor":27,"key":"REST"},{"floor":32,"key":"REST"},{"floor":41,"key":"REST"},{"floor":44,"key":"REST"},{"floor":49,"key":"REST"}],"circlet_count":0,"master_deck":["Strike_R","Strike_R","Defend_R","Defend_R","Bash","Flame Barrier","Inflame+1","Clothesline","Headbutt","Armaments+1","Iron Wave","Double Tap","Armaments","Pommel Strike","Iron Wave","Brutality+1","Shrug It Off","Dual Wield","Limit Break","Burning Pact","Demon Form+1","Clothesline","Madness","Madness","Rampage","Pommel Strike+1","Fiend Fire","Flame Barrier+1","Infernal Blade+1","Flex+1"],"relics":["Snecko Eye","MawBank","Tiny Chest","PreservedInsect","Fusion Hammer","Juzu Bracelet","InkBottle","Frozen Egg 2","Kunai","Toy Ornithopter","Bottled Lightning","Philosopher\u0027s Stone","TungstenRod","Incense Burner","Toxic Egg 2","Lantern","Gremlin Horn","Old Coin","Paper Frog"],"acts_visited":["Exordium","TheCity","TheBeyond"],"potions_floor_usage":[12,29,33,35,40,40,42,48],"damage_taken":[{"damage":12,"enemies":"Jaw Worm","floor":1,"turns":3},{"damage":5,"enemies":"Small Slimes","floor":3,"turns":3},{"damage":0,"enemies":"2 Louse","floor":4,"turns":4},{"damage":4,"enemies":"3 Sentries","floor":7,"turns":8},{"damage":0,"enemies":"Exordium Wildlife","floor":11,"turns":3},{"damage":14,"enemies":"Gremlin Gang","floor":12,"turns":5},{"damage":10,"enemies":"3 Louse","floor":14,"turns":3},{"damage":6,"enemies":"The Guardian","floor":16,"turns":6},{"damage":9,"enemies":"2 Thieves","floor":18,"turns":4},{"damage":0,"enemies":"Chosen","floor":22,"turns":3},{"damage":31,"enemies":"Gremlin Leader","floor":23,"turns":5},{"damage":25,"enemies":"Slavers","floor":29,"turns":4},{"damage":0,"enemies":"Snake Plant","floor":30,"turns":3},{"damage":9,"enemies":"Collector","floor":33,"turns":7},{"damage":25,"enemies":"3 Darklings","floor":35,"turns":5},{"damage":40,"enemies":"Nemesis","floor":40,"turns":5},{"damage":24,"enemies":"Reptomancer","floor":42,"turns":5},{"damage":5,"enemies":"2 Orb Walkers","floor":45,"turns":4},{"damage":4,"enemies":"Giant Head","floor":46,"turns":5},{"damage":0,"enemies":"Orb Walker","floor":47,"turns":2},{"damage":51,"enemies":"Transient","floor":48,"turns":5},{"damage":33,"enemies":"Donu and Deca","floor":50,"turns":5}],"seed_played":"2214318276964512026","potions_obtained":[{"floor":3,"key":"PowerPotion"},{"floor":11,"key":"SkillPotion"},{"floor":12,"key":"GamblersBrew"},{"floor":14,"key":"Regen Potion"},{"floor":21,"key":"Fire Potion"},{"floor":30,"key":"Fire Potion"},{"floor":35,"key":"ColorlessPotion"},{"floor":40,"key":"Fruit Juice"},{"floor":47,"key":"LiquidBronze"}],"is_trial":false,"path_per_floor":["M","?","M","M","T","R","E","?","T","$","M","M","R","M","R","B",null,"M","T","?","?","M","E","R","$","T","R","?","E","M","T","R","B",null,"M","?","?","$","T","E","R","E","T","R","?","E","M","M","R","B"],"character_chosen":"IRONCLAD","items_purchased":["Kunai","Brutality+1","Shrug It Off","TungstenRod"],"campfire_rested":6,"item_purchase_floors":[25,25,25,38],"current_hp_per_floor":[68,68,63,63,63,63,59,52,52,52,52,38,38,28,52,46,80,71,71,71,71,71,40,40,40,40,64,64,48,48,48,72,68,80,60,50,50,50,50,25,50,31,31,56,51,47,47,1,26,0,0],"gold":493,"neow_bonus":"BOSS_RELIC","is_daily":false,"chose_seed":false,"campfire_upgraded":2,"win_rate":0.0,"timestamp":1611289011,"path_taken":["M","?","M","M","?","R","E","?","T","?","?","M","R","M","R","BOSS","M","?","?","?","M","E","R","$","T","R","?","E","M","?","R","BOSS","M","?","?","?","?","E","R","E","T","R","?","E","M","M","R","BOSS"],"items_purchased_type":["Relic","Card","Card","Relic"],"build_version":"2020-12-22","purchased_purges":1,"victory":false,"max_hp_per_floor":[80,80,80,80,80,80,80,80,80,80,80,80,80,80,80,80,80,80,80,80,80,80,80,80,80,80,80,80,80,80,80,80,80,80,80,80,80,80,80,85,85,85,85,85,85,85,85,85,85,85,85],"relic_stats":{"Gremlin Horn":[1,1],"counters":[22,97],"Snecko Eye":[212,191,194,188],"Tiny Chest":3,"PreservedInsect":316,"Juzu Bracelet":2,"Kunai":[28],"MawBank":240,"obtain_stats":[{"Lantern":42,"Gremlin Horn":43,"PreservedInsect":9,"Juzu Bracelet":19,"Incense Burner":39,"Frozen Egg 2":23,"MawBank":5,"Burning Blood":0,"Old Coin":45,"Snecko Eye":0,"Tiny Chest":7,"Philosopher\u0027s Stone":34,"Fusion Hammer":17,"Kunai":25,"Bottled Lightning":31,"Toxic Egg 2":40,"InkBottle":20,"Toy Ornithopter":29,"TungstenRod":38,"Paper Frog":46},{"Lantern":17,"Gremlin Horn":17,"PreservedInsect":4,"Juzu Bracelet":9,"Incense Burner":15,"Frozen Egg 2":11,"MawBank":3,"Burning Blood":0,"Old Coin":18,"Snecko Eye":0,"Tiny Chest":4,"Philosopher\u0027s Stone":14,"Fusion Hammer":8,"Kunai":11,"Bottled Lightning":13,"Toxic Egg 2":16,"InkBottle":9,"Toy Ornithopter":12,"TungstenRod":15,"Paper Frog":19},{"Lantern":76,"Gremlin Horn":76,"PreservedInsect":18,"Juzu Bracelet":39,"Incense Burner":66,"Frozen Egg 2":47,"MawBank":10,"Burning Blood":0,"Old Coin":80,"Snecko Eye":0,"Tiny Chest":18,"Philosopher\u0027s Stone":61,"Fusion Hammer":35,"Kunai":47,"Bottled Lightning":54,"Toxic Egg 2":71,"InkBottle":39,"Toy Ornithopter":51,"TungstenRod":66,"Paper Frog":85}],"InkBottle":[29],"Toy Ornithopter":30,"TungstenRod":44},"card_choices":[{"not_picked":["True Grit","Searing Blow"],"picked":"Flame Barrier","floor":1},{"not_picked":["Anger","Thunderclap","Feel No Pain"],"picked":"SKIP","floor":3},{"not_picked":["Headbutt","Body Slam"],"picked":"Inflame","floor":4},{"not_picked":["Body Slam","Power Through"],"picked":"Clothesline","floor":7},{"not_picked":["Impervious","Body Slam"],"picked":"Headbutt","floor":11},{"not_picked":["Body Slam","Headbutt"],"picked":"Armaments","floor":12},{"not_picked":["True Grit","Thunderclap"],"picked":"Iron Wave","floor":14},{"not_picked":["Immolate","Fiend Fire"],"picked":"Double Tap","floor":16},{"not_picked":["Intimidate","Reckless Charge+1"],"picked":"Armaments","floor":18},{"not_picked":["Headbutt+1","Body Slam"],"picked":"Pommel Strike","floor":22},{"not_picked":["Hemokinesis","Carnage+1"],"picked":"Iron Wave","floor":23},{"not_picked":["Second Wind","Clash+1","Carnage"],"picked":"SKIP","floor":29},{"not_picked":["Perfected Strike","Wild Strike"],"picked":"Burning Pact","floor":30},{"not_picked":["Barricade+1","Offering"],"picked":"Demon Form+1","floor":33},{"not_picked":["Second Wind+1","Intimidate"],"picked":"Clothesline","floor":35},{"not_picked":["Anger","Carnage+1"],"picked":"Rampage","floor":40},{"not_picked":["Shrug It Off+1","Havoc+1"],"picked":"Pommel Strike+1","floor":42},{"not_picked":["Feel No Pain+1","Sword Boomerang+1"],"picked":"Fiend Fire","floor":45},{"not_picked":["Blood for Blood","Rage+1"],"picked":"Flame Barrier+1","floor":46},{"not_picked":["Perfected Strike","Second Wind+1"],"picked":"Infernal Blade+1","floor":47},{"not_picked":["Dark Embrace+1","True Grit+1"],"picked":"Flex+1","floor":48}],"player_experience":117877,"relics_obtained":[{"floor":5,"key":"MawBank"},{"floor":7,"key":"Tiny Chest"},{"floor":9,"key":"PreservedInsect"},{"floor":19,"key":"Juzu Bracelet"},{"floor":23,"key":"Frozen Egg 2"},{"floor":29,"key":"Toy Ornithopter"},{"floor":31,"key":"Bottled Lightning"},{"floor":39,"key":"Incense Burner"},{"floor":40,"key":"Toxic Egg 2"},{"floor":42,"key":"Lantern"},{"floor":43,"key":"Gremlin Horn"},{"floor":45,"key":"Old Coin"},{"floor":46,"key":"Paper Frog"}],"event_choices":[{"cards_removed":["Strike_R"],"damage_healed":0,"gold_gain":0,"player_choice":"Forget","damage_taken":0,"max_hp_gain":0,"max_hp_loss":0,"event_name":"Living Wall","floor":2,"gold_loss":0},{"cards_removed":["Strike_R"],"damage_healed":0,"gold_gain":0,"player_choice":"Card Removal","damage_taken":7,"max_hp_gain":0,"max_hp_loss":0,"event_name":"Golden Wing","floor":8,"gold_loss":0},{"damage_healed":0,"gold_gain":0,"player_choice":"Obtained Relic","damage_taken":0,"relics_obtained":["InkBottle"],"max_hp_gain":0,"max_hp_loss":0,"event_name":"Addict","floor":20,"gold_loss":85},{"damage_healed":0,"gold_gain":0,"player_choice":"Bought 1 Potion","damage_taken":0,"max_hp_gain":0,"max_hp_loss":0,"event_name":"The Woman in Blue","floor":21,"gold_loss":0},{"damage_healed":0,"gold_gain":0,"cards_transformed":["Strike_R","Defend_R"],"player_choice":"Became Test Subject","damage_taken":0,"max_hp_gain":0,"max_hp_loss":0,"event_name":"Drug Dealer","floor":28,"gold_loss":0,"cards_obtained":["Dual Wield","Limit Break"]},{"damage_healed":0,"gold_gain":0,"player_choice":"Embrace Madness","damage_taken":10,"max_hp_gain":0,"max_hp_loss":0,"event_name":"Winding Halls","floor":36,"gold_loss":0,"cards_obtained":["Madness","Madness"]},{"damage_healed":0,"gold_gain":0,"player_choice":"Ignored","damage_taken":0,"max_hp_gain":0,"max_hp_loss":0,"event_name":"Tomb of Lord Red Mask","floor":37,"gold_loss":0},{"damage_healed":0,"gold_gain":0,"player_choice":"Fight","damage_taken":0,"max_hp_gain":0,"max_hp_loss":0,"event_name":"Mysterious Sphere","floor":45,"gold_loss":0}],"is_beta":false,"boss_relics":[{"not_picked":["Sozu","SacredBark"],"picked":"Fusion Hammer"},{"not_picked":["Runic Dome","Runic Pyramid"],"picked":"Philosopher\u0027s Stone"}],"items_purged_floors":[25],"is_endless":false,"potions_floor_spawned":[3,11,12,14,23,30,35,40,47],"killed_by":"Donu and Deca","ascension_level":2}}