{"host":"yqveedbda5h7irme","time":1611327504,"event":{"mods":["AchievementEnabler","Aspiration","BaseMod","BetterRewards","Colored Powertips","Conspire","Downfall","GifTheSpireLib","Hermit","Hubris","Infinite Spire","Marked Mod","Minty Spire (QoL Compilation)","Replay The Spire","StSLib","Stuff the Spire","The Jungle","The Necromancer","The Servant 0.9.4"],"gold_per_floor":[99,112,131,142,142,38,62,72,72,106,51,80,80,97,109,209,209,209,219,230,255,36,46,71,90,90,105,9,9,9,9,9],"floor_reached":31,"language":"ENG","playtime":2369,"items_purged":[],"score":249,"play_id":"2d939396-703f-4a17-ba0a-98229d26f2e6","local_time":"20210122155824","is_ascension_mode":false,"campfire_choices":[{"data":"hermit:Snapshot","floor":1,"key":"SMITH"},{"data":"hermit:Brawl","floor":9,"key":"SMITH"},{"data":"hermit:Maintenance","floor":18,"key":"SMITH"},{"floor":29,"key":"REST"}],"circlet_count":0,"master_deck":["hermit:Strike_Hermit","hermit:Strike_Hermit","hermit:Strike_Hermit","hermit:Strike_Hermit","hermit:Defend_Hermit","hermit:Defend_Hermit","hermit:Defend_Hermit","hermit:Defend_Hermit","hermit:Snapshot+1","hermit:Covet","hermit:PistolWhip","hermit:ItchyTrigger","hermit:Vantage","expansioncontent:PrepareCrush","hermit:Brawl+1","hermit:TakeAim","hermit:HighNoon","hermit:BigShot","hermit:Combo","hermit:Maintenance+1","hermit:Dive","hermit:DeadOrAlive","hermit:Desperado+1","hermit:Purgatory","hermit:TakeAim+1","hermit:TakeCover+1","hermit:Ricochet+1","Forethought","hermit:HighCaliber","hermit:Strike_Hermit","hermit:Shortfuse"],"relics":["hermit:Momento","infinitespire:Lucky Rock","aspiration:ChemicalBlood","TungstenRod","Snecko Heart","Bag of Marbles","downfall:RedIOU"],"acts_visited":["Exordium","TheCity"],"potions_floor_usage":[16,16,21,23,27,31],"damage_taken":[{"damage":1,"enemies":"Jaw Worm","floor":2,"turns":2},{"damage":0,"enemies":"2 Louse","floor":3,"turns":2},{"damage":1,"enemies":"Cultist","floor":4,"turns":3},{"damage":0,"enemies":"downfall:FleeingMerchant","floor":6,"turns":4},{"damage":12,"enemies":"3 Louse","floor":8,"turns":4},{"damage":25,"enemies":"Gremlin Nob","floor":10,"turns":4},{"damage":0,"enemies":"downfall:FleeingMerchant","floor":11,"turns":4},{"damage":18,"enemies":"Lagavulin","floor":12,"turns":7},{"damage":5,"enemies":"2 Fungi Beasts","floor":14,"turns":3},{"damage":4,"enemies":"Exordium Thugs","floor":15,"turns":3},{"damage":35,"enemies":"SI_SHIV_ARCHETYPE","floor":16,"turns":8},{"damage":6,"enemies":"conspire:FuzzyDice","floor":19,"turns":5},{"damage":15,"enemies":"Snake Plant","floor":20,"turns":5},{"damage":0,"enemies":"Snecko","floor":21,"turns":4},{"damage":12,"enemies":"downfall:FleeingMerchant","floor":22,"turns":4},{"damage":12,"enemies":"Centurion and Healer","floor":23,"turns":6},{"damage":8,"enemies":"Chosen and Byrds","floor":25,"turns":4},{"damage":0,"enemies":"Snake Plant","floor":27,"turns":6},{"damage":14,"enemies":"downfall:FleeingMerchant","floor":28,"turns":4},{"damage":54,"enemies":"3 Cultists","floor":31,"turns":6}],"seed_played":"-7408217918638514414","potions_obtained":[{"floor":2,"key":"GamblersBrew"},{"floor":3,"key":"ColorlessPotion"},{"floor":10,"key":"bronze:BurnAndBuffPotion"},{"floor":14,"key":"LiquidMemories"},{"floor":16,"key":"Elixir"},{"floor":23,"key":"Strength Potion"},{"floor":27,"key":"Fire Potion"}],"is_trial":false,"path_per_floor":["R","M","M","M","?","$","T","M","R","E","$","E","?","M","M","B",null,"R","M","M","M","$","M","T","M","?","M","$","R","?","M"],"character_chosen":"HERMIT","items_purchased":["expansioncontent:PrepareCrush","hermit:BigShot","hermit:TakeCover+1","Orichalcum","hermit:Shortfuse"],"campfire_rested":1,"item_purchase_floors":[6,11,22,22,28],"current_hp_per_floor":[82,81,81,80,80,80,80,68,68,43,43,25,82,77,73,38,82,82,76,61,61,49,37,37,29,29,29,15,39,39,0,0],"gold":9,"neow_bonus":"TEN_PERCENT_HP_BONUS","is_daily":false,"chose_seed":false,"campfire_upgraded":3,"win_rate":0.0,"timestamp":1611327504,"path_taken":["R","M","M","M","?","$","T","M","R","E","$","E","?","M","M","BOSS","R","M","M","M","?","M","T","M","?","?","$","R","?","M"],"items_purchased_type":["Card","Card","Card","Relic","Card"],"build_version":"2020-12-22","purchased_purges":0,"victory":false,"max_hp_per_floor":[82,82,82,82,82,82,82,82,82,82,82,82,82,82,82,82,82,82,82,82,82,82,82,82,82,82,82,82,82,82,82,82],"card_choices":[{"not_picked":["hermit:Misfire","hermit:TrackingShot"],"picked":"hermit:PistolWhip","floor":2},{"not_picked":["hermit:Feint","hermit:FullyLoaded"],"picked":"hermit:ItchyTrigger","floor":3},{"not_picked":["hermit:Headshot","hermit:Manifest"],"picked":"hermit:Vantage","floor":4},{"not_picked":["hermit:Ricochet","hermit:WideOpen","hermit:BodyArmor"],"picked":"SKIP","floor":6},{"not_picked":["hermit:ItchyTrigger","hermit:Misfire"],"picked":"hermit:Brawl","floor":8},{"not_picked":["hermit:LuckOfTheDraw","hermit:Vantage"],"picked":"hermit:TakeAim","floor":10},{"not_picked":["hermit:Misfire","hermit:EyeOfTheStorm"],"picked":"hermit:HighNoon","floor":11},{"not_picked":["hermit:Grudge","hermit:Midnight"],"picked":"hermit:Combo","floor":12},{"not_picked":["hermit:CalledShot","hermit:LoneWolf"],"picked":"hermit:Maintenance","floor":14},{"not_picked":["hermit:TrackingShot","hermit:Headshot"],"picked":"hermit:Dive","floor":15},{"not_picked":["hermit:HeroicBravado","hermit:Adapt"],"picked":"hermit:DeadOrAlive","floor":16},{"not_picked":["hermit:Dive","hermit:ItchyTrigger","hermit:Ricochet"],"picked":"SKIP","floor":19},{"not_picked":["hermit:TrackingShot+1","hermit:Roulette"],"picked":"hermit:Desperado+1","floor":20},{"not_picked":["hermit:BodyArmor","hermit:Ricochet"],"picked":"hermit:Purgatory","floor":21},{"not_picked":["hermit:Midnight","hermit:Coalescence"],"picked":"hermit:TakeAim+1","floor":22},{"not_picked":["hermit:BodyArmor","hermit:LowProfile"],"picked":"hermit:Ricochet+1","floor":23},{"not_picked":["hermit:HoleUp","hermit:Vantage+1","hermit:LuckOfTheDraw+1"],"picked":"SKIP","floor":25},{"not_picked":["hermit:HoleUp","hermit:TakeAim","hermit:WideOpen"],"picked":"SKIP","floor":27},{"not_picked":["hermit:SprayPray","hermit:FatalDesire","hermit:CalledShot"],"picked":"SKIP","floor":28}],"player_experience":137121,"relics_obtained":[{"floor":7,"key":"infinitespire:Lucky Rock"},{"floor":10,"key":"aspiration:ChemicalBlood"},{"floor":12,"key":"TungstenRod"},{"floor":24,"key":"Bag of Marbles"}],"event_choices":[{"damage_healed":0,"gold_gain":0,"player_choice":"Disagree","damage_taken":0,"max_hp_gain":0,"max_hp_loss":0,"event_name":"conspire:LoneGhost","floor":5,"gold_loss":0},{"damage_healed":57,"gold_gain":0,"player_choice":"Full Heal","damage_taken":0,"max_hp_gain":0,"max_hp_loss":0,"event_name":"Wheel of Change","floor":13,"gold_loss":0}],"is_beta":false,"boss_relics":[{"not_picked":["Philosopher\u0027s Stone","Astrolabe"],"picked":"Snecko Heart"}],"items_purged_floors":[],"is_endless":false,"potions_floor_spawned":[2,3,10,15,20,25,27],"killed_by":"3 Cultists","ascension_level":0}}