{"host":"ni5mix2lh3q94rpg","time":1611353052,"event":{"mods":["AchievementEnabler","Act Like it!","BaseMod","Better Altar","Better Note","Better Silent Start","Better Skull","Better Third Choice","Better Vampires","Card Forge","Colored Map","Colored Powertips","Custom Start","Displayed Cursed Tome","Gensokyo","GifTheSpireLib","Hermit","Highlight Path","Marisa????????","Minty Spire (QoL Compilation)","Remilia??????","Shop Mod","StSLib","The Cursed","The Servant 0.9.4","Transform Curses","everything is the same but u backflip on backflip","slay the spire mod where everything is the same but ironclad has a cowboy hat"],"gold_per_floor":[119,119,8,8,21,47,47,60,60,80,5,5,5,40,40,119,119,79,79,92,92,92],"floor_reached":21,"language":"ENG","playtime":901,"items_purged":[],"score":392,"play_id":"f80d6580-2288-4fed-a46e-19c3e53e0b13","local_time":"20210123010412","is_ascension_mode":true,"campfire_choices":[{"data":"Dualcast","floor":15.0,"key":"SMITH"}],"circlet_count":0,"master_deck":["AscendersBane","Strike_B","Strike_B","Strike_B","Strike_B","Zap","Dualcast+1","Leap","Conserve Battery","Sweeping Beam","Conserve Battery","Auto Shields","Leap","Conserve Battery","Streamline","Capacitor","Rainbow","Barrage+1","Rainbow","Loop"],"relics":["Cracked Core","Hammer of Thor","Seething Fire","Anvil of the Gods","NeowsBlessing","Toy Ornithopter","ScarletDevilRocket","Philosopher\u0027s Stone"],"acts_visited":["Exordium","TheCity"],"potions_floor_usage":[18],"damage_taken":[{"damage":0.0,"enemies":"Jaw Worm","floor":1.0,"turns":1.0},{"damage":0.0,"enemies":"Small Slimes","floor":5.0,"turns":1.0},{"damage":0.0,"enemies":"3 Sentries","floor":6.0,"turns":1.0},{"damage":0.0,"enemies":"2 Louse","floor":8.0,"turns":3.0},{"damage":28.0,"enemies":"Exordium Thugs","floor":10.0,"turns":8.0},{"damage":6.0,"enemies":"Lagavulin","floor":14.0,"turns":7.0},{"damage":7.0,"enemies":"The Guardian","floor":16.0,"turns":12.0},{"damage":26,"enemies":"2 Thieves","floor":18,"turns":5},{"damage":17,"enemies":"Spheric Guardian","floor":20,"turns":5},{"damage":26,"enemies":"Cultist and Chosen","floor":21,"turns":5}],"seed_played":"2337996809399117161","potions_obtained":[{"floor":5.0,"key":"FearPotion"},{"floor":14.0,"key":"LiquidMemories"},{"floor":18,"key":"SpeedPotion"}],"is_trial":false,"path_per_floor":["M","?","$","?","M","E","?","M","T","M","?","?","?","E","R","B",null,"M","?","M","M"],"character_chosen":"DEFECT","items_purchased":["Conserve Battery","Sweeping Beam"],"campfire_rested":0,"item_purchase_floors":[3,3],"current_hp_per_floor":[64,69,69,69,69,69,69,69,69,41,41,34,34,28,28,26,64,43,43,26,0,0],"gold":92,"neow_bonus":"THREE_ENEMY_KILL","is_daily":false,"chose_seed":false,"campfire_upgraded":1,"win_rate":0.0,"timestamp":1611353052,"path_taken":["M","?","$","?","M","E","?","M","T","?","?","?","?","E","R","BOSS","M","?","M","?"],"items_purchased_type":["Card","Card"],"build_version":"2020-12-22","purchased_purges":0,"victory":false,"max_hp_per_floor":[71,76,76,76,76,76,76,76,76,76,76,76,76,76,76,76,76,76,76,76,76,76],"card_choices":[{"not_picked":["Steam","Compile Driver"],"picked":"Leap","floor":1.0},{"not_picked":["Barrage","Hologram"],"picked":"Auto Shields","floor":5.0},{"not_picked":["Turbo","FTL"],"picked":"Leap","floor":6.0},{"not_picked":["Leap","Stack","Scrape"],"picked":"SKIP","floor":8.0},{"not_picked":["Barrage","Storm"],"picked":"Streamline","floor":10.0},{"not_picked":["Redo","Rainbow"],"picked":"Capacitor","floor":14.0},{"not_picked":["All For One","Biased Cognition"],"picked":"Rainbow","floor":16.0},{"not_picked":["Force Field","Beam Cell"],"picked":"Barrage+1","floor":18},{"not_picked":["Turbo","Go for the Eyes"],"picked":"Loop","floor":20}],"player_experience":872389,"relics_obtained":[{"floor":6.0,"key":"Toy Ornithopter"},{"floor":14.0,"key":"ScarletDevilRocket"}],"event_choices":[{"damage_healed":0.0,"max_hp_gain":5.0,"max_hp_loss":0.0,"gold_gain":0.0,"event_name":"Big Fish","player_choice":"Donut","floor":2.0,"gold_loss":0.0,"damage_taken":0.0},{"damage_healed":0.0,"max_hp_gain":0.0,"max_hp_loss":0.0,"gold_gain":0.0,"cards_transformed":["Defend_B"],"event_name":"Living Wall","player_choice":"Change","floor":4.0,"gold_loss":0.0,"damage_taken":0.0,"cards_obtained":["Conserve Battery"]},{"damage_healed":0.0,"max_hp_gain":0.0,"max_hp_loss":0.0,"gold_gain":0.0,"cards_transformed":["Defend_B"],"event_name":"Transmorgrifier","player_choice":"Transformed","floor":7.0,"gold_loss":0.0,"damage_taken":0.0,"cards_obtained":["Conserve Battery"]},{"cards_removed":["Defend_B"],"damage_healed":0.0,"max_hp_gain":0.0,"max_hp_loss":0.0,"gold_gain":0.0,"event_name":"The Cleric","player_choice":"Card Removal","floor":11.0,"gold_loss":75.0,"damage_taken":0.0},{"cards_removed":["Defend_B"],"damage_healed":0.0,"max_hp_gain":0.0,"max_hp_loss":0.0,"gold_gain":0.0,"event_name":"Golden Wing","player_choice":"Card Removal","floor":12.0,"gold_loss":0.0,"damage_taken":7.0},{"damage_healed":0.0,"max_hp_gain":0.0,"max_hp_loss":0.0,"gold_gain":0.0,"event_name":"Wheel of Change","player_choice":"Cursed","floor":13.0,"gold_loss":0.0,"damage_taken":0.0,"cards_obtained":["Decay"]},{"damage_healed":0,"gold_gain":0,"cards_transformed":["Decay"],"player_choice":"Transformed","damage_taken":0,"max_hp_gain":0,"max_hp_loss":0,"event_name":"Transmorgrifier","floor":19,"gold_loss":0,"cards_obtained":["Rainbow"]}],"is_beta":false,"boss_relics":[{"not_picked":["Busted Crown","Calling Bell"],"picked":"Philosopher\u0027s Stone"}],"items_purged_floors":[],"is_endless":false,"potions_floor_spawned":[5,14,18],"killed_by":"Cultist and Chosen","ascension_level":17}}