{"host":"neeznpvpgo0qgfkd","time":1611333765,"event":{"mods":["AchievementEnabler","BaseMod","BetterRewards","Colored Map","Colored Powertips","Exacting","Minty Spire (QoL Compilation)","Permanent Neow","Quick Restart","Shop Mod"],"gold_per_floor":[113,123,149,165,165,190,190,221,301,319,319,349,382,382,382,469,469,512,512,539,559,484,509,509,535,535,550,564,589,589,606,606,683,683,696,696,748,748,147,172,200,0,0,26,26,39,58,83,83,83,83],"floor_reached":50,"language":"ENG","playtime":148008,"items_purged":["Strike_G","Catalyst"],"score":1365,"play_id":"212459d4-0f4e-4c13-b567-948a01eb8c9a","local_time":"20210122114245","is_ascension_mode":true,"campfire_choices":[{"data":"Cloak And Dagger","floor":7,"key":"SMITH"},{"data":"Cloak And Dagger","floor":11,"key":"SMITH"},{"floor":15,"key":"REST"},{"floor":24,"key":"RECALL"},{"floor":30,"key":"REST"},{"floor":32,"key":"REST"},{"floor":45,"key":"REST"},{"data":"Infinite Blades","floor":49,"key":"SMITH"}],"circlet_count":0,"master_deck":["AscendersBane","Survivor","Neutralize","Accuracy","Infinite Blades+1","Cloak And Dagger+1","Finisher","Dagger Spray","Adrenaline","Flying Knee","Flying Knee","Sucker Punch","Accuracy","Cloak And Dagger+1","Dash","Cloak And Dagger","Glass Knife","Cloak And Dagger","Finisher+1","Backstab","Sucker Punch+1","Cloak And Dagger","Well Laid Plans","Accuracy","Accuracy","A Thousand Cuts","Tools of the Trade","All Out Attack","Dash","Dagger Throw","Sucker Punch","Finisher","Underhanded Strike+1","Cloak And Dagger+1","Dramatic Entrance","Violence","Blade Dance","Corpse Explosion","Prepared+1"],"relics":["Ring of the Snake","OrangePellets","Prayer Wheel","Sling","Orichalcum","StoneCalendar","Pantograph","Bag of Marbles","Anchor","SlaversCollar","Strawberry","Blue Candle","The Specimen","Pandora\u0027s Box","Potion Belt","Vajra","PreservedInsect","ClockworkSouvenir","Question Card","Thread and Needle","Bottled Tornado"],"acts_visited":["TheCity","TheBeyond"],"potions_floor_usage":[3,8,10,20,21,27,28,29,33,46,50],"damage_taken":[{"damage":5,"enemies":"Jaw Worm","floor":1,"turns":4},{"damage":1,"enemies":"Cultist","floor":2,"turns":3},{"damage":12,"enemies":"Small Slimes","floor":3,"turns":2},{"damage":8,"enemies":"Looter","floor":4,"turns":3},{"damage":15,"enemies":"3 Sentries","floor":6,"turns":5},{"damage":6,"enemies":"Gremlin Nob","floor":8,"turns":3},{"damage":2,"enemies":"Gremlin Gang","floor":10,"turns":4},{"damage":8,"enemies":"Exordium Wildlife","floor":12,"turns":5},{"damage":3,"enemies":"Lagavulin","floor":13,"turns":3},{"damage":2,"enemies":"Slime Boss","floor":16,"turns":7},{"damage":2,"enemies":"3 Byrds","floor":18,"turns":5},{"damage":2,"enemies":"2 Thieves","floor":20,"turns":3},{"damage":8,"enemies":"Shelled Parasite and Fungi","floor":21,"turns":4},{"damage":0,"enemies":"Gremlin Leader","floor":23,"turns":3},{"damage":3,"enemies":"Slavers","floor":25,"turns":3},{"damage":6,"enemies":"3 Cultists","floor":27,"turns":4},{"damage":2,"enemies":"Centurion and Healer","floor":28,"turns":3},{"damage":30,"enemies":"Gremlin Leader","floor":29,"turns":4},{"damage":20,"enemies":"Snake Plant","floor":31,"turns":3},{"damage":4,"enemies":"Champ","floor":33,"turns":7},{"damage":4,"enemies":"Orb Walker","floor":35,"turns":3},{"damage":0,"enemies":"Reptomancer","floor":40,"turns":2},{"damage":0,"enemies":"3 Shapes","floor":41,"turns":1},{"damage":27,"enemies":"Nemesis","floor":44,"turns":3},{"damage":28,"enemies":"Writhing Mass","floor":46,"turns":4},{"damage":0,"enemies":"Jaw Worm Horde","floor":47,"turns":2},{"damage":0,"enemies":"Giant Head","floor":48,"turns":4},{"damage":108,"enemies":"Time Eater","floor":50,"turns":8}],"seed_played":"381741637474629276","potions_obtained":[{"floor":2,"key":"CunningPotion"},{"floor":3,"key":"FearPotion"},{"floor":4,"key":"PowerPotion"},{"floor":16,"key":"GhostInAJar"},{"floor":18,"key":"Energy Potion"},{"floor":23,"key":"Weak Potion"},{"floor":25,"key":"SkillPotion"},{"floor":28,"key":"FearPotion"},{"floor":31,"key":"SteroidPotion"},{"floor":40,"key":"Energy Potion"},{"floor":48,"key":"Energy Potion"}],"is_trial":false,"path_per_floor":["M","M","M","M","?","E","R","E","T","M","R","M","E","?","R","B",null,"M","?","M","M","?","E","R","E","T","M","M","E","R","M","R","B",null,"M","?","T","?","$","E","M","$","T","E","R","M","M","E","R","B"],"character_chosen":"THE_SILENT","items_purchased":["Accuracy","OrangePellets","Sling","Infinite Blades","Cloak And Dagger","Vajra","Dramatic Entrance","FairyPotion","Violence","ClockworkSouvenir","Blade Dance"],"campfire_rested":4,"item_purchase_floors":[0,0,0,0,0,39,39,39,39,42,42],"current_hp_per_floor":[54,53,41,33,33,27,27,21,21,19,19,11,8,8,27,50,62,60,60,58,50,50,57,57,54,54,48,46,16,37,17,38,59,70,66,66,66,66,66,66,66,66,66,39,60,32,32,32,32,0,0],"gold":83,"neow_bonus":"","is_daily":false,"chose_seed":false,"campfire_upgraded":3,"win_rate":0.0,"timestamp":1611333765,"path_taken":["M","M","M","M","?","E","R","E","T","M","R","?","E","?","R","BOSS","M","?","?","M","?","E","R","E","T","M","M","E","R","M","R","BOSS","M","?","?","?","$","E","M","$","T","E","R","?","M","E","R","BOSS"],"items_purchased_type":["Card","Relic","Relic","Card","Card","Relic","Card","Potion","Card","Relic","Card"],"build_version":"2020-12-22","purchased_purges":2,"victory":false,"max_hp_per_floor":[66,66,66,66,66,66,66,66,66,66,66,66,66,66,66,66,66,66,66,66,66,66,73,73,73,73,73,73,73,73,73,73,73,73,73,73,73,73,73,73,73,73,73,73,73,73,73,73,73,73,73],"card_choices":[{"not_picked":["Dash","Dagger Spray"],"picked":"Finisher","floor":1},{"not_picked":["Backflip","Skewer","Escape Plan"],"picked":"SKIP","floor":1},{"not_picked":["Bouncing Flask","Catalyst","Caltrops"],"picked":"SKIP","floor":2},{"not_picked":["Dodge and Roll","Sucker Punch","Expertise"],"picked":"SKIP","floor":2},{"not_picked":["Reflex","Blur"],"picked":"Dagger Spray","floor":3},{"not_picked":["Slice","Deadly Poison","Expertise"],"picked":"SKIP","floor":3},{"not_picked":["Finisher","Quick Slash"],"picked":"Adrenaline","floor":4},{"not_picked":["Backflip","Slice"],"picked":"Flying Knee","floor":4},{"not_picked":["Grand Finale","Underhanded Strike"],"picked":"Flying Knee","floor":4},{"not_picked":["Flying Knee","Sucker Punch"],"picked":"Accuracy","floor":6},{"not_picked":["Unload","Sucker Punch","Quick Slash"],"picked":"SKIP","floor":8},{"not_picked":["PiercingWail","Slice"],"picked":"Cloak And Dagger","floor":10},{"not_picked":["Quick Slash","Outmaneuver","Setup"],"picked":"SKIP","floor":10},{"not_picked":["Predator","Deadly Poison"],"picked":"Dash","floor":12},{"not_picked":["Poisoned Stab","Unload","Deadly Poison"],"picked":"SKIP","floor":12},{"not_picked":["Riddle With Holes","Dagger Throw"],"picked":"Cloak And Dagger","floor":13},{"not_picked":["Malaise","Grand Finale"],"picked":"Glass Knife","floor":16},{"not_picked":["Outmaneuver","Flying Knee"],"picked":"Cloak And Dagger","floor":18},{"not_picked":["Expertise","Tactician"],"picked":"Finisher+1","floor":18},{"not_picked":["Terror+1","PiercingWail","Outmaneuver"],"picked":"SKIP","floor":20},{"not_picked":["Acrobatics","Catalyst","Outmaneuver"],"picked":"SKIP","floor":20},{"not_picked":["Sucker Punch+1","Flying Knee"],"picked":"Backstab","floor":21},{"not_picked":["Bane","Deadly Poison","PiercingWail"],"picked":"SKIP","floor":21},{"not_picked":["All Out Attack","Outmaneuver","Deadly Poison"],"picked":"SKIP","floor":23},{"not_picked":["Quick Slash","Dodge and Roll"],"picked":"Sucker Punch+1","floor":25},{"not_picked":["Poisoned Stab","Sucker Punch","Phantasmal Killer"],"picked":"SKIP","floor":27},{"not_picked":["Finisher","Dagger Spray","Dagger Throw"],"picked":"SKIP","floor":27},{"not_picked":["Blur","Acrobatics"],"picked":"Cloak And Dagger","floor":28},{"not_picked":["Acrobatics","Dodge and Roll"],"picked":"Well Laid Plans","floor":28},{"not_picked":["Unload","Crippling Poison"],"picked":"Accuracy","floor":29},{"not_picked":["Outmaneuver","Flying Knee"],"picked":"Accuracy","floor":31},{"not_picked":["Flying Knee","Endless Agony","PiercingWail"],"picked":"SKIP","floor":31},{"not_picked":["Storm of Steel","Malaise"],"picked":"A Thousand Cuts","floor":33},{"not_picked":["Distraction","Poisoned Stab"],"picked":"Underhanded Strike+1","floor":35},{"not_picked":["Quick Slash","Poisoned Stab+1","Slice"],"picked":"SKIP","floor":35},{"not_picked":["Dodge and Roll","Masterful Stab","Catalyst+1"],"picked":"SKIP","floor":40},{"not_picked":["Outmaneuver","Underhanded Strike","Dodge and Roll"],"picked":"SKIP","floor":41},{"not_picked":["Expertise","Outmaneuver","Flechettes"],"picked":"SKIP","floor":41},{"not_picked":["Adrenaline","Escape Plan","Terror+1"],"picked":"Corpse Explosion","floor":44},{"not_picked":["Flying Knee","Bane","Leg Sweep","Heel Hook"],"picked":"SKIP","floor":46},{"not_picked":["Bane","Flying Knee","PiercingWail","Dagger Spray"],"picked":"SKIP","floor":46},{"not_picked":["Underhanded Strike","PiercingWail","Slice","Dagger Spray"],"picked":"SKIP","floor":47},{"not_picked":["Dagger Spray","Setup+1","Dodge and Roll","Grand Finale"],"picked":"SKIP","floor":47},{"not_picked":["Setup+1","Expertise","Deadly Poison"],"picked":"Prepared+1","floor":48}],"player_experience":1739033,"relics_obtained":[{"floor":6,"key":"Orichalcum"},{"floor":8,"key":"StoneCalendar"},{"floor":9,"key":"Pantograph"},{"floor":13,"key":"Bag of Marbles"},{"floor":23,"key":"Strawberry"},{"floor":25,"key":"Blue Candle"},{"floor":29,"key":"The Specimen"},{"floor":37,"key":"Potion Belt"},{"floor":40,"key":"PreservedInsect"},{"floor":43,"key":"Question Card"},{"floor":44,"key":"Thread and Needle"},{"floor":48,"key":"Bottled Tornado"}],"event_choices":[{"damage_healed":0,"gold_gain":0,"cards_transformed":["Strike_G"],"player_choice":"Transformed","damage_taken":0,"max_hp_gain":0,"max_hp_loss":0,"event_name":"Transmorgrifier","floor":5,"gold_loss":0,"cards_obtained":["Sucker Punch"]},{"damage_healed":0,"gold_gain":0,"player_choice":"Box","damage_taken":0,"relics_obtained":["Anchor"],"max_hp_gain":0,"max_hp_loss":0,"event_name":"Big Fish","floor":14,"gold_loss":0,"cards_obtained":["Regret"]},{"cards_removed":["Defend_G"],"damage_healed":0,"gold_gain":0,"player_choice":"Offered Basic","damage_taken":0,"max_hp_gain":0,"max_hp_loss":0,"event_name":"Bonfire Elementals","floor":19,"gold_loss":0},{"cards_removed":["Regret"],"damage_healed":0,"gold_gain":0,"player_choice":"Gave Gold","damage_taken":0,"max_hp_gain":0,"max_hp_loss":0,"event_name":"Beggar","floor":22,"gold_loss":75},{"damage_healed":0,"gold_gain":0,"player_choice":"Ignored","damage_taken":0,"max_hp_gain":0,"max_hp_loss":0,"event_name":"Tomb of Lord Red Mask","floor":36,"gold_loss":0},{"damage_healed":0,"gold_gain":0,"player_choice":"Copied","damage_taken":0,"max_hp_gain":0,"max_hp_loss":0,"event_name":"Duplicator","floor":38,"gold_loss":0,"cards_obtained":["Cloak And Dagger"]}],"is_beta":false,"boss_relics":[{"not_picked":["Runic Pyramid","SacredBark"],"picked":"SlaversCollar"},{"not_picked":["Fusion Hammer","Busted Crown"],"picked":"Pandora\u0027s Box"}],"items_purged_floors":[0,39],"is_endless":false,"potions_floor_spawned":[2,3,4,6,16,18,23,25,28,31,40,48],"killed_by":"Time Eater","ascension_level":15}}