{"host":"lh9qfzqeqctr28d2","time":1611312618,"event":{"mods":["BaseMod","CapriCore","Luminous","Minty Spire (QoL Compilation)","Quick Restart","Relic Stats","Remilia£®¿Ÿ√◊¿Ú—«£©","StSLib","Yakumo Yukari mod"],"gold_per_floor":[114,114,127,127,127,127,165,165,233,233,27,63,84,84,84,212,212,232,251,276,300,300,338,361,394,394,394,419,419,114,139,139,268,268,291,291,95,115,115,115,65,65,119,132,157,157,182,51,51,51],"floor_reached":51,"language":"ZHS","playtime":2500,"items_purged":["Pain"],"score":1219,"play_id":"ca76d2d6-2a7d-4ac7-ba41-ffa557d5554a","local_time":"20210122185018","is_ascension_mode":true,"campfire_choices":[{"floor":6.0,"key":"REST"},{"floor":10.0,"key":"REST"},{"floor":15.0,"key":"RECALL"},{"data":"DemonKingCradle","floor":27.0,"key":"SMITH"},{"data":"BloodAndWine","floor":29.0,"key":"SMITH"},{"data":"ScarletDream","floor":32.0,"key":"SMITH"},{"data":"Apotheosis","floor":40.0,"key":"SMITH"},{"floor":42.0,"key":"REST"},{"floor":46.0,"key":"REST"},{"data":"Body Slam","floor":49,"key":"SMITH"}],"circlet_count":0,"master_deck":["AscendersBane","Strike_RM","Defend_RM+1","Defend_RM","Defend_RM","Defend_RM","RedMoon","ScarletShoot","EndlessAdversity+1","BadLadyScramble+1","ForecastOfChange","DiffusionOfMisfortune+1","MastersStateliness","BloodAndWine+1","ScarletMeister","StarOfDavid","ScarletDream+1","MillenniumVampire","VampireSweep+1","UnstableMagic+1","DemonKingCradle+1","RedRainbow","Mayhem","Ghostly Armor","UnderTheZenith","Apotheosis+1","White Noise","Parasite","Body Slam+1"],"relics":["ScarletHat","Happy Flower","Golden Idol","Ancient Tea Set","RedBat","Orichalcum","Smiling Mask","APieceOfRedMist","Vajra","Blue Candle","Lantern","InkBottle","Whetstone","PrismaticShard","ScarletEmblem","WarpedTongs","MealTicket","Potion Belt"],"acts_visited":["Exordium","TheCity","TheBeyond"],"potions_floor_usage":[],"damage_taken":[{"damage":2.0,"enemies":"Jaw Worm","floor":1.0,"turns":4.0},{"damage":0.0,"enemies":"Small Slimes","floor":3.0,"turns":4.0},{"damage":12.0,"enemies":"Gremlin Nob","floor":7.0,"turns":5.0},{"damage":0.0,"enemies":"3 Sentries","floor":12.0,"turns":6.0},{"damage":0.0,"enemies":"Cultist","floor":13.0,"turns":3.0},{"damage":79.0,"enemies":"Hexaghost","floor":16.0,"turns":19.0},{"damage":14.0,"enemies":"Shell Parasite","floor":18.0,"turns":8.0},{"damage":2.0,"enemies":"Chosen","floor":19.0,"turns":6.0},{"damage":8.0,"enemies":"Sentry and Sphere","floor":20.0,"turns":6.0},{"damage":31.0,"enemies":"Slavers","floor":23.0,"turns":6.0},{"damage":0.0,"enemies":"Centurion and Healer","floor":24.0,"turns":5.0},{"damage":41.0,"enemies":"Book of Stabbing","floor":25.0,"turns":8.0},{"damage":8.0,"enemies":"Snake Plant","floor":28.0,"turns":4.0},{"damage":0.0,"enemies":"Sentry and Sphere","floor":31.0,"turns":6.0},{"damage":10.0,"enemies":"Champ","floor":33.0,"turns":9.0},{"damage":20.0,"enemies":"3 Shapes","floor":35.0,"turns":2.0},{"damage":11.0,"enemies":"Orb Walker","floor":38.0,"turns":4.0},{"damage":76.0,"enemies":"Transient","floor":44.0,"turns":5.0},{"damage":70.0,"enemies":"4 Shapes","floor":45.0,"turns":4.0},{"damage":4,"enemies":"Writhing Mass","floor":47,"turns":6},{"damage":46,"enemies":"Awakened One","floor":50,"turns":7}],"seed_played":"-2928978534793220821","potions_obtained":[{"floor":3.0,"key":"Weak Potion"},{"floor":12.0,"key":"Fire Potion"},{"floor":18.0,"key":"FearPotion"},{"floor":19.0,"key":"Regen Potion"}],"is_trial":false,"path_per_floor":["M","?","M","?","?","R","E","?","T","R","$","E","M","?","R","B",null,"M","M","M","T","?","E","M","E","T","R","M","R","$","M","R","B",null,"M","?","$","M","?","R","$","R","T","M","M","R","M","?","R","B",null],"character_chosen":"REMILIA","items_purchased":["Orichalcum","MastersStateliness","Whetstone","PrismaticShard","UnderTheZenith","Apotheosis"],"campfire_rested":4,"item_purchase_floors":[11,11,30,30,37,37],"current_hp_per_floor":[66,48,50,35,35,57,47,47,47,69,69,69,72,72,72,12,59,63,75,69,69,69,52,71,43,43,43,45,45,45,50,50,69,74,66,66,66,57,57,57,57,75,75,23,13,35,56,56,56,40],"gold":51,"neow_bonus":"RANDOM_COMMON_RELIC","is_daily":false,"chose_seed":false,"campfire_upgraded":5,"win_rate":0.0,"timestamp":1611312618,"path_taken":["M","?","M","?","?","R","E","?","T","R","$","E","M","?","R","BOSS","M","?","M","?","?","E","M","E","T","R","M","R","$","M","R","BOSS","M","?","$","M","?","R","$","R","T","M","?","R","M","?","R","BOSS"],"items_purchased_type":["Relic","Card","Relic","Relic","Card","Card"],"build_version":"2020-12-22","purchased_purges":1,"victory":true,"max_hp_per_floor":[75,75,75,75,75,75,75,75,75,75,75,75,75,75,75,75,75,75,75,75,75,75,75,75,75,75,75,75,75,75,75,75,75,75,75,75,75,75,75,75,75,75,75,75,75,75,75,75,75,75],"relic_stats":{"Happy Flower":[42],"counters":[21,127],"Golden Idol":163,"Blue Candle":[1],"MealTicket":0,"Whetstone":["DiffusionOfMisfortune","EndlessAdversity"],"Orichalcum":[156],"Smiling Mask":25,"obtain_stats":[{"Potion Belt":48,"Lantern":25,"Happy Flower":0,"Golden Idol":2,"Blue Candle":23,"Vajra":21,"Whetstone":30,"ScarletEmblem":34,"Orichalcum":11,"Ancient Tea Set":7,"Smiling Mask":12,"PrismaticShard":30,"ScarletHat":0,"RedBat":8,"WarpedTongs":39,"APieceOfRedMist":17,"MealTicket":43,"InkBottle":26},{"Potion Belt":20,"Lantern":12,"Happy Flower":0,"Golden Idol":1,"Blue Candle":10,"Vajra":9,"Whetstone":13,"ScarletEmblem":15,"Orichalcum":3,"Ancient Tea Set":3,"Smiling Mask":4,"PrismaticShard":13,"ScarletHat":0,"RedBat":3,"WarpedTongs":17,"APieceOfRedMist":6,"MealTicket":17,"InkBottle":12},{"Potion Belt":120,"Lantern":80,"Happy Flower":0,"Golden Idol":4,"Blue Candle":67,"Vajra":61,"Whetstone":84,"ScarletEmblem":99,"Orichalcum":13,"Ancient Tea Set":13,"Smiling Mask":19,"PrismaticShard":84,"ScarletHat":0,"RedBat":13,"WarpedTongs":105,"APieceOfRedMist":41,"MealTicket":105,"InkBottle":80}],"InkBottle":[25],"WarpedTongs":[22]},"card_choices":[{"not_picked":["FavorOfDestiny","UnderTheZenith"],"picked":"EndlessAdversity","floor":1.0},{"not_picked":["MiserableFate","ChaoticDestiny"],"picked":"BadLadyScramble","floor":3.0},{"not_picked":["TwelveNightmare","VampireKiss"],"picked":"DiffusionOfMisfortune","floor":7.0},{"not_picked":["DiffusionOfMisfortune","MastersStateliness"],"picked":"BloodAndWine","floor":12.0},{"not_picked":["ScarletGensokyo","Stigmanizer","VampireSweep"],"picked":"SKIP","floor":13.0},{"not_picked":["BloodyCatastrophe","HeartBreak"],"picked":"ScarletMeister","floor":16.0},{"not_picked":["DiffusionOfMisfortune","MastersStateliness+1"],"picked":"StarOfDavid","floor":18.0},{"not_picked":["UnstableMagic","VampireClaw","GlobalNightmare"],"picked":"SKIP","floor":19.0},{"not_picked":["VampirishNight","NightDance"],"picked":"ScarletDream","floor":20.0},{"not_picked":["CharismaGuard","MastersStateliness"],"picked":"MillenniumVampire","floor":23.0},{"not_picked":["UltimateOffering","MastersStateliness"],"picked":"VampireSweep+1","floor":24.0},{"not_picked":["ScarletDevil","EndlessAdversity"],"picked":"UnstableMagic+1","floor":24.0},{"not_picked":["ScarletImprint","MillenniumVampire"],"picked":"DemonKingCradle","floor":25.0},{"not_picked":["VampireKiss","UnstableMagic+1"],"picked":"RedRainbow","floor":28.0},{"not_picked":["WreathOfFlame","Bane","Capacitor"],"picked":"SKIP","floor":31.0},{"not_picked":["Judgement","Hyperbeam"],"picked":"Mayhem","floor":33.0},{"not_picked":["Perfected Strike","Slice"],"picked":"Ghostly Armor","floor":35.0},{"not_picked":["VampireFantasy","Flex","Disarm"],"picked":"SKIP","floor":38.0},{"not_picked":["UnderTheZenith","Mirror_FormAndEmptin_purple"],"picked":"White Noise","floor":44.0},{"not_picked":["Perfected Strike+1","Blur","BlasphemousPunishment+1"],"picked":"SKIP","floor":45.0},{"not_picked":["Darkness","Backflip"],"picked":"Body Slam","floor":47}],"player_experience":449172,"relics_obtained":[{"floor":7.0,"key":"Ancient Tea Set"},{"floor":12.0,"key":"Smiling Mask"},{"floor":21.0,"key":"Vajra"},{"floor":23.0,"key":"Blue Candle"},{"floor":25.0,"key":"Lantern"},{"floor":26.0,"key":"InkBottle"},{"floor":43.0,"key":"MealTicket"}],"event_choices":[{"damage_healed":0.0,"max_hp_gain":0.0,"max_hp_loss":0.0,"gold_gain":0.0,"event_name":"Golden Idol","player_choice":"Take Damage","floor":2.0,"gold_loss":0.0,"damage_taken":18.0,"relics_obtained":["Golden Idol"]},{"damage_healed":0.0,"max_hp_gain":0.0,"max_hp_loss":0.0,"gold_gain":0.0,"event_name":"Shining Light","player_choice":"Entered Light","floor":4.0,"gold_loss":0.0,"damage_taken":15.0,"cards_upgraded":["BadLadyScramble","Defend_RM"]},{"damage_healed":0.0,"max_hp_gain":0.0,"max_hp_loss":0.0,"gold_gain":0.0,"cards_transformed":["Strike_RM"],"event_name":"Living Wall","player_choice":"Change","floor":5.0,"gold_loss":0.0,"damage_taken":0.0,"cards_obtained":["ForecastOfChange"]},{"damage_healed":0.0,"max_hp_gain":0.0,"max_hp_loss":0.0,"gold_gain":0.0,"event_name":"Dead Adventurer","player_choice":"Searched \u00272\u0027 times","floor":8.0,"gold_loss":0.0,"damage_taken":0.0,"relics_obtained":["RedBat"]},{"cards_removed":["Strike_RM"],"damage_healed":0.0,"max_hp_gain":0.0,"max_hp_loss":0.0,"gold_gain":0.0,"event_name":"Bonfire Elementals","player_choice":"Offered Basic","floor":14.0,"gold_loss":0.0,"damage_taken":0.0},{"cards_removed":["Strike_RM"],"damage_healed":0.0,"max_hp_gain":0.0,"max_hp_loss":0.0,"gold_gain":0.0,"event_name":"Back to Basics","player_choice":"Elegance","floor":22.0,"gold_loss":0.0,"damage_taken":0.0},{"damage_healed":0.0,"max_hp_gain":0.0,"max_hp_loss":0.0,"gold_gain":0.0,"event_name":"SensoryStone","player_choice":"Memory 1","floor":36.0,"gold_loss":0.0,"damage_taken":0.0},{"damage_healed":0.0,"max_hp_gain":0.0,"max_hp_loss":0.0,"gold_gain":0.0,"event_name":"Accursed Blacksmith","player_choice":"Rummage","floor":39.0,"gold_loss":0.0,"damage_taken":0.0,"relics_obtained":["WarpedTongs"],"cards_obtained":["Pain"]},{"damage_healed":0,"gold_gain":0,"player_choice":"Paid Gold","damage_taken":0,"relics_obtained":["Potion Belt"],"max_hp_gain":0,"max_hp_loss":0,"event_name":"WeMeetAgain","floor":48,"gold_loss":131}],"is_beta":false,"boss_relics":[{"not_picked":["Snecko Eye","Runic Pyramid"],"picked":"APieceOfRedMist"},{"not_picked":["Cursed Key","Coffee Dripper"],"picked":"ScarletEmblem"}],"items_purged_floors":[41],"is_endless":false,"potions_floor_spawned":[3,12,18,19,24,33,35,38],"ascension_level":12}}