{"host":"9ndbo4kgsfoemf7y","time":1611322419,"event":{"mods":["AchievementEnabler","BaseMod","Colored Map","DeckTracker","Keyboard Shortcuts","Minty Spire (QoL Compilation)","Permanent Neow","Quick Restart","Relic Stats","StSLib","SuperFastMode"],"gold_per_floor":[111,186,205,221,75,75,107,120,120,120,120,120],"floor_reached":11,"language":"KOR","playtime":228,"items_purged":["Doubt"],"score":73,"play_id":"ba2b6e1f-d05a-4e75-9537-7ae6b3faea44","local_time":"20210122223339","is_ascension_mode":false,"campfire_choices":[{"data":"Dark Embrace","floor":6.0,"key":"SMITH"}],"circlet_count":0,"master_deck":["Strike_R","Strike_R","Strike_R","Defend_R","Defend_R","Defend_R","Defend_R","Bash","Clash","Armaments","Feel No Pain","Flex","Cleave","Dark Embrace+1","Feed","Pain"],"relics":["Burning Blood","Bottled Lightning","Letter Opener","WarpedTongs"],"acts_visited":["Exordium"],"potions_floor_usage":[],"damage_taken":[{"damage":5.0,"enemies":"Small Slimes","floor":1.0,"turns":3.0},{"damage":7.0,"enemies":"Cultist","floor":3.0,"turns":5.0},{"damage":6.0,"enemies":"Jaw Worm","floor":4.0,"turns":2.0},{"damage":66.0,"enemies":"Gremlin Nob","floor":7.0,"turns":6.0},{"damage":3,"enemies":"Red Slaver","floor":8,"turns":3},{"damage":17,"enemies":"3 Sentries","floor":11,"turns":4}],"seed_played":"9145902252143767147","potions_obtained":[{"floor":1.0,"key":"Fire Potion"}],"is_trial":false,"path_per_floor":["M","?","M","M","$","R","E","M","T","?","E"],"character_chosen":"IRONCLAD","items_purchased":["Dark Embrace"],"campfire_rested":0,"item_purchase_floors":[5],"current_hp_per_floor":[80,69,68,68,68,68,8,14,14,14,0,0],"gold":120,"neow_bonus":"TRANSFORM_TWO_CARDS","is_daily":false,"chose_seed":false,"campfire_upgraded":1,"win_rate":0.0,"timestamp":1611322419,"path_taken":["M","?","M","M","$","R","E","M","T","?","E"],"items_purchased_type":["Card"],"build_version":"2020-12-22","purchased_purges":1,"victory":false,"max_hp_per_floor":[80,80,80,80,80,80,80,83,83,83,83,83],"relic_stats":{"counters":[6,23],"Letter Opener":[15],"obtain_stats":[{"Bottled Lightning":7,"Letter Opener":9,"Burning Blood":0,"WarpedTongs":10},{"Bottled Lightning":4,"Letter Opener":5,"Burning Blood":0,"WarpedTongs":5},{"Bottled Lightning":16,"Letter Opener":19,"Burning Blood":0,"WarpedTongs":19}],"Burning Blood":29,"WarpedTongs":[4]},"card_choices":[{"not_picked":["Rage","Body Slam"],"picked":"Feel No Pain","floor":1.0},{"not_picked":["Warcry","True Grit"],"picked":"Flex","floor":3.0},{"not_picked":["Anger","Sword Boomerang"],"picked":"Cleave","floor":4.0},{"not_picked":["Shrug It Off","Dark Embrace"],"picked":"Feed","floor":7},{"not_picked":["Sever Soul","Clash","Uppercut"],"picked":"SKIP","floor":8}],"player_experience":840535,"relics_obtained":[{"floor":7,"key":"Bottled Lightning"},{"floor":9,"key":"Letter Opener"}],"event_choices":[{"damage_healed":0.0,"max_hp_gain":0.0,"max_hp_loss":0.0,"gold_gain":75.0,"event_name":"World of Goop","player_choice":"Gather Gold","floor":2.0,"gold_loss":0.0,"damage_taken":11.0},{"damage_healed":0,"gold_gain":0,"player_choice":"Rummage","damage_taken":0,"relics_obtained":["WarpedTongs"],"max_hp_gain":0,"max_hp_loss":0,"event_name":"Accursed Blacksmith","floor":10,"gold_loss":0,"cards_obtained":["Pain"]}],"is_beta":false,"boss_relics":[],"items_purged_floors":[5],"is_endless":false,"potions_floor_spawned":[1],"killed_by":"3 Sentries","ascension_level":0}}