{"host":"sc0o2qwpf9j16a4i","time":1611276399,"event":{"mods":["AchievementEnabler","BaseMod","BetterRewards","Block Reminder","Colored Map","Colored Powertips","Custom Start","Highlight Path","Minty Spire (QoL Compilation)","Relic Stats"],"gold_per_floor":[115,130,130,145,70,105,20,54,54,54,54,54,87,104,104,179,179,189,23,23,23,35,35,69,85,85,85,97,112,147,197,197,197,197],"floor_reached":33,"language":"ENG","playtime":802,"items_purged":["Strike_R"],"score":766,"play_id":"f6f142ef-0bb9-4045-b337-fa459488c031","local_time":"20210122024639","is_ascension_mode":true,"campfire_choices":[{"data":"Armaments","floor":10,"key":"SMITH"},{"floor":12,"key":"REST"},{"data":"1","floor":15,"key":"LIFT"},{"data":"2","floor":23,"key":"LIFT"},{"floor":27,"key":"REST"},{"floor":32,"key":"REST"}],"circlet_count":0,"master_deck":["AscendersBane","Strike_R","Strike_R","Strike_R","Defend_R+1","Defend_R","Defend_R","Defend_R","Bash","Combust+1","Carnage","Armaments+1","Uppercut","Blood for Blood","Battle Trance","Clothesline","Rupture","Flame Barrier","Corruption","Shrug It Off+1","RitualDagger","Pommel Strike","Inflame","Feel No Pain","Burning Pact"],"relics":["Burning Blood","Bag of Marbles","Girya","Darkstone Periapt","Magic Flower","Mercury Hourglass","Sozu","Bag of Preparation","Toy Ornithopter","Mummified Hand","Red Mask"],"acts_visited":["Exordium","TheCity"],"potions_floor_usage":[6,13,24],"damage_taken":[{"damage":3,"enemies":"2 Louse","floor":1,"turns":3},{"damage":3,"enemies":"Cultist","floor":2,"turns":3},{"damage":7,"enemies":"Jaw Worm","floor":4,"turns":2},{"damage":10,"enemies":"3 Sentries","floor":6,"turns":5},{"damage":14,"enemies":"Lagavulin","floor":8,"turns":5},{"damage":18,"enemies":"3 Sentries","floor":13,"turns":6},{"damage":6,"enemies":"Blue Slaver","floor":14,"turns":3},{"damage":28,"enemies":"Slime Boss","floor":16,"turns":6},{"damage":16,"enemies":"Spheric Guardian","floor":18,"turns":4},{"damage":14,"enemies":"2 Thieves","floor":22,"turns":3},{"damage":24,"enemies":"Book of Stabbing","floor":24,"turns":5},{"damage":12,"enemies":"Centurion and Healer","floor":25,"turns":5},{"damage":11,"enemies":"Snake Plant","floor":28,"turns":3},{"damage":18,"enemies":"Cultist and Chosen","floor":29,"turns":5},{"damage":15,"enemies":"Masked Bandits","floor":30,"turns":4},{"damage":57,"enemies":"Collector","floor":33,"turns":6}],"seed_played":"-3367074264157150317","potions_obtained":[{"floor":1,"key":"LiquidBronze"},{"floor":4,"key":"EssenceOfSteel"},{"floor":16,"key":"CultistPotion"}],"is_trial":false,"path_per_floor":["M","M","?","M","$","E","$","E","T","R","?","R","E","M","R","B",null,"M","$","?","?","M","R","E","M","T","R","M","M","?","?","R","B"],"character_chosen":"IRONCLAD","items_purchased":["Combust","Bag of Marbles","Carnage","Rupture","Bag of Preparation"],"campfire_rested":3,"item_purchase_floors":[0,0,0,7,19],"current_hp_per_floor":[49,52,52,51,51,47,47,39,39,39,16,38,29,32,32,13,60,53,53,47,47,42,42,27,24,24,46,44,35,29,29,51,0,0],"gold":197,"neow_bonus":"","is_daily":false,"chose_seed":false,"campfire_upgraded":1,"win_rate":0.0,"timestamp":1611276399,"path_taken":["M","M","?","?","?","E","$","E","T","R","?","R","E","M","R","BOSS","M","$","?","?","M","R","E","M","T","R","M","M","?","?","R","BOSS"],"items_purchased_type":["Card","Relic","Card","Card","Relic"],"build_version":"2020-12-22","purchased_purges":1,"victory":false,"max_hp_per_floor":[75,75,75,75,75,75,75,75,75,75,75,75,75,75,75,75,75,75,75,75,75,75,75,75,75,75,75,75,75,75,75,75,75,75],"relic_stats":{"Darkstone Periapt":0,"Sozu":1,"counters":[58,263],"Mummified Hand":[17],"Magic Flower":[30],"Bag of Preparation":[14],"obtain_stats":[{"Darkstone Periapt":8,"Gremlin Horn":14,"Magic Flower":9,"Bag of Preparation":19,"Ancient Tea Set":0,"Smiling Mask":3,"Burning Blood":0,"ClockworkSouvenir":4,"Sozu":17,"Dream Catcher":5,"Centennial Puzzle":12,"FaceOfCleric":7,"Mummified Hand":26,"Gambling Chip":12,"Strawberry":23,"Tiny Chest":0,"Philosopher\u0027s Stone":17,"Red Mask":30,"Potion Belt":19,"Girya":8,"Pear":7,"Oddly Smooth Stone":0,"The Courier":11,"PreservedInsect":9,"Frozen Egg 2":9,"War Paint":8,"Question Card":9,"Mercury Hourglass":2,"SlaversCollar":17,"OrangePellets":0,"Shuriken":10,"Bag of Marbles":0,"StrikeDummy":0,"Toy Ornithopter":24,"Pocketwatch":9},{"Darkstone Periapt":47,"Gremlin Horn":24,"Magic Flower":47,"Bag of Preparation":51,"Ancient Tea Set":8,"Smiling Mask":10,"Burning Blood":0,"ClockworkSouvenir":1,"Sozu":50,"Dream Catcher":1,"Centennial Puzzle":35,"FaceOfCleric":11,"Mummified Hand":54,"Gambling Chip":15,"Strawberry":28,"Tiny Chest":17,"Philosopher\u0027s Stone":37,"Red Mask":57,"Potion Belt":26,"Girya":22,"Pear":2,"Oddly Smooth Stone":29,"The Courier":4,"PreservedInsect":12,"Frozen Egg 2":2,"War Paint":12,"Question Card":33,"Mercury Hourglass":30,"SlaversCollar":25,"OrangePellets":29,"Shuriken":23,"Bag of Marbles":42,"StrikeDummy":29,"Toy Ornithopter":53,"Pocketwatch":22},{"Darkstone Periapt":214,"Gremlin Horn":114,"Magic Flower":214,"Bag of Preparation":233,"Ancient Tea Set":38,"Smiling Mask":46,"Burning Blood":0,"ClockworkSouvenir":6,"Sozu":229,"Dream Catcher":6,"Centennial Puzzle":170,"FaceOfCleric":49,"Mummified Hand":246,"Gambling Chip":68,"Strawberry":141,"Tiny Chest":86,"Philosopher\u0027s Stone":180,"Red Mask":257,"Potion Belt":133,"Girya":108,"Pear":10,"Oddly Smooth Stone":145,"The Courier":18,"PreservedInsect":57,"Frozen Egg 2":10,"War Paint":57,"Question Card":158,"Mercury Hourglass":148,"SlaversCollar":130,"OrangePellets":145,"Shuriken":111,"Bag of Marbles":196,"StrikeDummy":145,"Toy Ornithopter":241,"Pocketwatch":108}],"Burning Blood":348,"Toy Ornithopter":0,"Mercury Hourglass":[399]},"card_choices":[{"not_picked":["Anger","Seeing Red"],"picked":"Armaments","floor":1},{"not_picked":["True Grit","Wild Strike"],"picked":"Uppercut","floor":2},{"not_picked":["Havoc","Headbutt"],"picked":"Battle Trance","floor":4},{"not_picked":["Clash","Dual Wield"],"picked":"Clothesline","floor":6},{"not_picked":["Anger","Cleave","Uppercut"],"picked":"SKIP","floor":8},{"not_picked":["Anger","Berserk","Flex"],"picked":"SKIP","floor":13},{"not_picked":["Clothesline","Wild Strike"],"picked":"Flame Barrier","floor":14},{"not_picked":["Bludgeon","Fiend Fire"],"picked":"Corruption","floor":16},{"not_picked":["Headbutt","Havoc"],"picked":"Shrug It Off+1","floor":18},{"not_picked":["Body Slam","Clothesline"],"picked":"Pommel Strike","floor":22},{"not_picked":["Corruption","Infernal Blade","Hemokinesis+1"],"picked":"SKIP","floor":24},{"not_picked":["Twin Strike","Clothesline","Rampage"],"picked":"SKIP","floor":25},{"not_picked":["Hemokinesis","Bloodletting"],"picked":"Inflame","floor":28},{"not_picked":["Searing Blow","Anger"],"picked":"Feel No Pain","floor":29},{"not_picked":["Clothesline+1","Fire Breathing"],"picked":"Burning Pact","floor":30}],"player_experience":874746,"relics_obtained":[{"floor":6,"key":"Girya"},{"floor":8,"key":"Darkstone Periapt"},{"floor":9,"key":"Magic Flower"},{"floor":13,"key":"Mercury Hourglass"},{"floor":24,"key":"Toy Ornithopter"},{"floor":26,"key":"Mummified Hand"},{"floor":30,"key":"Red Mask"}],"event_choices":[{"damage_healed":0,"gold_gain":0,"cards_transformed":["Strike_R"],"player_choice":"Transformed","damage_taken":0,"max_hp_gain":0,"max_hp_loss":0,"event_name":"Transmorgrifier","floor":3,"gold_loss":0,"cards_obtained":["Blood for Blood"]},{"damage_healed":0,"gold_gain":0,"player_choice":"Entered Light","damage_taken":23,"max_hp_gain":0,"max_hp_loss":0,"event_name":"Shining Light","floor":11,"gold_loss":0,"cards_upgraded":["Defend_R","Combust"]},{"damage_healed":0,"gold_gain":0,"player_choice":"Joined the Cult","damage_taken":6,"max_hp_gain":0,"max_hp_loss":0,"event_name":"Nest","floor":20,"gold_loss":0,"cards_obtained":["RitualDagger"]},{"damage_healed":0,"gold_gain":0,"player_choice":"Ignored","damage_taken":0,"max_hp_gain":0,"max_hp_loss":0,"event_name":"Ghosts","floor":21,"gold_loss":0},{"damage_healed":0,"gold_gain":0,"player_choice":"Fought Bandits","damage_taken":0,"max_hp_gain":0,"max_hp_loss":0,"event_name":"Masked Bandits","floor":30,"gold_loss":0},{"damage_healed":0,"gold_gain":100,"player_choice":"Bet on Murderer","damage_taken":0,"max_hp_gain":0,"max_hp_loss":0,"event_name":"The Joust","floor":31,"gold_loss":50}],"is_beta":false,"boss_relics":[{"not_picked":["Velvet Choker","Pandora\u0027s Box"],"picked":"Sozu"}],"items_purged_floors":[5],"is_endless":false,"potions_floor_spawned":[1,4,16,22],"killed_by":"Collector","ascension_level":20}}