{"host":"kh6fvhxn285ncg0o","time":1611330784,"event":{"mods":["Act Like it!","BaseMod","Colored Map","Friendly Minions","Keyboard Shortcuts","Minty Spire (QoL Compilation)","Quick Restart","Relic Stats","StSLib","SuperFastMode"],"gold_per_floor":[114,132,132,132,152,188,188,188,188],"floor_reached":8,"language":"KOR","playtime":146,"items_purged":[],"score":112,"play_id":"bcd1bad6-409e-4470-8238-55a524882b51","local_time":"20210123005304","is_ascension_mode":true,"campfire_choices":[{"floor":7,"key":"REST"}],"circlet_count":0,"master_deck":["AscendersBane","Strike_R","Strike_R","Strike_R","Strike_R","Defend_R","Defend_R","Defend_R","Defend_R","Bash","Power Through","Pommel Strike","Sever Soul"],"relics":["Burning Blood","Shovel","Golden Idol","Prayer Wheel"],"acts_visited":["Exordium"],"potions_floor_usage":[6],"damage_taken":[{"damage":6,"enemies":"2 Louse","floor":1,"turns":4},{"damage":15,"enemies":"Small Slimes","floor":2,"turns":5},{"damage":0,"enemies":"Cultist","floor":5,"turns":4},{"damage":45,"enemies":"Lagavulin","floor":6,"turns":6},{"damage":20,"enemies":"3 Sentries","floor":8,"turns":3}],"seed_played":"6245148550068408417","potions_obtained":[{"floor":5,"key":"SteroidPotion"}],"is_trial":false,"path_per_floor":["M","M","?","?","M","E","R","E"],"character_chosen":"IRONCLAD","items_purchased":[],"campfire_rested":1,"item_purchase_floors":[],"current_hp_per_floor":[68,59,52,52,58,19,37,17,17],"gold":188,"neow_bonus":"ONE_RARE_RELIC","is_daily":false,"chose_seed":false,"campfire_upgraded":0,"win_rate":0.0,"timestamp":1611330784,"path_taken":["M","M","?","?","M","E","R","E"],"items_purchased_type":[],"build_version":"2020-12-22","purchased_purges":0,"victory":false,"max_hp_per_floor":[68,68,68,62,62,62,62,62,62],"relic_stats":{"Shovel":0,"counters":[5,21],"Golden Idol":11,"Prayer Wheel":0,"obtain_stats":[{"Shovel":0,"Golden Idol":4,"Prayer Wheel":6,"Burning Blood":0},{"Shovel":0,"Golden Idol":2,"Prayer Wheel":4,"Burning Blood":0},{"Shovel":0,"Golden Idol":9,"Prayer Wheel":19,"Burning Blood":0}],"Burning Blood":24},"card_choices":[{"not_picked":["True Grit","Wild Strike"],"picked":"Power Through","floor":1},{"not_picked":["Wild Strike","Twin Strike"],"picked":"Pommel Strike","floor":2},{"not_picked":["True Grit","Iron Wave","Limit Break"],"picked":"SKIP","floor":5},{"not_picked":["Clash","Uppercut"],"picked":"Sever Soul","floor":6}],"player_experience":3496965,"relics_obtained":[{"floor":6,"key":"Prayer Wheel"}],"event_choices":[{"cards_removed":["Strike_R"],"damage_healed":0,"gold_gain":0,"player_choice":"Card Removal","damage_taken":7,"max_hp_gain":0,"max_hp_loss":0,"event_name":"Golden Wing","floor":3,"gold_loss":0},{"damage_healed":0,"gold_gain":0,"player_choice":"Lose Max HP","damage_taken":0,"relics_obtained":["Golden Idol"],"max_hp_gain":0,"max_hp_loss":6,"event_name":"Golden Idol","floor":4,"gold_loss":0}],"is_beta":false,"boss_relics":[],"items_purged_floors":[],"is_endless":false,"potions_floor_spawned":[5],"killed_by":"3 Sentries","ascension_level":20}}