{"host":"uy3vg6glkp8m6iit","time":1611327184,"event":{"mods":["AchievementEnabler","BaseMod","Colored Map","DeckTracker","Highlight Path","Keyboard Shortcuts","Minty Spire (QoL Compilation)","Quick Restart","Random Character Button","Rare Cards Sparkle","Relic Stats","StSLib","everything is the same but u backflip on backflip"],"gold_per_floor":[114,114,189,3,20,54,54,83,83,162,180,206,206,220,220,220,220],"floor_reached":16,"language":"KOR","playtime":540,"items_purged":[],"score":243,"play_id":"36c17aad-39a7-476d-a05a-0ba0ec758de5","local_time":"20210122235304","is_ascension_mode":true,"campfire_choices":[{"data":"Dagger Spray","floor":7,"key":"SMITH"},{"data":"Noxious Fumes","floor":13,"key":"SMITH"},{"data":"Tactician","floor":15,"key":"SMITH"}],"circlet_count":0,"master_deck":["AscendersBane","Strike_G","Strike_G","Strike_G","Strike_G","Strike_G","Defend_G","Defend_G","Defend_G","Defend_G","Defend_G","Survivor","Neutralize+1","Acrobatics","Tactician+1","Dagger Spray+1","Dagger Throw","Underhanded Strike","Adrenaline","Noxious Fumes+1","Deadly Poison","Leg Sweep"],"relics":["Ring of the Snake","NeowsBlessing","Blue Candle","Blood Vial","Mummified Hand","Nunchaku"],"acts_visited":["Exordium"],"potions_floor_usage":[12],"damage_taken":[{"damage":0,"enemies":"2 Louse","floor":1,"turns":1},{"damage":0,"enemies":"Small Slimes","floor":5,"turns":2},{"damage":0,"enemies":"Lagavulin","floor":6,"turns":1},{"damage":22,"enemies":"3 Sentries","floor":8,"turns":8},{"damage":0,"enemies":"Jaw Worm","floor":11,"turns":2},{"damage":15,"enemies":"Lagavulin","floor":12,"turns":6},{"damage":0,"enemies":"3 Louse","floor":14,"turns":1},{"damage":21,"enemies":"Hexaghost","floor":16,"turns":11}],"seed_played":"-1532864917801367077","potions_obtained":[{"floor":5,"key":"LiquidMemories"},{"floor":11,"key":"CultistPotion"},{"floor":12,"key":"SteroidPotion"},{"floor":14,"key":"SpeedPotion"}],"is_trial":false,"path_per_floor":["M","?","?","$","M","E","R","E","T","?","M","E","R","M","R","B"],"character_chosen":"THE_SILENT","items_purchased":["Tactician","Dagger Spray","Dagger Throw"],"campfire_rested":0,"item_purchase_floors":[4,4,4],"current_hp_per_floor":[59,59,48,48,48,48,48,26,26,26,28,15,15,17,17,0,0],"gold":220,"neow_bonus":"THREE_ENEMY_KILL","is_daily":false,"chose_seed":false,"campfire_upgraded":3,"win_rate":0.0,"timestamp":1611327184,"path_taken":["M","?","?","$","M","E","R","E","T","?","M","E","R","M","R","BOSS"],"items_purchased_type":["Card","Card","Card"],"build_version":"2020-12-22","purchased_purges":0,"victory":false,"max_hp_per_floor":[66,66,66,66,66,66,66,66,66,66,66,66,66,66,66,66,66],"relic_stats":{"Blood Vial":8,"Nunchaku":[1],"counters":[8,32],"Mummified Hand":[2],"Blue Candle":[0],"obtain_stats":[{"Blood Vial":8,"Nunchaku":12,"NeowsBlessing":0,"Mummified Hand":9,"Blue Candle":6,"Ring of the Snake":0},{"Blood Vial":4,"Nunchaku":6,"NeowsBlessing":0,"Mummified Hand":4,"Blue Candle":3,"Ring of the Snake":0},{"Blood Vial":12,"Nunchaku":20,"NeowsBlessing":0,"Mummified Hand":12,"Blue Candle":4,"Ring of the Snake":0}],"Ring of the Snake":[16]},"card_choices":[{"not_picked":["Blade Dance","Deflect"],"picked":"Acrobatics","floor":1},{"not_picked":["Heel Hook","Masterful Stab"],"picked":"Underhanded Strike","floor":5},{"not_picked":["Prepared","Escape Plan"],"picked":"Adrenaline","floor":6},{"not_picked":["Flying Knee","Outmaneuver"],"picked":"Noxious Fumes","floor":8},{"not_picked":["PiercingWail","Backstab"],"picked":"Deadly Poison","floor":11},{"not_picked":["Cloak And Dagger","Bane"],"picked":"Leg Sweep","floor":12},{"not_picked":["Outmaneuver","Dagger Spray","Terror"],"picked":"SKIP","floor":14}],"player_experience":1489672,"relics_obtained":[{"floor":6,"key":"Blue Candle"},{"floor":8,"key":"Blood Vial"},{"floor":9,"key":"Mummified Hand"},{"floor":12,"key":"Nunchaku"}],"event_choices":[{"damage_healed":0,"gold_gain":0,"player_choice":"Grow","damage_taken":0,"max_hp_gain":0,"max_hp_loss":0,"event_name":"Living Wall","floor":2,"gold_loss":0,"cards_upgraded":["Neutralize"]},{"damage_healed":0,"gold_gain":75,"player_choice":"Gather Gold","damage_taken":11,"max_hp_gain":0,"max_hp_loss":0,"event_name":"World of Goop","floor":3,"gold_loss":0},{"damage_healed":0,"gold_gain":79,"player_choice":"Gained Gold","damage_taken":0,"max_hp_gain":0,"max_hp_loss":0,"event_name":"Golden Wing","floor":10,"gold_loss":0}],"is_beta":false,"boss_relics":[],"items_purged_floors":[],"is_endless":false,"potions_floor_spawned":[5,11,12,14],"killed_by":"Hexaghost","ascension_level":14}}