{"host":"bg8va46pgqgvtzim","time":1611303831,"event":{"mods":["BaseMod","Minty Spire (QoL Compilation)","Quick Restart","StSLib","SuperFastMode"],"gold_per_floor":[18,35,45,63,82,110,124,150,150,165,165,200,214,242,242,339,339,353,368,380,395,395,421,421,462,462,490,490,514,536,360,360,474,474,489,507,525,539,264,308,308,340,365,365,381,417,417,417,417,417,417,417,98,129,129],"floor_reached":56,"language":"ZHS","playtime":2516,"items_purged":["Strike_G","Strike_G","All Out Attack"],"score":1460,"play_id":"a6e7ea3b-2ef2-4b10-97a9-cf9915e77833","local_time":"20210122162351","is_ascension_mode":true,"campfire_choices":[{"data":"Well Laid Plans","floor":11.0,"key":"SMITH"},{"data":"Acrobatics","floor":15.0,"key":"SMITH"},{"data":"Noxious Fumes","floor":24.0,"key":"SMITH"},{"data":"Acrobatics","floor":32.0,"key":"SMITH"},{"data":"Tactician","floor":41,"key":"SMITH"},{"data":"Madness","floor":44,"key":"SMITH"},{"data":"Calculated Gamble","floor":47,"key":"SMITH"},{"floor":49,"key":"RECALL"},{"data":"Expertise","floor":52,"key":"SMITH"}],"circlet_count":0,"master_deck":["Defend_G","Defend_G","Defend_G","Defend_G","Defend_G","Survivor","Neutralize","Well Laid Plans+1","Leg Sweep","Cloak And Dagger","Acrobatics+1","Noxious Fumes+1","Noxious Fumes","Glass Knife","Escape Plan","Expertise+1","Eviscerate","Footwork+1","Acrobatics+1","Tools of the Trade","Madness+1","Madness","Tactician+1","Calculated Gamble+1","Panache","Prepared","Finesse"],"relics":["Ring of the Serpent","Snake Skull","Meat on the Bone","MealTicket","The Courier","Oddly Smooth Stone","Sozu","Shuriken","Dream Catcher","CeramicFish","Matryoshka","Vajra","Lantern","Kunai","Art of War","Toy Ornithopter","Centennial Puzzle","Akabeko","Nunchaku"],"acts_visited":["Exordium","TheCity","TheBeyond","TheEnding"],"potions_floor_usage":[40,46],"damage_taken":[{"damage":1.0,"enemies":"Cultist","floor":1.0,"turns":5.0},{"damage":0.0,"enemies":"Jaw Worm","floor":2.0,"turns":6.0},{"damage":1.0,"enemies":"Small Slimes","floor":3.0,"turns":5.0},{"damage":2.0,"enemies":"Looter","floor":4.0,"turns":3.0},{"damage":9.0,"enemies":"3 Louse","floor":5.0,"turns":9.0},{"damage":42.0,"enemies":"Gremlin Nob","floor":6.0,"turns":7.0},{"damage":0.0,"enemies":"Blue Slaver","floor":7.0,"turns":6.0},{"damage":4.0,"enemies":"3 Sentries","floor":8.0,"turns":6.0},{"damage":1.0,"enemies":"Exordium Wildlife","floor":10.0,"turns":4.0},{"damage":0.0,"enemies":"Lagavulin","floor":12.0,"turns":7.0},{"damage":0.0,"enemies":"Red Slaver","floor":13.0,"turns":5.0},{"damage":13.0,"enemies":"Gremlin Nob","floor":14.0,"turns":4.0},{"damage":3.0,"enemies":"Hexaghost","floor":16.0,"turns":10.0},{"damage":5.0,"enemies":"2 Thieves","floor":18.0,"turns":4.0},{"damage":0.0,"enemies":"Shell Parasite","floor":19.0,"turns":6.0},{"damage":2.0,"enemies":"Centurion and Healer","floor":20.0,"turns":7.0},{"damage":7.0,"enemies":"3 Cultists","floor":21.0,"turns":5.0},{"damage":4.0,"enemies":"Gremlin Leader","floor":23.0,"turns":7.0},{"damage":25.0,"enemies":"Slavers","floor":25.0,"turns":5.0},{"damage":5.0,"enemies":"Gremlin Leader","floor":27.0,"turns":7.0},{"damage":3.0,"enemies":"Snake Plant","floor":29.0,"turns":5.0},{"damage":8.0,"enemies":"Chosen and Byrds","floor":30.0,"turns":5.0},{"damage":22.0,"enemies":"Collector","floor":33.0,"turns":10.0},{"damage":5.0,"enemies":"3 Shapes","floor":35.0,"turns":6.0},{"damage":18.0,"enemies":"3 Darklings","floor":37.0,"turns":6.0},{"damage":16.0,"enemies":"Spire Growth","floor":38.0,"turns":9.0},{"damage":26,"enemies":"Reptomancer","floor":40,"turns":8},{"damage":0,"enemies":"Giant Head","floor":42,"turns":8},{"damage":7,"enemies":"Sphere and 2 Shapes","floor":45,"turns":6},{"damage":10,"enemies":"Reptomancer","floor":46,"turns":7},{"damage":1,"enemies":"Donu and Deca","floor":50,"turns":8},{"damage":11,"enemies":"Shield and Spear","floor":54,"turns":6},{"damage":40,"enemies":"The Heart","floor":55,"turns":8}],"seed_played":"950916033238425387","potions_obtained":[{"floor":1.0,"key":"Poison Potion"},{"floor":3.0,"key":"AttackPotion"},{"floor":4.0,"key":"ColorlessPotion"},{"floor":6.0,"key":"Fire Potion"},{"floor":10.0,"key":"Block Potion"},{"floor":12.0,"key":"LiquidMemories"},{"floor":16.0,"key":"SkillPotion"}],"is_trial":false,"path_per_floor":["M","M","M","M","M","E","M","E","T","M","R","E","M","E","R","B",null,"M","M","M","M","?","E","R","E","T","E","?","M","M","$","R","B",null,"M","?","M","M","$","E","R","E","T","R","M","E","R","?","R","B",null,"R","$","E","B",null],"character_chosen":"THE_SILENT","items_purchased":["Lantern","Kunai","Panache","Prepared","Finesse"],"campfire_rested":0,"item_purchase_floors":[31,39,53,53,53],"current_hp_per_floor":[69,69,68,66,57,15,15,11,11,22,22,34,46,45,45,42,70,65,65,63,56,56,52,52,39,39,46,46,43,47,62,62,40,70,65,56,38,34,49,35,35,47,47,47,40,47,47,47,47,46,70,70,70,59,31],"gold":129,"neow_bonus":"TRANSFORM_TWO_CARDS","is_daily":false,"chose_seed":false,"campfire_upgraded":8,"win_rate":0.0,"timestamp":1611303831,"path_taken":["M","M","M","?","M","E","M","E","T","M","R","E","M","E","R","BOSS","M","M","M","M","?","E","R","E","T","E","?","M","M","$","R","BOSS","M","?","M","M","$","E","R","E","T","R","M","E","R","?","R","BOSS","R","$","E","BOSS"],"items_purchased_type":["Relic","Relic","Card","Card","Card"],"build_version":"2020-12-22","purchased_purges":3,"victory":true,"max_hp_per_floor":[70,70,70,70,70,70,70,70,70,70,70,70,70,70,70,70,70,70,70,70,70,70,70,70,70,70,70,70,70,70,70,70,70,70,70,70,70,70,70,70,70,70,70,70,70,70,70,70,70,70,70,70,70,70,70],"card_choices":[{"not_picked":["Blur","Finisher"],"picked":"Cloak And Dagger","floor":1.0},{"not_picked":["Sucker Punch","Quick Slash","Well Laid Plans"],"picked":"SKIP","floor":2.0},{"not_picked":["Blur","Outmaneuver","Choke"],"picked":"SKIP","floor":3.0},{"not_picked":["Flying Knee","Escape Plan"],"picked":"Acrobatics","floor":4.0},{"not_picked":["Riddle With Holes","Cloak And Dagger"],"picked":"All Out Attack","floor":5.0},{"not_picked":["Bane","Catalyst"],"picked":"Noxious Fumes","floor":6.0},{"not_picked":["Catalyst","Flying Knee"],"picked":"Noxious Fumes","floor":7.0},{"not_picked":["Backflip","Outmaneuver"],"picked":"Glass Knife","floor":8.0},{"not_picked":["All Out Attack","Sucker Punch","Dash"],"picked":"SKIP","floor":10.0},{"not_picked":["Flying Knee","Sucker Punch","Leg Sweep"],"picked":"SKIP","floor":12.0},{"not_picked":["Accuracy","Backflip","Masterful Stab"],"picked":"SKIP","floor":13.0},{"not_picked":["Night Terror","Noxious Fumes"],"picked":"Escape Plan","floor":14.0},{"not_picked":["Backflip","Flying Knee","Cloak And Dagger"],"picked":"SKIP","floor":18.0},{"not_picked":["Endless Agony","Deadly Poison","Quick Slash"],"picked":"SKIP","floor":19.0},{"not_picked":["Skewer","Setup"],"picked":"Expertise","floor":20.0},{"not_picked":["Bane","Dagger Spray","Backflip"],"picked":"SKIP","floor":21.0},{"not_picked":["Heel Hook","Poisoned Stab","Phantasmal Killer"],"picked":"SKIP","floor":23.0},{"not_picked":["Heel Hook","Poisoned Stab","Phantasmal Killer"],"picked":"SKIP","floor":23.0},{"not_picked":["All Out Attack+1","Poisoned Stab"],"picked":"Eviscerate","floor":25.0},{"not_picked":["Skewer+1","Quick Slash","Outmaneuver+1"],"picked":"SKIP","floor":27.0},{"not_picked":["Dash","Flying Knee"],"picked":"Footwork+1","floor":29.0},{"not_picked":["Finisher+1","Dash+1"],"picked":"Acrobatics","floor":30.0},{"not_picked":["Wraith Form v2","Storm of Steel"],"picked":"Tools of the Trade","floor":33.0},{"not_picked":["Cloak And Dagger","Quick Slash","Backstab+1"],"picked":"SKIP","floor":35.0},{"not_picked":["Caltrops+1","Dodge and Roll+1","Slice"],"picked":"SKIP","floor":37.0},{"not_picked":["Dagger Spray","Poisoned Stab+1","Underhanded Strike+1"],"picked":"SKIP","floor":38.0},{"not_picked":["Terror","Bouncing Flask"],"picked":"Tactician","floor":40},{"not_picked":["Flying Knee","Corpse Explosion","Quick Slash+1"],"picked":"SKIP","floor":42},{"not_picked":["Well Laid Plans+1","Sucker Punch+1","Noxious Fumes"],"picked":"SKIP","floor":45},{"not_picked":["Distraction+1","Outmaneuver+1"],"picked":"Calculated Gamble","floor":46},{"not_picked":["Dagger Throw","Sucker Punch","Choke+1"],"picked":"SKIP","floor":54}],"player_experience":2306055,"relics_obtained":[{"floor":6.0,"key":"Snake Skull"},{"floor":8.0,"key":"Meat on the Bone"},{"floor":9.0,"key":"MealTicket"},{"floor":12.0,"key":"The Courier"},{"floor":14.0,"key":"Oddly Smooth Stone"},{"floor":23.0,"key":"Dream Catcher"},{"floor":25.0,"key":"CeramicFish"},{"floor":26.0,"key":"Matryoshka"},{"floor":27.0,"key":"Vajra"},{"floor":40,"key":"Art of War"},{"floor":42,"key":"Toy Ornithopter"},{"floor":43,"key":"Centennial Puzzle"},{"floor":46,"key":"Akabeko"},{"floor":54,"key":"Nunchaku"}],"event_choices":[{"damage_healed":0.0,"max_hp_gain":0.0,"max_hp_loss":0.0,"gold_gain":0.0,"event_name":"The Mausoleum","player_choice":"Opened","floor":22.0,"gold_loss":0.0,"damage_taken":0.0,"relics_obtained":["Shuriken"]},{"damage_healed":0.0,"max_hp_gain":0.0,"max_hp_loss":0.0,"gold_gain":0.0,"event_name":"Ghosts","player_choice":"Ignored","floor":28.0,"gold_loss":0.0,"damage_taken":0.0},{"damage_healed":0.0,"max_hp_gain":0.0,"max_hp_loss":0.0,"gold_gain":0.0,"event_name":"Winding Halls","player_choice":"Embrace Madness","floor":36.0,"gold_loss":0.0,"damage_taken":9.0,"cards_obtained":["Madness","Madness"]},{"cards_removed":["Strike_G"],"damage_healed":0,"gold_gain":0,"player_choice":"Removed Attack","damage_taken":0,"max_hp_gain":0,"max_hp_loss":0,"event_name":"Falling","floor":48,"gold_loss":0}],"is_beta":false,"boss_relics":[{"not_picked":["Fusion Hammer","Pandora\u0027s Box"],"picked":"Sozu"},{"not_picked":["Cursed Key","Tiny House"],"picked":"Ring of the Serpent"}],"items_purged_floors":[31,39,53],"is_endless":false,"potions_floor_spawned":[1,3,4,6,10,12,16,18,19,25,29,33,37,38,42,45,54],"ascension_level":1}}