{"host":"03a85bwj0a5skoit","time":1611297844,"event":{"mods":["BaseMod","Block Reminder","Minty Spire (QoL Compilation)","Relic Stats","StSLib"],"gold_per_floor":[113,126,137,152,187,187,221,221,244,244,244],"floor_reached":10,"language":"ENG","playtime":555,"items_purged":[],"score":140,"play_id":"7e73e1be-d74d-4b70-9a23-b3c8534baa41","local_time":"20210122171404","is_ascension_mode":true,"campfire_choices":[{"data":"FlurryOfBlows","floor":6,"key":"SMITH"},{"data":"Wish","floor":8,"key":"SMITH"}],"circlet_count":0,"master_deck":["AscendersBane","Strike_P","Strike_P","Strike_P","Strike_P","Defend_P","Defend_P","Defend_P","Defend_P","Eruption","Vigilance","Wireheading","FlurryOfBlows+1","Study","Wish+1","EmptyBody","Weave"],"relics":["Runic Pyramid","Pear","Smiling Mask"],"acts_visited":["Exordium"],"potions_floor_usage":[5,7,10],"damage_taken":[{"damage":0,"enemies":"Cultist","floor":1,"turns":2},{"damage":6,"enemies":"2 Louse","floor":2,"turns":4},{"damage":2,"enemies":"Jaw Worm","floor":3,"turns":3},{"damage":2,"enemies":"2 Fungi Beasts","floor":4,"turns":4},{"damage":9,"enemies":"Large Slime","floor":5,"turns":3},{"damage":19,"enemies":"3 Sentries","floor":7,"turns":13},{"damage":49,"enemies":"Gremlin Nob","floor":10,"turns":3}],"seed_played":"-5924043836126836491","potions_obtained":[{"floor":3,"key":"FearPotion"},{"floor":5,"key":"SkillPotion"},{"floor":7,"key":"Ancient Potion"}],"is_trial":false,"path_per_floor":["M","M","M","M","M","R","E","R","T","E"],"character_chosen":"WATCHER","items_purchased":[],"campfire_rested":0,"item_purchase_floors":[],"current_hp_per_floor":[61,55,53,51,42,42,33,33,33,0,0],"gold":244,"neow_bonus":"BOSS_RELIC","is_daily":false,"chose_seed":false,"campfire_upgraded":2,"win_rate":0.0,"timestamp":1611297844,"path_taken":["M","M","?","M","M","R","E","R","T","E"],"items_purchased_type":[],"build_version":"2020-12-22","purchased_purges":0,"victory":false,"max_hp_per_floor":[68,68,68,68,68,68,78,78,78,78,78],"relic_stats":{"counters":[7,32],"Smiling Mask":0,"obtain_stats":[{"Pear":7,"PureWater":0,"Smiling Mask":9,"Runic Pyramid":0},{"Pear":6,"PureWater":0,"Smiling Mask":6,"Runic Pyramid":0},{"Pear":29,"PureWater":0,"Smiling Mask":29,"Runic Pyramid":0}]},"card_choices":[{"not_picked":["JustLucky","CrushJoints"],"picked":"Wireheading","floor":1},{"not_picked":["PathToVictory","Prostrate"],"picked":"FlurryOfBlows","floor":2},{"not_picked":["Collect","SashWhip"],"picked":"Study","floor":3},{"not_picked":["ThirdEye","Tantrum"],"picked":"Wish","floor":4},{"not_picked":["Protect","CutThroughFate"],"picked":"EmptyBody","floor":5},{"not_picked":["EmptyBody","Evaluate"],"picked":"Weave","floor":7}],"player_experience":2348883,"relics_obtained":[{"floor":7,"key":"Pear"},{"floor":9,"key":"Smiling Mask"}],"event_choices":[],"is_beta":false,"boss_relics":[],"items_purged_floors":[],"is_endless":false,"potions_floor_spawned":[3,5,7],"killed_by":"Gremlin Nob","ascension_level":20}}