{"host":"nlowmoq7gy18n72d","time":1611339163,"event":{"mods":["BaseMod","Colored Powertips","Conspire","Downfall","Hermit","Highlight Path","Infinite Spire","Jorbs\u0027s Wanderer Trilogy","Minty Spire (QoL Compilation)","Rare Cards Sparkle","Replay The Spire","StSLib","The Cursed","The Hierophant"],"gold_per_floor":[117,117,117,136,153,153,179,190,214,214,275,275,275,275],"floor_reached":13,"language":"ENG","playtime":394,"items_purged":[],"score":83,"play_id":"d2b17016-a30c-4e45-a03a-23bc1d48b47d","local_time":"20210122211243","is_ascension_mode":false,"campfire_choices":[{"data":"hermit:Covet","floor":6,"key":"SMITH"},{"data":"infinitespire:Collect","floor":10,"key":"SMITH"},{"data":"hermit:Quickdraw","floor":12,"key":"SMITH"}],"circlet_count":0,"master_deck":["hermit:Strike_Hermit","hermit:Strike_Hermit+1","hermit:Strike_Hermit","hermit:Strike_Hermit+1","hermit:Defend_Hermit","hermit:Defend_Hermit","hermit:Defend_Hermit","hermit:Defend_Hermit","hermit:Snapshot","hermit:Covet+1","hermit:SprayPray","ReplayTheSpireMod:Faulty Equipment","Replay:Hysterical Blindness","infinitespire:Collect+1","hermit:TakeAim","hermit:Roulette","hermit:EyeOfTheStorm","hermit:ItchyTrigger","hermit:Quickdraw+1"],"relics":["hermit:Momento","Replay:Mystery Machine","Strawberry","Whetstone","Replay:Bottled Steam"],"acts_visited":["Exordium"],"potions_floor_usage":[7,11,11,13],"damage_taken":[{"damage":1,"enemies":"Jaw Worm","floor":1,"turns":3},{"damage":0,"enemies":"2 Louse","floor":4,"turns":2},{"damage":0,"enemies":"Small Slimes","floor":5,"turns":2},{"damage":17,"enemies":"Lagavulin","floor":7,"turns":5},{"damage":9,"enemies":"Blue Slaver","floor":8,"turns":3},{"damage":18,"enemies":"Lagavulin Event","floor":11,"turns":5},{"damage":25,"enemies":"Gremlin Nob","floor":13,"turns":3}],"seed_played":"-2678037707458529014","potions_obtained":[{"floor":1,"key":"Slimebound:ThreeZeroPotion"},{"floor":5,"key":"Explosive Potion"},{"floor":7,"key":"GamblersBrew"},{"floor":11,"key":"Venom Potion"}],"is_trial":false,"path_per_floor":["M","?","?","M","M","R","E","M","T","R","?","R","E"],"character_chosen":"HERMIT","items_purchased":[],"campfire_rested":0,"item_purchase_floors":[],"current_hp_per_floor":[81,56,56,56,56,56,46,37,37,37,19,19,0,0],"gold":275,"neow_bonus":"TEN_PERCENT_HP_BONUS","is_daily":false,"chose_seed":false,"campfire_upgraded":3,"win_rate":0.0,"timestamp":1611339163,"path_taken":["M","?","?","M","M","R","E","M","T","R","?","R","E"],"items_purchased_type":[],"build_version":"2020-12-22","purchased_purges":0,"victory":false,"max_hp_per_floor":[82,82,82,82,82,82,89,89,89,89,89,89,89,89],"card_choices":[{"not_picked":["hermit:Scavenge","hermit:Coalescence"],"picked":"hermit:SprayPray","floor":1},{"not_picked":["infinitespire:Gouge","infinitespire:Fortify"],"picked":"infinitespire:Collect","floor":3},{"not_picked":["hermit:Desperado","hermit:CalledShot"],"picked":"hermit:TakeAim","floor":4},{"not_picked":["hermit:Manifest","hermit:ItchyTrigger"],"picked":"hermit:Roulette","floor":5},{"not_picked":["hermit:Quickdraw","hermit:LuckOfTheDraw"],"picked":"hermit:EyeOfTheStorm","floor":7},{"not_picked":["hermit:Quickdraw","hermit:Manifest"],"picked":"hermit:ItchyTrigger","floor":8},{"not_picked":["hermit:PistolWhip","hermit:Snipe"],"picked":"hermit:Quickdraw","floor":11}],"player_experience":712343,"relics_obtained":[{"floor":7,"key":"Strawberry"},{"floor":9,"key":"Whetstone"},{"floor":11,"key":"Replay:Bottled Steam"}],"event_choices":[{"damage_healed":0,"gold_gain":0,"player_choice":"Success","damage_taken":25,"relics_obtained":["Replay:Mystery Machine"],"max_hp_gain":0,"max_hp_loss":0,"event_name":"Scrap Ooze","floor":2,"gold_loss":0},{"damage_healed":0,"gold_gain":0,"player_choice":"Searched \u00272\u0027 times","damage_taken":0,"max_hp_gain":0,"max_hp_loss":0,"event_name":"Dead Adventurer","floor":11,"gold_loss":0}],"is_beta":false,"boss_relics":[],"items_purged_floors":[],"is_endless":false,"potions_floor_spawned":[1,5,7,11],"killed_by":"Gremlin Nob","ascension_level":0}}