{"host":"b4vwm7jq6jdk6nca","time":1611331416,"event":{"mods":["BaseMod","Downfall","Lobotomy","Minty Spire (QoL Compilation)","Quick Restart","StSLib","The Cursed"],"gold_per_floor":[118,136,153,153,153,153,153],"floor_reached":6,"language":"ZHS","playtime":314,"items_purged":[],"score":38,"play_id":"bc95a510-19b5-4b19-94c2-373410654d64","local_time":"20210123000336","is_ascension_mode":true,"campfire_choices":[],"circlet_count":0,"master_deck":["TheCursedMod:Strike_TheCursed","TheCursedMod:Strike_TheCursed","TheCursedMod:Strike_TheCursed","TheCursedMod:Strike_TheCursed","TheCursedMod:Defend_TheCursed","TheCursedMod:Defend_TheCursed","TheCursedMod:Defend_TheCursed","TheCursedMod:Defend_TheCursed","TheCursedMod:CursedWand","TheCursedMod:CleanUpWorkshop","TheCursedMod:Dregs","VoidDream","TheCursedMod:CursedSpellbook+1","ShyLook","TheCursedMod:FleshFromBone","BigBird"],"relics":["TheCursedMod:BlackMagic101","CogitoBucket","Golden Idol"],"acts_visited":["Exordium"],"potions_floor_usage":[],"damage_taken":[{"damage":2,"enemies":"2 Louse","floor":1,"turns":3},{"damage":1,"enemies":"Jaw Worm","floor":2,"turns":4},{"damage":0,"enemies":"Cultist","floor":3,"turns":4},{"damage":17,"enemies":"Gremlin Nob","floor":6,"turns":5}],"seed_played":"-824501043926695871","potions_obtained":[{"floor":2,"key":"Guardian:BlockOnCardUsePotion"},{"floor":3,"key":"SpeedPotion"}],"is_trial":false,"path_per_floor":["M","M","M","?","?","E"],"character_chosen":"THE_CURSED","items_purchased":[],"campfire_rested":0,"item_purchase_floors":[],"current_hp_per_floor":[73,72,72,54,54,37,37],"gold":153,"neow_bonus":"","is_daily":false,"chose_seed":false,"campfire_upgraded":0,"win_rate":0.0,"timestamp":1611331416,"path_taken":["M","M","M","?","?","E"],"items_purchased_type":[],"build_version":"2020-12-22","purchased_purges":0,"victory":false,"max_hp_per_floor":[75,75,75,75,75,75,75],"card_choices":[{"not_picked":["Alriune","BeautyBeast"],"picked":"VoidDream","floor":1},{"not_picked":["TheCursedMod:Obscuration","TheCursedMod:VitalStrike"],"picked":"TheCursedMod:CursedSpellbook","floor":1},{"not_picked":["MHz","LongBird"],"picked":"ShyLook","floor":2},{"not_picked":["TheCursedMod:Torture","TheCursedMod:TacticalStrike"],"picked":"TheCursedMod:FleshFromBone","floor":2},{"not_picked":["DespairKnight","Wellcheers"],"picked":"BigBird","floor":3},{"not_picked":["TheCursedMod:Stigma","TheCursedMod:Obscuration","TheCursedMod:DoubleShield"],"picked":"SKIP","floor":3}],"player_experience":218781,"relics_obtained":[],"event_choices":[{"damage_healed":0,"gold_gain":0,"player_choice":"Take Damage","damage_taken":18,"relics_obtained":["Golden Idol"],"max_hp_gain":0,"max_hp_loss":0,"event_name":"Golden Idol","floor":4,"gold_loss":0},{"damage_healed":0,"gold_gain":0,"player_choice":"Upgraded","damage_taken":0,"max_hp_gain":0,"max_hp_loss":0,"event_name":"Upgrade Shrine","floor":5,"gold_loss":0,"cards_upgraded":["TheCursedMod:CursedSpellbook"]}],"is_beta":false,"boss_relics":[],"items_purged_floors":[],"is_endless":false,"potions_floor_spawned":[2,3],"killed_by":"Gremlin Nob","ascension_level":1}}