{"host":"lnt5dzsuhru0aonl","time":1611312105,"event":{"mods":["2.2 Compatiblity","BaseMod","Colored Map","Colored Powertips","DeckTracker","Keyboard Shortcuts","Minty Spire (QoL Compilation)","Permanent Neow","Rare Cards Sparkle","StSLib","SuperFastMode","everything is the same but u backflip on backflip"],"gold_per_floor":[119,119,119,133,146,146,180,180,180,180,180,200,218,118,118,197,197,209,26,38,38,51,51,64,64,146,146,71,18,37,53,53,53,53],"floor_reached":33,"language":"KOR","playtime":1498,"items_purged":["Strike_R","Strike_R"],"score":494,"play_id":"7ab18bb8-2ec5-4d66-aebd-fe32723847c4","local_time":"20210122194145","is_ascension_mode":true,"campfire_choices":[{"data":"Pommel Strike","floor":6.0,"key":"SMITH"},{"data":"Pommel Strike","floor":8.0,"key":"SMITH"},{"data":"Flame Barrier","floor":10.0,"key":"SMITH"},{"data":"Trip","floor":15.0,"key":"SMITH"},{"data":"Evolve","floor":23,"key":"SMITH"},{"data":"Fire Breathing","floor":25,"key":"SMITH"},{"data":"Battle Trance","floor":27,"key":"SMITH"},{"data":"Shrug It Off","floor":32,"key":"SMITH"}],"circlet_count":0,"master_deck":["AscendersBane","Strike_R+1","Defend_R","Defend_R","Defend_R","Defend_R","Bash+1","Trip+1","Pommel Strike+1","Pommel Strike+1","Flame Barrier+1","Twin Strike+1","Fire Breathing+1","Evolve+1","Battle Trance+1","Shrug It Off+1","Reckless Charge+1"],"relics":["Burning Blood","HornCleat","MealTicket","Molten Egg 2","Mark of Pain","Gremlin Horn"],"acts_visited":["Exordium","TheCity"],"potions_floor_usage":[],"damage_taken":[{"damage":2.0,"enemies":"Cultist","floor":1.0,"turns":4.0},{"damage":0.0,"enemies":"2 Louse","floor":4.0,"turns":3.0},{"damage":2.0,"enemies":"Jaw Worm","floor":5.0,"turns":2.0},{"damage":26.0,"enemies":"3 Sentries","floor":7.0,"turns":10.0},{"damage":3.0,"enemies":"Exordium Thugs","floor":12.0,"turns":5.0},{"damage":2.0,"enemies":"Lots of Slimes","floor":13.0,"turns":4.0},{"damage":21.0,"enemies":"Slime Boss","floor":16.0,"turns":9.0},{"damage":15.0,"enemies":"Shell Parasite","floor":18.0,"turns":5.0},{"damage":15,"enemies":"2 Thieves","floor":20,"turns":4},{"damage":22,"enemies":"Shelled Parasite and Fungi","floor":22,"turns":4},{"damage":25,"enemies":"Snake Plant","floor":24,"turns":4},{"damage":0,"enemies":"Snecko","floor":30,"turns":3},{"damage":0,"enemies":"Cultist and Chosen","floor":31,"turns":4},{"damage":60,"enemies":"Champ","floor":33,"turns":6}],"seed_played":"-1318178577617857110","potions_obtained":[{"floor":4.0,"key":"SkillPotion"},{"floor":7.0,"key":"HeartOfIron"},{"floor":20,"key":"Ancient Potion"},{"floor":30,"key":"BlessingOfTheForge"}],"is_trial":false,"path_per_floor":["M","?","?","M","M","R","E","R","T","R","?","M","M","$","R","B",null,"M","$","M","?","M","R","M","R","T","R","?","$","M","M","R","B"],"character_chosen":"IRONCLAD","items_purchased":["Twin Strike+1","Fire Breathing","Shrug It Off"],"campfire_rested":0,"item_purchase_floors":[14,19,29],"current_hp_per_floor":[72,49,31,37,41,41,21,21,21,21,14,17,21,36,36,21,62,53,68,59,59,43,43,24,24,24,24,24,39,45,51,51,0,0],"gold":53,"neow_bonus":"RANDOM_COLORLESS","is_daily":false,"chose_seed":false,"campfire_upgraded":8,"win_rate":0.0,"timestamp":1611312105,"path_taken":["M","?","?","M","M","R","E","R","T","R","?","?","M","$","R","BOSS","M","?","M","?","M","R","?","R","T","R","?","$","?","M","R","BOSS"],"items_purchased_type":["Card","Card","Card"],"build_version":"2020-12-22","purchased_purges":2,"victory":false,"max_hp_per_floor":[75,75,75,75,75,75,75,75,75,75,75,75,75,75,75,75,75,75,75,75,75,75,75,75,75,75,75,75,75,75,75,75,75,75],"card_choices":[{"not_picked":["Purity","Bandage Up"],"picked":"Trip","floor":0.0},{"not_picked":["Searing Blow","Fire Breathing"],"picked":"Pommel Strike","floor":1.0},{"not_picked":["Cleave","Sword Boomerang"],"picked":"Pommel Strike","floor":4.0},{"not_picked":["Clash","Perfected Strike","Armaments"],"picked":"SKIP","floor":5.0},{"not_picked":["Infernal Blade","Cleave"],"picked":"Flame Barrier","floor":7.0},{"not_picked":["Anger+1","Headbutt+1","Whirlwind+1"],"picked":"SKIP","floor":12.0},{"not_picked":["Corruption","Wild Strike+1","Whirlwind+1"],"picked":"SKIP","floor":13.0},{"not_picked":["Rupture","Armaments","Sword Boomerang+1"],"picked":"SKIP","floor":18.0},{"not_picked":["Entrench","Carnage+1","Anger+1"],"picked":"SKIP","floor":20},{"not_picked":["Rage","Perfected Strike+1","Shockwave"],"picked":"SKIP","floor":22},{"not_picked":["Heavy Blade+1","Dark Embrace+1"],"picked":"Battle Trance","floor":24},{"not_picked":["Heavy Blade+1","Burning Pact"],"picked":"Reckless Charge+1","floor":30},{"not_picked":["Armaments","Thunderclap+1","Pommel Strike+1"],"picked":"SKIP","floor":31}],"player_experience":725156,"relics_obtained":[{"floor":7.0,"key":"MealTicket"},{"floor":9.0,"key":"Molten Egg 2"},{"floor":26,"key":"Gremlin Horn"}],"event_choices":[{"damage_healed":0.0,"max_hp_gain":0.0,"max_hp_loss":0.0,"gold_gain":0.0,"event_name":"Shining Light","player_choice":"Entered Light","floor":2.0,"gold_loss":0.0,"damage_taken":23.0,"cards_upgraded":["Bash","Strike_R"]},{"damage_healed":0.0,"max_hp_gain":0.0,"max_hp_loss":0.0,"gold_gain":0.0,"event_name":"Scrap Ooze","player_choice":"Success","floor":3.0,"gold_loss":0.0,"damage_taken":18.0,"relics_obtained":["HornCleat"]},{"cards_removed":["Strike_R"],"damage_healed":0.0,"max_hp_gain":0.0,"max_hp_loss":0.0,"gold_gain":0.0,"event_name":"Golden Wing","player_choice":"Card Removal","floor":11.0,"gold_loss":0.0,"damage_taken":7.0},{"damage_healed":0,"gold_gain":0,"player_choice":"Read","damage_taken":0,"max_hp_gain":0,"max_hp_loss":0,"event_name":"The Library","floor":21,"gold_loss":0,"cards_obtained":["Evolve"]},{"cards_removed":["Strike_R"],"damage_healed":0,"gold_gain":0,"player_choice":"Single Remove","damage_taken":0,"max_hp_gain":0,"max_hp_loss":0,"event_name":"Designer","floor":28,"gold_loss":75}],"is_beta":false,"boss_relics":[{"not_picked":["Snecko Eye","Runic Pyramid"],"picked":"Mark of Pain"}],"items_purged_floors":[14,19],"is_endless":false,"potions_floor_spawned":[4,7,20,30,31],"killed_by":"Champ","ascension_level":20}}