{"host":"8o45mh5p3pp1o2mi","time":1611274798,"event":{"mods":["BaseMod","Bestiary","Better Match","Better Third Choice","BetterRewards","Dark Map","Fox Events","Minty Spire (QoL Compilation)","Replay The Spire","Shop Mod","StSLib"],"gold_per_floor":[109,109,109,34,34,63,13,13,13,28,28,28,28,44,79,79,79,178,178,195,212,34,59,77,77,102,27,51,84,84,104,104,120,120,219,219,239,149,164,174,174,174,209,209,233,264,264,289,91,106,106,106,106],"floor_reached":52,"language":"ENG","playtime":3630,"items_purged":["Amnesia","Strike_G"],"score":824,"play_id":"88b69afd-508c-43e8-9263-acddafa956c8","local_time":"20210122001958","is_ascension_mode":true,"campfire_choices":[{"floor":8.0,"key":"REST"},{"data":"Replay:Poison Smokescreen","floor":11.0,"key":"SMITH"},{"floor":17.0,"key":"REST"},{"data":"Apotheosis","floor":25,"key":"SMITH"},{"floor":30,"key":"REST"},{"floor":32,"key":"REST"},{"data":"Deadly Poison","floor":34,"key":"SMITH"},{"floor":42,"key":"REST"},{"data":"Adrenaline","floor":44,"key":"SMITH"},{"floor":51,"key":"REST"}],"circlet_count":0,"master_deck":["Strike_G","Defend_G","Defend_G","Defend_G","Defend_G+1","Survivor+1","Neutralize","Poison Darts","Replay:Poison Smokescreen+1","Dodge and Roll","ReplayTheSpireMod:Speed Training","Backflip","Bouncing Flask","Catalyst","Wraith Form v2","AbeCurse","Tools of the Trade","Apotheosis+1","Deadly Poison+1","Prepared+1","Footwork+1","Adrenaline+1","Blur+1","Atom Bomb","Toxin Wave+1","Writhe"],"relics":["Ring of the Snake","ReplayTheSpireMod:Ring of Exchange","Ring of Panic","Tiny Chest","Dream Catcher","Matryoshka","Regal Pillow","Abe\u0027s Treasure","Blood Vial","Bag of Marbles","Omamori","Pen Nib","Strawberry","Blue Doll","Cursed Key","Frozen Egg 2","Quantum Egg","Smiling Mask","PreservedInsect","CeramicFish","War Paint"],"acts_visited":["Exordium","TheCity","TheBeyond"],"potions_floor_usage":[26,29,35,40,46,52,52],"damage_taken":[{"damage":0.0,"enemies":"Jaw Worm","floor":1.0,"turns":3.0},{"damage":7.0,"enemies":"Gremlin Nob","floor":6.0,"turns":4.0},{"damage":11.0,"enemies":"Small Slimes","floor":10.0,"turns":5.0},{"damage":0.0,"enemies":"2 Louse","floor":14.0,"turns":3.0},{"damage":0.0,"enemies":"Replay:BlueRogue","floor":15.0,"turns":3.0},{"damage":24.0,"enemies":"Hexaghost","floor":18.0,"turns":7.0},{"damage":0.0,"enemies":"Shell Parasite","floor":20.0,"turns":4.0},{"damage":5.0,"enemies":"3 Byrds","floor":21.0,"turns":4.0},{"damage":8,"enemies":"3 Cultists","floor":24,"turns":5},{"damage":39,"enemies":"Book of Stabbing","floor":26,"turns":6},{"damage":16,"enemies":"Gremlin Leader","floor":29,"turns":3},{"damage":0,"enemies":"Chosen and Byrds","floor":31,"turns":5},{"damage":0,"enemies":"Shelled Parasite and Fungi","floor":33,"turns":3},{"damage":12,"enemies":"Automaton","floor":35,"turns":6},{"damage":1,"enemies":"Orb Walker","floor":37,"turns":4},{"damage":20,"enemies":"3 Darklings","floor":39,"turns":4},{"damage":27,"enemies":"Sphere and 2 Shapes","floor":40,"turns":4},{"damage":10,"enemies":"Giant Head","floor":43,"turns":6},{"damage":62,"enemies":"Nemesis","floor":46,"turns":5},{"damage":5,"enemies":"R_Hoarder","floor":48,"turns":5},{"damage":7,"enemies":"Jaw Worm Horde","floor":50,"turns":4},{"damage":53,"enemies":"Time Eater","floor":52,"turns":6}],"seed_played":"2157169575446718446","potions_obtained":[{"floor":1.0,"key":"Doom Potion"},{"floor":14.0,"key":"FearPotion"},{"floor":15.0,"key":"Explosive Potion"},{"floor":18.0,"key":"Dexterity Potion"},{"floor":21.0,"key":"EssenceOfSteel"},{"floor":26,"key":"SpeedPotion"},{"floor":31,"key":"Block Potion"},{"floor":39,"key":"Explosive Potion"},{"floor":43,"key":"Fire Potion"},{"floor":48,"key":"SpeedPotion"}],"is_trial":false,"path_per_floor":["M","?","?","$","?","E","?","R","T","M","R","PTL","PTL","M","E","$","R","B",null,"M","M","$","T","M","R","E","?","T","E","R","M","R","M","R","B",null,"M","?","M","M","T","R","E","R","T","E","?","E","$","M","R","B"],"character_chosen":"THE_SILENT","items_purchased":["Apotheosis","War Paint"],"campfire_rested":6,"item_purchase_floors":[22,49],"current_hp_per_floor":[49,49,49,49,37,30,30,51,51,40,40,40,40,40,40,40,70,46,64,64,59,59,59,53,53,16,16,23,9,47,49,77,77,77,65,74,75,75,57,32,32,70,62,62,62,2,21,18,18,13,51,0,0],"gold":106,"neow_bonus":"THREE_RARE_CARDS","is_daily":false,"chose_seed":false,"campfire_upgraded":4,"win_rate":0.0,"timestamp":1611274798,"path_taken":["M","?","?","$","?","E","?","R","T","M","R","PTL","PTL","?","E","?","R","BOSS","M","M","$","?","M","R","E","?","T","E","R","M","R","M","R","BOSS","M","?","M","?","?","R","E","R","T","E","?","E","$","M","R","BOSS"],"items_purchased_type":["Card","Relic"],"build_version":"2020-12-22","purchased_purges":2,"victory":false,"max_hp_per_floor":[70,70,70,70,70,70,70,70,70,70,70,70,70,70,70,70,70,70,70,70,70,70,70,70,70,70,70,77,77,77,77,77,77,77,77,77,77,77,77,77,77,77,77,77,77,77,77,77,77,77,77,77,77],"card_choices":[{"not_picked":["Tools of the Trade","Grand Finale"],"picked":"Poison Darts","floor":0.0},{"not_picked":["ReplayTheSpireMod:Scrap Shanks","Hidden Blade"],"picked":"Replay:Poison Smokescreen","floor":1.0},{"not_picked":["Hidden Blade","Unload","Dodge and Roll"],"picked":"SKIP","floor":6.0},{"not_picked":["Skewer","Blade Dance"],"picked":"ReplayTheSpireMod:Speed Training","floor":8.0},{"not_picked":["Prepared","Dagger Spray","ReplayTheSpireMod:The Works"],"picked":"SKIP","floor":10.0},{"not_picked":["ReplayTheSpireMod:Shiv Toss","Bane"],"picked":"Backflip","floor":14.0},{"not_picked":["Tools of the Trade","Blade Dance"],"picked":"Bouncing Flask","floor":15.0},{"not_picked":["Cloak And Dagger","Underhanded Strike"],"picked":"Catalyst","floor":17.0},{"not_picked":["Doppelganger","Unload"],"picked":"Wraith Form v2","floor":18.0},{"not_picked":["Blade Dance","Flying Knee","Outmaneuver"],"picked":"SKIP","floor":20.0},{"not_picked":["Quick Slash+1","Underhanded Strike"],"picked":"Tools of the Trade","floor":21.0},{"not_picked":["Sucker Punch+1","Dagger Throw+1","Bane"],"picked":"SKIP","floor":24},{"not_picked":["Calculated Gamble","Masterful Stab","Dagger Throw"],"picked":"SKIP","floor":26},{"not_picked":["Slice","Setup+1","Bane+1"],"picked":"SKIP","floor":29},{"not_picked":["ReplayTheSpireMod:Tripwire+1","ReplayTheSpireMod:Shiv Toss"],"picked":"Deadly Poison","floor":30},{"not_picked":["ReplayTheSpireMod:Shiv Toss","Envenom","Dagger Spray"],"picked":"SKIP","floor":31},{"not_picked":["Sucker Punch","Acrobatics"],"picked":"Prepared+1","floor":32},{"not_picked":["Finisher","Deadly Poison"],"picked":"Footwork+1","floor":33},{"not_picked":["After Image","Malaise"],"picked":"Adrenaline","floor":35},{"not_picked":["Sucker Punch+1","Outmaneuver+1","Blade Dance+1"],"picked":"SKIP","floor":37},{"not_picked":["Deflect+1","Heel Hook","Backflip"],"picked":"SKIP","floor":39},{"not_picked":["Slice+1","ReplayTheSpireMod:Shiv Toss+1"],"picked":"Blur+1","floor":40},{"not_picked":["Sucker Punch","Slice+1"],"picked":"Atom Bomb","floor":42},{"not_picked":["Dagger Spray","Backflip","Storm of Steel"],"picked":"SKIP","floor":43},{"not_picked":["Blade Dance","Dagger Throw"],"picked":"Toxin Wave","floor":46},{"not_picked":["Escape Plan","Dagger Spray","ReplayTheSpireMod:Exploit Weakness+1"],"picked":"SKIP","floor":48},{"not_picked":["Infinite Blades+1","Poisoned Stab+1","Finisher+1"],"picked":"SKIP","floor":50}],"player_experience":90516,"relics_obtained":[{"floor":2.0,"key":"ReplayTheSpireMod:Ring of Exchange"},{"floor":2.0,"key":"Ring of Panic"},{"floor":6.0,"key":"Dream Catcher"},{"floor":9.0,"key":"Matryoshka"},{"floor":15.0,"key":"Regal Pillow"},{"floor":23.0,"key":"Blood Vial"},{"floor":23.0,"key":"Bag of Marbles"},{"floor":26,"key":"Omamori"},{"floor":28,"key":"Pen Nib"},{"floor":28,"key":"Strawberry"},{"floor":29,"key":"Blue Doll"},{"floor":41,"key":"Frozen Egg 2"},{"floor":43,"key":"Quantum Egg"},{"floor":45,"key":"Smiling Mask"},{"floor":46,"key":"PreservedInsect"},{"floor":48,"key":"CeramicFish"}],"event_choices":[{"damage_healed":0.0,"max_hp_gain":0.0,"max_hp_loss":0.0,"gold_gain":0.0,"cards_transformed":["Strike_G"],"event_name":"Living Wall","player_choice":"Change","floor":3.0,"gold_loss":0.0,"damage_taken":0.0,"cards_obtained":["Dodge and Roll"]},{"damage_healed":0.0,"max_hp_gain":0.0,"max_hp_loss":0.0,"gold_gain":0.0,"event_name":"betterThird:BetterScrap","player_choice":"Relic ","floor":5.0,"gold_loss":0.0,"damage_taken":12.0,"cards_obtained":["Replay:Many Hands"]},{"cards_removed":["Strike_G"],"damage_healed":0.0,"max_hp_gain":0.0,"max_hp_loss":0.0,"gold_gain":0.0,"event_name":"The Cleric","player_choice":"Card Removal","floor":7.0,"gold_loss":50.0,"damage_taken":0.0},{"cards_removed":["Strike_G"],"damage_healed":0,"gold_gain":0,"player_choice":"Gave Gold","damage_taken":0,"max_hp_gain":0,"max_hp_loss":0,"event_name":"Beggar","floor":27,"gold_loss":75},{"cards_removed":["Defend_G"],"damage_healed":0,"gold_gain":0,"player_choice":"Upgrade and Remove","damage_taken":0,"max_hp_gain":0,"max_hp_loss":0,"event_name":"Designer","floor":38,"gold_loss":90,"cards_upgraded":["Survivor"]},{"damage_healed":19,"gold_gain":0,"player_choice":"Writhe","damage_taken":0,"max_hp_gain":0,"max_hp_loss":0,"event_name":"Winding Halls","floor":47,"gold_loss":0,"cards_obtained":["Writhe"]}],"is_beta":false,"boss_relics":[{"not_picked":["Astrolabe","Replay:Wanted Poster"],"picked":"Abe\u0027s Treasure"},{"not_picked":["ClockworkSouvenir","Velvet Choker"],"picked":"Cursed Key"}],"items_purged_floors":[4,49],"is_endless":false,"potions_floor_spawned":[1,14,15,18,20,21,26,31,39,43,48,50],"killed_by":"Time Eater","ascension_level":5}}