{"host":"v67gr4iepfhi0qby","time":1611294882,"event":{"mods":["BaseMod","Downfall","Minty Spire (QoL Compilation)","StSLib"],"gold_per_floor":[99,118,118,49,149,149,149,174,174,185,185,185,198,214,230,334,334,334,349,369,379,399,399,399,418,429,429,429,429,439,439,454,558,558,558,575,575,590,43,63,63,163,163,178,198,55,55,75,85,85],"floor_reached":51,"language":"ENG","playtime":3891,"items_purged":["Guardian:Strike_Guardian"],"score":645,"play_id":"f283d719-b696-423d-a525-336481465638","local_time":"20210121225442","is_ascension_mode":false,"campfire_choices":[{"data":"Guardian:CurlUp","floor":1,"key":"SMITH"},{"data":"Guardian:TwinSlam","floor":9,"key":"SMITH"},{"data":"Guardian:SentryBeam","floor":12,"key":"SMITH"},{"data":"Guardian:RollAttack","floor":18,"key":"SMITH"},{"floor":23,"key":"REST"},{"data":"Guardian:SphericShield","floor":35,"key":"SMITH"},{"floor":43,"key":"REST"},{"floor":47,"key":"REST"}],"circlet_count":0,"master_deck":["Guardian:Strike_Guardian","Guardian:Strike_Guardian","Guardian:Strike_Guardian","Guardian:Defend_Guardian","Guardian:Defend_Guardian","Guardian:Defend_Guardian","Guardian:Defend_Guardian","Guardian:CurlUp+1","Guardian:TwinSlam+1","Guardian:SentryBeam+1","Guardian:RollAttack+1","Guardian:BodySlam","Guardian:ShieldCharger","Guardian:AncientConstruct","Guardian:Reroute+1","Guardian:Preprogram+1","Guardian:SphericShield+1","Guardian:RollAttack","Guardian:BronzeArmor","expansioncontent:StudyTheSpire","Guardian:GuardianWhirl","Guardian:ShieldCharger+1","Guardian:FastForward+1"],"relics":["Guardian:ModeShifter","Ginger","Odd Mushroom","Sozu","White Beast Statue","downfall:RedIOU","SlaversCollar","CaptainsWheel","Toxic Egg 2","downfall:GremlinWheel","Sundial"],"acts_visited":["Exordium","TheCity","TheBeyond"],"potions_floor_usage":[33,50,50],"damage_taken":[{"damage":6,"enemies":"Cultist","floor":2,"turns":4},{"damage":0,"enemies":"downfall:FleeingMerchant","floor":4,"turns":4},{"damage":22,"enemies":"The Mushroom Lair","floor":8,"turns":7},{"damage":8,"enemies":"2 Louse","floor":10,"turns":3},{"damage":2,"enemies":"Small Slimes","floor":13,"turns":3},{"damage":4,"enemies":"2 Fungi Beasts","floor":14,"turns":4},{"damage":2,"enemies":"Blue Slaver","floor":15,"turns":3},{"damage":14,"enemies":"WA_ARCHETYPE_RETAIN","floor":16,"turns":9},{"damage":20,"enemies":"Spheric Guardian","floor":19,"turns":4},{"damage":5,"enemies":"Shell Parasite","floor":20,"turns":5},{"damage":21,"enemies":"Snake Plant","floor":21,"turns":2},{"damage":3,"enemies":"Cultist and Chosen","floor":22,"turns":7},{"damage":0,"enemies":"Snecko","floor":25,"turns":7},{"damage":6,"enemies":"3 Cultists","floor":26,"turns":4},{"damage":11,"enemies":"Centurion and Healer","floor":30,"turns":6},{"damage":16,"enemies":"Chosen and Byrds","floor":32,"turns":8},{"damage":24,"enemies":"SI_MIRROR_ARCHETYPE","floor":33,"turns":9},{"damage":21,"enemies":"3 Darklings","floor":36,"turns":5},{"damage":4,"enemies":"3 Shapes","floor":38,"turns":4},{"damage":0,"enemies":"downfall:FleeingMerchant","floor":39,"turns":4},{"damage":20,"enemies":"Transient","floor":40,"turns":5},{"damage":4,"enemies":"Transient","floor":42,"turns":4},{"damage":27,"enemies":"Writhing Mass","floor":44,"turns":7},{"damage":18,"enemies":"4 Shapes","floor":45,"turns":10},{"damage":0,"enemies":"downfall:FleeingMerchant","floor":46,"turns":4},{"damage":8,"enemies":"Sphere and 2 Shapes","floor":48,"turns":6},{"damage":5,"enemies":"Writhing Mass","floor":49,"turns":6},{"damage":23,"enemies":"IC_BLOCK_ARCHETYPE","floor":50,"turns":9}],"seed_played":"1384138841952924068","potions_obtained":[{"floor":10,"key":"SneckoOil"},{"floor":15,"key":"Guardian:DefensiveModePotion"},{"floor":16,"key":"BlessingOfTheForge"}],"is_trial":false,"path_per_floor":["R","M","?","$","?","?","T","?","R","M","T","R","M","M","M","B",null,"R","M","M","M","M","R","T","M","M","?","?","?","M","?","M","B",null,"R","M","?","M","$","M","T","?","R","M","M","$","R","M","M","B",null],"character_chosen":"GUARDIAN","items_purchased":["Guardian:Gem_Cyan","expansioncontent:StudyTheSpire","CaptainsWheel","Guardian:GuardianWhirl","Guardian:ShieldCharger+1"],"campfire_rested":3,"item_purchase_floors":[4,39,39,39,46],"current_hp_per_floor":[88,82,82,82,82,82,82,60,60,52,52,52,50,46,44,30,88,88,68,63,42,39,65,65,65,59,59,59,59,48,48,32,8,88,88,67,67,63,63,43,43,39,65,38,20,20,46,38,33,10],"gold":85,"neow_bonus":"TEN_PERCENT_HP_BONUS","is_daily":false,"chose_seed":false,"campfire_upgraded":5,"win_rate":0.0,"timestamp":1611294882,"path_taken":["R","M","?","$","?","?","T","?","R","M","?","R","M","?","M","BOSS","R","M","M","M","M","R","T","M","M","?","?","?","?","?","M","BOSS","R","M","?","M","?","M","T","?","R","M","M","$","R","?","M","BOSS"],"items_purchased_type":["Card","Card","Relic","Card","Card"],"build_version":"2020-12-22","purchased_purges":1,"victory":true,"max_hp_per_floor":[88,88,88,88,88,88,88,88,88,88,88,88,88,88,88,88,88,88,88,88,88,88,88,88,88,88,88,88,88,88,88,88,88,88,88,88,88,88,88,88,88,88,88,88,88,88,88,88,88,88],"card_choices":[{"not_picked":["Guardian:Recover","Guardian:VentSteam"],"picked":"Guardian:Gem_Green","floor":2},{"not_picked":["Guardian:Gem_Green","Guardian:TimeSifter"],"picked":"Guardian:Gem_Lightblue","floor":4},{"not_picked":["Guardian:Planning","Guardian:TemporalShield"],"picked":"Guardian:Gem_Yellow","floor":8},{"not_picked":["Guardian:DonusPower","Guardian:Gem_Crimson"],"picked":"Guardian:SentryBeam","floor":10},{"not_picked":["Guardian:Reroute","Guardian:ShieldSpikes"],"picked":"Guardian:RollAttack","floor":13},{"not_picked":["Guardian:Recover","Guardian:ChargeCore"],"picked":"Guardian:BodySlam","floor":14},{"not_picked":["Guardian:Planning","Guardian:VentSteam"],"picked":"Guardian:ShieldCharger","floor":15},{"not_picked":["Guardian:ExploitGems","Guardian:ConstructionForm"],"picked":"Guardian:AncientConstruct","floor":16},{"not_picked":["Guardian:Repulse","Guardian:Planning","Guardian:FloatingOrbs"],"picked":"SKIP","floor":19},{"not_picked":["Guardian:PiercingHide","Guardian:SpikerProtocol","Guardian:Recover"],"picked":"SKIP","floor":20},{"not_picked":["Guardian:Suspension","Guardian:DonusPower"],"picked":"Guardian:Gem_Red","floor":21},{"not_picked":["Guardian:Gem_Red","Guardian:VentSteam"],"picked":"Guardian:Reroute+1","floor":22},{"not_picked":["Guardian:MultiBeam","Guardian:TemporalStrike","Guardian:Planning"],"picked":"SKIP","floor":25},{"not_picked":["Guardian:Incinerate","Guardian:FastForward"],"picked":"Guardian:Preprogram+1","floor":26},{"not_picked":["Guardian:ChargeCore+1","Guardian:VentSteam+1","Guardian:Suspension+1"],"picked":"SKIP","floor":30},{"not_picked":["Guardian:Gem_Blue","Guardian:Gem_Cyan","Guardian:ShieldCharger"],"picked":"SKIP","floor":32},{"not_picked":["Guardian:ExploitGems","Guardian:AncientConstruct"],"picked":"Guardian:SphericShield","floor":33},{"not_picked":["Guardian:ShieldCharger","Guardian:Incinerate"],"picked":"Guardian:RollAttack","floor":36},{"not_picked":["Guardian:TemporalShield","Guardian:ChargeCore+1"],"picked":"Guardian:BronzeArmor","floor":38},{"not_picked":["Guardian:TemporalStrike","Guardian:Gem_Lightblue","Guardian:CrystalBeam"],"picked":"SKIP","floor":39},{"not_picked":["Guardian:FloatingOrbs+1","Guardian:Emergency+1","Guardian:PiercingHide"],"picked":"SKIP","floor":40},{"not_picked":["Guardian:CrystalBeam","Guardian:VentSteam+1","Guardian:ShieldCharger+1"],"picked":"SKIP","floor":44},{"not_picked":["Guardian:ChargeCore","Guardian:MultiBeam"],"picked":"Guardian:Gem_Yellow","floor":45},{"not_picked":["Guardian:TemporalShield+1","Guardian:Gem_Fragmented","Guardian:PrismaticBarrier+1"],"picked":"SKIP","floor":46},{"not_picked":["Guardian:Gem_White","Guardian:TemporalStrike+1"],"picked":"Guardian:FastForward+1","floor":48},{"not_picked":["Guardian:DecasProtection+1","Guardian:PiercingHide+1","Guardian:Suspension+1"],"picked":"SKIP","floor":49}],"player_experience":1011,"relics_obtained":[{"floor":7,"key":"Ginger"},{"floor":8,"key":"Odd Mushroom"},{"floor":11,"key":"Toy Ornithopter"},{"floor":24,"key":"White Beast Statue"},{"floor":41,"key":"Toxic Egg 2"},{"floor":42,"key":"downfall:GremlinWheel"},{"floor":47,"key":"Sundial"}],"event_choices":[{"damage_healed":0,"gold_gain":0,"player_choice":"Fought Mushrooms","damage_taken":0,"max_hp_gain":0,"max_hp_loss":0,"event_name":"Mushrooms","floor":8,"gold_loss":0},{"damage_healed":0,"gold_gain":0,"player_choice":"Ignored","damage_taken":0,"max_hp_gain":0,"max_hp_loss":0,"event_name":"Vampires","floor":27,"gold_loss":0},{"damage_healed":0,"gold_gain":0,"player_choice":"Relic","damage_taken":0,"max_hp_gain":0,"max_hp_loss":0,"event_name":"Wheel of Change","floor":47,"gold_loss":0}],"is_beta":false,"boss_relics":[{"not_picked":["Calling Bell","Busted Crown"],"picked":"Sozu"},{"not_picked":["Snecko Eye","Runic Pyramid"],"picked":"SlaversCollar"}],"items_purged_floors":[46],"is_endless":false,"potions_floor_spawned":[10,15,16,22,25,26,30,32,33,36,38,39,40,42,44,45,46,48,49],"ascension_level":0}}