{"host":"j4g6ia6asvpyu2b0","time":1611274922,"event":{"mods":["BaseMod","Colored Map","Minty Spire (QoL Compilation)","Permanent Neow","Quick Restart","Relic Stats","StSLib","Unceasing Turn Reminder"],"gold_per_floor":[116,132,132,144,109,144,144,176,176,176,176],"floor_reached":10,"language":"ENG","playtime":11421,"items_purged":[],"score":129,"play_id":"8b4117ef-ec92-42d5-adc0-9864c00b169f","local_time":"20210121172202","is_ascension_mode":true,"campfire_choices":[{"data":"Bash","floor":7,"key":"SMITH"}],"circlet_count":0,"master_deck":["AscendersBane","Strike_R","Strike_R","Strike_R","Strike_R","Strike_R","Defend_R","Defend_R+1","Defend_R+1","Defend_R","Bash+1","Battle Trance","Dropkick","Feel No Pain","Sword Boomerang","Disarm"],"relics":["Runic Dome","Smiling Mask","Singing Bowl"],"acts_visited":["Exordium"],"potions_floor_usage":[],"damage_taken":[{"damage":3,"enemies":"2 Louse","floor":1,"turns":3},{"damage":7,"enemies":"Jaw Worm","floor":2,"turns":3},{"damage":0,"enemies":"Small Slimes","floor":4,"turns":3},{"damage":25,"enemies":"Gremlin Nob","floor":6,"turns":4},{"damage":24,"enemies":"Lagavulin","floor":8,"turns":6},{"damage":14,"enemies":"Gremlin Nob","floor":10,"turns":2}],"seed_played":"4783025903634631557","potions_obtained":[{"floor":1,"key":"GamblersBrew"}],"is_trial":false,"path_per_floor":["M","M","?","M","?","E","R","E","T","E"],"character_chosen":"IRONCLAD","items_purchased":[],"campfire_rested":0,"item_purchase_floors":[],"current_hp_per_floor":[65,58,43,43,61,36,36,12,12,0,0],"gold":176,"neow_bonus":"BOSS_RELIC","is_daily":false,"chose_seed":false,"campfire_upgraded":1,"win_rate":0.0,"timestamp":1611274922,"path_taken":["M","M","?","M","?","E","R","E","T","E"],"items_purchased_type":[],"build_version":"2020-12-22","purchased_purges":0,"victory":false,"max_hp_per_floor":[75,75,75,75,75,75,75,75,75,75,75],"relic_stats":{"Singing Bowl":0,"counters":[6,21],"Smiling Mask":0,"obtain_stats":[{"Runic Dome":0,"Singing Bowl":8,"Smiling Mask":6,"Burning Blood":0},{"Runic Dome":0,"Singing Bowl":5,"Smiling Mask":4,"Burning Blood":0},{"Runic Dome":0,"Singing Bowl":19,"Smiling Mask":13,"Burning Blood":0}]},"card_choices":[{"not_picked":["Intimidate","Rampage"],"picked":"Battle Trance","floor":1},{"not_picked":["Warcry","Iron Wave"],"picked":"Dropkick","floor":2},{"not_picked":["Combust","Intimidate"],"picked":"Feel No Pain","floor":4},{"not_picked":["Havoc","Wild Strike"],"picked":"Sword Boomerang","floor":6},{"not_picked":["Flex","Havoc"],"picked":"Disarm","floor":8}],"player_experience":910166,"relics_obtained":[{"floor":6,"key":"Smiling Mask"},{"floor":8,"key":"Singing Bowl"}],"event_choices":[{"damage_healed":0,"gold_gain":0,"player_choice":"Entered Light","damage_taken":15,"max_hp_gain":0,"max_hp_loss":0,"event_name":"Shining Light","floor":3,"gold_loss":0,"cards_upgraded":["Defend_R","Defend_R"]},{"damage_healed":18,"gold_gain":0,"player_choice":"Healed","damage_taken":0,"max_hp_gain":0,"max_hp_loss":0,"event_name":"The Cleric","floor":5,"gold_loss":35}],"is_beta":false,"boss_relics":[],"items_purged_floors":[],"is_endless":false,"potions_floor_spawned":[1],"killed_by":"Gremlin Nob","ascension_level":14}}