{"host":"zv753xhrtese558r","time":1611292032,"event":{"mods":["2.2 Compatiblity","AchievementEnabler","BaseMod","Bestiary","Better Match","Better Note","Better Skull","Better Third Choice","BetterRewards","Colored Map","Colored Powertips","Googly Eyes","Infinite Spire","Minty Spire (QoL Compilation)","Spicy Shops","StSLib"],"gold_per_floor":[113,133,133,152,27,27,69,98,98,151,43,43,43,52,52,191,191,220,12,21,21,50,50,98,127,127,127,151,194,203,230,230,230,230],"floor_reached":33,"language":"ENG","playtime":2341,"items_purged":["Strike_G"],"score":493,"play_id":"6a3af5df-a4b5-4e34-9e7b-df7b7181d7c5","local_time":"20210121210712","is_ascension_mode":true,"campfire_choices":[{"floor":6,"key":"REST"},{"floor":12,"key":"REST"},{"data":"Deadly Poison","floor":12,"key":"SMITH"},{"floor":15,"key":"REST"},{"data":"Deadly Poison","floor":15,"key":"SMITH"},{"floor":23,"key":"REST"},{"data":"A Thousand Cuts","floor":23,"key":"SMITH"},{"floor":27,"key":"REST"},{"data":"Backstab","floor":27,"key":"SMITH"},{"floor":30,"key":"REST"},{"data":"Cloak And Dagger","floor":30,"key":"SMITH"},{"floor":32,"key":"REST"}],"circlet_count":0,"master_deck":["Strike_G","Strike_G","Strike_G","Strike_G","Defend_G","Defend_G","Defend_G","Defend_G","Survivor","Neutralize","Poisoned Stab","Accuracy","Deadly Poison+1","Cloak And Dagger+1","Injury","Footwork","Deadly Poison+1","Acrobatics","Sucker Punch","Backstab+1","Deadly Poison","A Thousand Cuts+1","Outmaneuver","Dagger Spray","Flying Knee","Dagger Throw","Riddle With Holes+1","Blur+1","Blade Dance"],"relics":["Ring of the Snake","White Beast Statue","Snake Skull","Golden Idol","CeramicFish","Bottled Lightning","Gremlin Horn","infinitespire:Magic Flask","infinitespire:PuzzleCube","WristBlade","Blood Vial","Tiny Chest","Spirit Poop","infinitespire:CursedDice","Singing Bowl","Strawberry","Dream Catcher"],"acts_visited":["Exordium","TheCity"],"potions_floor_usage":[7,10,16,16,18,22,24,24,29,29,33,33],"damage_taken":[{"damage":3,"enemies":"2 Louse","floor":1,"turns":2},{"damage":0,"enemies":"Small Slimes","floor":2,"turns":3},{"damage":0,"enemies":"Cultist","floor":4,"turns":3},{"damage":26,"enemies":"Lagavulin","floor":7,"turns":6},{"damage":12,"enemies":"Looter","floor":8,"turns":4},{"damage":20,"enemies":"Gremlin Nob","floor":10,"turns":4},{"damage":21,"enemies":"Hexaghost","floor":16,"turns":6},{"damage":14,"enemies":"Shell Parasite","floor":18,"turns":4},{"damage":23,"enemies":"Spheric Guardian","floor":22,"turns":5},{"damage":27,"enemies":"Gremlin Leader","floor":24,"turns":5},{"damage":34,"enemies":"Shelled Parasite and Fungi","floor":25,"turns":4},{"damage":41,"enemies":"Slavers","floor":29,"turns":7},{"damage":9,"enemies":"Chosen and Byrds","floor":31,"turns":4},{"damage":88,"enemies":"Automaton","floor":33,"turns":10}],"seed_played":"-8781900867399244509","potions_obtained":[{"floor":1,"key":"Explosive Potion"},{"floor":2,"key":"SpeedPotion"},{"floor":4,"key":"Ancient Potion"},{"floor":7,"key":"Weak Potion"},{"floor":10,"key":"LiquidMemories"},{"floor":16,"key":"Energy Potion"},{"floor":18,"key":"Fruit Juice"},{"floor":22,"key":"LiquidBronze"},{"floor":24,"key":"Fire Potion"},{"floor":25,"key":"SneckoOil"},{"floor":29,"key":"BlessingOfTheForge"},{"floor":31,"key":"Swift Potion"}],"is_trial":false,"path_per_floor":["M","M","?","M","$","R","E","M","T","E","$","R","$","?","R","B",null,"M","$","?","?","M","R","E","M","T","R","T","E","R","M","R","B"],"character_chosen":"THE_SILENT","items_purchased":["White Beast Statue","Snake Skull","Poisoned Stab","Accuracy","CeramicFish","PowerPotion","infinitespire:PuzzleCube","Backstab","Blood Vial","Dagger Spray"],"campfire_rested":7,"item_purchase_floors":[0,0,0,0,5,5,11,11,19,19],"current_hp_per_floor":[47,47,47,47,47,68,42,30,30,10,10,31,31,31,52,31,70,61,61,61,61,40,62,37,5,5,27,34,31,56,49,76,0,0],"gold":230,"neow_bonus":"","is_daily":false,"chose_seed":false,"campfire_upgraded":5,"win_rate":0.0,"timestamp":1611292032,"path_taken":["M","M","?","M","$","R","E","M","T","E","$","R","$","?","R","BOSS","M","?","?","?","?","R","E","?","T","R","?","E","R","M","R","BOSS"],"items_purchased_type":["Relic","Relic","Card","Card","Relic","Potion","Relic","Card","Relic","Card"],"build_version":"2020-12-22","purchased_purges":1,"victory":false,"max_hp_per_floor":[70,70,70,70,70,70,70,70,70,70,70,70,70,70,70,70,70,75,75,75,75,75,75,75,75,75,75,82,84,84,84,86,86,86],"card_choices":[{"not_picked":["PiercingWail","Concentrate"],"picked":"Deadly Poison","floor":1},{"not_picked":["Dagger Throw","Deflect"],"picked":"Cloak And Dagger","floor":2},{"not_picked":["Outmaneuver","Underhanded Strike"],"picked":"Footwork","floor":4},{"not_picked":["Flying Knee","Calculated Gamble"],"picked":"Deadly Poison","floor":7},{"not_picked":["Slice","Glass Knife"],"picked":"Acrobatics","floor":8},{"not_picked":["Setup","Prepared"],"picked":"Sucker Punch","floor":10},{"not_picked":["infinitespire:Neurotoxin","Night Terror"],"picked":"A Thousand Cuts","floor":16},{"not_picked":["Predator","Underhanded Strike"],"picked":"Outmaneuver","floor":18},{"not_picked":["Bane","Deflect"],"picked":"Flying Knee","floor":22},{"not_picked":["Backflip","Deadly Poison"],"picked":"Dagger Throw","floor":24},{"not_picked":["Calculated Gamble","Bullet Time"],"picked":"Riddle With Holes+1","floor":25},{"not_picked":["Cloak And Dagger","Finisher","Bane"],"picked":"Singing Bowl","floor":29},{"not_picked":["Concentrate+1","PiercingWail"],"picked":"Blur+1","floor":30},{"not_picked":["Sucker Punch","Setup"],"picked":"Blade Dance","floor":31},{"not_picked":["Prepared","Quick Slash","Setup"],"picked":"Singing Bowl","floor":32}],"player_experience":395033,"relics_obtained":[{"floor":7,"key":"Bottled Lightning"},{"floor":9,"key":"Gremlin Horn"},{"floor":10,"key":"infinitespire:Magic Flask"},{"floor":24,"key":"infinitespire:CursedDice"},{"floor":26,"key":"Singing Bowl"},{"floor":28,"key":"Strawberry"},{"floor":29,"key":"Dream Catcher"}],"event_choices":[{"damage_healed":0,"gold_gain":0,"player_choice":"Take Wound","damage_taken":0,"relics_obtained":["Golden Idol"],"max_hp_gain":0,"max_hp_loss":0,"event_name":"Golden Idol","floor":3,"gold_loss":0,"cards_obtained":["Injury"]},{"damage_healed":0,"gold_gain":0,"cards_transformed":["Defend_G"],"player_choice":"Transformed","damage_taken":0,"max_hp_gain":0,"max_hp_loss":0,"event_name":"Transmorgrifier","floor":14,"gold_loss":0,"cards_obtained":["Deadly Poison"]},{"damage_healed":0,"gold_gain":0,"player_choice":"Stole Relic","damage_taken":0,"relics_obtained":["Tiny Chest"],"max_hp_gain":0,"max_hp_loss":0,"event_name":"Addict","floor":20,"gold_loss":0,"cards_obtained":["Shame"]},{"cards_removed":["Shame"],"damage_healed":0,"gold_gain":0,"player_choice":"Offered Curse","damage_taken":0,"relics_obtained":["Spirit Poop"],"max_hp_gain":0,"max_hp_loss":0,"event_name":"Bonfire Elementals","floor":21,"gold_loss":0}],"is_beta":false,"boss_relics":[{"not_picked":["Coffee Dripper","Fusion Hammer"],"picked":"WristBlade"}],"items_purged_floors":[19],"is_endless":false,"potions_floor_spawned":[1,2,4,7,8,10,16,18,22,24,25,29,31],"killed_by":"Automaton","ascension_level":4}}