{"host":"b995t17pt6d05w8c","time":1611355048,"event":{"mods":["AchievementEnabler","BaseMod","Colored Map","DeckTracker","Keyboard Shortcuts","Minty Spire (QoL Compilation)","Permanent Neow","SuperFastMode"],"gold_per_floor":[114,114,189,108,120,120,150,120,197,225,225,242,260,260,260,334,334,344,344,355,355,42,42,42],"floor_reached":23,"language":"KOR","playtime":532,"items_purged":["Strike_B"],"score":345,"play_id":"4df5f87e-6afc-437e-90ce-59871db05e29","local_time":"20210123073728","is_ascension_mode":true,"campfire_choices":[{"data":"Zap","floor":6.0,"key":"SMITH"},{"floor":11,"key":"REST"},{"data":"Rip and Tear","floor":15,"key":"SMITH"}],"circlet_count":0,"master_deck":["AscendersBane","Strike_B","Strike_B","Defend_B","Defend_B","Defend_B","Defend_B","Zap+1","Dualcast","Double Energy","Rip and Tear+1","Rebound","Cold Snap","Coolheaded","Hologram","Creative AI","Skim","Chaos","Core Surge"],"relics":["Cracked Core","Ancient Tea Set","Peace Pipe","Letter Opener","Vajra","SlaversCollar","Membership Card"],"acts_visited":["TheCity"],"potions_floor_usage":[10,10,10,13,16,16,23],"damage_taken":[{"damage":1.0,"enemies":"Small Slimes","floor":1.0,"turns":4.0},{"damage":4.0,"enemies":"Jaw Worm","floor":5.0,"turns":3.0},{"damage":30.0,"enemies":"3 Sentries","floor":7.0,"turns":7.0},{"damage":16,"enemies":"Lagavulin","floor":10,"turns":5},{"damage":0,"enemies":"2 Louse","floor":12,"turns":1},{"damage":8,"enemies":"Lots of Slimes","floor":13,"turns":3},{"damage":2,"enemies":"The Guardian","floor":16,"turns":10},{"damage":41,"enemies":"2 Thieves","floor":18,"turns":5},{"damage":5,"enemies":"Shell Parasite","floor":20,"turns":5},{"damage":41,"enemies":"Centurion and Healer","floor":23,"turns":11}],"seed_played":"5691640661200959956","potions_obtained":[{"floor":5.0,"key":"PowerPotion"},{"floor":7.0,"key":"ColorlessPotion"},{"floor":8.0,"key":"EntropicBrew"},{"floor":12,"key":"BlessingOfTheForge"},{"floor":13,"key":"Dexterity Potion"},{"floor":18,"key":"Energy Potion"}],"is_trial":false,"path_per_floor":["M","?","?","$","M","R","E","?","T","E","R","M","M","?","R","B",null,"M","?","M","M","$","M"],"character_chosen":"DEFECT","items_purchased":["Rip and Tear","Membership Card","Core Surge","DistilledChaos"],"campfire_rested":1,"item_purchase_floors":[4,22,22,22],"current_hp_per_floor":[63,63,52,52,48,48,18,18,18,2,23,23,15,71,71,69,71,30,30,25,25,25,0,0],"gold":42,"neow_bonus":"RANDOM_COMMON_RELIC","is_daily":false,"chose_seed":false,"campfire_upgraded":2,"win_rate":0.0,"timestamp":1611355048,"path_taken":["M","?","?","?","M","R","E","?","T","E","R","?","M","?","R","BOSS","M","?","M","M","$","M"],"items_purchased_type":["Card","Relic","Card","Potion"],"build_version":"2020-12-22","purchased_purges":1,"victory":false,"max_hp_per_floor":[71,71,71,71,71,71,71,71,71,71,71,71,71,71,71,71,71,71,71,71,71,71,71,71],"card_choices":[{"not_picked":["Conserve Battery","Darkness"],"picked":"Double Energy","floor":1.0},{"not_picked":["Heatsinks","Coolheaded"],"picked":"Rebound","floor":5.0},{"not_picked":["Hyperbeam","Lockon"],"picked":"Cold Snap","floor":7.0},{"not_picked":["Redo","Force Field"],"picked":"Coolheaded","floor":10},{"not_picked":["Go for the Eyes","Recycle"],"picked":"Hologram","floor":12},{"not_picked":["Force Field","Reinforced Body"],"picked":"Self Repair","floor":13},{"not_picked":["Seek","Meteor Strike"],"picked":"Creative AI","floor":16},{"not_picked":["Doom and Gloom","Leap"],"picked":"Skim","floor":18},{"not_picked":["Ball Lightning","Cold Snap"],"picked":"Chaos","floor":20}],"player_experience":159462,"relics_obtained":[{"floor":7.0,"key":"Peace Pipe"},{"floor":9.0,"key":"Letter Opener"},{"floor":10,"key":"Vajra"}],"event_choices":[{"cards_removed":["Strike_B"],"damage_healed":0.0,"max_hp_gain":0.0,"max_hp_loss":0.0,"gold_gain":0.0,"event_name":"Living Wall","player_choice":"Forget","floor":2.0,"gold_loss":0.0,"damage_taken":0.0},{"damage_healed":0.0,"max_hp_gain":0.0,"max_hp_loss":0.0,"gold_gain":75.0,"event_name":"World of Goop","player_choice":"Gather Gold","floor":3.0,"gold_loss":0.0,"damage_taken":11.0},{"damage_healed":0.0,"max_hp_gain":0.0,"max_hp_loss":0.0,"gold_gain":0.0,"event_name":"The Woman in Blue","player_choice":"Bought 2 Potions","floor":8.0,"gold_loss":0.0,"damage_taken":0.0},{"cards_removed":["Self Repair"],"damage_healed":56,"gold_gain":0,"player_choice":"Offered Uncommon","damage_taken":0,"max_hp_gain":0,"max_hp_loss":0,"event_name":"Bonfire Elementals","floor":14,"gold_loss":0},{"damage_healed":0,"gold_gain":0,"player_choice":"Ignored","damage_taken":0,"max_hp_gain":0,"max_hp_loss":0,"event_name":"Vampires","floor":19,"gold_loss":0}],"is_beta":false,"boss_relics":[{"not_picked":["SacredBark","Black Star"],"picked":"SlaversCollar"}],"items_purged_floors":[22],"is_endless":false,"potions_floor_spawned":[5,7,12,13,18],"killed_by":"Centurion and Healer","ascension_level":15}}