{"host":"b4asi0laiv85suj9","time":1611296573,"event":{"mods":["ATMod(°¢èªMod)","BaseMod","Colored Powertips","Minty Spire (QoL Compilation)","MostiFishMod","Quick Restart","Relic Stats","StSLib","TestMod","noobMod"],"gold_per_floor":[113,133,148,167,177,177,205,205,252,290,308,333,352,396,396,489,489,1112,1112,594,994,1017,1048,1048,1086,1110,1151,1276,1299,1335,1353,1353,1446,1446,1477,1061,1088,963,988,1048,1083,1083,1110,1110,1165,1165,1205,1251,1251,1263,1282,1282,1282,679,733,761],"floor_reached":57,"language":"ZHS","playtime":3198,"items_purged":["Defend_G","Defend_G","Strike_G","Strike_G+1"],"score":3459,"play_id":"b769e831-6b6b-4c9e-93cd-337c341c45a9","local_time":"20210122142253","is_ascension_mode":true,"campfire_choices":[{"data":"AT_FamilyPortrait","floor":6.0,"key":"SMITH"},{"data":"Tactician","floor":15.0,"key":"SMITH"},{"data":"MostiFishMod:Dislodge","floor":24,"key":"SMITH"},{"data":"testmod-RabbitOfFibonacci","floor":32,"key":"SMITH"},{"data":"MostiFishMod:ShivMaster","floor":42,"key":"SMITH"},{"floor":49,"key":"RECALL"},{"data":"testmod-RabbitOfFibonacci+2","floor":53,"key":"SMITH"}],"circlet_count":0,"master_deck":["AscendersBane","Strike_G+1","Strike_G+1","Defend_G+1","Defend_G+1","Defend_G+1","Survivor+1","Neutralize+1","AT_FamilyPortrait+1","Accuracy+1","Backflip+1","Acrobatics+1","Acrobatics+1","Escape Plan+1","Prepared+1","AT_FocusSwordFire+1","Riddle With Holes+1","Tactician+1","MostiFishMod:Dislodge+1","Cloak And Dagger+1","testmod-RabbitOfFibonacci+3","Blade Dance+1","PiercingWail+1","Corpse Explosion+1","Blade Dance+1","MostiFishMod:ShivMaster+1","Calculated Gamble+1","MostiFishMod:Opportunism+1","Terror+1","testmod-SelfRegulatingSystem","Well Laid Plans"],"relics":["Ring of the Serpent","testmod-TestBox","ice","AT_ATBox","NeowsBlessing","ChiXiaoBlade","testmod-ArcanaOfDestiny","SynthV:TestCard","AT_RedTearstoneRing","Golden Idol","Pen Nib","AT_ImmortalShieldbow","Odd Mushroom","Whetstone","testmod-FatalChain","ThornShield","Potion Belt","testmod-OneHitWonder","Anchor","Darkstone Periapt","testmod-DeterminationOfClimber","MostiFishMod:Haymaker","Gremlin Horn","AT_SunfireAegis","Mark of the Bloom","Question Card","Membership Card","Mercury Hourglass","Lantern","AT_Kusabimaru"],"acts_visited":["Exordium","TheCity","TheBeyond","TheEnding"],"potions_floor_usage":[56,56],"damage_taken":[{"damage":0.0,"enemies":"2 Louse","floor":1.0,"turns":1.0},{"damage":0.0,"enemies":"Jaw Worm","floor":2.0,"turns":1.0},{"damage":0.0,"enemies":"Small Slimes","floor":3.0,"turns":1.0},{"damage":28.0,"enemies":"Exordium Thugs","floor":4.0,"turns":7.0},{"damage":0.0,"enemies":"Looter","floor":5.0,"turns":4.0},{"damage":15.0,"enemies":"Lagavulin","floor":7.0,"turns":9.0},{"damage":31.0,"enemies":"Gremlin Nob","floor":10.0,"turns":5.0},{"damage":9.0,"enemies":"Exordium Wildlife","floor":11.0,"turns":4.0},{"damage":11.0,"enemies":"The Mushroom Lair","floor":12.0,"turns":4.0},{"damage":0.0,"enemies":"Lots of Slimes","floor":13.0,"turns":4.0},{"damage":4.0,"enemies":"3 Sentries","floor":14.0,"turns":6.0},{"damage":12.0,"enemies":"Hexaghost","floor":16.0,"turns":6.0},{"damage":5,"enemies":"2 Thieves","floor":18,"turns":3},{"damage":0,"enemies":"Chosen","floor":22,"turns":2},{"damage":68,"enemies":"Gremlin Leader","floor":23,"turns":6},{"damage":4,"enemies":"Book of Stabbing","floor":25,"turns":3},{"damage":4,"enemies":"Slavers","floor":27,"turns":1},{"damage":0,"enemies":"3 Cultists","floor":28,"turns":2},{"damage":3,"enemies":"Book of Stabbing","floor":30,"turns":3},{"damage":10,"enemies":"Shelled Parasite and Fungi","floor":31,"turns":2},{"damage":0,"enemies":"Champ","floor":33,"turns":6},{"damage":0,"enemies":"Orb Walker","floor":35,"turns":1},{"damage":0,"enemies":"3 Shapes","floor":37,"turns":1},{"damage":0,"enemies":"Jaw Worm Horde","floor":39,"turns":1},{"damage":0,"enemies":"Nemesis","floor":40,"turns":1},{"damage":0,"enemies":"Writhing Mass","floor":41,"turns":1},{"damage":0,"enemies":"Giant Head","floor":45,"turns":1},{"damage":0,"enemies":"Transient","floor":47,"turns":1},{"damage":0,"enemies":"Reptomancer","floor":48,"turns":1},{"damage":4,"enemies":"Time Eater","floor":50,"turns":2},{"damage":0,"enemies":"Awakened One","floor":51,"turns":2},{"damage":0,"enemies":"Shield and Spear","floor":55,"turns":1},{"damage":3,"enemies":"The Heart","floor":56,"turns":5}],"seed_played":"8492452512890752654","potions_obtained":[{"floor":4.0,"key":"SpeedPotion"},{"floor":5.0,"key":"ColorlessPotion"},{"floor":7.0,"key":"LiquidBronze"},{"floor":11.0,"key":"FearPotion"},{"floor":13.0,"key":"Energy Potion"},{"floor":25,"key":"Block Potion"},{"floor":28,"key":"SkillPotion"}],"is_trial":false,"path_per_floor":["M","M","M","M","M","R","E","?","T","E","M","?","M","E","R","B",null,"M","?","$","?","M","E","R","E","T","E","M","T","E","M","R","B",null,"M","$","M","$","M","E","M","R","T","?","E","?","M","E","R","B","B",null,"R","$","E","B",null],"character_chosen":"THE_SILENT","items_purchased":["testmod-FatalChain","testmod-RabbitOfFibonacci","MostiFishMod:Haymaker","Membership Card","Mercury Hourglass","Lantern","testmod-SelfRegulatingSystem","Well Laid Plans"],"campfire_rested":0,"item_purchase_floors":[20,20,36,54,54,54,54,54],"current_hp_per_floor":[59,59,59,31,31,31,33,33,33,60,51,40,40,36,36,51,81,76,76,76,76,76,91,91,87,87,83,83,83,80,82,82,82,101,107,107,107,107,107,107,107,107,107,107,107,107,107,107,107,103,103,103,103,103,103,100],"gold":761,"neow_bonus":"THREE_ENEMY_KILL","is_daily":false,"chose_seed":false,"campfire_upgraded":6,"win_rate":0.0,"timestamp":1611296573,"path_taken":["M","M","M","M","M","R","E","?","T","E","M","?","M","E","R","BOSS","M","?","?","?","M","E","R","E","T","E","M","?","E","?","R","BOSS","M","$","M","?","?","E","M","R","T","?","E","?","M","E","R","BOSS","BOSS","R","$","E","BOSS"],"items_purchased_type":["Relic","Card","Relic","Relic","Relic","Relic","Card","Card"],"build_version":"2020-12-22","purchased_purges":4,"victory":true,"max_hp_per_floor":[66,66,66,66,66,66,66,60,60,60,65,70,76,81,81,91,91,91,91,91,91,91,91,91,96,96,98,98,98,103,105,105,107,107,107,107,107,107,107,107,107,107,107,107,107,107,107,107,107,111,111,111,111,111,111,184],"relic_stats":{"Darkstone Periapt":0,"Mark of the Bloom":132,"Gremlin Horn":[1,3],"counters":[33,98],"Golden Idol":227,"Pen Nib":[31],"Whetstone":["Strike_G","Strike_G"],"Question Card":1,"obtain_stats":[{"Darkstone Periapt":30,"Mark of the Bloom":46,"Lantern":54,"AT_ATBox":0,"DaveBox":0,"MostiFishMod:Haymaker":36,"Gremlin Horn":40,"ice":0,"Whetstone":14,"AT_Kusabimaru":55,"testmod-DeterminationOfClimber":34,"testmod-ArcanaOfDestiny":0,"Ring of the Snake":0,"Potion Belt":25,"AT_RedTearstoneRing":7,"testmod-TestBox":0,"NeowsBlessing":0,"Golden Idol":8,"testmod-FatalChain":20,"Pen Nib":9,"Odd Mushroom":12,"ThornShield":23,"Question Card":48,"Mercury Hourglass":54,"AT_ImmortalShieldbow":10,"Anchor":29,"SynthV:TestCard":1,"ChiXiaoBlade":0,"Membership Card":54,"AT_SunfireAegis":45,"Ring of the Serpent":17,"testmod-OneHitWonder":26},{"Darkstone Periapt":19,"Mark of the Bloom":27,"Lantern":31,"AT_ATBox":0,"DaveBox":0,"MostiFishMod:Haymaker":22,"Gremlin Horn":25,"ice":0,"Whetstone":11,"AT_Kusabimaru":32,"testmod-DeterminationOfClimber":21,"testmod-ArcanaOfDestiny":0,"Ring of the Snake":0,"Potion Belt":16,"AT_RedTearstoneRing":6,"testmod-TestBox":0,"NeowsBlessing":0,"Golden Idol":6,"testmod-FatalChain":13,"Pen Nib":6,"Odd Mushroom":9,"ThornShield":15,"Question Card":29,"Mercury Hourglass":31,"AT_ImmortalShieldbow":7,"Anchor":18,"SynthV:TestCard":1,"ChiXiaoBlade":0,"Membership Card":31,"AT_SunfireAegis":27,"Ring of the Serpent":12,"testmod-OneHitWonder":16},{"Darkstone Periapt":72,"Mark of the Bloom":86,"Lantern":92,"AT_ATBox":0,"DaveBox":0,"MostiFishMod:Haymaker":81,"Gremlin Horn":84,"ice":0,"Whetstone":46,"AT_Kusabimaru":93,"testmod-DeterminationOfClimber":80,"testmod-ArcanaOfDestiny":0,"Ring of the Snake":0,"Potion Belt":66,"AT_RedTearstoneRing":23,"testmod-TestBox":0,"NeowsBlessing":0,"Golden Idol":23,"testmod-FatalChain":55,"Pen Nib":23,"Odd Mushroom":36,"ThornShield":63,"Question Card":88,"Mercury Hourglass":92,"AT_ImmortalShieldbow":28,"Anchor":69,"SynthV:TestCard":1,"ChiXiaoBlade":0,"Membership Card":92,"AT_SunfireAegis":86,"Ring of the Serpent":52,"testmod-OneHitWonder":66}],"Mercury Hourglass":[24]},"card_choices":[{"not_picked":["Deflect","AT_WindFlip","Noxious Fumes"],"picked":"SKIP","floor":1.0},{"not_picked":["Flying Knee","Infinite Blades","MostiFishMod:PerfectParry","AT_Desolate"],"picked":"Accuracy","floor":2.0},{"not_picked":["Dagger Spray","PiercingWail","Dagger Throw","Well Laid Plans"],"picked":"Backflip","floor":3.0},{"not_picked":["Outmaneuver","Deadly Poison","Endless Agony","All Out Attack"],"picked":"Acrobatics","floor":4.0},{"not_picked":["Bane","Slice","Dagger Throw","AT_WindFlip"],"picked":"Acrobatics","floor":5.0},{"not_picked":["Quick Slash","Skewer","Slice","AT_WindFlip"],"picked":"Escape Plan","floor":7.0},{"not_picked":["Escape Plan","MostiFishMod:LethalBlade","Skewer","Die Die Die"],"picked":"Prepared","floor":10.0},{"not_picked":["Sucker Punch","Outmaneuver","Backflip","Deflect","AT_Desolate"],"picked":"SKIP","floor":11.0},{"not_picked":["MostiFishMod:PerfectParry","Slice","Prepared","Footwork"],"picked":"AT_FocusSwordFire","floor":12.0},{"not_picked":["AT_WindFlip","AT_KneejerkReflex","Acrobatics","Backflip"],"picked":"Riddle With Holes","floor":13.0},{"not_picked":["Expertise","Dagger Throw","Setup","Grand Finale"],"picked":"Tactician","floor":14.0},{"not_picked":["Unload","MostiFishMod:AdrenalineArouse","Die Die Die","Storm of Steel"],"picked":"MostiFishMod:Dislodge","floor":16.0},{"not_picked":["Setup+1","AT_WindFlip","AT_WomanClash","Underhanded Strike"],"picked":"Cloak And Dagger","floor":18},{"not_picked":["All Out Attack","MostiFishMod:PoisonShield","Dodge and Roll","Dagger Spray","Sucker Punch"],"picked":"SKIP","floor":22},{"not_picked":["Acrobatics","Dagger Spray","Storm of Steel","Footwork"],"picked":"Blade Dance","floor":23},{"not_picked":["Deadly Poison","Riddle With Holes","PiercingWail","Quick Slash+1","Bouncing Flask"],"picked":"SKIP","floor":25},{"not_picked":["Deadly Poison","Riddle With Holes","Quick Slash+1","Bouncing Flask"],"picked":"PiercingWail","floor":25},{"not_picked":["Quick Slash","AT_WindFlip","Corpse Explosion","Dagger Throw","Predator"],"picked":"SKIP","floor":27},{"not_picked":["Quick Slash","AT_WindFlip","Dagger Throw","Predator"],"picked":"Corpse Explosion","floor":27},{"not_picked":["Finisher","Dagger Spray","Backflip","Backstab","Deflect"],"picked":"SKIP","floor":28},{"not_picked":["Underhanded Strike","AT_ArcaneSupremacy","Accuracy+1","Deflect"],"picked":"Blade Dance","floor":30},{"not_picked":["AT_WindRun+1","PiercingWail","Caltrops","Deadly Poison","Bane"],"picked":"SKIP","floor":31},{"not_picked":["Unload","MostiFishMod:LethalBlade","A Thousand Cuts","MostiFishMod:Dislodge"],"picked":"MostiFishMod:ShivMaster","floor":33},{"not_picked":["Blade Dance","Prepared","Cloak And Dagger","Flying Knee+1"],"picked":"Calculated Gamble","floor":35},{"not_picked":["Cloak And Dagger+1","Underhanded Strike","Bane","Blade Dance","Deadly Poison"],"picked":"SKIP","floor":37},{"not_picked":["Dagger Throw+1","Poisoned Stab","MostiFishMod:InvigoratingSolution","Flying Knee","Bane+1"],"picked":"SKIP","floor":39},{"not_picked":["Poisoned Stab","AT_WindFlip","Acrobatics+1","Dodge and Roll","Backflip"],"picked":"SKIP","floor":40},{"not_picked":["MostiFishMod:PerfectParry","PiercingWail+1","Cloak And Dagger","Backflip"],"picked":"MostiFishMod:Opportunism","floor":41},{"not_picked":["Backflip+1","Escape Plan","Finisher","Quick Slash"],"picked":"Terror","floor":45},{"not_picked":["AT_WindFlip","Poisoned Stab","Dagger Throw","AT_KneejerkReflex","Blade Dance"],"picked":"SKIP","floor":47},{"not_picked":["Deadly Poison","Outmaneuver","Die Die Die","Slice","Quick Slash"],"picked":"SKIP","floor":48},{"not_picked":["Dagger Spray","Bouncing Flask","Choke","Quick Slash","MostiFishMod:FrostNova+1"],"picked":"MostiFishMod:FullyArmed","floor":55}],"player_experience":312563,"relics_obtained":[{"floor":1.0,"key":"SynthV:TestCard"},{"floor":7.0,"key":"AT_RedTearstoneRing"},{"floor":9.0,"key":"Pen Nib"},{"floor":10.0,"key":"AT_ImmortalShieldbow"},{"floor":12.0,"key":"Odd Mushroom"},{"floor":14.0,"key":"Whetstone"},{"floor":23,"key":"ThornShield"},{"floor":25,"key":"Potion Belt"},{"floor":26,"key":"testmod-OneHitWonder"},{"floor":29,"key":"Anchor"},{"floor":30,"key":"Darkstone Periapt"},{"floor":40,"key":"Gremlin Horn"},{"floor":45,"key":"AT_SunfireAegis"},{"floor":48,"key":"Question Card"},{"floor":55,"key":"AT_Kusabimaru"}],"event_choices":[{"damage_healed":0.0,"max_hp_gain":0.0,"max_hp_loss":6.0,"gold_gain":0.0,"event_name":"Golden Idol","player_choice":"Lose Max HP","floor":8.0,"gold_loss":0.0,"damage_taken":0.0,"relics_obtained":["Golden Idol"]},{"damage_healed":0.0,"max_hp_gain":0.0,"max_hp_loss":0.0,"gold_gain":0.0,"event_name":"Mushrooms","player_choice":"Fought Mushrooms","floor":12.0,"gold_loss":0.0,"damage_taken":0.0},{"cards_removed":["Strike_G"],"damage_healed":0,"gold_gain":0,"player_choice":"Card Removal","damage_taken":0,"max_hp_gain":0,"max_hp_loss":0,"event_name":"Wheel of Change","floor":19,"gold_loss":0},{"damage_healed":0,"gold_gain":400,"player_choice":"Sell","damage_taken":0,"max_hp_gain":0,"max_hp_loss":0,"event_name":"¶÷ÂåË¹µÄÅÌ×Ó","floor":21,"relics_lost":["DaveBox"],"gold_loss":0},{"damage_healed":0,"gold_gain":0,"player_choice":"Ignored","damage_taken":0,"max_hp_gain":0,"max_hp_loss":0,"event_name":"Tomb of Lord Red Mask","floor":44,"gold_loss":0},{"damage_healed":0,"gold_gain":0,"player_choice":"Upgrade","damage_taken":0,"relics_obtained":["Mark of the Bloom"],"max_hp_gain":0,"max_hp_loss":0,"event_name":"MindBloom","floor":46,"gold_loss":0,"cards_upgraded":["Strike_G","Defend_G","Defend_G","Defend_G","Survivor","Neutralize","Accuracy","Backflip","Acrobatics","Acrobatics","Escape Plan","Prepared","AT_FocusSwordFire","Riddle With Holes","Cloak And Dagger","testmod-RabbitOfFibonacci","Blade Dance","PiercingWail","Corpse Explosion","Blade Dance","Calculated Gamble","MostiFishMod:Opportunism","Terror"]}],"is_beta":false,"boss_relics":[{"not_picked":["Calling Bell","MoonlightInvasionPlan"],"picked":"Ring of the Serpent"},{"not_picked":["testmod-Fanaticism","TakeMeEscape"],"picked":"testmod-DeterminationOfClimber"}],"items_purged_floors":[20,36,38,54],"is_endless":false,"potions_floor_spawned":[4,5,7,11,12,13,23,25,28,31,37,45,47,48],"ascension_level":20}}