{"host":"neeznpvpgo0qgfkd","time":1611338412,"event":{"mods":["AchievementEnabler","BaseMod","BetterRewards","Colored Map","Colored Powertips","Exacting","Minty Spire (QoL Compilation)","Permanent Neow","Quick Restart","Shop Mod"],"gold_per_floor":[127,140,215,146,146,175,175,209,261,16,27,27,102,116,116,191,191,202,202,202,202,202],"floor_reached":21,"language":"ENG","playtime":1121,"items_purged":[],"score":356,"play_id":"b0b77b56-d802-4730-bf03-e1a075ce1228","local_time":"20210122130012","is_ascension_mode":true,"campfire_choices":[{"floor":12,"key":"REST"},{"floor":15,"key":"REST"}],"circlet_count":0,"master_deck":["AscendersBane","Defend_G","Defend_G","Defend_G","Defend_G","Defend_G","Survivor","Neutralize","Cloak And Dagger","Bane","Noxious Fumes","Regret","A Thousand Cuts","Poisoned Stab","Catalyst","Accuracy","A Thousand Cuts","Cloak And Dagger","Bite","Bite","Bite","Bite","Bite"],"relics":["SlaversCollar","Anchor","Paper Crane","Kunai","Mango","Philosopher\u0027s Stone"],"acts_visited":["Exordium","TheCity"],"potions_floor_usage":[6,14,16,19],"damage_taken":[{"damage":7,"enemies":"2 Louse","floor":1,"turns":3},{"damage":8,"enemies":"Small Slimes","floor":2,"turns":5},{"damage":19,"enemies":"Lagavulin","floor":6,"turns":11},{"damage":7,"enemies":"Cultist","floor":8,"turns":5},{"damage":4,"enemies":"Red Slaver","floor":11,"turns":3},{"damage":10,"enemies":"3 Sentries","floor":13,"turns":5},{"damage":14,"enemies":"Exordium Thugs","floor":14,"turns":5},{"damage":14,"enemies":"Hexaghost","floor":16,"turns":11},{"damage":43,"enemies":"3 Byrds","floor":18,"turns":5},{"damage":19,"enemies":"Chosen","floor":19,"turns":5},{"damage":19,"enemies":"3 Cultists","floor":21,"turns":3}],"seed_played":"2103395909277645700","potions_obtained":[{"floor":1,"key":"EssenceOfSteel"},{"floor":8,"key":"Energy Potion"},{"floor":13,"key":"Block Potion"},{"floor":14,"key":"Ancient Potion"},{"floor":18,"key":"SmokeBomb"}],"is_trial":false,"path_per_floor":["M","M","?","$","?","E","?","M","T","$","M","R","E","M","R","B",null,"M","M","?","M"],"character_chosen":"THE_SILENT","items_purchased":["Noxious Fumes","Kunai"],"campfire_rested":2,"item_purchase_floors":[4,10],"current_hp_per_floor":[52,44,33,33,33,14,14,7,7,7,5,24,39,27,51,39,70,29,12,12,0,0],"gold":202,"neow_bonus":"BOSS_RELIC","is_daily":false,"chose_seed":false,"campfire_upgraded":0,"win_rate":0.0,"timestamp":1611338412,"path_taken":["M","M","?","$","?","E","?","?","T","?","M","R","E","M","R","BOSS","M","M","?","M"],"items_purchased_type":["Card","Relic"],"build_version":"2020-12-22","purchased_purges":0,"victory":false,"max_hp_per_floor":[66,66,66,66,66,66,66,66,66,66,66,66,80,80,80,80,80,80,80,80,80,80],"card_choices":[{"not_picked":["Concentrate","Acrobatics"],"picked":"Cloak And Dagger","floor":1},{"not_picked":["Underhanded Strike","Predator"],"picked":"Bane","floor":2},{"not_picked":["Dash","Flying Knee"],"picked":"A Thousand Cuts","floor":6},{"not_picked":["Choke","Sucker Punch"],"picked":"Poisoned Stab","floor":8},{"not_picked":["Dodge and Roll","Outmaneuver","PiercingWail"],"picked":"SKIP","floor":11},{"not_picked":["Flying Knee","Prepared"],"picked":"Catalyst","floor":13},{"not_picked":["Riddle With Holes","Poisoned Stab"],"picked":"Accuracy","floor":14},{"not_picked":["Unload","Burst"],"picked":"A Thousand Cuts","floor":16},{"not_picked":["Bane","Distraction"],"picked":"Cloak And Dagger","floor":18}],"player_experience":1739033,"relics_obtained":[{"floor":6,"key":"Paper Crane"},{"floor":9,"key":"Blood Vial"},{"floor":13,"key":"Mango"}],"event_choices":[{"damage_healed":0,"gold_gain":75,"player_choice":"Gather Gold","damage_taken":11,"max_hp_gain":0,"max_hp_loss":0,"event_name":"World of Goop","floor":3,"gold_loss":0},{"damage_healed":0,"gold_gain":0,"player_choice":"Box","damage_taken":0,"relics_obtained":["Anchor"],"max_hp_gain":0,"max_hp_loss":0,"event_name":"Big Fish","floor":5,"gold_loss":0,"cards_obtained":["Regret"]},{"cards_removed":["Strike_G"],"damage_healed":0,"gold_gain":0,"player_choice":"Offered Basic","damage_taken":0,"max_hp_gain":0,"max_hp_loss":0,"event_name":"Bonfire Elementals","floor":7,"gold_loss":0},{"damage_healed":0,"gold_gain":0,"player_choice":"Became a vampire (Vial)","damage_taken":0,"max_hp_gain":0,"max_hp_loss":0,"event_name":"Vampires","floor":20,"relics_lost":["Blood Vial"],"gold_loss":0,"cards_obtained":["Bite","Bite","Bite","Bite","Bite"]}],"is_beta":false,"boss_relics":[{"not_picked":["Snecko Eye","Velvet Choker"],"picked":"Philosopher\u0027s Stone"}],"items_purged_floors":[],"is_endless":false,"potions_floor_spawned":[1,8,13,14,18],"killed_by":"3 Cultists","ascension_level":15}}