{"host":"ctlqibkg0sskiu65","time":1611288529,"event":{"mods":["AchievementEnabler","Aspiration","BaseMod","BetterRewards","Colored Map","Colored Powertips","Conspire","Fiend Mod","Infinite Spire","Minty Spire (QoL Compilation)","Quick Restart","Replay The Spire","Shop Mod","StSLib","The Bladedancer","The Cursed","The Hierophant","The Jungle","The Kombatant","The Servant 0.9.4","TheBandit"],"gold_per_floor":[113,188,28,28,28,28,28,43,43,43,56,80,5,5,5],"floor_reached":14,"language":"ENG","playtime":430,"items_purged":["Strike_G"],"score":141,"play_id":"0d4d8d5f-9636-4dab-9f30-89c3e22645a1","local_time":"20210121220849","is_ascension_mode":true,"campfire_choices":[{"data":"After Image","floor":6.0,"key":"SMITH"},{"data":"Fluid Movement","floor":10.0,"key":"SMITH"}],"circlet_count":0,"master_deck":["AscendersBane","Strike_G","Strike_G","Strike_G","Strike_G","Defend_G","Defend_G","Defend_G","Defend_G","Defend_G","Survivor","Neutralize","After Image+1","Fluid Movement+1","Fluid Movement+1","Leg Sweep"],"relics":["Ring of the Snake","Snake Skull","Incense Burner","conspire:TreasureMap","Sundial"],"acts_visited":["Exordium"],"potions_floor_usage":[],"damage_taken":[{"damage":1.0,"enemies":"Small Slimes","floor":1.0,"turns":4.0},{"damage":0.0,"enemies":"Jaw Worm","floor":8.0,"turns":6.0},{"damage":0.0,"enemies":"2 Louse","floor":11.0,"turns":6.0},{"damage":54,"enemies":"Gremlin Nob","floor":14,"turns":6}],"seed_played":"9088947611829468896","potions_obtained":[{"floor":8.0,"key":"SpeedPotion"}],"is_trial":false,"path_per_floor":["M","?","$","?","?","R","?","M","T","R","M","T","$","E"],"character_chosen":"THE_SILENT","items_purchased":["Snake Skull","After Image","conspire:TreasureMap"],"campfire_rested":0,"item_purchase_floors":[0,0,3],"current_hp_per_floor":[58,47,47,47,47,47,47,47,47,47,47,47,47,0,0],"gold":5,"neow_bonus":"","is_daily":false,"chose_seed":false,"campfire_upgraded":2,"win_rate":0.0,"timestamp":1611288529,"path_taken":["M","?","$","?","?","R","?","M","T","R","M","?","?","E"],"items_purchased_type":["Relic","Card","Relic"],"build_version":"2020-12-22","purchased_purges":1,"victory":false,"max_hp_per_floor":[66,66,66,66,66,66,66,66,66,66,66,66,66,66,66],"card_choices":[{"not_picked":["Deflect","Flying Knee"],"picked":"Fluid Movement","floor":1.0},{"not_picked":["Acrobatics","ReplayTheSpireMod:Exploit Weakness"],"picked":"Fluid Movement","floor":8.0},{"not_picked":["Noxious Fumes","Dash"],"picked":"Leg Sweep","floor":11.0}],"player_experience":224664,"relics_obtained":[{"floor":9.0,"key":"Sundial"}],"event_choices":[{"damage_healed":0.0,"max_hp_gain":0.0,"max_hp_loss":0.0,"gold_gain":75.0,"event_name":"World of Goop","player_choice":"Gather Gold","floor":2.0,"gold_loss":0.0,"damage_taken":11.0},{"damage_healed":0.0,"max_hp_gain":0.0,"max_hp_loss":0.0,"gold_gain":0.0,"event_name":"Golden Idol","player_choice":"Ignored","floor":5.0,"gold_loss":0.0,"damage_taken":0.0}],"is_beta":false,"boss_relics":[],"items_purged_floors":[13],"is_endless":false,"potions_floor_spawned":[8],"killed_by":"Gremlin Nob","ascension_level":17}}