{"host":"eckg3lzugnpjvwsg","time":1611344607,"event":{"mods":["Act Like it!","BaseMod","Beaked The Cultist","Better Third Choice","Minty Spire (QoL Compilation)","Replay The Spire","StSLib"],"gold_per_floor":[118,137,137,147,147,147,179,11,38,38,64,64,79,0,0,97,97,114,114,129,129,181,181,181,181],"floor_reached":24,"language":"ENG","playtime":3917,"items_purged":[],"score":202,"play_id":"d043620c-d1dd-44f3-a92a-0d71e8401156","local_time":"20210122174327","is_ascension_mode":false,"campfire_choices":[{"data":"beaked:Ceremony","floor":6,"key":"SMITH"},{"data":"beaked:Ceremony","floor":10,"key":"SMITH"},{"floor":12,"key":"REST"},{"data":"beaked:KnowThyFoe","floor":15,"key":"SMITH"},{"floor":23,"key":"REST"}],"circlet_count":0,"master_deck":["beaked:Strike_Y","beaked:Strike_Y","beaked:Strike_Y","beaked:Strike_Y","beaked:Strike_Y","beaked:Defend_Y","beaked:Defend_Y","beaked:Defend_Y","beaked:Defend_Y","beaked:Ceremony+1","beaked:Ceremony+1","beaked:Ceremony","beaked:ShadowFade","beaked:Tweet","beaked:StickSmack","beaked:Ceremony","beaked:Resilience","beaked:SacrificialDive","beaked:Insight+1","beaked:KnowThyFoe+1","beaked:Brace","beaked:VolatileMisfortune","beaked:MaddeningMurmurs","beaked:SacrificialAttack","beaked:DigDeep","beaked:BarbedWire+1","Pot Of Greed","Pot Of Greed","Pot Of Greed","beaked:Overpower+1"],"relics":["beaked:MendingPlumage","Replay:Rubber Ducky","Membership Card","ReplayTheSpireMod:Shallot","Replay:Baseball","Snecko Eye","Nilry\u0027s Codex","Grinning Jar"],"acts_visited":["Exordium","TheCity"],"potions_floor_usage":[11],"damage_taken":[{"damage":6,"enemies":"Cultist","floor":1,"turns":4},{"damage":5,"enemies":"Small Slimes","floor":2,"turns":4},{"damage":20,"enemies":"Jaw Worm","floor":4,"turns":5},{"damage":61,"enemies":"3 Sentries","floor":7,"turns":11},{"damage":13,"enemies":"Gremlin Nob","floor":11,"turns":5},{"damage":10,"enemies":"Red Slaver","floor":13,"turns":3},{"damage":19,"enemies":"The Guardian","floor":16,"turns":10},{"damage":4,"enemies":"Shell Parasite","floor":18,"turns":6},{"damage":21,"enemies":"Chosen","floor":20,"turns":8},{"damage":38,"enemies":"Book of Stabbing","floor":24,"turns":5}],"seed_played":"-6886092449876335379","potions_obtained":[{"floor":2,"key":"Swift Potion"},{"floor":4,"key":"Weak Potion"},{"floor":18,"key":"LiquidMemories"},{"floor":22,"key":"PowerPotion"}],"is_trial":false,"path_per_floor":["M","M","?","M","$","R","E","$","T","R","E","R","M","$","R","B",null,"M","?","M","?","?","R","E"],"character_chosen":"BEAKED_THE_CULTIST","items_purchased":["Membership Card","beaked:Insight+1","Replay:Baseball"],"campfire_rested":2,"item_purchase_floors":[8,8,14],"current_hp_per_floor":[50,50,50,41,41,41,7,7,7,7,7,22,20,20,20,30,50,50,50,36,20,8,23,0,0],"gold":181,"neow_bonus":"ONE_RANDOM_RARE_CARD","is_daily":false,"chose_seed":false,"campfire_upgraded":3,"win_rate":0.0,"timestamp":1611344607,"path_taken":["M","?","?","?","?","R","E","$","T","R","E","R","M","$","R","BOSS","M","?","?","?","?","R","E"],"items_purchased_type":["Relic","Card","Relic"],"build_version":"2020-12-22","purchased_purges":0,"victory":false,"max_hp_per_floor":[50,50,50,50,50,50,50,50,50,50,50,50,50,50,50,50,50,50,50,50,50,50,50,50,50],"card_choices":[{"not_picked":["beaked:Devastation","beaked:Pecker"],"picked":"beaked:Tweet","floor":1},{"not_picked":["beaked:BarbedWire","beaked:StunningBlow"],"picked":"beaked:StickSmack","floor":2},{"not_picked":["beaked:Hexing","beaked:RuinSticks"],"picked":"beaked:Resilience","floor":4},{"not_picked":["beaked:WarriorEssence","beaked:CursingBlood"],"picked":"beaked:SacrificialDive","floor":7},{"not_picked":["beaked:Evade","beaked:BounceBack"],"picked":"beaked:KnowThyFoe","floor":11},{"not_picked":["beaked:MaddeningMurmurs","beaked:Flinch"],"picked":"beaked:Brace","floor":13},{"not_picked":["beaked:CheekyTricks","beaked:DarkPact"],"picked":"beaked:VolatileMisfortune","floor":16},{"not_picked":["beaked:Overexert","beaked:DigDeep"],"picked":"beaked:MaddeningMurmurs","floor":18},{"not_picked":["beaked:CursingBlood+1","beaked:Tradeoff+1"],"picked":"beaked:DigDeep","floor":20},{"not_picked":["beaked:DarkTribute","beaked:Resilience"],"picked":"beaked:BarbedWire+1","floor":22},{"not_picked":["beaked:Daydream+1","beaked:DigDeep"],"picked":"beaked:Overpower+1","floor":22}],"player_experience":36309,"relics_obtained":[{"floor":7,"key":"Replay:Rubber Ducky"},{"floor":11,"key":"ReplayTheSpireMod:Shallot"},{"floor":21,"key":"Nilry\u0027s Codex"},{"floor":22,"key":"Grinning Jar"}],"event_choices":[{"damage_healed":0,"gold_gain":0,"player_choice":"1 cards matched","damage_taken":0,"max_hp_gain":0,"max_hp_loss":0,"event_name":"Match and Keep!","floor":3,"gold_loss":0,"cards_obtained":["beaked:Ceremony"]},{"damage_healed":0,"gold_gain":0,"cards_transformed":["beaked:Strike_Y"],"player_choice":"Transformed","damage_taken":0,"max_hp_gain":0,"max_hp_loss":0,"event_name":"Transmorgrifier","floor":19,"gold_loss":0,"cards_obtained":["beaked:SacrificialAttack"]},{"damage_healed":0,"gold_gain":0,"player_choice":"Obtained Book","damage_taken":16,"max_hp_gain":0,"max_hp_loss":0,"event_name":"Cursed Tome","floor":21,"gold_loss":0}],"is_beta":false,"boss_relics":[{"not_picked":["Replay:Bronze Core","Velvet Choker"],"picked":"Snecko Eye"}],"items_purged_floors":[],"is_endless":false,"potions_floor_spawned":[2,4,18],"killed_by":"Book of Stabbing","ascension_level":0}}