{"host":"o6k2gaocsza4qys9","time":1611298738,"event":{"mods":["BaseMod","Minty Spire (QoL Compilation)","Permanent Neow","Relic Stats"],"gold_per_floor":[116,28,178,178,194,228,228,272,319,20,54,54,88,112,112,205,205,219,219,234,149,163,202,202,202,202,215,250,264,264,290,290,290,290],"floor_reached":33,"language":"ENG","playtime":1246,"items_purged":["Doubt"],"score":672,"play_id":"c941c18c-c098-460a-b4d7-51ad7fa11f9e","local_time":"20210122145858","is_ascension_mode":true,"campfire_choices":[{"data":"Carnage","floor":7,"key":"SMITH"},{"data":"Metallicize","floor":12,"key":"SMITH"},{"data":"Pommel Strike","floor":15,"key":"SMITH"},{"data":"Ghostly","floor":25,"key":"SMITH"},{"data":"Ghostly","floor":30,"key":"SMITH"},{"floor":32,"key":"REST"}],"circlet_count":0,"master_deck":["AscendersBane","Strike_R+1","Strike_R+1","Strike_R+1","Strike_R+1","Strike_R+1","Defend_R+1","Defend_R+1","Defend_R+1","Defend_R+1","Bash","True Grit","Carnage+1","Shockwave","Headbutt","Metallicize+1","Pommel Strike+1","Feel No Pain","Offering","Clothesline+1","Battle Trance","Ghostly+1","Ghostly","Ghostly+1"],"relics":["Black Blood","NeowsBlessing","Golden Idol","Boot","Mercury Hourglass","Orichalcum","Sling","Matryoshka","Paper Frog","MealTicket","Letter Opener","Bag of Preparation","Frozen Egg 2","Shuriken","Regal Pillow","Juzu Bracelet"],"acts_visited":["Exordium","TheCity"],"potions_floor_usage":[8,18,20,22,23],"damage_taken":[{"damage":0,"enemies":"Small Slimes","floor":1,"turns":1},{"damage":0,"enemies":"2 Louse","floor":5,"turns":1},{"damage":0,"enemies":"3 Sentries","floor":6,"turns":2},{"damage":8,"enemies":"Gremlin Nob","floor":8,"turns":3},{"damage":18,"enemies":"3 Sentries","floor":11,"turns":7},{"damage":5,"enemies":"Lagavulin","floor":13,"turns":4},{"damage":5,"enemies":"Jaw Worm","floor":14,"turns":2},{"damage":28,"enemies":"The Guardian","floor":16,"turns":9},{"damage":23,"enemies":"Shell Parasite","floor":18,"turns":5},{"damage":16,"enemies":"2 Thieves","floor":20,"turns":4},{"damage":20,"enemies":"Snake Plant","floor":22,"turns":3},{"damage":29,"enemies":"Book of Stabbing","floor":23,"turns":3},{"damage":17,"enemies":"3 Cultists","floor":27,"turns":6},{"damage":7,"enemies":"Gremlin Leader","floor":28,"turns":5},{"damage":14,"enemies":"Shelled Parasite and Fungi","floor":29,"turns":4},{"damage":72,"enemies":"Collector","floor":33,"turns":7}],"seed_played":"-914876515575664446","potions_obtained":[{"floor":1,"key":"Fire Potion"},{"floor":5,"key":"ElixirPotion"},{"floor":6,"key":"Strength Potion"},{"floor":18,"key":"Dexterity Potion"},{"floor":20,"key":"Block Potion"},{"floor":29,"key":"ElixirPotion"}],"is_trial":false,"path_per_floor":["M","$","?","?","M","E","R","E","T","$","E","R","E","M","R","B",null,"M","?","M","?","M","E","?","R","T","M","E","M","R","T","R","B"],"character_chosen":"IRONCLAD","items_purchased":["Carnage","Sling","Block Potion"],"campfire_rested":1,"item_purchase_floors":[2,10,10],"current_hp_per_floor":[74,74,74,68,68,68,68,66,66,66,54,54,55,56,56,34,60,49,49,45,45,37,20,20,20,20,15,20,18,18,18,34,0,0],"gold":290,"neow_bonus":"THREE_ENEMY_KILL","is_daily":false,"chose_seed":false,"campfire_upgraded":5,"win_rate":0.0,"timestamp":1611298738,"path_taken":["M","$","?","?","M","E","R","E","T","$","E","R","E","M","R","BOSS","M","?","M","?","M","E","?","R","T","M","E","M","R","?","R","BOSS"],"items_purchased_type":["Card","Relic","Potion"],"build_version":"2020-12-22","purchased_purges":1,"victory":false,"max_hp_per_floor":[75,75,75,68,68,68,68,68,68,68,68,68,68,68,68,68,68,68,68,68,68,68,68,34,34,34,34,34,34,34,34,34,34,34],"relic_stats":{"Regal Pillow":6,"counters":[16,66],"Golden Idol":87,"Black Blood":120,"Bag of Preparation":[8],"Juzu Bracelet":0,"Letter Opener":[5],"Orichalcum":[174],"Boot":[1],"Mercury Hourglass":[238],"Shuriken":[4],"MealTicket":0,"obtain_stats":[{"Regal Pillow":31,"NeowsBlessing":0,"Golden Idol":4,"Black Blood":17,"Bag of Preparation":26,"Juzu Bracelet":31,"Letter Opener":23,"Orichalcum":9,"Frozen Egg 2":26,"Boot":6,"Sling":10,"Burning Blood":0,"Mercury Hourglass":8,"Matryoshka":11,"Shuriken":28,"MealTicket":21,"Paper Frog":13},{"Regal Pillow":15,"NeowsBlessing":0,"Golden Idol":1,"Black Blood":8,"Bag of Preparation":12,"Juzu Bracelet":15,"Letter Opener":12,"Orichalcum":4,"Frozen Egg 2":12,"Boot":3,"Sling":4,"Burning Blood":0,"Mercury Hourglass":4,"Matryoshka":5,"Shuriken":14,"MealTicket":10,"Paper Frog":6},{"Regal Pillow":59,"NeowsBlessing":0,"Golden Idol":1,"Black Blood":29,"Bag of Preparation":44,"Juzu Bracelet":59,"Letter Opener":44,"Orichalcum":7,"Frozen Egg 2":44,"Boot":4,"Sling":7,"Burning Blood":0,"Mercury Hourglass":7,"Matryoshka":14,"Shuriken":55,"MealTicket":38,"Paper Frog":18}]},"card_choices":[{"not_picked":["Burning Pact","Sword Boomerang"],"picked":"True Grit","floor":1},{"not_picked":["Clash","Twin Strike"],"picked":"Shockwave","floor":5},{"not_picked":["Entrench","Infernal Blade"],"picked":"Headbutt","floor":6},{"not_picked":["Warcry","Shockwave","Anger"],"picked":"SKIP","floor":8},{"not_picked":["Spot Weakness","Cleave"],"picked":"Metallicize","floor":11},{"not_picked":["Armaments","Clothesline"],"picked":"Pommel Strike","floor":13},{"not_picked":["Armaments","Body Slam"],"picked":"Feel No Pain","floor":14},{"not_picked":["Double Tap","Exhume"],"picked":"Offering","floor":16},{"not_picked":["True Grit","Pommel Strike"],"picked":"Clothesline+1","floor":18},{"not_picked":["Perfected Strike","Fire Breathing"],"picked":"Battle Trance","floor":20},{"not_picked":["Pommel Strike+1","Sword Boomerang","Searing Blow"],"picked":"SKIP","floor":22},{"not_picked":["Reckless Charge","Dual Wield","Bloodletting"],"picked":"SKIP","floor":23},{"not_picked":["Burning Pact","Sever Soul+1","Sentinel"],"picked":"SKIP","floor":27},{"not_picked":["Headbutt","Bludgeon","Body Slam"],"picked":"SKIP","floor":28},{"not_picked":["Havoc","Flame Barrier","Wild Strike+1"],"picked":"SKIP","floor":29}],"player_experience":462277,"relics_obtained":[{"floor":6,"key":"Boot"},{"floor":8,"key":"Mercury Hourglass"},{"floor":9,"key":"Orichalcum"},{"floor":11,"key":"Matryoshka"},{"floor":13,"key":"Paper Frog"},{"floor":23,"key":"Letter Opener"},{"floor":26,"key":"Bag of Preparation"},{"floor":26,"key":"Frozen Egg 2"},{"floor":28,"key":"Shuriken"},{"floor":31,"key":"Regal Pillow"},{"floor":31,"key":"Juzu Bracelet"}],"event_choices":[{"damage_healed":0,"gold_gain":150,"player_choice":"AGREE","damage_taken":0,"max_hp_gain":0,"max_hp_loss":0,"event_name":"Liars Game","floor":3,"gold_loss":0,"cards_obtained":["Doubt"]},{"damage_healed":0,"gold_gain":0,"player_choice":"Lose Max HP","damage_taken":0,"relics_obtained":["Golden Idol"],"max_hp_gain":0,"max_hp_loss":7,"event_name":"Golden Idol","floor":4,"gold_loss":0},{"damage_healed":0,"gold_gain":0,"player_choice":"Simplicity","damage_taken":0,"max_hp_gain":0,"max_hp_loss":0,"event_name":"Back to Basics","floor":19,"gold_loss":0,"cards_upgraded":["Strike_R","Strike_R","Strike_R","Strike_R","Strike_R","Defend_R","Defend_R","Defend_R","Defend_R"]},{"damage_healed":0,"gold_gain":0,"player_choice":"Obtained Relic","damage_taken":0,"relics_obtained":["MealTicket"],"max_hp_gain":0,"max_hp_loss":0,"event_name":"Addict","floor":21,"gold_loss":85},{"damage_healed":0,"gold_gain":0,"player_choice":"Became a Ghost","damage_taken":0,"max_hp_gain":0,"max_hp_loss":34,"event_name":"Ghosts","floor":24,"gold_loss":0,"cards_obtained":["Ghostly","Ghostly","Ghostly"]}],"is_beta":false,"boss_relics":[{"not_picked":["Busted Crown","Runic Cube"],"picked":"Black Blood"}],"items_purged_floors":[10],"is_endless":false,"potions_floor_spawned":[1,5,6,13,18,20,29],"killed_by":"Collector","ascension_level":20}}