{"host":"d9m9v0h6vo0edadb","time":1611315909,"event":{"mods":["BaseMod","Hermit","Keyboard Shortcuts","Minty Spire (QoL Compilation)","StSLib","SuperFastMode","The Cursed"],"gold_per_floor":[112,37,52,52,65,65,77,77,77,77,77,97,116,148,148,148,148],"floor_reached":16,"language":"KOR","playtime":219,"items_purged":["Defend_G"],"score":200,"play_id":"df3de7cd-e077-4a77-92bc-a36186928a84","local_time":"20210122204509","is_ascension_mode":true,"campfire_choices":[{"data":"Acrobatics","floor":6.0,"key":"SMITH"},{"data":"Neutralize","floor":8.0,"key":"SMITH"},{"data":"Grand Finale","floor":10.0,"key":"SMITH"},{"data":"Acrobatics","floor":15.0,"key":"SMITH"}],"circlet_count":0,"master_deck":["AscendersBane","Strike_G","Strike_G","Strike_G","Defend_G","Defend_G","Defend_G","Defend_G","Survivor","Neutralize+1","Grand Finale+1","Acrobatics+1","Acrobatics+1","Leg Sweep","Dagger Throw"],"relics":["Ring of the Snake","Tough Bandages","Odd Mushroom","The Courier"],"acts_visited":["Exordium"],"potions_floor_usage":[16],"damage_taken":[{"damage":8.0,"enemies":"Cultist","floor":1.0,"turns":6.0},{"damage":0.0,"enemies":"Small Slimes","floor":3.0,"turns":2.0},{"damage":0.0,"enemies":"2 Louse","floor":5.0,"turns":4.0},{"damage":0.0,"enemies":"Red Slaver","floor":7.0,"turns":2.0},{"damage":8.0,"enemies":"The Mushroom Lair","floor":12.0,"turns":2.0},{"damage":3.0,"enemies":"Exordium Wildlife","floor":13.0,"turns":4.0},{"damage":5.0,"enemies":"Gremlin Nob","floor":14.0,"turns":3.0},{"damage":31,"enemies":"Slime Boss","floor":16,"turns":8}],"seed_played":"4282465433927123164","potions_obtained":[{"floor":7.0,"key":"SteroidPotion"}],"is_trial":false,"path_per_floor":["M","$","M","?","M","R","M","R","T","R","?","?","M","E","R","B"],"character_chosen":"THE_SILENT","items_purchased":[],"campfire_rested":0,"item_purchase_floors":[],"current_hp_per_floor":[51,51,51,44,44,44,44,44,44,44,49,41,38,33,33,2,2],"gold":148,"neow_bonus":"TRANSFORM_CARD","is_daily":false,"chose_seed":false,"campfire_upgraded":4,"win_rate":0.0,"timestamp":1611315909,"path_taken":["M","$","M","?","M","R","M","R","T","R","?","?","M","E","R","BOSS"],"items_purchased_type":[],"build_version":"2020-12-22","purchased_purges":1,"victory":false,"max_hp_per_floor":[66,66,66,66,66,66,66,66,66,66,71,71,71,71,71,71,71],"card_choices":[{"not_picked":["Dodge and Roll","Flying Knee","Cloak And Dagger"],"picked":"SKIP","floor":1.0},{"not_picked":["Skewer","Underhanded Strike"],"picked":"Acrobatics","floor":3.0},{"not_picked":["Deflect","Cloak And Dagger","Infinite Blades"],"picked":"SKIP","floor":5.0},{"not_picked":["Deflect","Flying Knee","Outmaneuver"],"picked":"SKIP","floor":7.0},{"not_picked":["Sucker Punch","Poisoned Stab"],"picked":"Acrobatics","floor":12.0},{"not_picked":["Accuracy","Dagger Spray"],"picked":"Leg Sweep","floor":13.0},{"not_picked":["Backflip","Skewer"],"picked":"Dagger Throw","floor":14.0}],"player_experience":984697,"relics_obtained":[{"floor":9.0,"key":"Tough Bandages"},{"floor":12.0,"key":"Odd Mushroom"},{"floor":14.0,"key":"The Courier"}],"event_choices":[{"cards_removed":["Strike_G"],"damage_healed":0.0,"max_hp_gain":0.0,"max_hp_loss":0.0,"gold_gain":0.0,"event_name":"Golden Wing","player_choice":"Card Removal","floor":4.0,"gold_loss":0.0,"damage_taken":7.0},{"damage_healed":0.0,"max_hp_gain":5.0,"max_hp_loss":0.0,"gold_gain":0.0,"event_name":"Big Fish","player_choice":"Donut","floor":11.0,"gold_loss":0.0,"damage_taken":0.0},{"damage_healed":0.0,"max_hp_gain":0.0,"max_hp_loss":0.0,"gold_gain":0.0,"event_name":"Mushrooms","player_choice":"Fought Mushrooms","floor":12.0,"gold_loss":0.0,"damage_taken":0.0}],"is_beta":false,"boss_relics":[],"items_purged_floors":[2],"is_endless":false,"potions_floor_spawned":[7],"killed_by":"Slime Boss","ascension_level":20}}