{"host":"h3bgw7p7cb1roykn","time":1611308597,"event":{"mods":["AchievementEnabler","BaseMod","Colored Map","Downfall","Minty Spire (QoL Compilation)","StSLib"],"gold_per_floor":[110,123,138,238,253,283,297,307,307,322,353,417,429,34,34,137,137,147,162,77,77,95,129,39,39,94,110,123,139,39,39,39,39,39],"floor_reached":33,"language":"ENG","playtime":1357,"items_purged":["Strike_B","Sweeping Beam"],"score":323,"play_id":"864fcf26-0070-497a-ba46-ba3a8f907e82","local_time":"20210122104317","is_ascension_mode":true,"campfire_choices":[{"floor":15.0,"key":"REST"},{"floor":25.0,"key":"REST"},{"floor":32.0,"key":"REST"}],"circlet_count":0,"master_deck":["Zap","Dualcast","FTL","Gash","Rip and Tear","Streamline","Rebound+1","Self Repair","Melter+1","Core Surge+1","Loop","Sweeping Beam+1","Double Energy","Storm","Gash+1","Steam Power","Leap","Scrape+1","Leap"],"relics":["Cracked Core","Bronze Scales","Molten Egg 2","Vajra","White Beast Statue","Pandora\u0027s Box","Bag of Marbles","Sundial"],"acts_visited":["Exordium","TheCity"],"potions_floor_usage":[33],"damage_taken":[{"damage":0.0,"enemies":"Cultist","floor":1.0,"turns":3.0},{"damage":0.0,"enemies":"2 Louse","floor":2.0,"turns":2.0},{"damage":1.0,"enemies":"Jaw Worm","floor":3.0,"turns":2.0},{"damage":12.0,"enemies":"Gremlin Gang","floor":5.0,"turns":3.0},{"damage":0.0,"enemies":"3 Sentries","floor":6.0,"turns":6.0},{"damage":7.0,"enemies":"3 Louse","floor":7.0,"turns":2.0},{"damage":13.0,"enemies":"Lots of Slimes","floor":8.0,"turns":2.0},{"damage":5.0,"enemies":"Looter","floor":10.0,"turns":2.0},{"damage":6.0,"enemies":"Gremlin Nob","floor":11.0,"turns":3.0},{"damage":14.0,"enemies":"Blue Slaver","floor":13.0,"turns":3.0},{"damage":23.0,"enemies":"Slime Boss","floor":16.0,"turns":8.0},{"damage":10.0,"enemies":"2 Thieves","floor":18.0,"turns":2.0},{"damage":22.0,"enemies":"3 Byrds","floor":19.0,"turns":3.0},{"damage":11.0,"enemies":"Snecko","floor":22.0,"turns":3.0},{"damage":41.0,"enemies":"Book of Stabbing","floor":23.0,"turns":3.0},{"damage":3.0,"enemies":"Centurion and Healer","floor":27.0,"turns":3.0},{"damage":7.0,"enemies":"Cultist and Chosen","floor":28.0,"turns":4.0},{"damage":17.0,"enemies":"Snecko","floor":29.0,"turns":4.0},{"damage":58,"enemies":"Champ","floor":33,"turns":6}],"seed_played":"-4167929110687992358","potions_obtained":[{"floor":1.0,"key":"EssenceOfSteel"},{"floor":3.0,"key":"Fire Potion"},{"floor":8.0,"key":"Dexterity Potion"},{"floor":10.0,"key":"bronze:BurnAndBuffPotion"},{"floor":16.0,"key":"DistilledChaos"},{"floor":18.0,"key":"bronze:BurnAndBuffPotion"},{"floor":19.0,"key":"Weak Potion"},{"floor":22.0,"key":"bronze:BurnAndBuffPotion"},{"floor":23.0,"key":"Fire Potion"},{"floor":27.0,"key":"BlessingOfTheForge"},{"floor":28.0,"key":"bronze:BurnAndBuffPotion"},{"floor":29.0,"key":"Energy Potion"}],"is_trial":false,"path_per_floor":["M","M","M","?","M","E","M","M","T","M","E","?","M","$","R","B",null,"M","M","?","?","M","E","?","R","T","M","M","M","$","?","R","B"],"character_chosen":"DEFECT","items_purchased":["Melter+1","White Beast Statue"],"campfire_rested":3,"item_purchase_floors":[14,14],"current_hp_per_floor":[75,75,74,74,62,62,55,42,42,37,31,31,24,24,46,30,75,72,57,57,57,53,19,19,41,41,45,45,28,28,28,50,0,0],"gold":39,"neow_bonus":"TRANSFORM_CARD","is_daily":false,"chose_seed":false,"campfire_upgraded":0,"win_rate":0.0,"timestamp":1611308597,"path_taken":["M","M","?","?","M","E","M","?","T","M","E","?","M","$","R","BOSS","M","M","?","?","?","E","?","R","T","M","?","M","$","?","R","BOSS"],"items_purchased_type":["Card","Relic"],"build_version":"2020-12-22","purchased_purges":2,"victory":false,"max_hp_per_floor":[75,75,75,75,75,75,75,75,75,75,75,75,75,75,75,75,75,75,75,75,75,75,75,75,75,75,75,75,75,75,75,75,75,75],"card_choices":[{"not_picked":["Heatsinks","Coolheaded"],"picked":"Gash","floor":1.0},{"not_picked":["Glacier","Skim","Cold Snap"],"picked":"SKIP","floor":2.0},{"not_picked":["Steam","Compile Driver"],"picked":"Rip and Tear","floor":3.0},{"not_picked":["Aggregate","Steam"],"picked":"Streamline","floor":5.0},{"not_picked":["Compile Driver","Thunder Strike"],"picked":"Sweeping Beam","floor":6.0},{"not_picked":["Skim","Streamline","Storm"],"picked":"SKIP","floor":7.0},{"not_picked":["Darkness","Redo"],"picked":"Rebound","floor":8.0},{"not_picked":["Consume","Turbo","Storm"],"picked":"SKIP","floor":10.0},{"not_picked":["Ball Lightning+1","Hello World"],"picked":"Self Repair","floor":11.0},{"not_picked":["Steam","Barrage+1","Storm"],"picked":"SKIP","floor":13.0},{"not_picked":["Seek","Reboot"],"picked":"Core Surge+1","floor":16.0},{"not_picked":["Hologram","Rebound+1","Redo"],"picked":"SKIP","floor":18.0},{"not_picked":["Sweeping Beam+1","Rebound+1"],"picked":"Gash+1","floor":19.0},{"not_picked":["Coolheaded+1","Beam Cell+1"],"picked":"Leap","floor":22.0},{"not_picked":["All For One+1","Sweeping Beam+1"],"picked":"Scrape+1","floor":23.0},{"not_picked":["Streamline+1","Beam Cell+1","Hello World"],"picked":"SKIP","floor":27.0},{"not_picked":["Conserve Battery","Steam+1"],"picked":"Leap","floor":28.0},{"not_picked":["Sweeping Beam+1","Aggregate","Ball Lightning+1"],"picked":"SKIP","floor":29.0}],"player_experience":257306,"relics_obtained":[{"floor":6.0,"key":"Bronze Scales"},{"floor":9.0,"key":"Molten Egg 2"},{"floor":11.0,"key":"Vajra"},{"floor":23.0,"key":"Sundial"}],"event_choices":[{"damage_healed":0.0,"max_hp_gain":0.0,"max_hp_loss":0.0,"gold_gain":100.0,"event_name":"Golden Shrine","player_choice":"Pray","floor":4.0,"gold_loss":0.0,"damage_taken":0.0},{"damage_healed":0.0,"max_hp_gain":0.0,"max_hp_loss":0.0,"gold_gain":64.0,"event_name":"Golden Wing","player_choice":"Gained Gold","floor":12.0,"gold_loss":0.0,"damage_taken":0.0},{"damage_healed":0.0,"max_hp_gain":0.0,"max_hp_loss":0.0,"gold_gain":0.0,"event_name":"Addict","player_choice":"Obtained Relic","floor":20.0,"gold_loss":85.0,"damage_taken":0.0,"relics_obtained":["Bag of Marbles"]},{"damage_healed":0.0,"max_hp_gain":0.0,"max_hp_loss":0.0,"gold_gain":0.0,"cards_transformed":["Meteor Strike"],"event_name":"Transmorgrifier","player_choice":"Transformed","floor":21.0,"gold_loss":0.0,"damage_taken":0.0,"cards_obtained":["Steam Power"]},{"cards_removed":["Recycle"],"damage_healed":0.0,"max_hp_gain":0.0,"max_hp_loss":0.0,"gold_gain":0.0,"event_name":"Designer","player_choice":"Upgrade and Remove","floor":24.0,"gold_loss":90.0,"damage_taken":0.0,"cards_upgraded":["Rebound"]},{"damage_healed":0.0,"max_hp_gain":0.0,"max_hp_loss":0.0,"gold_gain":0.0,"event_name":"Cursed Tome","player_choice":"Ignored","floor":31.0,"gold_loss":0.0,"damage_taken":0.0}],"is_beta":false,"boss_relics":[{"not_picked":["FrozenCore","Black Star"],"picked":"Pandora\u0027s Box"}],"items_purged_floors":[14,30],"is_endless":false,"potions_floor_spawned":[1,3,8,10,16,18,19,22,23,27,28,29],"killed_by":"Champ","ascension_level":1}}