{"host":"840yoaz69lavfcgt","time":1611302065,"event":{"mods":["BaseMod","Colored Powertips","DeckTracker","Highlight Path","Minty Spire (QoL Compilation)","Synergy Search"],"gold_per_floor":[111,111,111,13,33,62,82,82,105,105,118,153,172,189,189,286,286,305,324,334,334,42,67,67,92,117,117,135,225,244,262,262,361,361,374,429,429,34,49,49,67,27,27,27,47,73,86,115,115,115],"floor_reached":51,"language":"ENG","playtime":3701,"items_purged":[],"score":804,"play_id":"70f5c1c5-9b05-4ce9-b8cc-531852d191b8","local_time":"20210122025425","is_ascension_mode":false,"campfire_choices":[{"floor":8,"key":"REST"},{"floor":10,"key":"REST"},{"data":"Redo","floor":15,"key":"SMITH"},{"floor":24,"key":"REST"},{"floor":27,"key":"REST"},{"floor":32,"key":"REST"},{"floor":40,"key":"REST"},{"data":"Jack Of All Trades","floor":49,"key":"SMITH"}],"circlet_count":0,"master_deck":["Zap+1","Dualcast+1","Capacitor","Undo","Melter","Ball Lightning+1","Ball Lightning","Streamline","Steam","Redo+1","Echo Form","Loop","Scrape","Heatsinks","Tempest","Aggregate","Turbo","Steam","Redo","Undo","Gash","Sunder","Beam Cell+1","Beam Cell+1","Aggregate","Panacea","Jack Of All Trades+1","Streamline","Go for the Eyes","Electrodynamics","Storm","Sweeping Beam+1","Loop","Conserve Battery","Leap+1","Parasite","Beam Cell+1","Static Discharge","Force Field","Seek","Force Field+1","Beam Cell","Gash"],"relics":["Cracked Core","Boot","DataDisk","Toy Ornithopter","Pandora\u0027s Box","White Beast Statue","Centennial Puzzle","Smiling Mask","Happy Flower","Nuclear Battery","Unceasing Top","Letter Opener","Whetstone","Pen Nib","Lizard Tail"],"acts_visited":["Exordium","TheCity","TheBeyond"],"potions_floor_usage":[4,6,16,16,23,23,25,28,30,33,36,36,41,45,47,48,50,50,50],"damage_taken":[{"damage":1,"enemies":"Jaw Worm","floor":1,"turns":4},{"damage":12,"enemies":"2 Louse","floor":5,"turns":3},{"damage":31,"enemies":"Gremlin Nob","floor":6,"turns":4},{"damage":0,"enemies":"Cultist","floor":7,"turns":2},{"damage":1,"enemies":"3 Louse","floor":11,"turns":3},{"damage":18,"enemies":"Lagavulin","floor":12,"turns":4},{"damage":0,"enemies":"Exordium Thugs","floor":13,"turns":3},{"damage":0,"enemies":"Looter","floor":14,"turns":2},{"damage":0,"enemies":"Slime Boss","floor":16,"turns":6},{"damage":0,"enemies":"Spheric Guardian","floor":18,"turns":2},{"damage":15,"enemies":"2 Thieves","floor":19,"turns":4},{"damage":10,"enemies":"Chosen and Byrds","floor":20,"turns":4},{"damage":34,"enemies":"Slavers","floor":23,"turns":4},{"damage":39,"enemies":"Book of Stabbing","floor":25,"turns":4},{"damage":9,"enemies":"Snecko","floor":28,"turns":3},{"damage":8,"enemies":"Centurion and Healer","floor":30,"turns":3},{"damage":12,"enemies":"3 Cultists","floor":31,"turns":5},{"damage":59,"enemies":"Automaton","floor":33,"turns":7},{"damage":7,"enemies":"3 Shapes","floor":35,"turns":4},{"damage":32,"enemies":"2 Orb Walkers","floor":36,"turns":3},{"damage":0,"enemies":"Orb Walker","floor":39,"turns":1},{"damage":15,"enemies":"Writhing Mass","floor":41,"turns":5},{"damage":0,"enemies":"Spire Growth","floor":45,"turns":2},{"damage":0,"enemies":"3 Darklings","floor":47,"turns":3},{"damage":26,"enemies":"Reptomancer","floor":48,"turns":4},{"damage":91,"enemies":"Awakened One","floor":50,"turns":9}],"seed_played":"4039895629487195412","potions_obtained":[{"floor":1,"key":"ColorlessPotion"},{"floor":7,"key":"SteroidPotion"},{"floor":12,"key":"GamblersBrew"},{"floor":14,"key":"LiquidMemories"},{"floor":16,"key":"Block Potion"},{"floor":20,"key":"ColorlessPotion"},{"floor":21,"key":"FairyPotion"},{"floor":23,"key":"Fire Potion"},{"floor":25,"key":"LiquidMemories"},{"floor":28,"key":"Explosive Potion"},{"floor":30,"key":"SpeedPotion"},{"floor":31,"key":"BlessingOfTheForge"},{"floor":33,"key":"SkillPotion"},{"floor":35,"key":"PowerPotion"},{"floor":36,"key":"BlessingOfTheForge"},{"floor":39,"key":"Block Potion"},{"floor":41,"key":"AttackPotion"},{"floor":45,"key":"Weak Potion"},{"floor":47,"key":"Energy Potion"},{"floor":48,"key":"FocusPotion"}],"is_trial":false,"path_per_floor":["M","?","?","$","M","E","M","R","T","R","M","E","M","M","R","B",null,"M","M","M","?","$","E","R","E","T","R","M","?","M","M","R","B",null,"M","?","?","$","M","R","M","$","T","?","M","T","M","E","R","B",null],"character_chosen":"DEFECT","items_purchased":["Fruit Juice","White Beast Statue","Sunder","Letter Opener","AttackPotion","Loop","Conserve Battery","Static Discharge"],"campfire_rested":6,"item_purchase_floors":[4,22,22,38,38,38,38,42],"current_hp_per_floor":[74,74,74,79,67,36,36,60,60,80,79,61,61,61,61,71,80,80,65,55,55,55,31,55,21,21,45,41,10,7,24,48,24,80,73,48,48,48,48,72,62,62,62,62,67,67,72,51,51,24],"gold":115,"neow_bonus":"UPGRADE_CARD","is_daily":false,"chose_seed":false,"campfire_upgraded":2,"win_rate":0.0,"timestamp":1611302065,"path_taken":["M","?","?","$","M","E","M","R","T","R","M","E","?","M","R","BOSS","M","M","M","?","?","E","R","E","T","R","M","?","M","?","R","BOSS","M","?","?","$","?","R","M","?","T","?","?","?","M","E","R","BOSS"],"items_purchased_type":["Potion","Relic","Card","Relic","Potion","Card","Card","Card"],"build_version":"2020-12-22","purchased_purges":0,"victory":true,"max_hp_per_floor":[75,75,75,80,80,80,80,80,80,80,80,80,80,80,80,80,80,80,80,80,80,80,80,80,80,80,80,80,80,80,80,80,80,80,80,80,80,80,80,80,80,80,80,80,80,80,80,80,80,80],"card_choices":[{"not_picked":["Reprogram","Cold Snap"],"picked":"Capacitor","floor":1},{"not_picked":["Tempest","Doom and Gloom"],"picked":"Undo","floor":5},{"not_picked":["Multi-Cast","Sunder"],"picked":"Melter","floor":6},{"not_picked":["Beam Cell","Streamline"],"picked":"Ball Lightning","floor":7},{"not_picked":["Chaos","Double Energy"],"picked":"Ball Lightning","floor":11},{"not_picked":["Machine Learning","Cold Snap"],"picked":"Streamline","floor":12},{"not_picked":["Coolheaded","Barrage"],"picked":"Steam","floor":13},{"not_picked":["Melter","Fusion"],"picked":"Redo","floor":14},{"not_picked":["Buffer","Rainbow"],"picked":"Echo Form","floor":16},{"not_picked":["Chill+1","Cold Snap"],"picked":"Redo","floor":18},{"not_picked":["Ball Lightning","Scrape"],"picked":"Undo","floor":19},{"not_picked":["Recycle","Loop"],"picked":"Gash","floor":20},{"not_picked":["Blizzard+1","Cold Snap"],"picked":"Beam Cell","floor":23},{"not_picked":["Streamline","Auto Shields+1"],"picked":"Beam Cell+1","floor":25},{"not_picked":["Coolheaded","Rebound"],"picked":"Aggregate","floor":28},{"not_picked":["Barrage","Glacier"],"picked":"Streamline","floor":30},{"not_picked":["Consume","Beam Cell"],"picked":"Go for the Eyes","floor":31},{"not_picked":["Echo Form","Buffer"],"picked":"Electrodynamics","floor":33},{"not_picked":["Reinforced Body","Coolheaded+1"],"picked":"Storm","floor":35},{"not_picked":["Beam Cell","Undo"],"picked":"Sweeping Beam+1","floor":36},{"not_picked":["Lockon+1","Barrage+1"],"picked":"Leap+1","floor":39},{"not_picked":["Compile Driver","Chill+1"],"picked":"Beam Cell+1","floor":41},{"not_picked":["Streamline+1","Hello World"],"picked":"Force Field+1","floor":45},{"not_picked":["Chill","Capacitor+1"],"picked":"Beam Cell","floor":47},{"not_picked":["Hologram","Darkness"],"picked":"Gash","floor":48}],"player_experience":244066,"relics_obtained":[{"floor":6,"key":"Boot"},{"floor":9,"key":"DataDisk"},{"floor":12,"key":"Toy Ornithopter"},{"floor":23,"key":"Centennial Puzzle"},{"floor":25,"key":"Smiling Mask"},{"floor":26,"key":"Happy Flower"},{"floor":36,"key":"Unceasing Top"},{"floor":43,"key":"Whetstone"},{"floor":46,"key":"Pen Nib"},{"floor":48,"key":"Lizard Tail"}],"event_choices":[{"damage_healed":0,"gold_gain":0,"player_choice":"Grow","damage_taken":0,"max_hp_gain":0,"max_hp_loss":0,"event_name":"Living Wall","floor":2,"gold_loss":0,"cards_upgraded":["Dualcast"]},{"damage_healed":0,"gold_gain":0,"player_choice":"Ignored","damage_taken":0,"max_hp_gain":0,"max_hp_loss":0,"event_name":"NoteForYourself","floor":3,"gold_loss":0},{"damage_healed":0,"gold_gain":0,"player_choice":"Got Potions","damage_taken":0,"max_hp_gain":0,"max_hp_loss":0,"event_name":"Lab","floor":21,"gold_loss":0},{"damage_healed":0,"gold_gain":90,"player_choice":"POTION CARD CARD GOLD ","damage_taken":31,"max_hp_gain":0,"max_hp_loss":0,"event_name":"Knowing Skull","floor":29,"potions_obtained":["FairyPotion"],"gold_loss":0,"cards_obtained":["Panacea","Jack Of All Trades"]},{"damage_healed":0,"gold_gain":0,"player_choice":"Fight","damage_taken":0,"max_hp_gain":0,"max_hp_loss":0,"event_name":"Mysterious Sphere","floor":36,"gold_loss":0},{"cards_removed":["Biased Cognition"],"damage_healed":0,"gold_gain":0,"player_choice":"Purged","damage_taken":0,"max_hp_gain":0,"max_hp_loss":0,"event_name":"Purifier","floor":37,"gold_loss":0},{"damage_healed":0,"gold_gain":0,"player_choice":"2 cards matched","damage_taken":0,"max_hp_gain":0,"max_hp_loss":0,"event_name":"Match and Keep!","floor":44,"gold_loss":0,"cards_obtained":["Force Field","Seek"]}],"is_beta":false,"boss_relics":[{"not_picked":["Snecko Eye","Empty Cage"],"picked":"Pandora\u0027s Box"},{"not_picked":["Inserter","Coffee Dripper"],"picked":"Nuclear Battery"}],"items_purged_floors":[],"is_endless":false,"potions_floor_spawned":[1,7,12,14,16,20,23,25,28,30,31,33,35,36,39,41,45,47,48],"ascension_level":0}}