{"host":"aewhn2fld106mlky","time":1611333700,"event":{"mods":["Act Like it!","BaseMod","Downfall","Koishi","KomeijiMod","Minty Spire (QoL Compilation)","Quick Restart","Relic Stats","Spicy Shops","StSLib","The Jungle","The Mystic"],"gold_per_floor":[99,115,115,290,290,323,323,342,100,113,133,133,164,264,277,277,277,277],"floor_reached":16,"language":"ZHS","playtime":627,"items_purged":[],"score":110,"play_id":"b6182c85-908c-4ca4-9ce8-5e1fe00ce7eb","local_time":"20210123004140","is_ascension_mode":false,"campfire_choices":[{"data":"hexamod:UnlimitedPower","floor":1,"key":"SMITH"},{"data":"hexamod:NecessarySacrifice","floor":12,"key":"SMITH"}],"circlet_count":0,"master_deck":["hexamod:Strike","hexamod:Strike","hexamod:Strike","hexamod:Defend","hexamod:Defend","hexamod:Defend","hexamod:Sear","hexamod:Float","hexamod:Firestarter","hexamod:UnlimitedPower+1","hexamod:BurningTouch","Doubt","hexamod:ParanormalForm","hexamod:ShieldOfDarkness","hexamod:NecessarySacrifice+1","hexamod:NecessarySacrifice","hexamod:Hexaguard","hexamod:SearingWound","hexamod:Sear","hexamod:BacktrackSmack","hexamod:Rewind","hexamod:ParanormalForm","Jack Of All Trades","Lonely"],"relics":["hexamod:SpiritBrand","downfall:BrokenWingStatue","Eternal Feather","InkBottle","HandDrill","Lee\u0027s Waffle","Mercury Hourglass","downfall:GremlinSack"],"acts_visited":["Exordium"],"potions_floor_usage":[13,14,16],"damage_taken":[{"damage":1,"enemies":"Jaw Worm","floor":2,"turns":3},{"damage":40,"enemies":"Gremlin Nob","floor":6,"turns":6},{"damage":13,"enemies":"2 Louse","floor":8,"turns":3},{"damage":0,"enemies":"downfall:FleeingMerchant","floor":9,"turns":4},{"damage":3,"enemies":"Small Slimes","floor":10,"turns":3},{"damage":13,"enemies":"Red Slaver","floor":11,"turns":3},{"damage":6,"enemies":"Lagavulin","floor":13,"turns":5},{"damage":29,"enemies":"Lagavulin","floor":14,"turns":5},{"damage":7,"enemies":"Blue Slaver","floor":15,"turns":3},{"damage":24,"enemies":"DF_ARCHETYPE_STREAMLINE","floor":16,"turns":3}],"seed_played":"7184523034528072975","potions_obtained":[{"floor":6,"key":"SpeedPotion"},{"floor":10,"key":"PowerPotion"},{"floor":11,"key":"Strength Potion"},{"floor":13,"key":"Slimebound:ThreeZeroPotion"}],"is_trial":false,"path_per_floor":["R","M","?","?","?","E","T","M","$","M","M","R","E","?","M","B"],"character_chosen":"THE_SPIRIT","items_purchased":["HandDrill","Lee\u0027s Waffle"],"campfire_rested":0,"item_purchase_floors":[9,9],"current_hp_per_floor":[63,62,62,62,62,22,22,9,70,67,54,63,57,28,21,0,0,0],"gold":277,"neow_bonus":"TRANSFORM_TWO_CARDS","is_daily":false,"chose_seed":false,"campfire_upgraded":2,"win_rate":0.0,"timestamp":1611333700,"path_taken":["R","M","?","?","?","E","T","M","$","?","M","R","E","?","M","BOSS"],"items_purchased_type":["Relic","Relic"],"build_version":"2020-12-22","purchased_purges":0,"victory":false,"max_hp_per_floor":[63,63,63,63,63,63,63,63,70,70,70,70,70,70,70,70,70,70],"relic_stats":{"Lee\u0027s Waffle":61,"counters":[10,37],"Eternal Feather":9,"HandDrill":[4],"obtain_stats":[{"Lee\u0027s Waffle":9,"downfall:BrokenWingStatue":3,"downfall:GremlinSack":14,"Eternal Feather":6,"HandDrill":9,"hexamod:SpiritBrand":0,"InkBottle":7,"Mercury Hourglass":13},{"Lee\u0027s Waffle":4,"downfall:BrokenWingStatue":1,"downfall:GremlinSack":8,"Eternal Feather":2,"HandDrill":4,"hexamod:SpiritBrand":0,"InkBottle":2,"Mercury Hourglass":7},{"Lee\u0027s Waffle":16,"downfall:BrokenWingStatue":3,"downfall:GremlinSack":32,"Eternal Feather":9,"HandDrill":16,"hexamod:SpiritBrand":0,"InkBottle":9,"Mercury Hourglass":27}],"InkBottle":[10],"Mercury Hourglass":[29]},"card_choices":[{"not_picked":["hexamod:BacktrackSmack","hexamod:PhantomFireball"],"picked":"hexamod:BurningTouch","floor":2},{"not_picked":["hexamod:HeatMetal","hexamod:StepThrough"],"picked":"hexamod:ParanormalForm","floor":6},{"not_picked":["hexamod:NightmareStrike","hexamod:SkipABeat"],"picked":"hexamod:ShieldOfDarkness","floor":8},{"not_picked":["hexamod:ThermalTransfer","hexamod:Haunt"],"picked":"hexamod:NecessarySacrifice","floor":9},{"not_picked":["hexamod:Firestarter","hexamod:RadiantFlame"],"picked":"hexamod:NecessarySacrifice","floor":10},{"not_picked":["hexamod:NightmareGuise","hexamod:GhostOfSpirePast"],"picked":"hexamod:Hexaguard","floor":11},{"not_picked":["hexamod:BurningTouch","hexamod:SpectersWail"],"picked":"hexamod:SearingWound","floor":13},{"not_picked":["hexamod:RecurringNightmare","hexamod:SwordOfDarkness","hexamod:ShieldOfDarkness"],"picked":"SKIP","floor":15}],"player_experience":40327,"relics_obtained":[{"floor":6,"key":"Eternal Feather"},{"floor":7,"key":"InkBottle"},{"floor":13,"key":"Mercury Hourglass"},{"floor":14,"key":"downfall:GremlinSack"}],"event_choices":[{"damage_healed":0,"gold_gain":0,"player_choice":"Ignored","damage_taken":0,"max_hp_gain":0,"max_hp_loss":0,"event_name":"NoteForYourself","floor":5,"gold_loss":0}],"is_beta":false,"boss_relics":[],"items_purged_floors":[],"is_endless":false,"potions_floor_spawned":[6,10,11,13],"killed_by":"DF_ARCHETYPE_STREAMLINE","ascension_level":0}}