{"host":"ekyl8r8j8fco3zlk","time":1611320914,"event":{"mods":["ATMod(∞¢Ë™Mod)","Act Like it!","Arknights The Spire","BaseMod","CapriCore","Decade(Õı–°√˜)","Dota2Spire","Friendly Minions","Gensokyo","Lobotomy","LobotomyExtend","Marisa£®ÏF”Í°°ƒß¿Ì…≥£©","Minty Spire (QoL Compilation)","READ ME - Guardian Mod","Rare Cards Sparkle","Reimu£®≤©¿ˆ¡È√Œ£©","StSLib","The Alterego","The Immortal","The Jungle","TheWitcher","Waifu the Spire","WarShipGirlsR/’ΩΩ¢…Ÿ≈ÆR mod","Yakumo Yukari mod","°æ“≈ŒÔø®≈∆°øREMEMod"],"gold_per_floor":[220,190,94,110,137,137,174,174,225,156,181,181,197,216,216,319,319,335,358,374,373,373],"floor_reached":21,"language":"ZHS","playtime":1358,"items_purged":[],"score":216,"play_id":"19220ee0-e20a-4dbd-ad6f-49ca98fc9e31","local_time":"20210122210834","is_ascension_mode":false,"campfire_choices":[{"data":"SnafuTest:SignAard","floor":6,"key":"SMITH"},{"data":"SnafuTest:VitalShield","floor":12,"key":"SMITH"},{"data":"SnafuTest:PowerCounterAttack","floor":15,"key":"SMITH"}],"circlet_count":0,"master_deck":["SnafuTest:DefaultCommonAttack","SnafuTest:DefaultCommonAttack","SnafuTest:DefaultCommonAttack","SnafuTest:DefaultCommonSkill","SnafuTest:DefaultCommonSkill","SnafuTest:DefaultCommonSkill","SnafuTest:SignQuen","SnafuTest:SignAard+1","AT_DiedThrough","SnafuTest:ArmoredSortie","SnafuTest:BloodForBlood","SnafuTest:BombDancingStar","SnafuTest:QueensGuard","SnafuTest:VitalShield+1","SnafuTest:CareTaker","SnafuTest:PowerCounterAttack+1","SnafuTest:Offering","SnafuTest:BlackSunRise","SnafuTest:SignYrden","SnafuTest:PayBank+1","SnafuTest:BombDimeritium"],"relics":["SnafuTest:UnstableMutagenRelic","AT_ATBox","REME_ComplimentaryCards","LetterFromLob","Happy Flower","Dota2Spire:DrumOfEndurance","Potion Belt","SlaversCollar"],"acts_visited":["Exordium","TheCity"],"potions_floor_usage":[3,11,11,14,20,20],"damage_taken":[{"damage":1,"enemies":"Jaw Worm","floor":1,"turns":4},{"damage":0,"enemies":"Cultist","floor":4,"turns":4},{"damage":5,"enemies":"2 Louse","floor":5,"turns":3},{"damage":39,"enemies":"Lagavulin","floor":7,"turns":10},{"damage":0,"enemies":"Gremlin Nob","floor":11,"turns":5},{"damage":0,"enemies":"Exordium Thugs","floor":13,"turns":4},{"damage":0,"enemies":"Looter","floor":14,"turns":3},{"damage":23,"enemies":"Hexaghost","floor":16,"turns":10},{"damage":29,"enemies":"Spheric Guardian","floor":18,"turns":7},{"damage":9,"enemies":"3 Byrds","floor":19,"turns":4},{"damage":27,"enemies":"Snecko","floor":20,"turns":8},{"damage":43,"enemies":"3 Cultists","floor":21,"turns":6}],"seed_played":"-8691518409836024847","potions_obtained":[{"floor":1,"key":"Energy Potion"},{"floor":2,"key":"REME_GoldPotion"},{"floor":2,"key":"Dota2Spire:HealingSalve"},{"floor":7,"key":"Block Potion"},{"floor":16,"key":"FairyPotion"},{"floor":18,"key":"Ancient Potion"},{"floor":19,"key":"Energy Potion"}],"is_trial":false,"path_per_floor":["M","?","$","M","M","R","E","?","T","$","E","R","M","M","R","B",null,"M","M","M","M"],"character_chosen":"THE_WITCHER","items_purchased":["SnafuTest:BloodForBlood","SnafuTest:BombDancingStar","SnafuTest:CareTaker"],"campfire_rested":0,"item_purchase_floors":[3,3,10],"current_hp_per_floor":[74,74,74,74,69,69,30,42,42,42,54,54,54,54,54,31,75,46,37,10,0,0],"gold":373,"neow_bonus":"HUNDRED_GOLD","is_daily":false,"chose_seed":false,"campfire_upgraded":3,"win_rate":0.0,"timestamp":1611320914,"path_taken":["M","?","?","M","?","R","E","?","T","$","E","R","M","M","R","BOSS","M","M","M","M"],"items_purchased_type":["Card","Card","Card"],"build_version":"2020-12-22","purchased_purges":0,"victory":false,"max_hp_per_floor":[75,75,75,75,75,75,75,75,75,75,75,75,75,75,75,75,75,75,75,75,75,75],"card_choices":[{"not_picked":["SnafuTest:SpellTortoise","SnafuTest:PowerCounterAttack"],"picked":"SnafuTest:ArmoredSortie","floor":1},{"not_picked":["SnafuTest:MCSuccubusSeduction","SnafuTest:Portal","SnafuTest:FlashingEvasion"],"picked":"SKIP","floor":4},{"not_picked":["SnafuTest:MercilessReaper","SnafuTest:SpellIncendiaryShower"],"picked":"SnafuTest:QueensGuard","floor":5},{"not_picked":["SnafuTest:OtherWorld","SnafuTest:PhantomMemory"],"picked":"SnafuTest:VitalShield","floor":7},{"not_picked":["SnafuTest:BombDevilsPuffball","SnafuTest:QueensGuard","SnafuTest:PowerProbingFeint"],"picked":"SKIP","floor":11},{"not_picked":["SnafuTest:MCSuccubusSeduction","SnafuTest:SpellGloemGuard"],"picked":"SnafuTest:PowerCounterAttack","floor":13},{"not_picked":["SnafuTest:PhantomMemory","SnafuTest:ExcessiveLevies"],"picked":"SnafuTest:Offering","floor":14},{"not_picked":["SnafuTest:BloodLineTracing","SnafuTest:DecisiveOpportunity"],"picked":"SnafuTest:BlackSunRise","floor":16},{"not_picked":["SnafuTest:BombDancingStar","SnafuTest:RecklessBlow"],"picked":"SnafuTest:SignYrden","floor":18},{"not_picked":["SnafuTest:PowerMartialMagical+1","SnafuTest:BombNorthernWind"],"picked":"SnafuTest:PayBank+1","floor":19},{"not_picked":["SnafuTest:AncestralRitual","SnafuTest:BloodLineTracing"],"picked":"SnafuTest:BombDimeritium","floor":20}],"player_experience":693342,"relics_obtained":[{"floor":1,"key":"LetterFromLob"},{"floor":7,"key":"Happy Flower"},{"floor":9,"key":"Dota2Spire:DrumOfEndurance"},{"floor":11,"key":"Potion Belt"}],"event_choices":[{"damage_healed":0,"gold_gain":0,"player_choice":"Bought 2 Potions","damage_taken":0,"max_hp_gain":0,"max_hp_loss":0,"event_name":"The Woman in Blue","floor":2,"gold_loss":0}],"is_beta":false,"boss_relics":[{"not_picked":["REME_DemonsWealth","Calling Bell"],"picked":"SlaversCollar"}],"items_purged_floors":[],"is_endless":false,"potions_floor_spawned":[1,7,16,18,19],"killed_by":"3 Cultists","ascension_level":0}}