{"host":"pi8b3ffzwvxqztac","time":1611358094,"event":{"mods":["BaseMod","Colored Map","Downfall","Minty Spire (QoL Compilation)","StSLib","The Jungle"],"gold_per_floor":[99,116,181,201,376,376,376,392,192,211,211,228,228,17,29,126,176,176,193,203,203,217,25,25,60,80,100,100,116,149,149,169,274,274,174,191,203,203,188,206,281,281,294,215,215,215,215,263,277,277,277,310,8,8,8,8],"floor_reached":57,"language":"ENG","playtime":4652,"items_purged":["Doubt"],"score":1229,"play_id":"7c16dcbc-7d4c-45d4-b28b-0e607ef7a0a4","local_time":"20210123122814","is_ascension_mode":true,"campfire_choices":[{"floor":1,"key":"RECALL"},{"floor":9,"key":"REST"},{"data":"Guardian:TwinSlam","floor":11,"key":"SMITH"},{"floor":13,"key":"REST"},{"data":"Guardian:BaubleBeam","floor":18,"key":"SMITH"},{"data":"Guardian:Orbwalk","floor":28,"key":"SMITH"},{"data":"Guardian:Preprogram","floor":35,"key":"SMITH"},{"data":"Guardian:Repulse","floor":42,"key":"SMITH"},{"data":"expansioncontent:QuickStudy","floor":45,"key":"SMITH"},{"data":"Guardian:FloatingOrbs","floor":47,"key":"SMITH"},{"data":"Guardian:StasisEngine","floor":54,"key":"SMITH"}],"circlet_count":0,"master_deck":["Guardian:Strike_Guardian","Guardian:Strike_Guardian","Guardian:Defend_Guardian","Guardian:Defend_Guardian","Guardian:Defend_Guardian","Guardian:Defend_Guardian","Guardian:CurlUp+1","Guardian:TwinSlam+1","Guardian:StasisEngine+1","Guardian:Orbwalk+1","Guardian:ChargeCore","Guardian:Planning","Guardian:PiercingHide","Guardian:BaubleBeam+1","Guardian:Preprogram+1","Guardian:ExploitGems","Guardian:FloatingOrbs+1","Guardian:Planning","Guardian:TimeCapacitor","Guardian:PrismaticBarrier+1","Guardian:Recover","Guardian:Orbwalk+1","Guardian:ChargeUp+1","Guardian:Repulse+1","Guardian:FastForward","CurseOfTheBell","Guardian:TemporalStrike+1","Guardian:Suspension+1","Guardian:TemporalShield+1","expansioncontent:QuickStudy+1","Parasite","Guardian:ShieldCharger+1"],"relics":["Guardian:ModeShifter","Tiny Chest","Boot","downfall:HeartBlessingBlue","downfall:HeartBlessingRed","Tiny House","Eternal Feather","hexamod:CandleOfCauterizing","PreservedInsect","Guardian:DefensiveModeMoreBlock","Mango","Calling Bell","Strawberry","Molten Egg 2","Ginger","downfall:HeartBlessingGreen","Meat on the Bone","Shuriken","Dream Catcher","Torii","Mummified Hand"],"acts_visited":["Exordium","Exordium","TheBeyond","TheEnding"],"potions_floor_usage":[3,12,20,20,20,25,27,30,33,43,52],"damage_taken":[{"damage":2,"enemies":"Small Slimes","floor":2,"turns":5},{"damage":36,"enemies":"Lagavulin Event","floor":3,"turns":10},{"damage":5,"enemies":"2 Louse","floor":4,"turns":3},{"damage":5,"enemies":"Jaw Worm","floor":8,"turns":6},{"damage":8,"enemies":"2 Fungi Beasts","floor":10,"turns":3},{"damage":14,"enemies":"Exordium Thugs","floor":12,"turns":8},{"damage":10,"enemies":"downfall:FleeingMerchant","floor":14,"turns":4},{"damage":4,"enemies":"3 Louse","floor":15,"turns":3},{"damage":16,"enemies":"WA_ARCHETYPE_RETAIN","floor":16,"turns":8},{"damage":0,"enemies":"Shell Parasite","floor":19,"turns":3},{"damage":4,"enemies":"theJungle:Flameango_and_Byrd","floor":20,"turns":5},{"damage":25,"enemies":"theJungle:Lyon","floor":22,"turns":4},{"damage":7,"enemies":"downfall:FleeingMerchant","floor":23,"turns":4},{"damage":7,"enemies":"theJungle:MamaSnecko","floor":25,"turns":6},{"damage":10,"enemies":"theJungle:2_Snecko_Cultists","floor":26,"turns":4},{"damage":2,"enemies":"Snake Plant","floor":27,"turns":3},{"damage":20,"enemies":"theJungle:2_Flameangoes","floor":29,"turns":5},{"damage":10,"enemies":"theJungle:Cassacara","floor":30,"turns":6},{"damage":3,"enemies":"theJungle:SlimyTreeVines","floor":32,"turns":6},{"damage":21,"enemies":"IC_MUSHROOM_ARCHETYPE","floor":33,"turns":6},{"damage":20,"enemies":"3 Darklings","floor":36,"turns":7},{"damage":18,"enemies":"3 Shapes","floor":37,"turns":5},{"damage":0,"enemies":"downfall:FleeingMerchant","floor":39,"turns":4},{"damage":11,"enemies":"Maw","floor":40,"turns":6},{"damage":15,"enemies":"Sphere and 2 Shapes","floor":43,"turns":7},{"damage":13,"enemies":"downfall:FleeingMerchant","floor":44,"turns":4},{"damage":7,"enemies":"Writhing Mass","floor":49,"turns":5},{"damage":16,"enemies":"DF_ARCHETYPE_ORBS","floor":50,"turns":6},{"damage":13,"enemies":"downfall:CharBossMerchant","floor":52,"turns":7},{"damage":12,"enemies":"downfall:NeowBoss","floor":55,"turns":11},{"damage":77,"enemies":"downfall:NeowBossFinal","floor":56,"turns":8}],"seed_played":"-6489944016187197804","potions_obtained":[{"floor":2,"key":"EssenceOfSteel"},{"floor":3,"key":"Weak Potion"},{"floor":16,"key":"PowerPotion"},{"floor":17,"key":"Weak Potion"},{"floor":19,"key":"Guardian:AcceleratePotion"},{"floor":22,"key":"AttackPotion"},{"floor":25,"key":"Guardian:DefensiveModePotion"},{"floor":26,"key":"champ:CounterPotion"},{"floor":30,"key":"CultistPotion"},{"floor":37,"key":"Fire Potion"},{"floor":43,"key":"Energy Potion"}],"is_trial":false,"path_per_floor":["R","M","?","M","?","?","T","M","R","M","R","M","R","$","M","B",null,"R","M","M","T","M","$","T","E","M","M","R","M","E","T","M","B",null,"R","M","M","?","$","M","T","R","M","$","R","?","R","T","M","B",null,"E","$","R","B","B",null],"character_chosen":"GUARDIAN","items_purchased":["Guardian:Preprogram","Guardian:Gem_Red","Guardian:Gem_White","Guardian:Planning","Guardian:TimeCapacitor","Shuriken","expansioncontent:QuickStudy","Mummified Hand","Guardian:Gem_Lightblue"],"campfire_rested":2,"item_purchase_floors":[14,14,23,23,23,44,44,53,53],"current_hp_per_floor":[80,78,42,37,37,19,19,14,51,43,43,29,56,46,42,26,95,95,95,91,91,66,59,59,52,42,40,55,35,25,39,42,21,116,116,96,78,78,78,67,67,85,70,69,87,87,105,105,98,82,116,103,103,116,104,39],"gold":8,"neow_bonus":"ONE_RANDOM_RARE_CARD","is_daily":false,"chose_seed":false,"campfire_upgraded":8,"win_rate":0.0,"timestamp":1611358094,"path_taken":["R","M","?","M","?","?","T","M","R","?","R","M","R","$","M","BOSS","R","M","M","?","M","$","T","E","M","M","R","M","E","?","M","BOSS","R","M","M","?","$","M","T","R","M","$","R","?","R","?","M","BOSS","E","$","R","BOSS","BOSS"],"items_purchased_type":["Card","Card","Card","Card","Card","Relic","Card","Relic","Card"],"build_version":"2020-12-22","purchased_purges":1,"victory":true,"max_hp_per_floor":[80,80,80,80,80,80,80,80,90,90,90,90,90,90,90,90,95,95,95,95,95,95,95,95,95,95,95,95,95,95,109,109,109,116,116,116,116,116,116,116,116,116,116,116,116,116,116,116,116,116,116,116,116,116,116,116],"card_choices":[{"not_picked":["Guardian:TimeCapacitor","Guardian:BodySlam"],"picked":"Guardian:Orbwalk","floor":2},{"not_picked":["Guardian:PrimingBeam","Guardian:TemporalStrike"],"picked":"Guardian:ChargeCore","floor":4},{"not_picked":["Guardian:Emergency","Guardian:FuturePlans"],"picked":"Guardian:Planning","floor":8},{"not_picked":["Guardian:Gem_Red","Guardian:Orbwalk"],"picked":"Guardian:PiercingHide","floor":10},{"not_picked":["Guardian:TemporalShield","Guardian:Incinerate"],"picked":"Guardian:BaubleBeam","floor":12},{"not_picked":["Guardian:Incinerate","Guardian:TemporalShield","Guardian:Recover"],"picked":"SKIP","floor":14},{"not_picked":["Guardian:Planning","Guardian:Gem_Lightblue"],"picked":"Guardian:Gem_Fragmented","floor":15},{"not_picked":["Guardian:FastForward","Guardian:StasisField"],"picked":"Guardian:ExploitGems","floor":16},{"not_picked":["Guardian:TemporalStrike","Guardian:Reroute"],"picked":"Guardian:Gem_Crimson","floor":17},{"not_picked":["Guardian:Reroute+1","Guardian:VentSteam"],"picked":"Guardian:Gem_Red","floor":19},{"not_picked":["Guardian:ChargeCore+1","Guardian:Planning"],"picked":"Guardian:FloatingOrbs","floor":20},{"not_picked":["Guardian:Preprogram","Guardian:ArmoredProtocol"],"picked":"Guardian:Gem_Cyan","floor":22},{"not_picked":["Guardian:Emergency","Guardian:WalkerClaw"],"picked":"Guardian:Gem_Cyan","floor":23},{"not_picked":["Guardian:Gem_Green","Guardian:Reroute","Guardian:Gem_Red"],"picked":"SKIP","floor":25},{"not_picked":["Guardian:Planning","Guardian:GatlingBeam"],"picked":"Guardian:PrismaticBarrier+1","floor":26},{"not_picked":["Guardian:CrystalBeam","Guardian:ChargeCore"],"picked":"Guardian:Recover","floor":27},{"not_picked":["Guardian:VentSteam","Guardian:Planning+1"],"picked":"Guardian:Orbwalk+1","floor":29},{"not_picked":["Guardian:WalkerClaw","Guardian:ChargeCore+1"],"picked":"Guardian:ChargeUp+1","floor":30},{"not_picked":["Guardian:FuturePlans+1","Guardian:EvasiveProtocol"],"picked":"Guardian:Repulse","floor":32},{"not_picked":["Guardian:TimeSifter","Guardian:BaubleBeam"],"picked":"Guardian:FastForward","floor":33},{"not_picked":["Guardian:Reroute+1","Guardian:Repulse+1"],"picked":"Guardian:TemporalStrike+1","floor":36},{"not_picked":["Guardian:Recover","Guardian:TimeBomb"],"picked":"Guardian:Suspension+1","floor":37},{"not_picked":["Guardian:WalkerClaw+1","Guardian:Planning+1"],"picked":"Guardian:TemporalShield+1","floor":39},{"not_picked":["Guardian:Gem_Blue","Guardian:Planning"],"picked":"Guardian:Gem_Synthetic","floor":40},{"not_picked":["Guardian:Reroute+1","Guardian:Planning+1","Guardian:BronzeArmor"],"picked":"SKIP","floor":43},{"not_picked":["Guardian:Preprogram+1","Guardian:PolyBeam+1"],"picked":"Guardian:Gem_Blue","floor":44},{"not_picked":["Guardian:Gem_Red","Guardian:CrystalBeam+1"],"picked":"Guardian:ShieldCharger+1","floor":49},{"not_picked":["Guardian:TemporalStrike+1","Guardian:StasisStrike+1","Guardian:ArmoredProtocol+1"],"picked":"SKIP","floor":52}],"player_experience":561470,"relics_obtained":[{"floor":21,"key":"Eternal Feather"},{"floor":24,"key":"hexamod:CandleOfCauterizing"},{"floor":25,"key":"PreservedInsect"},{"floor":30,"key":"Guardian:DefensiveModeMoreBlock"},{"floor":31,"key":"Mango"},{"floor":34,"key":"Strawberry"},{"floor":34,"key":"Molten Egg 2"},{"floor":34,"key":"Ginger"},{"floor":41,"key":"Meat on the Bone"},{"floor":48,"key":"Dream Catcher"},{"floor":52,"key":"Torii"}],"event_choices":[{"damage_healed":0,"gold_gain":0,"player_choice":"Success","damage_taken":18,"relics_obtained":["Boot"],"max_hp_gain":0,"max_hp_loss":0,"event_name":"Scrap Ooze","floor":6,"gold_loss":0},{"cards_removed":["Guardian:Strike_Guardian"],"damage_healed":0,"gold_gain":0,"player_choice":"Removed Attack","damage_taken":0,"max_hp_gain":0,"max_hp_loss":0,"event_name":"Falling","floor":46,"gold_loss":0}],"is_beta":false,"boss_relics":[{"not_picked":["Guardian:ModeShifterPlus","Empty Cage"],"picked":"Tiny House"},{"not_picked":["Velvet Choker","Coffee Dripper"],"picked":"Calling Bell"}],"items_purged_floors":[14],"is_endless":false,"potions_floor_spawned":[2,3,16,19,22,25,26,30,37,43],"ascension_level":1}}