{"host":"c3lc60y5x60jlt1y","time":1611305371,"event":{"mods":["AchievementEnabler","BaseMod","Bestiary","Colored Map","Minty Spire (QoL Compilation)","Quick Restart","StSLib","ojb\u0027s Info Mod"],"gold_per_floor":[109,109,109,57,22,22,42,70,70,81,94,112,112,130,130,207,207,225,150,65,65,65,93,93,93,120,151,1,1,16,34,34,107,107,122,122,122],"floor_reached":36,"language":"ENG","playtime":5975,"items_purged":["Writhe"],"score":740,"play_id":"5f81eb8b-335d-4359-a16e-848c9f4da423","local_time":"20210122104931","is_ascension_mode":true,"campfire_choices":[{"data":"Zap","floor":6.0,"key":"SMITH"},{"data":"Coolheaded","floor":13.0,"key":"SMITH"},{"data":"Leap","floor":15.0,"key":"SMITH"},{"data":"Turbo","floor":25.0,"key":"SMITH"},{"data":"Hyperbeam","floor":29,"key":"SMITH"},{"data":"Capacitor","floor":32,"key":"SMITH"}],"circlet_count":0,"master_deck":["AscendersBane","Strike_B+1","Strike_B","Strike_B","Defend_B+1","Defend_B","Defend_B","Zap+1","Dualcast","FTL","Leap+1","Self Repair","BootSequence","Coolheaded+1","Conserve Battery","Doom and Gloom","Melter","Hyperbeam+1","Turbo+1","Capacitor+1","Cold Snap","Undo","BootSequence","BootSequence+1","White Noise","Consume","Core Surge","Cold Snap+1"],"relics":["Cracked Core","NeowsBlessing","Odd Mushroom","Sundial","Eternal Feather","Black Star","Nilry\u0027s Codex","Dead Branch","HornCleat","Blue Candle","Ancient Tea Set","Juzu Bracelet","Strawberry","Nuclear Battery"],"acts_visited":["Exordium","TheCity","TheBeyond"],"potions_floor_usage":[27,33,33],"damage_taken":[{"damage":0.0,"enemies":"2 Louse","floor":1.0,"turns":1.0},{"damage":0.0,"enemies":"The Mushroom Lair","floor":7.0,"turns":1.0},{"damage":0.0,"enemies":"Lagavulin","floor":8.0,"turns":1.0},{"damage":0.0,"enemies":"Jaw Worm","floor":10.0,"turns":2.0},{"damage":0.0,"enemies":"Small Slimes","floor":11.0,"turns":3.0},{"damage":12.0,"enemies":"Exordium Wildlife","floor":12.0,"turns":5.0},{"damage":0.0,"enemies":"3 Louse","floor":14.0,"turns":3.0},{"damage":10.0,"enemies":"The Guardian","floor":16.0,"turns":13.0},{"damage":6.0,"enemies":"3 Byrds","floor":18.0,"turns":5.0},{"damage":30.0,"enemies":"Gremlin Leader","floor":23.0,"turns":8.0},{"damage":23,"enemies":"Book of Stabbing","floor":27,"turns":6},{"damage":7,"enemies":"Shell Parasite","floor":30,"turns":5},{"damage":0,"enemies":"Snake Plant","floor":31,"turns":6},{"damage":37,"enemies":"Champ","floor":33,"turns":13},{"damage":31,"enemies":"Orb Walker","floor":35,"turns":6},{"damage":52,"enemies":"2 Orb Walkers","floor":36,"turns":4}],"seed_played":"6491274263605233306","potions_obtained":[{"floor":1.0,"key":"PowerPotion"},{"floor":11.0,"key":"LiquidMemories"},{"floor":16.0,"key":"DuplicationPotion"},{"floor":23.0,"key":"FearPotion"},{"floor":27,"key":"AttackPotion"}],"is_trial":false,"path_per_floor":["M","?","?","$","?","R","?","E","T","M","M","M","R","M","R","B",null,"M","?","$","?","?","E","?","R","T","E","$","R","M","M","R","B",null,"M","?"],"character_chosen":"DEFECT","items_purchased":["Leap","Capacitor","Cold Snap","DistilledChaos"],"campfire_rested":0,"item_purchase_floors":[4,20,20,28],"current_hp_per_floor":[64,43,36,36,53,53,53,53,53,60,67,62,71,71,71,68,70,71,71,71,71,50,20,20,32,32,23,23,35,35,42,57,27,65,41,0,0],"gold":122,"neow_bonus":"THREE_ENEMY_KILL","is_daily":false,"chose_seed":false,"campfire_upgraded":6,"win_rate":0.0,"timestamp":1611305371,"path_taken":["M","?","?","$","?","R","?","E","T","M","?","M","R","M","R","BOSS","M","?","$","?","?","E","?","R","T","E","$","R","M","M","R","BOSS","M","?"],"items_purchased_type":["Card","Card","Card","Potion"],"build_version":"2020-12-22","purchased_purges":1,"victory":false,"max_hp_per_floor":[71,71,71,71,71,71,71,71,71,71,71,71,71,71,71,71,71,71,71,71,71,71,71,71,71,71,78,78,78,78,78,78,78,78,78,78,78],"card_choices":[{"not_picked":["Fusion","Gash"],"picked":"FTL","floor":1.0},{"not_picked":["Conserve Battery","Blizzard"],"picked":"Self Repair","floor":7.0},{"not_picked":["Hologram","Turbo"],"picked":"BootSequence","floor":8.0},{"not_picked":["Go for the Eyes","Beam Cell"],"picked":"Coolheaded","floor":10.0},{"not_picked":["Redo","Static Discharge"],"picked":"Conserve Battery","floor":11.0},{"not_picked":["Leap","Aggregate"],"picked":"Doom and Gloom","floor":12.0},{"not_picked":["Steam","Rip and Tear"],"picked":"Melter","floor":14.0},{"not_picked":["Thunder Strike","Rainbow"],"picked":"Hyperbeam","floor":16.0},{"not_picked":["Hologram","Conserve Battery"],"picked":"Turbo","floor":18.0},{"not_picked":["Rebound","Chaos"],"picked":"BootSequence","floor":23.0},{"not_picked":["Reprogram","Cold Snap"],"picked":"BootSequence+1","floor":27},{"not_picked":["Stack","Barrage"],"picked":"White Noise","floor":30},{"not_picked":["Leap","FTL"],"picked":"Consume","floor":31},{"not_picked":["Hyperbeam","Fission"],"picked":"Core Surge","floor":33},{"not_picked":["Leap","Turbo"],"picked":"Cold Snap+1","floor":35}],"player_experience":8331314,"relics_obtained":[{"floor":7.0,"key":"Odd Mushroom"},{"floor":8.0,"key":"Sundial"},{"floor":9.0,"key":"Eternal Feather"},{"floor":22.0,"key":"Nilry\u0027s Codex"},{"floor":23.0,"key":"Dead Branch"},{"floor":23.0,"key":"HornCleat"},{"floor":26.0,"key":"Ancient Tea Set"},{"floor":27,"key":"Juzu Bracelet"},{"floor":27,"key":"Strawberry"}],"event_choices":[{"damage_healed":0.0,"max_hp_gain":0.0,"max_hp_loss":0.0,"gold_gain":0.0,"event_name":"Shining Light","player_choice":"Entered Light","floor":2.0,"gold_loss":0.0,"damage_taken":21.0,"cards_upgraded":["Defend_B","Strike_B"]},{"cards_removed":["Strike_B"],"damage_healed":0.0,"max_hp_gain":0.0,"max_hp_loss":0.0,"gold_gain":0.0,"event_name":"Golden Wing","player_choice":"Card Removal","floor":3.0,"gold_loss":0.0,"damage_taken":7.0},{"damage_healed":17.0,"max_hp_gain":0.0,"max_hp_loss":0.0,"gold_gain":0.0,"event_name":"The Cleric","player_choice":"Healed","floor":5.0,"gold_loss":35.0,"damage_taken":0.0},{"damage_healed":0.0,"max_hp_gain":0.0,"max_hp_loss":0.0,"gold_gain":0.0,"event_name":"Mushrooms","player_choice":"Fought Mushrooms","floor":7.0,"gold_loss":0.0,"damage_taken":0.0},{"cards_removed":["Defend_B"],"damage_healed":0.0,"max_hp_gain":0.0,"max_hp_loss":0.0,"gold_gain":0.0,"event_name":"Beggar","player_choice":"Gave Gold","floor":19.0,"gold_loss":75.0,"damage_taken":0.0},{"damage_healed":0.0,"max_hp_gain":0.0,"max_hp_loss":0.0,"gold_gain":0.0,"event_name":"The Library","player_choice":"Read","floor":21.0,"gold_loss":0.0,"damage_taken":0.0,"cards_obtained":["Undo"]},{"damage_healed":0.0,"max_hp_gain":0.0,"max_hp_loss":0.0,"gold_gain":0.0,"event_name":"Cursed Tome","player_choice":"Obtained Book","floor":22.0,"gold_loss":0.0,"damage_taken":21.0},{"damage_healed":0.0,"max_hp_gain":0.0,"max_hp_loss":0.0,"gold_gain":0.0,"event_name":"The Mausoleum","player_choice":"Opened","floor":24.0,"gold_loss":0.0,"damage_taken":0.0,"relics_obtained":["Blue Candle"],"cards_obtained":["Writhe"]},{"damage_healed":0,"gold_gain":0,"player_choice":"Fight","damage_taken":0,"max_hp_gain":0,"max_hp_loss":0,"event_name":"Mysterious Sphere","floor":36,"gold_loss":0}],"is_beta":false,"boss_relics":[{"not_picked":["FrozenCore","Snecko Eye"],"picked":"Black Star"},{"not_picked":["Sozu","SacredBark"],"picked":"Nuclear Battery"}],"items_purged_floors":[28],"is_endless":false,"potions_floor_spawned":[1,11,14,16,23,27],"killed_by":"2 Orb Walkers","ascension_level":15}}