{"host":"52m1o8iwwagurbjs","time":1611351907,"event":{"mods":["AchievementEnabler","BaseMod","Bestiary","Colored Powertips","GifTheSpireLib","Minty Spire (QoL Compilation)","Quick Restart","RNG Fix","Relic Stats","StSLib"],"gold_per_floor":[109,109,120,70,83,117,117,133,133,145,145,178,188,208,208,304,304,322,338,357,357,386,386,403,403,403,418,452,472,501,511,511,611,611,625,625,642,642,654,654,664,692,692,692,702,728,728,738,738,738,738,738,88,123,123,123],"floor_reached":55,"language":"ENG","playtime":2908,"items_purged":["Defend_B"],"score":910,"play_id":"32fc2557-5a8c-4d5b-b910-38e46234c442","local_time":"20210122164507","is_ascension_mode":false,"campfire_choices":[{"data":"Hyperbeam","floor":7.0,"key":"SMITH"},{"data":"Defragment","floor":11.0,"key":"SMITH"},{"data":"Coolheaded","floor":15.0,"key":"SMITH"},{"data":"Electrodynamics","floor":23.0,"key":"SMITH"},{"data":"Static Discharge","floor":25.0,"key":"SMITH"},{"data":"White Noise","floor":32.0,"key":"SMITH"},{"data":"Fission","floor":40.0,"key":"SMITH"},{"data":"Loop","floor":44.0,"key":"SMITH"},{"floor":47.0,"key":"RECALL"},{"data":"Amplify","floor":49.0,"key":"SMITH"},{"data":"Turbo","floor":52.0,"key":"SMITH"}],"circlet_count":0,"master_deck":["Defend_B","Zap","Dualcast","Sweeping Beam","Coolheaded+1","Cold Snap","Hyperbeam+1","Doom and Gloom","Defragment+1","Glacier+1","Compile Driver","White Noise+1","Biased Cognition","Leap","Static Discharge+1","Turbo+1","Electrodynamics+1","Heatsinks+1","Ball Lightning","Echo Form","Self Repair","Amplify+1","Buffer+1","Double Energy+1","Recycle+1","Fission+1","Reinforced Body+1","Coolheaded+1","Loop+1","Secret Technique","Echo Form"],"relics":["Sozu","Ornamental Fan","Kunai","Unceasing Top","SacredBark","Red Mask","Eternal Feather","FossilizedHelix","Regal Pillow","Astrolabe","Question Card","CeramicFish","War Paint","Mummified Hand","Cables"],"acts_visited":["Exordium","TheCity","TheBeyond","TheEnding"],"potions_floor_usage":[],"damage_taken":[{"damage":0.0,"enemies":"2 Louse","floor":1.0,"turns":3.0},{"damage":5.0,"enemies":"Small Slimes","floor":3.0,"turns":3.0},{"damage":0.0,"enemies":"Cultist","floor":5.0,"turns":3.0},{"damage":19.0,"enemies":"Lagavulin","floor":6.0,"turns":9.0},{"damage":10.0,"enemies":"Exordium Thugs","floor":8.0,"turns":3.0},{"damage":0.0,"enemies":"2 Fungi Beasts","floor":10.0,"turns":1.0},{"damage":7.0,"enemies":"Gremlin Nob","floor":12.0,"turns":4.0},{"damage":0.0,"enemies":"Exordium Wildlife","floor":13.0,"turns":2.0},{"damage":0.0,"enemies":"Exordium Thugs","floor":14.0,"turns":2.0},{"damage":13.0,"enemies":"Slime Boss","floor":16.0,"turns":7.0},{"damage":7.0,"enemies":"Shell Parasite","floor":18.0,"turns":6.0},{"damage":4.0,"enemies":"3 Byrds","floor":19.0,"turns":5.0},{"damage":5.0,"enemies":"Cultist and Chosen","floor":20.0,"turns":6.0},{"damage":4.0,"enemies":"Masked Bandits","floor":22.0,"turns":3.0},{"damage":3.0,"enemies":"Shelled Parasite and Fungi","floor":24.0,"turns":6.0},{"damage":8.0,"enemies":"3 Cultists","floor":27.0,"turns":3.0},{"damage":11.0,"enemies":"Gremlin Leader","floor":28.0,"turns":7.0},{"damage":1.0,"enemies":"Centurion and Healer","floor":29.0,"turns":4.0},{"damage":0.0,"enemies":"Book of Stabbing","floor":30.0,"turns":5.0},{"damage":0.0,"enemies":"Shelled Parasite and Fungi","floor":31.0,"turns":7.0},{"damage":0.0,"enemies":"Collector","floor":33.0,"turns":12.0},{"damage":8.0,"enemies":"3 Shapes","floor":35.0,"turns":4.0},{"damage":0.0,"enemies":"3 Darklings","floor":37.0,"turns":4.0},{"damage":0.0,"enemies":"Spire Growth","floor":39.0,"turns":6.0},{"damage":10.0,"enemies":"4 Shapes","floor":41.0,"turns":5.0},{"damage":0.0,"enemies":"Nemesis","floor":42.0,"turns":9.0},{"damage":0.0,"enemies":"Transient","floor":45.0,"turns":5.0},{"damage":0.0,"enemies":"Giant Head","floor":46.0,"turns":8.0},{"damage":0.0,"enemies":"Writhing Mass","floor":48.0,"turns":6.0},{"damage":0.0,"enemies":"Donu and Deca","floor":50.0,"turns":10.0},{"damage":53.0,"enemies":"Shield and Spear","floor":54.0,"turns":9.0},{"damage":60,"enemies":"The Heart","floor":55,"turns":3}],"seed_played":"7187301153257310745","potions_obtained":[],"is_trial":false,"path_per_floor":["M","?","M","?","M","E","R","M","T","M","R","E","M","M","R","B",null,"M","M","M","?","?","R","M","R","T","M","E","M","E","M","R","B",null,"M","?","M","?","M","R","M","E","T","R","M","E","R","M","R","B",null,"R","$","E","B"],"character_chosen":"DEFECT","items_purchased":["War Paint","Mummified Hand","Secret Technique"],"campfire_rested":0,"item_purchase_floors":[53,53,53],"current_hp_per_floor":[75,80,75,75,75,56,56,46,46,46,46,39,39,39,39,26,80,73,69,64,64,60,60,57,57,57,49,38,37,37,37,52,52,80,72,72,76,76,76,76,73,76,76,76,76,76,76,76,76,76,76,76,76,37,0,0],"gold":123,"neow_bonus":"BOSS_RELIC","is_daily":false,"chose_seed":false,"campfire_upgraded":10,"win_rate":0.0,"timestamp":1611351907,"path_taken":["M","?","M","?","M","E","R","M","T","?","R","E","M","M","R","BOSS","M","M","?","?","?","R","M","R","T","M","E","M","E","M","R","BOSS","M","?","?","?","M","R","M","E","T","R","M","E","R","M","R","BOSS","R","$","E","BOSS"],"items_purchased_type":["Relic","Relic","Card"],"build_version":"2020-12-22","purchased_purges":1,"victory":false,"max_hp_per_floor":[75,80,80,80,80,80,80,80,80,80,80,80,80,80,80,80,80,80,80,80,80,80,80,80,80,80,80,80,80,80,80,80,80,80,80,76,76,76,76,76,76,76,76,76,76,76,76,76,76,76,76,76,76,76,76,76],"relic_stats":{"Regal Pillow":0,"counters":[32,170],"Astrolabe":["Buffer","Double Energy","Recycle"],"CeramicFish":18,"Eternal Feather":15,"War Paint":["Reinforced Body","Glacier"],"Question Card":4,"Cables":[3,3,0,0,0],"Sozu":16,"Ornamental Fan":[68],"Mummified Hand":[15],"Kunai":[17],"obtain_stats":[{"Regal Pillow":30,"SacredBark":17,"Astrolabe":34,"CeramicFish":46,"Eternal Feather":26,"War Paint":53,"Question Card":42,"Cables":54,"Sozu":0,"Ornamental Fan":6,"Mummified Hand":53,"Red Mask":22,"Kunai":9,"Cracked Core":0,"Unceasing Top":12,"FossilizedHelix":28},{"Regal Pillow":19,"SacredBark":10,"Astrolabe":21,"CeramicFish":28,"Eternal Feather":15,"War Paint":30,"Question Card":26,"Cables":31,"Sozu":0,"Ornamental Fan":4,"Mummified Hand":30,"Red Mask":14,"Kunai":5,"Cracked Core":0,"Unceasing Top":7,"FossilizedHelix":17},{"Regal Pillow":82,"SacredBark":37,"Astrolabe":101,"CeramicFish":142,"Eternal Feather":63,"War Paint":158,"Question Card":129,"Cables":167,"Sozu":0,"Ornamental Fan":18,"Mummified Hand":158,"Red Mask":57,"Kunai":21,"Cracked Core":0,"Unceasing Top":26,"FossilizedHelix":73}],"Unceasing Top":[28]},"card_choices":[{"not_picked":["Go for the Eyes","Static Discharge"],"picked":"Sweeping Beam","floor":1.0},{"not_picked":["White Noise","Barrage"],"picked":"Coolheaded","floor":3.0},{"not_picked":["Rebound","Barrage"],"picked":"Cold Snap","floor":5.0},{"not_picked":["Chaos","Rip and Tear"],"picked":"Hyperbeam","floor":6.0},{"not_picked":["Redo","Streamline"],"picked":"Doom and Gloom","floor":8.0},{"not_picked":["Chaos","Rebound"],"picked":"Defragment","floor":10.0},{"not_picked":["Aggregate","Loop"],"picked":"Glacier","floor":12.0},{"not_picked":["Barrage","Go for the Eyes"],"picked":"Compile Driver","floor":13.0},{"not_picked":["Undo","Rebound"],"picked":"White Noise","floor":14.0},{"not_picked":["Rainbow","Thunder Strike"],"picked":"Biased Cognition","floor":16.0},{"not_picked":["Streamline+1","Recycle"],"picked":"Leap","floor":18.0},{"not_picked":["Barrage+1","Compile Driver+1"],"picked":"Static Discharge","floor":19.0},{"not_picked":["Stack+1","Streamline","All For One"],"picked":"SKIP","floor":20.0},{"not_picked":["Gash+1","Barrage+1"],"picked":"Heatsinks+1","floor":22.0},{"not_picked":["Chaos","Steam","Redo"],"picked":"SKIP","floor":24.0},{"not_picked":["Scrape","Go for the Eyes+1"],"picked":"Ball Lightning","floor":27.0},{"not_picked":["Turbo","Double Energy","Stack"],"picked":"SKIP","floor":28.0},{"not_picked":["Fusion","Redo"],"picked":"Echo Form","floor":29.0},{"not_picked":["Coolheaded","Skim"],"picked":"Self Repair","floor":30.0},{"not_picked":["Stack","Force Field","Cold Snap+1"],"picked":"SKIP","floor":31.0},{"not_picked":["All For One","Hyperbeam"],"picked":"Amplify","floor":33.0},{"not_picked":["Gash","Redo+1","Steam+1"],"picked":"SKIP","floor":35.0},{"not_picked":["Conserve Battery+1","BootSequence"],"picked":"Fission","floor":37.0},{"not_picked":["Conserve Battery","Hologram+1"],"picked":"Reinforced Body","floor":39.0},{"not_picked":["Turbo","Compile Driver"],"picked":"Coolheaded+1","floor":41.0},{"not_picked":["Go for the Eyes","Conserve Battery"],"picked":"Loop","floor":42.0},{"not_picked":["Hyperbeam","Hello World+1","Chaos+1","Gash+1"],"picked":"SKIP","floor":45.0},{"not_picked":["Beam Cell+1","Turbo+1","Steam+1","Leap+1"],"picked":"SKIP","floor":46.0},{"not_picked":["Compile Driver+1","FTL","Leap","Conserve Battery+1"],"picked":"SKIP","floor":48.0},{"not_picked":["Hologram+1","Reprogram","Skim+1"],"picked":"Echo Form","floor":54.0}],"player_experience":1166191,"relics_obtained":[{"floor":6.0,"key":"Ornamental Fan"},{"floor":9.0,"key":"Kunai"},{"floor":12.0,"key":"Unceasing Top"},{"floor":22.0,"key":"Red Mask"},{"floor":26.0,"key":"Eternal Feather"},{"floor":28.0,"key":"FossilizedHelix"},{"floor":30.0,"key":"Regal Pillow"},{"floor":42.0,"key":"Question Card"},{"floor":46.0,"key":"CeramicFish"},{"floor":54.0,"key":"Cables"}],"event_choices":[{"damage_healed":0.0,"max_hp_gain":5.0,"max_hp_loss":0.0,"gold_gain":0.0,"event_name":"Big Fish","player_choice":"Donut","floor":2.0,"gold_loss":0.0,"damage_taken":0.0},{"cards_removed":["Strike_B"],"damage_healed":0.0,"max_hp_gain":0.0,"max_hp_loss":0.0,"gold_gain":0.0,"event_name":"The Cleric","player_choice":"Card Removal","floor":4.0,"gold_loss":50.0,"damage_taken":0.0},{"damage_healed":0.0,"max_hp_gain":0.0,"max_hp_loss":0.0,"gold_gain":0.0,"cards_transformed":["Strike_B","Strike_B"],"event_name":"Drug Dealer","player_choice":"Became Test Subject","floor":21.0,"gold_loss":0.0,"damage_taken":0.0,"cards_obtained":["Turbo","Electrodynamics"]},{"damage_healed":0.0,"max_hp_gain":0.0,"max_hp_loss":0.0,"gold_gain":0.0,"event_name":"Masked Bandits","player_choice":"Fought Bandits","floor":22.0,"gold_loss":0.0,"damage_taken":0.0},{"damage_healed":0.0,"max_hp_gain":0.0,"max_hp_loss":4.0,"gold_gain":0.0,"event_name":"Winding Halls","player_choice":"Max HP","floor":36.0,"gold_loss":0.0,"damage_taken":0.0},{"damage_healed":0.0,"max_hp_gain":0.0,"max_hp_loss":0.0,"gold_gain":0.0,"event_name":"SensoryStone","player_choice":"Memory 1","floor":38.0,"gold_loss":0.0,"damage_taken":0.0}],"is_beta":false,"boss_relics":[{"not_picked":["Runic Pyramid","Empty Cage"],"picked":"SacredBark"},{"not_picked":["Fusion Hammer","SlaversCollar"],"picked":"Astrolabe"}],"items_purged_floors":[53],"is_endless":false,"potions_floor_spawned":[3,5,8,13,14,16,18,20,30,31,35,39,42,46,48,54],"killed_by":"The Heart","ascension_level":0}}