{"host":"vhvm1b4sel61ztfv","time":1611290697,"event":{"mods":["BaseMod","BetterRewards","Displayed Cursed Tome","Gold Saver","Minty Spire (QoL Compilation)","StSLib"],"gold_per_floor":[2237,2412,2430,2430,2443,2443,2460,2488,2514,2541,2541,2561,2413,2424,2424,2521,2521,2541,2204,2204,2204,1931,1961,1976,1976,1976,1976,1992,1703,1716,1735,1735,1830,1830,1850,1850,1870,1890,1558,1558,1558,1571,1595,1299,1299,1299,1008,1083,1083,1083,1083,1083,859,890,890],"floor_reached":56,"language":"ENG","playtime":3170,"items_purged":["Decay","Doubt","Strike_P"],"score":1275,"play_id":"8f82c181-12c0-4595-8cf0-6a65ff2e9c8e","local_time":"20210121234457","is_ascension_mode":false,"campfire_choices":[{"floor":6,"key":"REST"},{"floor":11,"key":"REST"},{"data":"Wallop","floor":15,"key":"SMITH"},{"data":"Vault","floor":25,"key":"SMITH"},{"data":"Ragnarok","floor":32,"key":"SMITH"},{"floor":40,"key":"RECALL"},{"data":"Eruption","floor":49,"key":"SMITH"},{"data":"MasterReality","floor":52,"key":"SMITH"}],"circlet_count":0,"master_deck":["Strike_P","Strike_P","Strike_P","Defend_P","Defend_P+1","Defend_P","Defend_P","Eruption+1","Vigilance+1","FlurryOfBlows","FlurryOfBlows","Wallop+1","FlurryOfBlows","Vault+1","FlurryOfBlows","EmptyFist","FollowUp","Consecrate","Ragnarok+1","Indignation","FlurryOfBlows","FlurryOfBlows","Apotheosis+1","MasterReality+1","Transmutation+1"],"relics":["PureWater","Damaru","Regal Pillow","StoneCalendar","Membership Card","Singing Bowl","Chemical X","Ginger","Prayer Wheel","Frozen Eye","Pear","Potion Belt","Juzu Bracelet","Vajra","Lantern","VioletLotus","Gremlin Horn","ClockworkSouvenir","InkBottle","NlothsMask","Enchiridion","WingedGreaves","TheAbacus","Shuriken","TeardropLocket","Bag of Marbles","SlaversCollar","Toxic Egg 2","Bottled Lightning","PreservedInsect","Bottled Tornado","Frozen Egg 2","Toolbox","War Paint","Strawberry","OrangePellets","Eternal Feather"],"acts_visited":["Exordium","TheCity","TheBeyond","TheEnding"],"potions_floor_usage":[8,16,16,50,54,54,55,55,55,55],"damage_taken":[{"damage":0,"enemies":"2 Louse","floor":1,"turns":2},{"damage":17,"enemies":"Jaw Worm","floor":3,"turns":2},{"damage":0,"enemies":"Cultist","floor":5,"turns":2},{"damage":15,"enemies":"Exordium Thugs","floor":7,"turns":3},{"damage":16,"enemies":"3 Sentries","floor":8,"turns":6},{"damage":28,"enemies":"Lagavulin","floor":10,"turns":5},{"damage":2,"enemies":"2 Fungi Beasts","floor":12,"turns":3},{"damage":0,"enemies":"Gremlin Gang","floor":14,"turns":3},{"damage":55,"enemies":"Hexaghost","floor":16,"turns":7},{"damage":7,"enemies":"2 Thieves","floor":18,"turns":4},{"damage":0,"enemies":"Gremlin Leader","floor":23,"turns":7},{"damage":0,"enemies":"Chosen","floor":24,"turns":3},{"damage":0,"enemies":"Snake Plant","floor":28,"turns":3},{"damage":0,"enemies":"Shelled Parasite and Fungi","floor":30,"turns":1},{"damage":0,"enemies":"Snecko","floor":31,"turns":2},{"damage":19,"enemies":"Champ","floor":33,"turns":5},{"damage":15,"enemies":"Orb Walker","floor":35,"turns":2},{"damage":4,"enemies":"3 Shapes","floor":37,"turns":1},{"damage":0,"enemies":"3 Darklings","floor":38,"turns":3},{"damage":0,"enemies":"Jaw Worm Horde","floor":42,"turns":2},{"damage":0,"enemies":"Mind Bloom Boss Battle","floor":48,"turns":2},{"damage":15,"enemies":"Donu and Deca","floor":50,"turns":5},{"damage":20,"enemies":"Shield and Spear","floor":54,"turns":3},{"damage":45,"enemies":"The Heart","floor":55,"turns":6}],"seed_played":"-7046237448533999022","potions_obtained":[{"floor":3,"key":"DuplicationPotion"},{"floor":8,"key":"StancePotion"},{"floor":10,"key":"Dexterity Potion"},{"floor":18,"key":"EntropicBrew"},{"floor":54,"key":"PowerPotion"}],"is_trial":false,"path_per_floor":["M","?","M","?","M","R","M","E","T","E","R","M","$","M","R","B",null,"M","$","?","?","$","E","M","R","T","?","M","$","M","M","R","B",null,"M","?","M","M","$","R","?","M","T","$","?","T","$","?","R","B",null,"R","$","E","B",null],"character_chosen":"WATCHER","items_purchased":["Damaru","FlurryOfBlows","Regal Pillow","Membership Card","Singing Bowl","Chemical X","Ginger","Prayer Wheel","FlurryOfBlows","Frozen Eye","Pear","LiquidBronze","Lantern","DuplicationPotion","Gremlin Horn","ClockworkSouvenir","InkBottle","WingedGreaves","TheAbacus","TeardropLocket","Ragnarok","Bag of Marbles","BlessingOfTheForge","AttackPotion","Toxic Egg 2","FlurryOfBlows","Bottled Lightning","PreservedInsect","Apotheosis+1","Ambrosia","MasterReality","Frozen Egg 2","Toolbox","Transmutation+1","War Paint","Strawberry","OrangePellets"],"campfire_rested":2,"item_purchase_floors":[0,0,0,0,0,0,0,0,0,0,0,0,13,13,19,19,19,22,22,29,29,29,29,29,39,39,39,44,44,44,44,47,47,47,53,53,53],"current_hp_per_floor":[54,54,39,39,43,84,69,55,55,29,71,71,71,73,73,20,98,93,93,93,77,77,79,81,81,81,81,85,85,89,91,91,74,116,103,103,103,107,107,107,107,111,111,111,107,107,107,109,109,94,132,132,139,121,76],"gold":890,"neow_bonus":"","is_daily":false,"chose_seed":false,"campfire_upgraded":5,"win_rate":0.0,"timestamp":1611290697,"path_taken":["M","?","M","?","M","R","M","E","T","E","R","M","$","M","R","BOSS","M","$","?","?","$","E","M","R","T","?","M","$","M","M","R","BOSS","M","?","M","M","$","R","?","M","T","$","?","?","$","?","R","BOSS","R","$","E","BOSS"],"items_purchased_type":["Relic","Card","Relic","Relic","Relic","Relic","Relic","Relic","Card","Relic","Relic","Potion","Relic","Potion","Relic","Relic","Relic","Relic","Relic","Relic","Card","Relic","Potion","Potion","Relic","Card","Relic","Relic","Card","Potion","Card","Relic","Relic","Card","Relic","Relic","Relic"],"build_version":"2020-12-22","purchased_purges":3,"victory":true,"max_hp_per_floor":[82,82,84,84,88,88,88,90,90,92,92,94,94,96,96,98,98,100,100,100,100,100,102,104,104,104,104,108,108,112,114,114,116,116,118,112,116,120,120,120,120,124,124,124,130,130,130,132,132,132,132,132,139,141,141],"card_choices":[{"not_picked":["FearNoEvil","Consecrate"],"picked":"Wallop","floor":1},{"not_picked":["SignatureMove","Protect","CrushJoints"],"picked":"SKIP","floor":1},{"not_picked":["BowlingBash","Study","WaveOfTheHand"],"picked":"Singing Bowl","floor":3},{"not_picked":["Meditate","Swivel"],"picked":"FlurryOfBlows","floor":3},{"not_picked":["EmptyBody","WindmillStrike","Prostrate"],"picked":"Singing Bowl","floor":5},{"not_picked":["FlyingSleeves","PathToVictory","CutThroughFate"],"picked":"Singing Bowl","floor":5},{"not_picked":["BattleHymn","Prostrate"],"picked":"Vault","floor":7},{"not_picked":["Halt","SashWhip"],"picked":"FlurryOfBlows","floor":7},{"not_picked":["FearNoEvil","WheelKick","EmptyBody"],"picked":"Singing Bowl","floor":8},{"not_picked":["EmptyBody","Omniscience","BowlingBash"],"picked":"Singing Bowl","floor":10},{"not_picked":["ForeignInfluence","BowlingBash","Halt"],"picked":"Singing Bowl","floor":12},{"not_picked":["Fasting2","Crescendo"],"picked":"EmptyFist","floor":12},{"not_picked":["Protect","FlyingSleeves"],"picked":"FollowUp","floor":14},{"not_picked":["EmptyBody","CrushJoints","CarveReality"],"picked":"Singing Bowl","floor":14},{"not_picked":["DevaForm","Establishment","Vault"],"picked":"Singing Bowl","floor":16},{"not_picked":["FearNoEvil","BowlingBash","ThirdEye+1"],"picked":"Singing Bowl","floor":18},{"not_picked":["Sanctity+1","Evaluate+1"],"picked":"Consecrate","floor":18},{"not_picked":["ReachHeaven","Swivel","BattleHymn"],"picked":"Singing Bowl","floor":23},{"not_picked":["Weave","JustLucky","Crescendo+1"],"picked":"Singing Bowl","floor":24},{"not_picked":["FollowUp","CrushJoints"],"picked":"FlurryOfBlows","floor":24},{"not_picked":["CrushJoints+1","JustLucky","PathToVictory"],"picked":"Singing Bowl","floor":28},{"not_picked":["SashWhip","EmptyFist","Swivel+1"],"picked":"Singing Bowl","floor":28},{"not_picked":["ThirdEye","Alpha","ClearTheMind"],"picked":"Singing Bowl","floor":30},{"not_picked":["MentalFortress","SashWhip","Adaptation"],"picked":"Singing Bowl","floor":30},{"not_picked":["DeceiveReality","Vengeance"],"picked":"Indignation","floor":31},{"not_picked":["CrushJoints","BowlingBash","ClearTheMind"],"picked":"Singing Bowl","floor":31},{"not_picked":["Judgement","Omniscience","Blasphemy"],"picked":"Singing Bowl","floor":33},{"not_picked":["CarveReality","Crescendo+1","Halt+1"],"picked":"Singing Bowl","floor":35},{"not_picked":["EmptyBody","Prostrate+1"],"picked":"FlurryOfBlows","floor":35},{"not_picked":["WaveOfTheHand+1","CutThroughFate+1","Protect+1"],"picked":"Singing Bowl","floor":37},{"not_picked":["CutThroughFate","JustLucky+1","Perseverance+1"],"picked":"Singing Bowl","floor":37},{"not_picked":["Halt+1","CrushJoints","JustLucky"],"picked":"Singing Bowl","floor":38},{"not_picked":["SignatureMove","PathToVictory+1","SashWhip"],"picked":"Singing Bowl","floor":38},{"not_picked":["Perseverance+1","Wireheading+1","ReachHeaven+1"],"picked":"Singing Bowl","floor":42},{"not_picked":["Halt+1","PathToVictory+1","Perseverance+1"],"picked":"Singing Bowl","floor":42},{"not_picked":["Panacea+1","Mind Blast","Discovery+1"],"picked":"Singing Bowl","floor":45},{"not_picked":["Bandage Up+1","Madness+1","Trip+1"],"picked":"Singing Bowl","floor":45},{"not_picked":["Jack Of All Trades+1","Madness+1","Master of Strategy+1"],"picked":"Singing Bowl","floor":45},{"not_picked":["PathToVictory+1","Crescendo+1","Consecrate+1"],"picked":"Singing Bowl","floor":48},{"not_picked":["WindmillStrike+1","DeceiveReality+1","EmptyFist+1"],"picked":"Singing Bowl","floor":54}],"player_experience":156192,"relics_obtained":[{"floor":8,"key":"Potion Belt"},{"floor":9,"key":"Juzu Bracelet"},{"floor":10,"key":"Vajra"},{"floor":23,"key":"Shuriken"},{"floor":46,"key":"Bottled Tornado"},{"floor":54,"key":"Eternal Feather"}],"event_choices":[{"damage_healed":0,"gold_gain":175,"player_choice":"AGREE","damage_taken":0,"max_hp_gain":0,"max_hp_loss":0,"event_name":"Liars Game","floor":2,"gold_loss":0,"cards_obtained":["Doubt"]},{"damage_healed":0,"gold_gain":0,"player_choice":"Cursed","damage_taken":0,"max_hp_gain":0,"max_hp_loss":0,"event_name":"Wheel of Change","floor":4,"gold_loss":0,"cards_obtained":["Decay"]},{"damage_healed":0,"gold_gain":0,"player_choice":"Trade","damage_taken":0,"relics_obtained":["NlothsMask"],"max_hp_gain":0,"max_hp_loss":0,"event_name":"FaceTrader","floor":20,"gold_loss":0},{"damage_healed":0,"gold_gain":0,"player_choice":"Obtained Book","damage_taken":16,"max_hp_gain":0,"max_hp_loss":0,"event_name":"Cursed Tome","floor":21,"gold_loss":0},{"damage_healed":0,"gold_gain":0,"player_choice":"Ignored","damage_taken":0,"max_hp_gain":0,"max_hp_loss":0,"event_name":"Purifier","floor":27,"gold_loss":0},{"damage_healed":0,"gold_gain":0,"player_choice":"Max HP","damage_taken":0,"max_hp_gain":0,"max_hp_loss":6,"event_name":"Winding Halls","floor":36,"gold_loss":0},{"cards_removed":["FlurryOfBlows"],"damage_healed":0,"gold_gain":0,"player_choice":"Removed Attack","damage_taken":0,"max_hp_gain":0,"max_hp_loss":0,"event_name":"Falling","floor":41,"gold_loss":0},{"damage_healed":0,"gold_gain":0,"player_choice":"Memory 3","damage_taken":10,"max_hp_gain":0,"max_hp_loss":0,"event_name":"SensoryStone","floor":45,"gold_loss":0},{"damage_healed":0,"gold_gain":0,"player_choice":"Fight","damage_taken":0,"max_hp_gain":0,"max_hp_loss":0,"event_name":"MindBloom","floor":48,"gold_loss":0}],"is_beta":false,"boss_relics":[{"not_picked":["SacredBark","Velvet Choker"],"picked":"VioletLotus"},{"not_picked":["Cursed Key","Busted Crown"],"picked":"SlaversCollar"}],"items_purged_floors":[13,22,39],"is_endless":false,"potions_floor_spawned":[3,8,10,18,30,37,42,54],"ascension_level":0}}