{"host":"bq4pt811tk9yrmjl","time":1611324517,"event":{"mods":["AchievementEnabler","BaseMod","Colored Map","Colored Powertips","Defuse TimeMaze Blight","Hermit","Minty Spire (QoL Compilation)","StSLib","SuperFastMode"],"gold_per_floor":[115,115,115,115,130,158,172,186,186,211,227,227,237,562,562,658,658,676,122,122,70,87,87,113,113,113,146,146,173,223,241,241,341,341,356,371,371,382,125,125,125,125],"floor_reached":41,"language":"ENG","playtime":694,"items_purged":[],"score":524,"play_id":"93e1288e-de22-4de1-a1bd-0c2c17fe61fc","local_time":"20210122120837","is_ascension_mode":true,"campfire_choices":[{"data":"Armaments","floor":15.0,"key":"SMITH"},{"data":"Demon Form","floor":23.0,"key":"SMITH"},{"data":"Anger","floor":25.0,"key":"SMITH"},{"floor":28.0,"key":"REST"},{"data":"Flame Barrier","floor":32,"key":"SMITH"}],"circlet_count":0,"master_deck":["Strike_R","Strike_R","Strike_R","Strike_R","Strike_R","Defend_R","Defend_R","Defend_R+1","Defend_R+1","Bash","Whirlwind","Twin Strike","Clash","Armaments+1","Anger+1","Demon Form+1","Flame Barrier+1","Injury"],"relics":["Burning Blood","NeowsBlessing","Smiling Mask","Self Forming Clay","Gremlin Horn","War Paint","Lantern","Old Coin","Busted Crown","Bottled Lightning","Lee\u0027s Waffle","Strawberry","Torii","Akabeko","Red Mask","Cursed Key","Sundial","PrismaticShard"],"acts_visited":["Exordium","TheCity","TheBeyond"],"potions_floor_usage":[33],"damage_taken":[{"damage":0.0,"enemies":"Jaw Worm","floor":1.0,"turns":1.0},{"damage":0.0,"enemies":"Cultist","floor":5.0,"turns":1.0},{"damage":0.0,"enemies":"Lagavulin","floor":6.0,"turns":1.0},{"damage":5.0,"enemies":"Small Slimes","floor":7.0,"turns":3.0},{"damage":10.0,"enemies":"Looter","floor":8.0,"turns":2.0},{"damage":0.0,"enemies":"Gremlin Nob","floor":10.0,"turns":2.0},{"damage":0.0,"enemies":"3 Louse","floor":11.0,"turns":1.0},{"damage":6.0,"enemies":"2 Fungi Beasts","floor":13.0,"turns":3.0},{"damage":10.0,"enemies":"Lagavulin","floor":14.0,"turns":5.0},{"damage":50.0,"enemies":"Hexaghost","floor":16.0,"turns":12.0},{"damage":0.0,"enemies":"Spheric Guardian","floor":18.0,"turns":3.0},{"damage":0.0,"enemies":"3 Byrds","floor":22.0,"turns":4.0},{"damage":50.0,"enemies":"Book of Stabbing","floor":24.0,"turns":6.0},{"damage":25.0,"enemies":"Gremlin Leader","floor":27.0,"turns":5.0},{"damage":1.0,"enemies":"Masked Bandits","floor":29.0,"turns":3.0},{"damage":0,"enemies":"Centurion and Healer","floor":31,"turns":6},{"damage":40,"enemies":"Champ","floor":33,"turns":9},{"damage":0,"enemies":"Orb Walker","floor":35,"turns":3},{"damage":0,"enemies":"3 Shapes","floor":36,"turns":3},{"damage":48,"enemies":"Maw","floor":38,"turns":7},{"damage":0,"enemies":"Reptomancer","floor":41,"turns":1}],"seed_played":"-736342775889073212","potions_obtained":[{"floor":1.0,"key":"LiquidMemories"},{"floor":5.0,"key":"Strength Potion"},{"floor":8.0,"key":"AttackPotion"},{"floor":13.0,"key":"Energy Potion"},{"floor":14.0,"key":"Dexterity Potion"},{"floor":27.0,"key":"Weak Potion"},{"floor":29.0,"key":"SmokeBomb"},{"floor":31,"key":"BloodPotion"},{"floor":36,"key":"ElixirPotion"},{"floor":38,"key":"SkillPotion"}],"is_trial":false,"path_per_floor":["M","$","?","?","M","E","M","M","T","E","M","?","M","E","R","B",null,"M","$","?","$","M","R","E","R","T","E","R","?","?","M","R","B",null,"M","M","T","M","$","?","E"],"character_chosen":"IRONCLAD","items_purchased":["Bottled Lightning","Lee\u0027s Waffle","Strawberry","PowerPotion","FairyPotion","PrismaticShard"],"campfire_rested":1,"item_purchase_floors":[19,19,19,21,39,39],"current_hp_per_floor":[80,80,80,80,80,80,80,76,76,80,80,73,73,69,69,25,80,80,94,94,94,94,94,50,50,50,31,59,64,64,70,70,54,94,94,94,94,52,52,52,52,52],"gold":125,"neow_bonus":"THREE_ENEMY_KILL","is_daily":false,"chose_seed":false,"campfire_upgraded":4,"win_rate":0.0,"timestamp":1611324517,"path_taken":["M","$","?","?","?","E","M","M","T","E","M","?","M","E","R","BOSS","M","$","?","$","M","R","E","R","T","E","R","?","?","M","R","BOSS","M","?","?","M","?","?","E"],"items_purchased_type":["Relic","Relic","Relic","Potion","Potion","Relic"],"build_version":"2020-12-22","purchased_purges":0,"victory":false,"max_hp_per_floor":[80,80,80,80,80,80,80,80,80,80,80,80,80,80,80,80,80,80,94,94,94,94,94,94,94,94,94,94,94,94,94,94,94,94,94,94,94,94,94,94,94,94],"card_choices":[{"not_picked":["Evolve","Sever Soul"],"picked":"Whirlwind","floor":1.0},{"not_picked":["Headbutt","Sword Boomerang","Dual Wield"],"picked":"SKIP","floor":5.0},{"not_picked":["Second Wind","Double Tap"],"picked":"Twin Strike","floor":6.0},{"not_picked":["Havoc","Headbutt","Wild Strike"],"picked":"SKIP","floor":7.0},{"not_picked":["Shockwave","Infernal Blade"],"picked":"Clash","floor":8.0},{"not_picked":["Pommel Strike","Seeing Red"],"picked":"Armaments","floor":10.0},{"not_picked":["Brutality","True Grit","Havoc"],"picked":"SKIP","floor":11.0},{"not_picked":["Uppercut","Dark Embrace","Wild Strike"],"picked":"SKIP","floor":13.0},{"not_picked":["Fire Breathing","Evolve"],"picked":"Anger","floor":14.0},{"not_picked":["Juggernaut","Feed"],"picked":"Demon Form","floor":16.0},{"not_picked":["Disarm"],"picked":"SKIP","floor":18.0},{"not_picked":["Dark Embrace"],"picked":"SKIP","floor":22.0},{"not_picked":["Flex"],"picked":"SKIP","floor":24.0},{"not_picked":["Sword Boomerang"],"picked":"SKIP","floor":27.0},{"not_picked":[],"picked":"Flame Barrier","floor":29.0},{"not_picked":["Sword Boomerang"],"picked":"SKIP","floor":31},{"not_picked":["Pommel Strike+1"],"picked":"SKIP","floor":35},{"not_picked":["Thunderclap+1"],"picked":"SKIP","floor":36},{"not_picked":["Twin Strike"],"picked":"SKIP","floor":38}],"player_experience":206288,"relics_obtained":[{"floor":6.0,"key":"Self Forming Clay"},{"floor":9.0,"key":"Gremlin Horn"},{"floor":10.0,"key":"War Paint"},{"floor":14.0,"key":"Old Coin"},{"floor":24.0,"key":"Torii"},{"floor":27.0,"key":"Akabeko"},{"floor":29.0,"key":"Red Mask"},{"floor":37,"key":"Sundial"}],"event_choices":[{"damage_healed":0.0,"max_hp_gain":0.0,"max_hp_loss":0.0,"gold_gain":0.0,"event_name":"Golden Wing","player_choice":"Ignored","floor":3.0,"gold_loss":0.0,"damage_taken":0.0},{"damage_healed":0.0,"max_hp_gain":0.0,"max_hp_loss":0.0,"gold_gain":0.0,"event_name":"WeMeetAgain","player_choice":"Gave Potion","floor":4.0,"gold_loss":0.0,"damage_taken":0.0,"relics_obtained":["Smiling Mask"]},{"damage_healed":0.0,"max_hp_gain":0.0,"max_hp_loss":0.0,"gold_gain":0.0,"event_name":"Scrap Ooze","player_choice":"Success","floor":12.0,"gold_loss":0.0,"damage_taken":7.0,"relics_obtained":["Lantern"]},{"damage_healed":0.0,"max_hp_gain":0.0,"max_hp_loss":0.0,"gold_gain":0.0,"event_name":"Ghosts","player_choice":"Ignored","floor":20.0,"gold_loss":0.0,"damage_taken":0.0},{"damage_healed":0.0,"max_hp_gain":0.0,"max_hp_loss":0.0,"gold_gain":0.0,"event_name":"Masked Bandits","player_choice":"Fought Bandits","floor":29.0,"gold_loss":0.0,"damage_taken":0.0},{"damage_healed":0,"gold_gain":100,"player_choice":"Bet on Murderer","damage_taken":0,"max_hp_gain":0,"max_hp_loss":0,"event_name":"The Joust","floor":30,"gold_loss":50},{"damage_healed":0,"gold_gain":0,"player_choice":"Memory 1","damage_taken":0,"max_hp_gain":0,"max_hp_loss":0,"event_name":"SensoryStone","floor":40,"gold_loss":0}],"is_beta":false,"boss_relics":[{"not_picked":["Fusion Hammer","Mark of Pain"],"picked":"Busted Crown"},{"not_picked":["Philosopher\u0027s Stone","Runic Cube"],"picked":"Cursed Key"}],"items_purged_floors":[],"is_endless":false,"potions_floor_spawned":[1,5,8,13,14,27,29,31,36,38],"killed_by":"Reptomancer","ascension_level":1}}