{"host":"cy2xqrw0a4jjdcnp","time":1611280234,"event":{"mods":["AchievementEnabler","BaseMod","Colored Map","Minty Spire (QoL Compilation)","Permanent Neow"],"gold_per_floor":[109,109,109,124,141,141,241,271,271,271,301,50,50,50,50,50,50],"floor_reached":16,"language":"ENG","playtime":807,"items_purged":[],"score":122,"play_id":"63781c21-13d9-47ca-ae19-03cbfa4e8517","local_time":"20210121235034","is_ascension_mode":true,"campfire_choices":[{"data":"Eruption","floor":6.0,"key":"SMITH"},{"data":"Collect","floor":10,"key":"SMITH"},{"data":"Vigilance","floor":13,"key":"SMITH"},{"data":"Sanctity","floor":15,"key":"SMITH"}],"circlet_count":0,"master_deck":["Strike_P","Strike_P","Strike_P","Defend_P","Defend_P","Defend_P","Defend_P","Eruption+1","Vigilance+1","Collect+1","FearNoEvil","Prostrate","CutThroughFate","Sanctity+1"],"relics":["PureWater","Du-Vu Doll","Singing Bowl","FaceOfCleric","Bottled Flame","Mummified Hand","Pear","Bottled Lightning"],"acts_visited":["Exordium"],"potions_floor_usage":[],"damage_taken":[{"damage":4.0,"enemies":"Jaw Worm","floor":1.0,"turns":4.0},{"damage":0.0,"enemies":"Cultist","floor":4.0,"turns":3.0},{"damage":0.0,"enemies":"2 Louse","floor":5.0,"turns":2.0},{"damage":16.0,"enemies":"Lagavulin","floor":8.0,"turns":5.0},{"damage":31,"enemies":"Gremlin Nob","floor":11,"turns":3},{"damage":16,"enemies":"Hexaghost","floor":16,"turns":8}],"seed_played":"9071679564199753350","potions_obtained":[{"floor":1.0,"key":"Fire Potion"},{"floor":4.0,"key":"EssenceOfSteel"},{"floor":5.0,"key":"BottledMiracle"}],"is_trial":false,"path_per_floor":["M","?","?","M","M","R","?","E","T","R","E","$","R","?","R","B"],"character_chosen":"WATCHER","items_purchased":["Bottled Lightning"],"campfire_rested":0,"item_purchase_floors":[12],"current_hp_per_floor":[61,49,49,50,51,51,51,36,36,36,16,16,16,16,16,0,0],"gold":50,"neow_bonus":"ONE_RARE_RELIC","is_daily":false,"chose_seed":false,"campfire_upgraded":4,"win_rate":0.0,"timestamp":1611280234,"path_taken":["M","?","?","?","M","R","?","E","T","R","E","?","R","?","R","BOSS"],"items_purchased_type":["Relic"],"build_version":"2020-12-22","purchased_purges":0,"victory":false,"max_hp_per_floor":[65,65,65,66,67,67,67,68,68,68,79,79,79,79,79,79,79],"card_choices":[{"not_picked":["SashWhip","ThirdEye"],"picked":"Collect","floor":1.0},{"not_picked":["DeceiveReality","FlurryOfBlows"],"picked":"FearNoEvil","floor":4.0},{"not_picked":["Evaluate","CutThroughFate"],"picked":"Prostrate","floor":5.0},{"not_picked":["Study","Evaluate","CutThroughFate"],"picked":"SKIP","floor":8},{"not_picked":["Study","Evaluate"],"picked":"CutThroughFate","floor":8},{"not_picked":["CrushJoints","Meditate"],"picked":"Sanctity","floor":11}],"player_experience":1462303,"relics_obtained":[{"floor":8,"key":"Bottled Flame"},{"floor":9,"key":"Mummified Hand"},{"floor":11,"key":"Pear"}],"event_choices":[{"damage_healed":0.0,"max_hp_gain":0.0,"max_hp_loss":0.0,"gold_gain":0.0,"event_name":"Scrap Ooze","player_choice":"Success","floor":2.0,"gold_loss":0.0,"damage_taken":12.0,"relics_obtained":["Singing Bowl"]},{"damage_healed":0.0,"max_hp_gain":0.0,"max_hp_loss":0.0,"gold_gain":0.0,"event_name":"FaceTrader","player_choice":"Trade","floor":3.0,"gold_loss":0.0,"damage_taken":0.0,"relics_obtained":["FaceOfCleric"]},{"damage_healed":0.0,"max_hp_gain":0.0,"max_hp_loss":0.0,"gold_gain":100.0,"event_name":"Wheel of Change","player_choice":"Gold","floor":7.0,"gold_loss":0.0,"damage_taken":0.0},{"cards_removed":["Strike_P"],"damage_healed":0,"gold_gain":0,"player_choice":"Forget","damage_taken":0,"max_hp_gain":0,"max_hp_loss":0,"event_name":"Living Wall","floor":14,"gold_loss":0}],"is_beta":false,"boss_relics":[],"items_purged_floors":[],"is_endless":false,"potions_floor_spawned":[1,4,5],"killed_by":"Hexaghost","ascension_level":3}}