{"host":"g2kelmgng7xf1xjg","time":1611343859,"event":{"mods":["BaseMod","Bestiary","Highlight Path","Minty Spire (QoL Compilation)","Relic Stats","StSLib"],"gold_per_floor":[117,129,129,142,154,188,188,223,247,247,267,278,278,290,290,390,390,390,54,54,54,54,54,54,54,54,17,17,17,17,17,17,17,17,17,17,17,17,0,0,0,0,0,0,0,0,0,0,0,0],"floor_reached":51,"language":"ENG","playtime":3782,"items_purged":["Strike_B"],"score":1190,"play_id":"7b1bbb7d-de3d-411d-bcf8-c87158aa3593","local_time":"20210122133059","is_ascension_mode":true,"campfire_choices":[{"data":"Sunder","floor":7,"key":"SMITH"},{"data":"Hologram","floor":10,"key":"SMITH"},{"data":"Go for the Eyes","floor":13,"key":"SMITH"},{"data":"Beam Cell","floor":15,"key":"SMITH"},{"data":"Buffer","floor":23,"key":"SMITH"},{"data":"Coolheaded","floor":25,"key":"SMITH"},{"data":"Electrodynamics","floor":28,"key":"SMITH"},{"data":"Multi-Cast","floor":32,"key":"SMITH"},{"floor":41,"key":"REST"},{"data":"Darkness","floor":45,"key":"SMITH"},{"data":"Undo","floor":47,"key":"SMITH"},{"floor":49,"key":"REST"}],"circlet_count":0,"master_deck":["Strike_B","Strike_B","Defend_B","Defend_B","Defend_B","Defend_B","Zap+1","Dualcast","Beam Cell+1","BootSequence","Hologram+1","Melter","Gash","Sunder+1","Go for the Eyes+1","Coolheaded+1","Undo+1","Electrodynamics+1","Buffer+1","Leap","Gash","Cold Snap","Steam+1","Darkness+1","Hologram+1","Multi-Cast+1","Echo Form","Hologram+1"],"relics":["Cracked Core","Ornamental Fan","MealTicket","Bag of Marbles","Ectoplasm","Membership Card","Lizard Tail","Omamori","Centennial Puzzle","CaptainsWheel","Juzu Bracelet","Philosopher\u0027s Stone","Unceasing Top","Red Mask","Mercury Hourglass","MawBank","StrikeDummy","Old Coin"],"acts_visited":["Exordium","TheCity","TheBeyond"],"potions_floor_usage":[14,16,24,33,33,33,40,48,50,50],"damage_taken":[{"damage":2,"enemies":"2 Louse","floor":1,"turns":2},{"damage":0,"enemies":"Cultist","floor":2,"turns":3},{"damage":0,"enemies":"Small Slimes","floor":4,"turns":3},{"damage":4,"enemies":"2 Fungi Beasts","floor":5,"turns":3},{"damage":17,"enemies":"3 Sentries","floor":6,"turns":7},{"damage":15,"enemies":"Lagavulin","floor":8,"turns":6},{"damage":0,"enemies":"Exordium Thugs","floor":11,"turns":3},{"damage":0,"enemies":"Exordium Wildlife","floor":12,"turns":3},{"damage":0,"enemies":"Gremlin Gang","floor":14,"turns":3},{"damage":12,"enemies":"The Guardian","floor":16,"turns":9},{"damage":0,"enemies":"Chosen","floor":18,"turns":3},{"damage":0,"enemies":"3 Byrds","floor":20,"turns":2},{"damage":0,"enemies":"Sentry and Sphere","floor":22,"turns":4},{"damage":4,"enemies":"Slavers","floor":24,"turns":4},{"damage":18,"enemies":"Gremlin Leader","floor":29,"turns":11},{"damage":0,"enemies":"Centurion and Healer","floor":30,"turns":5},{"damage":17,"enemies":"Slavers","floor":31,"turns":6},{"damage":0,"enemies":"Collector","floor":33,"turns":12},{"damage":11,"enemies":"3 Darklings","floor":35,"turns":4},{"damage":7,"enemies":"3 Shapes","floor":37,"turns":3},{"damage":0,"enemies":"Mind Bloom Boss Battle","floor":38,"turns":5},{"damage":22,"enemies":"Giant Head","floor":40,"turns":9},{"damage":23,"enemies":"Reptomancer","floor":42,"turns":8},{"damage":0,"enemies":"2 Orb Walkers","floor":48,"turns":4},{"damage":0,"enemies":"Awakened One","floor":50,"turns":10}],"seed_played":"8405399517054760470","potions_obtained":[{"floor":2,"key":"Swift Potion"},{"floor":5,"key":"SkillPotion"},{"floor":8,"key":"SteroidPotion"},{"floor":14,"key":"AttackPotion"},{"floor":20,"key":"FearPotion"},{"floor":24,"key":"Ancient Potion"},{"floor":31,"key":"DuplicationPotion"},{"floor":33,"key":"SkillPotion"},{"floor":38,"key":"PotionOfCapacity"},{"floor":40,"key":"FocusPotion"},{"floor":42,"key":"DistilledChaos"}],"is_trial":false,"path_per_floor":["M","M","?","M","M","E","R","E","T","R","M","M","R","M","R","B",null,"M","$","M","?","M","R","E","R","T","$","R","E","M","E","R","B",null,"M","?","M","?","?","E","R","E","T","?","R","$","R","?","R","B",null],"character_chosen":"DEFECT","items_purchased":["Membership Card","Lizard Tail","Darkness"],"campfire_rested":2,"item_purchase_floors":[19,19,27],"current_hp_per_floor":[66,66,66,66,62,45,45,30,30,30,30,30,30,30,30,18,61,61,75,75,75,75,75,71,71,71,75,75,57,57,40,40,40,66,55,55,48,48,48,26,47,24,24,24,24,39,39,39,60,60],"gold":0,"neow_bonus":"UPGRADE_CARD","is_daily":false,"chose_seed":false,"campfire_upgraded":10,"win_rate":0.0,"timestamp":1611343859,"path_taken":["M","M","?","M","?","E","R","E","T","R","M","M","R","M","R","BOSS","M","$","M","?","M","R","E","R","T","$","R","E","M","E","R","BOSS","M","?","M","?","?","E","R","E","T","?","R","$","R","?","R","BOSS"],"items_purchased_type":["Relic","Relic","Card"],"build_version":"2020-12-22","purchased_purges":1,"victory":true,"max_hp_per_floor":[75,75,75,75,75,75,75,75,75,75,75,75,75,75,75,75,75,75,75,75,75,75,75,75,75,75,75,75,75,75,75,75,75,75,75,71,71,71,71,71,71,71,71,71,71,71,71,71,71,71],"relic_stats":{"Lizard Tail":0,"Centennial Puzzle":[18],"counters":[25,132],"Ornamental Fan":[136],"MealTicket":33,"Ectoplasm":851,"Juzu Bracelet":0,"MawBank":0,"obtain_stats":[{"Omamori":24,"Juzu Bracelet":31,"MawBank":42,"Mercury Hourglass":40,"Old Coin":48,"Lizard Tail":19,"Centennial Puzzle":26,"CaptainsWheel":29,"Ornamental Fan":6,"MealTicket":8,"Philosopher\u0027s Stone":34,"Ectoplasm":17,"Bag of Marbles":9,"Red Mask":39,"Membership Card":19,"Cracked Core":0,"StrikeDummy":43,"Unceasing Top":38},{"Omamori":14,"Juzu Bracelet":17,"MawBank":23,"Mercury Hourglass":22,"Old Coin":24,"Lizard Tail":11,"Centennial Puzzle":14,"CaptainsWheel":15,"Ornamental Fan":5,"MealTicket":6,"Philosopher\u0027s Stone":18,"Ectoplasm":10,"Bag of Marbles":6,"Red Mask":21,"Membership Card":11,"Cracked Core":0,"StrikeDummy":23,"Unceasing Top":21},{"Omamori":55,"Juzu Bracelet":77,"MawBank":118,"Mercury Hourglass":110,"Old Coin":122,"Lizard Tail":45,"Centennial Puzzle":55,"CaptainsWheel":66,"Ornamental Fan":18,"MealTicket":24,"Philosopher\u0027s Stone":89,"Ectoplasm":42,"Bag of Marbles":24,"Red Mask":101,"Membership Card":45,"Cracked Core":0,"StrikeDummy":118,"Unceasing Top":101}],"Unceasing Top":[9],"Mercury Hourglass":[108]},"card_choices":[{"not_picked":["Hologram","Steam"],"picked":"Beam Cell","floor":1},{"not_picked":["Chill","Reinforced Body"],"picked":"BootSequence","floor":2},{"not_picked":["Leap","Blizzard"],"picked":"Melter","floor":4},{"not_picked":["Stack","Heatsinks"],"picked":"Gash","floor":5},{"not_picked":["Melter","Amplify"],"picked":"Sunder","floor":6},{"not_picked":["Barrage","Streamline"],"picked":"Go for the Eyes","floor":8},{"not_picked":["Compile Driver","Sweeping Beam"],"picked":"Coolheaded","floor":11},{"not_picked":["Turbo","Steam Power"],"picked":"Undo","floor":12},{"not_picked":["Barrage","Genetic Algorithm"],"picked":"Electrodynamics","floor":14},{"not_picked":["Seek","Machine Learning"],"picked":"Buffer","floor":16},{"not_picked":["Stack","Rebound"],"picked":"Leap","floor":18},{"not_picked":["Coolheaded+1","Redo"],"picked":"Gash","floor":20},{"not_picked":["Buffer","Double Energy"],"picked":"Cold Snap","floor":22},{"not_picked":["Barrage+1","BootSequence"],"picked":"Steam+1","floor":24},{"not_picked":["Barrage","Melter+1","Cold Snap"],"picked":"SKIP","floor":29},{"not_picked":["Darkness","Steam"],"picked":"Hologram+1","floor":30},{"not_picked":["Cold Snap","Compile Driver"],"picked":"Multi-Cast","floor":31},{"not_picked":["Rainbow","Buffer"],"picked":"Echo Form","floor":33},{"not_picked":["Turbo+1","Sunder"],"picked":"Hologram+1","floor":35},{"not_picked":["Storm+1","Beam Cell","Sunder+1"],"picked":"SKIP","floor":37},{"not_picked":["Chaos","Hologram","Compile Driver"],"picked":"SKIP","floor":40}],"player_experience":1016383,"relics_obtained":[{"floor":6,"key":"Ornamental Fan"},{"floor":8,"key":"MealTicket"},{"floor":9,"key":"Bag of Marbles"},{"floor":24,"key":"Omamori"},{"floor":26,"key":"Centennial Puzzle"},{"floor":29,"key":"CaptainsWheel"},{"floor":31,"key":"Juzu Bracelet"},{"floor":38,"key":"Unceasing Top"},{"floor":40,"key":"Mercury Hourglass"},{"floor":42,"key":"MawBank"},{"floor":43,"key":"StrikeDummy"},{"floor":48,"key":"Old Coin"}],"event_choices":[{"damage_healed":0,"gold_gain":0,"cards_transformed":["Strike_B"],"player_choice":"Transformed","damage_taken":0,"max_hp_gain":0,"max_hp_loss":0,"event_name":"Transmorgrifier","floor":3,"gold_loss":0,"cards_obtained":["Hologram"]},{"damage_healed":0,"gold_gain":0,"player_choice":"Ignored","damage_taken":0,"max_hp_gain":0,"max_hp_loss":0,"event_name":"The Mausoleum","floor":21,"gold_loss":0},{"damage_healed":0,"gold_gain":0,"player_choice":"Max HP","damage_taken":0,"max_hp_gain":0,"max_hp_loss":4,"event_name":"Winding Halls","floor":36,"gold_loss":0},{"damage_healed":0,"gold_gain":0,"player_choice":"Fight","damage_taken":0,"max_hp_gain":0,"max_hp_loss":0,"event_name":"MindBloom","floor":38,"gold_loss":0},{"damage_healed":0,"gold_gain":0,"player_choice":"Paid","damage_taken":0,"relics_obtained":["Red Mask"],"max_hp_gain":0,"max_hp_loss":0,"event_name":"Tomb of Lord Red Mask","floor":39,"gold_loss":17},{"damage_healed":0,"gold_gain":0,"player_choice":"Memory 1","damage_taken":0,"max_hp_gain":0,"max_hp_loss":0,"event_name":"SensoryStone","floor":44,"gold_loss":0},{"damage_healed":0,"gold_gain":0,"player_choice":"Fight","damage_taken":0,"max_hp_gain":0,"max_hp_loss":0,"event_name":"Mysterious Sphere","floor":48,"gold_loss":0}],"is_beta":false,"boss_relics":[{"not_picked":["Tiny House","Pandora\u0027s Box"],"picked":"Ectoplasm"},{"not_picked":["SlaversCollar","Busted Crown"],"picked":"Philosopher\u0027s Stone"}],"items_purged_floors":[19],"is_endless":false,"potions_floor_spawned":[2,5,8,12,14,20,24,29,31,33,38,40,42],"ascension_level":9}}