{"host":"5yoj846f700ld8qy","time":1611352400,"event":{"mods":["AchievementEnabler","Aspiration","BaseMod","Better Altar","Better Match","Better Note","Better Sensory Stone","Better Skull","Better Third Choice","Colored Map","Colored Powertips","Minty Spire (QoL Compilation)","StSLib"],"gold_per_floor":[111,111,125,37,52,52,79,95,120,120,120,120,120,133,133,211,211,221,232,232,242,242,242,242],"floor_reached":23,"language":"ENG","playtime":504,"items_purged":[],"score":363,"play_id":"76e599a8-8456-4f24-86ac-d1f87f410fbd","local_time":"20210122235320","is_ascension_mode":true,"campfire_choices":[{"data":"Carnage","floor":6,"key":"SMITH"},{"data":"Armaments","floor":11,"key":"SMITH"},{"data":"Pommel Strike","floor":13,"key":"SMITH"},{"data":"Blood for Blood","floor":15,"key":"SMITH"}],"circlet_count":0,"master_deck":["AscendersBane","Strike_R","Strike_R","Strike_R","Strike_R","Strike_R","Defend_R","Defend_R","Defend_R","Defend_R","Bash","Hemokinesis","Pommel Strike+1","Carnage+1","Shockwave","Armaments+1","Blood for Blood+1","Parasite","Intimidate","Offering","Havoc","True Grit"],"relics":["Burning Blood","NeowsBlessing","Pen Nib","Red Skull","Sozu"],"acts_visited":["Exordium","TheCity"],"potions_floor_usage":[7],"damage_taken":[{"damage":0,"enemies":"Small Slimes","floor":1,"turns":1},{"damage":0,"enemies":"Jaw Worm","floor":3,"turns":1},{"damage":2,"enemies":"2 Louse","floor":5,"turns":1},{"damage":31,"enemies":"3 Sentries","floor":7,"turns":6},{"damage":18,"enemies":"Blue Slaver","floor":8,"turns":3},{"damage":2,"enemies":"2 Fungi Beasts","floor":14,"turns":2},{"damage":48,"enemies":"The Guardian","floor":16,"turns":11},{"damage":27,"enemies":"Shell Parasite","floor":18,"turns":2},{"damage":12,"enemies":"2 Thieves","floor":19,"turns":2},{"damage":21,"enemies":"Centurion and Healer","floor":21,"turns":4},{"damage":0,"enemies":"Slavers","floor":23,"turns":1}],"seed_played":"-3179892132974095331","potions_obtained":[{"floor":3,"key":"PowerPotion"},{"floor":16,"key":"GamblersBrew"}],"is_trial":false,"path_per_floor":["M","?","M","$","M","R","E","M","T","?","R","?","R","M","R","B",null,"M","M","?","M","?","E"],"character_chosen":"IRONCLAD","items_purchased":["Carnage"],"campfire_rested":0,"item_purchase_floors":[4],"current_hp_per_floor":[74,74,75,75,75,75,50,38,38,38,38,56,56,60,60,18,61,40,34,49,34,12,12,12],"gold":242,"neow_bonus":"THREE_ENEMY_KILL","is_daily":false,"chose_seed":false,"campfire_upgraded":4,"win_rate":0.0,"timestamp":1611352400,"path_taken":["M","?","M","$","M","R","E","M","T","?","R","?","R","M","R","BOSS","M","M","?","M","?","E"],"items_purchased_type":["Card"],"build_version":"2020-12-22","purchased_purges":0,"victory":false,"max_hp_per_floor":[75,75,75,75,75,75,75,75,75,75,75,75,75,75,75,75,75,75,75,75,75,75,75,75],"card_choices":[{"not_picked":["Shrug It Off","Searing Blow"],"picked":"Hemokinesis","floor":1},{"not_picked":["Flex","Dual Wield"],"picked":"Pommel Strike","floor":3},{"not_picked":["Infernal Blade","Clash"],"picked":"Shockwave","floor":5},{"not_picked":["Power Through","Twin Strike"],"picked":"Armaments","floor":7},{"not_picked":["Power Through","Twin Strike"],"picked":"Blood for Blood","floor":8},{"not_picked":["Twin Strike","Entrench"],"picked":"Intimidate","floor":14},{"not_picked":["Double Tap","Bludgeon"],"picked":"Offering","floor":16},{"not_picked":["Heavy Blade","Clash","Carnage+1"],"picked":"SKIP","floor":18},{"not_picked":["Uppercut+1","Armaments"],"picked":"Havoc","floor":19},{"not_picked":["Headbutt","Rampage"],"picked":"True Grit","floor":21}],"player_experience":412847,"relics_obtained":[{"floor":7,"key":"Pen Nib"},{"floor":9,"key":"Red Skull"}],"event_choices":[{"damage_healed":0,"gold_gain":0,"player_choice":"Ignored","damage_taken":111,"max_hp_gain":0,"max_hp_loss":0,"event_name":"betterThird:BetterSerpent","floor":2,"gold_loss":0},{"damage_healed":0,"gold_gain":0,"player_choice":"Searched \u00271\u0027 times","damage_taken":0,"max_hp_gain":0,"max_hp_loss":0,"event_name":"Dead Adventurer","floor":10,"gold_loss":0},{"damage_healed":18,"gold_gain":0,"player_choice":"Healed and dodged fight","damage_taken":0,"max_hp_gain":0,"max_hp_loss":0,"event_name":"Mushrooms","floor":12,"gold_loss":0,"cards_obtained":["Parasite"]},{"damage_healed":15,"gold_gain":0,"player_choice":"Heal","damage_taken":0,"max_hp_gain":0,"max_hp_loss":0,"event_name":"The Library","floor":20,"gold_loss":0},{"damage_healed":0,"gold_gain":0,"player_choice":" Potion ","damage_taken":22,"relics_obtained":[],"max_hp_gain":34,"max_hp_loss":12,"event_name":"betterAltar:BetterAltar","floor":22,"potions_obtained":["betterAltar:AltarPotion"],"relics_lost":[],"gold_loss":0}],"is_beta":false,"boss_relics":[{"not_picked":["Fusion Hammer","Snecko Eye"],"picked":"Sozu"}],"items_purged_floors":[],"is_endless":false,"potions_floor_spawned":[3,16,18],"killed_by":"Slavers","ascension_level":18}}