{"host":"dztixnx9b0gu6w9i","time":1611355808,"event":{"mods":["BaseMod","Bestiary","Minty Spire (QoL Compilation)","Relic Stats","Slay the Relics Exporter","SpireBot","ojb\u0027s Better Paths Mod","ojb\u0027s Info Mod"],"gold_per_floor":[112,7,7,17,33,58,58,91,169,169,189,219,219,294,294,370,370,382,52,52,70,82,82,92,122,145,157,202,214,226,258,270,356,368,395,425,457,1468,1480,1492,713,745,745,770,781,781,807,852,852,852,852,852,852,34,66,66],"floor_reached":57,"language":"ENG","playtime":9523,"items_purged":["Strike_R","Normality","Normality"],"score":3167,"play_id":"647cc091-ffd6-4714-bff9-712cdd2a956e","local_time":"20210122175008","is_ascension_mode":true,"campfire_choices":[{"data":"Infernal Blade","floor":7,"key":"SMITH"},{"data":"Combust","floor":10,"key":"SMITH"},{"data":"Offering","floor":13,"key":"SMITH"},{"data":"Bash","floor":15,"key":"SMITH"},{"data":"Dual Wield","floor":23,"key":"SMITH"},{"data":"Immolate","floor":29,"key":"SMITH"},{"data":"Demon Form","floor":32,"key":"SMITH"},{"data":"Evolve","floor":40,"key":"SMITH"},{"floor":49,"key":"RECALL"},{"data":"Impervious","floor":53,"key":"SMITH"}],"circlet_count":0,"master_deck":["AscendersBane","Strike_R","Strike_R","Strike_R","Defend_R","Defend_R","Defend_R","Defend_R","Bash+1","Iron Wave+1","Anger","Infernal Blade+1","Cleave","Iron Wave+1","Combust+1","Offering+1","Evolve+1","Immolate+1","Inflame","Dual Wield+1","Thunderclap+1","Demon Form+1","Impervious+1","Clothesline","Shrug It Off","Burning Pact","Thinking Ahead","Panache","Battle Trance","Exhume","Intimidate+1","Power Through","Shockwave","Flash of Steel","Fire Breathing+1"],"relics":["Burning Blood","Incense Burner","Bird Faced Urn","Vajra","HornCleat","The Courier","Coffee Dripper","Mummified Hand","Bottled Tornado","MawBank","Enchiridion","Self Forming Clay","Mark of Pain","Ginger","Eternal Feather","Ornamental Fan","Bronze Scales","Orichalcum","Thread and Needle","Membership Card","Centennial Puzzle","White Beast Statue","Whetstone","Anchor","Mercury Hourglass","Nunchaku","Charon\u0027s Ashes"],"acts_visited":["Exordium","TheCity","TheBeyond","TheEnding"],"potions_floor_usage":[8,12,18,22,36,50,50,51,55,56,56],"damage_taken":[{"damage":7,"enemies":"Small Slimes","floor":1,"turns":5},{"damage":3,"enemies":"Jaw Worm","floor":4,"turns":5},{"damage":7,"enemies":"2 Louse","floor":5,"turns":5},{"damage":46,"enemies":"3 Sentries","floor":6,"turns":8},{"damage":6,"enemies":"Gremlin Nob","floor":8,"turns":3},{"damage":2,"enemies":"Red Slaver","floor":11,"turns":3},{"damage":18,"enemies":"Lagavulin","floor":12,"turns":4},{"damage":12,"enemies":"Slime Boss","floor":16,"turns":6},{"damage":7,"enemies":"3 Byrds","floor":18,"turns":2},{"damage":1,"enemies":"Shell Parasite","floor":21,"turns":3},{"damage":11,"enemies":"Snake Plant","floor":22,"turns":3},{"damage":2,"enemies":"Centurion and Healer","floor":24,"turns":6},{"damage":2,"enemies":"Slavers","floor":25,"turns":2},{"damage":8,"enemies":"Gremlin Leader","floor":28,"turns":4},{"damage":20,"enemies":"Sentry and Sphere","floor":31,"turns":4},{"damage":19,"enemies":"Champ","floor":33,"turns":8},{"damage":3,"enemies":"3 Shapes","floor":35,"turns":2},{"damage":15,"enemies":"3 Darklings","floor":36,"turns":3},{"damage":16,"enemies":"Transient","floor":37,"turns":6},{"damage":13,"enemies":"Nemesis","floor":42,"turns":3},{"damage":6,"enemies":"Giant Head","floor":44,"turns":4},{"damage":19,"enemies":"Maw","floor":45,"turns":5},{"damage":38,"enemies":"Nemesis","floor":47,"turns":5},{"damage":0,"enemies":"2 Orb Walkers","floor":48,"turns":2},{"damage":33,"enemies":"Time Eater","floor":50,"turns":7},{"damage":82,"enemies":"Donu and Deca","floor":51,"turns":10},{"damage":16,"enemies":"Shield and Spear","floor":55,"turns":5},{"damage":80,"enemies":"The Heart","floor":56,"turns":6}],"seed_played":"-4917018893237980438","potions_obtained":[{"floor":6,"key":"AttackPotion"},{"floor":8,"key":"GamblersBrew"},{"floor":11,"key":"BlessingOfTheForge"},{"floor":12,"key":"Explosive Potion"},{"floor":18,"key":"SteroidPotion"},{"floor":21,"key":"SkillPotion"},{"floor":24,"key":"AttackPotion"},{"floor":31,"key":"EntropicBrew"},{"floor":55,"key":"Explosive Potion"}],"is_trial":false,"path_per_floor":["M","$","?","M","M","E","R","E","T","R","M","E","R","?","R","B",null,"M","$","?","M","M","R","M","E","T","?","E","R","?","M","R","B",null,"M","M","M","?","?","R","$","E","T","E","M","?","E","?","R","B","B",null,"R","$","E","B",null],"character_chosen":"IRONCLAD","items_purchased":["Anger","Mummified Hand","Inflame","Dual Wield","Ginger","Eternal Feather","GamblersBrew","Panache","Membership Card","Centennial Puzzle","White Beast Statue","Whetstone","Anchor","Mercury Hourglass","Nunchaku","Power Through","Shockwave","Flash of Steel","SneckoOil","DistilledChaos"],"campfire_rested":0,"item_purchase_floors":[2,19,19,19,41,41,41,41,54,54,54,54,54,54,54,54,54,54,54,54],"current_hp_per_floor":[67,67,72,73,72,32,32,32,32,32,38,28,28,17,17,15,59,58,58,58,65,68,68,73,73,73,52,60,60,56,56,56,57,69,73,68,67,67,57,57,57,66,66,73,68,68,47,59,73,52,7,57,73,73,70,8],"gold":66,"neow_bonus":"ONE_RARE_RELIC","is_daily":false,"chose_seed":false,"campfire_upgraded":9,"win_rate":0.0,"timestamp":1611355808,"path_taken":["M","$","?","M","M","E","R","E","T","R","M","E","R","?","R","BOSS","M","$","?","M","M","R","?","E","T","?","E","R","?","M","R","BOSS","M","M","?","?","?","R","$","E","T","E","M","?","E","?","R","BOSS","BOSS","R","$","E","BOSS"],"items_purchased_type":["Card","Relic","Card","Card","Relic","Relic","Potion","Card","Relic","Relic","Relic","Relic","Relic","Relic","Relic","Card","Card","Card","Potion","Potion"],"build_version":"2020-12-22","purchased_purges":3,"victory":true,"max_hp_per_floor":[68,68,73,73,73,73,73,73,73,73,73,73,73,73,73,73,73,73,73,73,73,73,73,73,73,73,73,73,73,73,73,73,73,73,73,73,73,73,73,73,73,73,73,73,73,73,73,73,73,73,73,73,73,73,73,73],"relic_stats":{"counters":[28,129],"Self Forming Clay":[234],"Eternal Feather":30,"Charon\u0027s Ashes":[21],"Ginger":[10],"Whetstone":["Iron Wave","Iron Wave"],"Orichalcum":[0],"MawBank":180,"Burning Blood":154,"Mercury Hourglass":[33],"Centennial Puzzle":[6],"Nunchaku":[3],"Mummified Hand":[138],"Ornamental Fan":[96],"Bird Faced Urn":[168],"Bronze Scales":[182],"obtain_stats":[{"Vajra":8,"Enchiridion":27,"Incense Burner":0,"Ginger":41,"Whetstone":54,"Bottled Tornado":25,"Burning Blood":0,"Centennial Puzzle":54,"Nunchaku":54,"HornCleat":9,"Mummified Hand":19,"Self Forming Clay":28,"Eternal Feather":41,"Thread and Needle":48,"The Courier":12,"Charon\u0027s Ashes":55,"Orichalcum":47,"MawBank":26,"White Beast Statue":54,"Mercury Hourglass":54,"Anchor":54,"Ornamental Fan":42,"Bird Faced Urn":6,"Bronze Scales":44,"Mark of Pain":34,"Coffee Dripper":17,"Membership Card":54},{"Vajra":5,"Enchiridion":13,"Incense Burner":0,"Ginger":19,"Whetstone":26,"Bottled Tornado":13,"Burning Blood":0,"Centennial Puzzle":26,"Nunchaku":26,"HornCleat":5,"Mummified Hand":9,"Self Forming Clay":14,"Eternal Feather":19,"Thread and Needle":24,"The Courier":7,"Charon\u0027s Ashes":27,"Orichalcum":23,"MawBank":13,"White Beast Statue":26,"Mercury Hourglass":26,"Anchor":26,"Ornamental Fan":20,"Bird Faced Urn":4,"Bronze Scales":21,"Mark of Pain":16,"Coffee Dripper":8,"Membership Card":26},{"Vajra":26,"Enchiridion":55,"Incense Burner":0,"Ginger":82,"Whetstone":118,"Bottled Tornado":55,"Burning Blood":0,"Centennial Puzzle":118,"Nunchaku":118,"HornCleat":26,"Mummified Hand":41,"Self Forming Clay":59,"Eternal Feather":82,"Thread and Needle":101,"The Courier":33,"Charon\u0027s Ashes":123,"Orichalcum":99,"MawBank":55,"White Beast Statue":118,"Mercury Hourglass":118,"Anchor":118,"Ornamental Fan":85,"Bird Faced Urn":23,"Bronze Scales":89,"Mark of Pain":71,"Coffee Dripper":39,"Membership Card":118}]},"card_choices":[{"not_picked":["Cleave","Rampage"],"picked":"Iron Wave","floor":1},{"not_picked":["Heavy Blade","Clash"],"picked":"Infernal Blade","floor":4},{"not_picked":["Metallicize","Wild Strike"],"picked":"Cleave","floor":5},{"not_picked":["Perfected Strike","Sever Soul"],"picked":"Iron Wave","floor":6},{"not_picked":["Warcry","Shrug It Off"],"picked":"Combust","floor":8},{"not_picked":["Pommel Strike","Fire Breathing"],"picked":"Offering","floor":11},{"not_picked":["Iron Wave","Dual Wield"],"picked":"Evolve","floor":12},{"not_picked":["Limit Break","Barricade"],"picked":"Immolate","floor":16},{"not_picked":["Cleave","Heavy Blade","Headbutt"],"picked":"SKIP","floor":18},{"not_picked":["Pommel Strike","Flex"],"picked":"Thunderclap+1","floor":21},{"not_picked":["Flex","Carnage","Second Wind"],"picked":"SKIP","floor":22},{"not_picked":["Flex","Carnage","Second Wind"],"picked":"SKIP","floor":22},{"not_picked":["Flex","Carnage","Second Wind"],"picked":"SKIP","floor":22},{"not_picked":["Sentinel","Headbutt","Combust"],"picked":"SKIP","floor":24},{"not_picked":["Sentinel","Headbutt","Combust"],"picked":"SKIP","floor":24},{"not_picked":["Second Wind","Burning Pact"],"picked":"Demon Form","floor":25},{"not_picked":["Havoc","Reckless Charge","Body Slam+1"],"picked":"SKIP","floor":28},{"not_picked":["Perfected Strike","Clash","Twin Strike"],"picked":"SKIP","floor":31},{"not_picked":["Exhume","Feed"],"picked":"Impervious","floor":33},{"not_picked":["Combust","Thunderclap"],"picked":"Clothesline","floor":35},{"not_picked":["Searing Blow","Clash"],"picked":"Shrug It Off","floor":36},{"not_picked":["Body Slam","Bloodletting"],"picked":"Burning Pact","floor":37},{"not_picked":["Forethought","Enlightenment"],"picked":"Thinking Ahead","floor":39},{"not_picked":["True Grit","Iron Wave"],"picked":"Battle Trance","floor":42},{"not_picked":["Clash","Spot Weakness"],"picked":"Exhume","floor":44},{"not_picked":["Anger+1","Infernal Blade+1","Warcry"],"picked":"SKIP","floor":45},{"not_picked":["Anger+1","Infernal Blade+1","Warcry"],"picked":"SKIP","floor":45},{"not_picked":["Anger+1","Infernal Blade+1","Warcry"],"picked":"SKIP","floor":45},{"not_picked":["Anger+1","Infernal Blade+1","Warcry"],"picked":"SKIP","floor":45},{"not_picked":["Anger+1","Infernal Blade+1","Warcry"],"picked":"SKIP","floor":45},{"not_picked":["Anger+1","Infernal Blade+1","Warcry"],"picked":"SKIP","floor":45},{"not_picked":["Fire Breathing","Thunderclap"],"picked":"Intimidate+1","floor":47},{"not_picked":["True Grit","Metallicize"],"picked":"Fire Breathing+1","floor":55}],"player_experience":8225356,"relics_obtained":[{"floor":6,"key":"Bird Faced Urn"},{"floor":8,"key":"Vajra"},{"floor":9,"key":"HornCleat"},{"floor":12,"key":"The Courier"},{"floor":25,"key":"Bottled Tornado"},{"floor":26,"key":"MawBank"},{"floor":27,"key":"Enchiridion"},{"floor":28,"key":"Self Forming Clay"},{"floor":42,"key":"Ornamental Fan"},{"floor":44,"key":"Bronze Scales"},{"floor":47,"key":"Orichalcum"},{"floor":48,"key":"Thread and Needle"},{"floor":55,"key":"Charon\u0027s Ashes"}],"event_choices":[{"damage_healed":0,"gold_gain":0,"player_choice":"Donut","damage_taken":0,"max_hp_gain":5,"max_hp_loss":0,"event_name":"Big Fish","floor":3,"gold_loss":0},{"damage_healed":0,"gold_gain":75,"player_choice":"Gather Gold","damage_taken":11,"max_hp_gain":0,"max_hp_loss":0,"event_name":"World of Goop","floor":14,"gold_loss":0},{"cards_removed":["Strike_R"],"damage_healed":0,"gold_gain":0,"player_choice":"Offered Basic","damage_taken":0,"max_hp_gain":0,"max_hp_loss":0,"event_name":"Bonfire Elementals","floor":20,"gold_loss":0},{"damage_healed":0,"gold_gain":0,"player_choice":"Obtained Book","damage_taken":21,"max_hp_gain":0,"max_hp_loss":0,"event_name":"Cursed Tome","floor":27,"gold_loss":0},{"damage_healed":0,"gold_gain":0,"player_choice":"Bought 0 Potions","damage_taken":0,"max_hp_gain":0,"max_hp_loss":0,"event_name":"The Woman in Blue","floor":30,"gold_loss":0},{"damage_healed":0,"gold_gain":999,"player_choice":"Gold","damage_taken":0,"max_hp_gain":0,"max_hp_loss":0,"event_name":"MindBloom","floor":38,"gold_loss":0,"cards_obtained":["Normality","Normality"]},{"damage_healed":0,"gold_gain":0,"player_choice":"Memory 3","damage_taken":10,"max_hp_gain":0,"max_hp_loss":0,"event_name":"SensoryStone","floor":39,"gold_loss":0},{"damage_healed":0,"gold_gain":0,"player_choice":"Ignored","damage_taken":0,"max_hp_gain":0,"max_hp_loss":0,"event_name":"Tomb of Lord Red Mask","floor":46,"gold_loss":0},{"damage_healed":0,"gold_gain":0,"player_choice":"Fight","damage_taken":0,"max_hp_gain":0,"max_hp_loss":0,"event_name":"Mysterious Sphere","floor":48,"gold_loss":0}],"is_beta":false,"boss_relics":[{"not_picked":["Runic Pyramid","Cursed Key"],"picked":"Coffee Dripper"},{"not_picked":["Black Blood","Pandora\u0027s Box"],"picked":"Mark of Pain"}],"items_purged_floors":[2,41,54],"is_endless":false,"potions_floor_spawned":[6,8,11,12,16,18,21,24,25,31,35,42,55],"ascension_level":20}}