{"host":"qsusua7l529r8z9k","time":1611326003,"event":{"mods":["BaseMod","Minty Spire (QoL Compilation)","Spicy Shops","StSLib"],"gold_per_floor":[117,135,135,17,17,44,44,73,73,73,99,119,119,160,160,251,251,274,298,321,335,335,369,369,369,369,397,397,427,427,456,456,530,530,550,564,145,157,157,198,73,116,116,150,175,213,226,254,254,254,254],"floor_reached":52,"language":"ZHS","playtime":2171,"items_purged":["Regret","Strike_P+1","Defend_P"],"score":2698,"play_id":"8989096c-5efa-484e-8f83-c4dd8e7cc8bd","local_time":"20210122223323","is_ascension_mode":true,"campfire_choices":[{"data":"Eruption","floor":7.0,"key":"SMITH"},{"floor":10.0,"key":"REST"},{"floor":15.0,"key":"REST"},{"floor":28.0,"key":"REST"},{"floor":32.0,"key":"REST"},{"data":"Defend_P+1","floor":49,"key":"PURGE"}],"circlet_count":0,"master_deck":["AscendersBane","Strike_P+1","Strike_P+1","Defend_P+1","Defend_P+1","Eruption+1","Vigilance+1","Blasphemy+1","WheelKick","LessonLearned+1","InnerPeace+1","DeusExMachina+1","Adaptation+1","FearNoEvil+1","Omniscience+1","RitualDagger+1","Crescendo+1","Vault+1","Omniscience+1","BowlingBash+1","Tantrum+1","BattleHymn","Vault+1","Sanctity+1","Omniscience+1"],"relics":["PureWater","Shuriken","Juzu Bracelet","Sundial","Happy Flower","Pantograph","Bloody Idol","Blue Candle","Fusion Hammer","Mummified Hand","Anchor","Ice Cream","Toxic Egg 2","WingedGreaves","HornCleat","VioletLotus","PreservedInsect","CeramicFish","Singing Bowl","Torii","Peace Pipe","Art of War","Orichalcum"],"acts_visited":["Exordium","TheCity","TheBeyond"],"potions_floor_usage":[],"damage_taken":[{"damage":5.0,"enemies":"Small Slimes","floor":1.0,"turns":5.0},{"damage":0.0,"enemies":"Cultist","floor":2.0,"turns":3.0},{"damage":7.0,"enemies":"Lagavulin","floor":6.0,"turns":5.0},{"damage":17.0,"enemies":"3 Sentries","floor":8.0,"turns":4.0},{"damage":0.0,"enemies":"Gremlin Nob","floor":11.0,"turns":2.0},{"damage":0.0,"enemies":"2 Louse","floor":12.0,"turns":1.0},{"damage":17.0,"enemies":"3 Sentries","floor":14.0,"turns":4.0},{"damage":26.0,"enemies":"The Guardian","floor":16.0,"turns":8.0},{"damage":0.0,"enemies":"Chosen","floor":18.0,"turns":1.0},{"damage":13.0,"enemies":"3 Byrds","floor":19.0,"turns":6.0},{"damage":0.0,"enemies":"Cultist and Chosen","floor":20.0,"turns":3.0},{"damage":23.0,"enemies":"Centurion and Healer","floor":21.0,"turns":4.0},{"damage":0.0,"enemies":"Gremlin Leader","floor":23.0,"turns":2.0},{"damage":4.0,"enemies":"Book of Stabbing","floor":27.0,"turns":2.0},{"damage":0.0,"enemies":"Gremlin Leader","floor":29.0,"turns":3.0},{"damage":19.0,"enemies":"Slavers","floor":31.0,"turns":6.0},{"damage":39.0,"enemies":"Collector","floor":33.0,"turns":6.0},{"damage":0.0,"enemies":"Orb Walker","floor":35.0,"turns":3.0},{"damage":6.0,"enemies":"3 Darklings","floor":36.0,"turns":4.0},{"damage":0.0,"enemies":"Jaw Worm Horde","floor":38.0,"turns":3.0},{"damage":0.0,"enemies":"Giant Head","floor":40.0,"turns":5.0},{"damage":0.0,"enemies":"Reptomancer","floor":42.0,"turns":2.0},{"damage":0.0,"enemies":"Mind Bloom Boss Battle","floor":44.0,"turns":2.0},{"damage":8.0,"enemies":"Nemesis","floor":45.0,"turns":4.0},{"damage":0.0,"enemies":"Giant Head","floor":46.0,"turns":2.0},{"damage":0.0,"enemies":"Maw","floor":47.0,"turns":4.0},{"damage":0.0,"enemies":"Spire Growth","floor":48.0,"turns":3.0},{"damage":0,"enemies":"Awakened One","floor":50,"turns":4},{"damage":0,"enemies":"Donu and Deca","floor":51,"turns":4}],"seed_played":"6847636166347158624","potions_obtained":[{"floor":8.0,"key":"LiquidMemories"},{"floor":11.0,"key":"GamblersBrew"},{"floor":12.0,"key":"Explosive Potion"},{"floor":14.0,"key":"CultistPotion"},{"floor":16.0,"key":"Weak Potion"},{"floor":19.0,"key":"FearPotion"},{"floor":21.0,"key":"Fire Potion"},{"floor":23.0,"key":"DuplicationPotion"},{"floor":27.0,"key":"Swift Potion"},{"floor":36.0,"key":"Strength Potion"},{"floor":38.0,"key":"LiquidBronze"},{"floor":42.0,"key":"DistilledChaos"},{"floor":45.0,"key":"DuplicationPotion"}],"is_trial":false,"path_per_floor":["M","M","?","$","?","E","R","E","T","R","E","M","?","E","R","B",null,"M","M","M","M","?","E","?","?","T","E","R","E","T","E","R","B",null,"M","M","$","M","?","E","$","E","T","?","E","E","M","M","R","B","B",null],"character_chosen":"WATCHER","items_purchased":["WheelKick","Omniscience+1","PreservedInsect"],"campfire_rested":4,"item_purchase_floors":[4,37,37],"current_hp_per_floor":[38,38,38,38,38,31,31,14,14,34,34,34,34,17,35,34,55,55,42,42,19,19,24,24,18,18,19,37,42,42,28,46,28,54,59,58,58,62,62,62,62,62,62,62,61,64,66,66,66,66,66],"gold":254,"neow_bonus":"THREE_RARE_CARDS","is_daily":false,"chose_seed":false,"campfire_upgraded":1,"win_rate":0.0,"timestamp":1611326003,"path_taken":["M","M","?","$","?","E","R","E","T","R","E","M","?","E","R","BOSS","M","M","M","M","?","E","?","?","T","E","R","E","?","E","R","BOSS","M","M","$","M","?","E","$","E","T","?","E","E","M","M","R","BOSS","BOSS"],"items_purchased_type":["Card","Card","Relic"],"build_version":"2020-12-22","purchased_purges":3,"victory":true,"max_hp_per_floor":[68,68,68,68,68,68,68,68,68,68,68,68,62,62,62,62,62,62,62,62,62,62,62,62,62,62,62,62,62,62,62,62,62,62,62,62,62,62,62,62,62,62,62,62,64,64,66,66,66,66,66],"card_choices":[{"not_picked":["Brilliance","DeusExMachina"],"picked":"Blasphemy","floor":0.0},{"not_picked":["Crescendo","Consecrate","Weave"],"picked":"SKIP","floor":1.0},{"not_picked":["FlyingSleeves","CrushJoints","JustLucky"],"picked":"SKIP","floor":2.0},{"not_picked":["Consecrate","ForeignInfluence"],"picked":"LessonLearned","floor":6.0},{"not_picked":["Study","Pray","ThirdEye"],"picked":"SKIP","floor":8.0},{"not_picked":["PathToVictory","WheelKick"],"picked":"InnerPeace","floor":11.0},{"not_picked":["FollowUp","JustLucky","CutThroughFate"],"picked":"SKIP","floor":12.0},{"not_picked":["Meditate","MentalFortress","CrushJoints"],"picked":"SKIP","floor":14.0},{"not_picked":["LessonLearned","Brilliance"],"picked":"DeusExMachina","floor":16.0},{"not_picked":["SashWhip","ThirdEye","Protect"],"picked":"SKIP","floor":18.0},{"not_picked":["Swivel","EmptyBody"],"picked":"Adaptation","floor":19.0},{"not_picked":["MentalFortress","PathToVictory"],"picked":"FearNoEvil","floor":20.0},{"not_picked":["Consecrate","JustLucky+1","FollowUp"],"picked":"SKIP","floor":21.0},{"not_picked":["FlyingSleeves","Crescendo"],"picked":"Omniscience","floor":23.0},{"not_picked":["FollowUp","PathToVictory","EmptyBody"],"picked":"SKIP","floor":27.0},{"not_picked":["InnerPeace+1","BowlingBash"],"picked":"Crescendo+1","floor":29.0},{"not_picked":["JustLucky","Protect+1","Collect+1"],"picked":"SKIP","floor":31.0},{"not_picked":["JustLucky","Protect+1","Collect+1"],"picked":"SKIP","floor":31.0},{"not_picked":["DevaForm","Ragnarok"],"picked":"Vault+1","floor":33.0},{"not_picked":["InnerPeace+1","Evaluate+1","ReachHeaven+1"],"picked":"SKIP","floor":35.0},{"not_picked":["Crescendo+1","Prostrate+1","Consecrate"],"picked":"SKIP","floor":36.0},{"not_picked":["FearNoEvil+1","Conclude"],"picked":"BowlingBash+1","floor":38.0},{"not_picked":["FollowUp+1","CutThroughFate"],"picked":"Tantrum","floor":40.0},{"not_picked":["WheelKick","ReachHeaven"],"picked":"BattleHymn","floor":42.0},{"not_picked":["FlyingSleeves","CrushJoints+1"],"picked":"Vault+1","floor":44.0},{"not_picked":["Wireheading","Consecrate+1","CutThroughFate"],"picked":"Singing Bowl","floor":45.0},{"not_picked":["Consecrate+1","Evaluate+1"],"picked":"Sanctity+1","floor":46.0},{"not_picked":["JustLucky","Consecrate+1","Adaptation+1"],"picked":"Singing Bowl","floor":47.0},{"not_picked":["Swivel+1","EmptyBody+1"],"picked":"Omniscience+1","floor":48.0}],"player_experience":462224,"relics_obtained":[{"floor":6.0,"key":"Juzu Bracelet"},{"floor":8.0,"key":"Sundial"},{"floor":9.0,"key":"Happy Flower"},{"floor":11.0,"key":"Pantograph"},{"floor":14.0,"key":"Blue Candle"},{"floor":23.0,"key":"Mummified Hand"},{"floor":26.0,"key":"Anchor"},{"floor":27.0,"key":"Ice Cream"},{"floor":29.0,"key":"Toxic Egg 2"},{"floor":30.0,"key":"WingedGreaves"},{"floor":31.0,"key":"HornCleat"},{"floor":40.0,"key":"CeramicFish"},{"floor":42.0,"key":"Singing Bowl"},{"floor":43.0,"key":"Torii"},{"floor":44.0,"key":"Peace Pipe"},{"floor":45.0,"key":"Art of War"},{"floor":46.0,"key":"Orichalcum"}],"event_choices":[{"damage_healed":0.0,"max_hp_gain":0.0,"max_hp_loss":0.0,"gold_gain":0.0,"event_name":"Big Fish","player_choice":"Box","floor":3.0,"gold_loss":0.0,"damage_taken":0.0,"relics_obtained":["Shuriken"],"cards_obtained":["Regret"]},{"damage_healed":0.0,"max_hp_gain":0.0,"max_hp_loss":0.0,"gold_gain":0.0,"event_name":"Upgrade Shrine","player_choice":"Upgraded","floor":5.0,"gold_loss":0.0,"damage_taken":0.0,"cards_upgraded":["Blasphemy"]},{"damage_healed":0.0,"max_hp_gain":0.0,"max_hp_loss":6.0,"gold_gain":0.0,"event_name":"Golden Idol","player_choice":"Lose Max HP","floor":13.0,"gold_loss":0.0,"damage_taken":0.0,"relics_obtained":["Golden Idol"]},{"damage_healed":0.0,"max_hp_gain":0.0,"max_hp_loss":0.0,"gold_gain":0.0,"event_name":"Forgotten Altar","player_choice":"Gave Idol","floor":22.0,"relics_lost":["Golden Idol"],"gold_loss":0.0,"damage_taken":0.0,"relics_obtained":["Bloody Idol"]},{"cards_removed":["Strike_P"],"damage_healed":0.0,"max_hp_gain":0.0,"max_hp_loss":0.0,"gold_gain":0.0,"event_name":"Back to Basics","player_choice":"Elegance","floor":24.0,"gold_loss":0.0,"damage_taken":0.0},{"damage_healed":0.0,"max_hp_gain":0.0,"max_hp_loss":0.0,"gold_gain":0.0,"event_name":"Nest","player_choice":"Joined the Cult","floor":25.0,"gold_loss":0.0,"damage_taken":6.0,"cards_obtained":["RitualDagger"]},{"damage_healed":0.0,"max_hp_gain":0.0,"max_hp_loss":0.0,"gold_gain":0.0,"event_name":"Tomb of Lord Red Mask","player_choice":"Ignored","floor":39.0,"gold_loss":0.0,"damage_taken":0.0},{"damage_healed":0.0,"max_hp_gain":0.0,"max_hp_loss":0.0,"gold_gain":0.0,"event_name":"MindBloom","player_choice":"Fight","floor":44.0,"gold_loss":0.0,"damage_taken":0.0}],"is_beta":false,"boss_relics":[{"not_picked":["Runic Pyramid","SlaversCollar"],"picked":"Fusion Hammer"},{"not_picked":["Astrolabe","Busted Crown"],"picked":"VioletLotus"}],"items_purged_floors":[4,37,41],"is_endless":false,"potions_floor_spawned":[8,11,12,14,16,19,21,23,27,36,38,42,45,48],"ascension_level":20}}