{"host":"0ueeacaatm8t6jyh","time":1611320891,"event":{"mods":["AchievementEnabler","BaseMod","Colored Powertips","Minty Spire (QoL Compilation)","Quick Restart","Rare Cards Sparkle","Shop Mod","StSLib"],"gold_per_floor":[119,132,132,59,59,88,88,120,171,136,162,162,226,243,243,343,343,361,361,373,298,327,327,359,359,359,389,500,547,571,143,143,241,241,259,159,175,192,192,192,414,446,446,480,480,4,21,21,21,21],"floor_reached":51,"language":"ZHS","playtime":2116,"items_purged":["Strike_P","Defend_P","Defend_P","Strike_P"],"score":1505,"play_id":"d866af0a-eda4-458c-a34c-a5b3951ac91f","local_time":"20210122210811","is_ascension_mode":true,"campfire_choices":[{"floor":7.0,"key":"REST"},{"floor":12.0,"key":"REST"},{"data":"Ragnarok","floor":15.0,"key":"SMITH"},{"floor":23.0,"key":"REST"},{"floor":32.0,"key":"REST"},{"data":"Eruption","floor":40.0,"key":"SMITH"},{"floor":49,"key":"REST"}],"circlet_count":0,"master_deck":["AscendersBane","Strike_P","Defend_P","Defend_P+1","Eruption+1","Vigilance+1","CurseOfTheBell","BowlingBash","Ragnarok+1","Vault","CutThroughFate","Wireheading","DevaForm","WheelKick+1","Halt","TalkToTheHand+1","Fasting2+1","MentalFortress+1","LessonLearned","Prostrate+1","ClearTheMind+1"],"relics":["Calling Bell","Oddly Smooth Stone","InkBottle","Gambling Chip","Dream Catcher","Lantern","Pantograph","Vajra","MealTicket","Pocketwatch","VioletLotus","Red Mask","Strawberry","Nilry\u0027s Codex","The Courier","MawBank","Damaru","Bag of Preparation","Centennial Puzzle","Philosopher\u0027s Stone","Shuriken","Bottled Lightning","Bottled Flame","Membership Card","Mummified Hand","Anchor","Juzu Bracelet"],"acts_visited":["Exordium","TheCity","TheBeyond"],"potions_floor_usage":[50],"damage_taken":[{"damage":0.0,"enemies":"Cultist","floor":1.0,"turns":5.0},{"damage":5.0,"enemies":"Jaw Worm","floor":2.0,"turns":6.0},{"damage":9.0,"enemies":"Gremlin Nob","floor":6.0,"turns":3.0},{"damage":50.0,"enemies":"Lagavulin","floor":8.0,"turns":9.0},{"damage":0.0,"enemies":"3 Sentries","floor":11.0,"turns":2.0},{"damage":0.0,"enemies":"Gremlin Nob","floor":13.0,"turns":2.0},{"damage":0.0,"enemies":"Small Slimes","floor":14.0,"turns":2.0},{"damage":0.0,"enemies":"Slime Boss","floor":16.0,"turns":3.0},{"damage":0.0,"enemies":"Shell Parasite","floor":18.0,"turns":2.0},{"damage":6.0,"enemies":"Chosen","floor":20.0,"turns":3.0},{"damage":18.0,"enemies":"Masked Bandits","floor":22.0,"turns":5.0},{"damage":8.0,"enemies":"Gremlin Leader","floor":24.0,"turns":4.0},{"damage":24.0,"enemies":"Slavers","floor":27.0,"turns":3.0},{"damage":17.0,"enemies":"Book of Stabbing","floor":29.0,"turns":5.0},{"damage":6.0,"enemies":"Centurion and Healer","floor":30.0,"turns":3.0},{"damage":18.0,"enemies":"Collector","floor":33.0,"turns":7.0},{"damage":16.0,"enemies":"3 Shapes","floor":35.0,"turns":3.0},{"damage":13.0,"enemies":"3 Darklings","floor":37.0,"turns":3.0},{"damage":15.0,"enemies":"Maw","floor":38.0,"turns":4.0},{"damage":31.0,"enemies":"Reptomancer","floor":42.0,"turns":4.0},{"damage":5,"enemies":"Giant Head","floor":44,"turns":5},{"damage":0,"enemies":"Sphere and 2 Shapes","floor":47,"turns":4},{"damage":4,"enemies":"Awakened One","floor":50,"turns":4}],"seed_played":"-5941311055077852113","potions_obtained":[{"floor":8.0,"key":"Strength Potion"},{"floor":11.0,"key":"SneckoOil"},{"floor":13.0,"key":"Swift Potion"},{"floor":18.0,"key":"Weak Potion"},{"floor":20.0,"key":"DuplicationPotion"},{"floor":29.0,"key":"DistilledChaos"},{"floor":30.0,"key":"Explosive Potion"},{"floor":33.0,"key":"SpeedPotion"},{"floor":38.0,"key":"Fire Potion"},{"floor":47,"key":"DuplicationPotion"}],"is_trial":false,"path_per_floor":["M","M","?","$","?","E","R","E","T","?","E","R","?","M","R","B",null,"M","?","M","$","?","R","E","?","T","E","?","E","M","$","R","B",null,"M","$","M","M","?","R","?","E","T","E","?","$","M","?","R","B",null],"character_chosen":"WATCHER","items_purchased":["Ragnarok","Bag of Preparation","Centennial Puzzle","Fasting2","MentalFortress","Membership Card","Mummified Hand","Anchor","FairyPotion","Juzu Bracelet","AttackPotion"],"campfire_rested":5,"item_purchase_floors":[4,31,31,31,31,46,46,46,46,46,46],"current_hp_per_floor":[65,60,48,48,41,32,53,3,3,21,21,42,42,42,42,67,71,71,71,65,72,54,72,71,55,55,31,31,14,8,23,46,53,73,57,72,59,44,44,44,44,13,13,8,8,23,23,23,45,66],"gold":21,"neow_bonus":"BOSS_RELIC","is_daily":false,"chose_seed":false,"campfire_upgraded":2,"win_rate":0.0,"timestamp":1611320891,"path_taken":["M","?","?","$","?","E","R","E","T","?","E","R","?","M","R","BOSS","M","?","M","$","?","R","E","?","T","E","?","E","M","?","R","BOSS","M","$","M","M","?","R","?","E","T","E","?","$","M","?","R","BOSS"],"items_purchased_type":["Card","Relic","Relic","Card","Card","Relic","Relic","Relic","Potion","Relic","Potion"],"build_version":"2020-12-22","purchased_purges":4,"victory":true,"max_hp_per_floor":[72,72,72,72,72,72,72,72,72,72,72,72,72,72,72,72,72,72,72,72,72,72,72,79,79,79,79,79,79,79,79,79,79,79,79,79,79,79,79,79,79,79,79,79,75,75,75,75,75,75],"card_choices":[{"not_picked":["FollowUp","Perseverance","Halt"],"picked":"SKIP","floor":1.0},{"not_picked":["Swivel","FollowUp"],"picked":"BowlingBash","floor":2.0},{"not_picked":["FollowUp","FlurryOfBlows","Evaluate"],"picked":"SKIP","floor":6.0},{"not_picked":["EmptyFist","Crescendo","DeceiveReality"],"picked":"SKIP","floor":8.0},{"not_picked":["Weave","BattleHymn"],"picked":"Vault","floor":11.0},{"not_picked":["Weave","SashWhip"],"picked":"CutThroughFate","floor":13.0},{"not_picked":["PathToVictory","Fasting2"],"picked":"Wireheading","floor":14.0},{"not_picked":["Alpha","ConjureBlade"],"picked":"DevaForm","floor":16.0},{"not_picked":["Indignation","DeceiveReality"],"picked":"WheelKick+1","floor":18.0},{"not_picked":["WheelKick","WreathOfFlame"],"picked":"Halt","floor":20.0},{"not_picked":["SashWhip+1","FlyingSleeves"],"picked":"TalkToTheHand","floor":23.0},{"not_picked":["WindmillStrike","LikeWater","Prostrate"],"picked":"SKIP","floor":24.0},{"not_picked":["EmptyFist","FollowUp","TalkToTheHand"],"picked":"SKIP","floor":27.0},{"not_picked":["ReachHeaven","EmptyFist+1","CutThroughFate"],"picked":"SKIP","floor":29.0},{"not_picked":["Halt","Perseverance+1","Nirvana+1"],"picked":"SKIP","floor":30.0},{"not_picked":["SpiritShield","Blasphemy"],"picked":"LessonLearned","floor":33.0},{"not_picked":["FlurryOfBlows","JustLucky+1","Study"],"picked":"SKIP","floor":35.0},{"not_picked":["CarveReality+1","EmptyBody"],"picked":"Prostrate+1","floor":37.0},{"not_picked":["FlurryOfBlows","FearNoEvil+1"],"picked":"ClearTheMind+1","floor":38.0},{"not_picked":["WreathOfFlame","JustLucky","ClearTheMind"],"picked":"SKIP","floor":42.0},{"not_picked":["Vault","EmptyFist","Prostrate"],"picked":"SKIP","floor":44},{"not_picked":["Indignation","CutThroughFate","EmptyBody"],"picked":"SKIP","floor":47}],"player_experience":454262,"relics_obtained":[{"floor":0.0,"key":"Oddly Smooth Stone"},{"floor":0.0,"key":"InkBottle"},{"floor":0.0,"key":"Gambling Chip"},{"floor":6.0,"key":"Lantern"},{"floor":8.0,"key":"Pantograph"},{"floor":9.0,"key":"Vajra"},{"floor":11.0,"key":"MealTicket"},{"floor":22.0,"key":"Red Mask"},{"floor":24.0,"key":"Strawberry"},{"floor":25.0,"key":"Nilry\u0027s Codex"},{"floor":26.0,"key":"The Courier"},{"floor":27.0,"key":"MawBank"},{"floor":29.0,"key":"Damaru"},{"floor":42.0,"key":"Shuriken"},{"floor":43.0,"key":"Bottled Lightning"},{"floor":44,"key":"Bottled Flame"}],"event_choices":[{"damage_healed":0.0,"max_hp_gain":0.0,"max_hp_loss":0.0,"gold_gain":0.0,"event_name":"Scrap Ooze","player_choice":"Success","floor":3.0,"gold_loss":0.0,"damage_taken":12.0,"relics_obtained":["Dream Catcher"]},{"cards_removed":["Strike_P"],"damage_healed":0.0,"max_hp_gain":0.0,"max_hp_loss":0.0,"gold_gain":0.0,"event_name":"Golden Wing","player_choice":"Card Removal","floor":5.0,"gold_loss":0.0,"damage_taken":7.0},{"damage_healed":18.0,"max_hp_gain":0.0,"max_hp_loss":0.0,"gold_gain":0.0,"event_name":"The Cleric","player_choice":"Healed","floor":10.0,"gold_loss":35.0,"damage_taken":0.0},{"damage_healed":0.0,"max_hp_gain":0.0,"max_hp_loss":0.0,"gold_gain":0.0,"event_name":"Dead Adventurer","player_choice":"Searched \u00273\u0027 times","floor":13.0,"gold_loss":0.0,"damage_taken":0.0,"relics_obtained":["Pocketwatch"]},{"damage_healed":0.0,"max_hp_gain":0.0,"max_hp_loss":0.0,"gold_gain":0.0,"event_name":"Vampires","player_choice":"Ignored","floor":19.0,"gold_loss":0.0,"damage_taken":0.0},{"damage_healed":0.0,"max_hp_gain":0.0,"max_hp_loss":0.0,"gold_gain":0.0,"event_name":"Masked Bandits","player_choice":"Fought Bandits","floor":22.0,"gold_loss":0.0,"damage_taken":0.0},{"damage_healed":0.0,"max_hp_gain":0.0,"max_hp_loss":0.0,"gold_gain":0.0,"event_name":"Cursed Tome","player_choice":"Obtained Book","floor":25.0,"gold_loss":0.0,"damage_taken":16.0},{"damage_healed":0.0,"max_hp_gain":0.0,"max_hp_loss":0.0,"gold_gain":99.0,"event_name":"Nest","player_choice":"Stole From Cult","floor":28.0,"gold_loss":0.0,"damage_taken":0.0},{"damage_healed":0.0,"max_hp_gain":0.0,"max_hp_loss":0.0,"gold_gain":0.0,"event_name":"SensoryStone","player_choice":"Memory 1","floor":39.0,"gold_loss":0.0,"damage_taken":0.0},{"damage_healed":0.0,"max_hp_gain":0.0,"max_hp_loss":0.0,"gold_gain":222.0,"event_name":"Tomb of Lord Red Mask","player_choice":"Wore Mask","floor":41.0,"gold_loss":0.0,"damage_taken":0.0},{"damage_healed":0,"gold_gain":0,"player_choice":"Max HP","damage_taken":0,"max_hp_gain":0,"max_hp_loss":4,"event_name":"Winding Halls","floor":45,"gold_loss":0},{"damage_healed":0,"gold_gain":0,"player_choice":"Forge","damage_taken":0,"max_hp_gain":0,"max_hp_loss":0,"event_name":"Accursed Blacksmith","floor":48,"gold_loss":0,"cards_upgraded":["Fasting2"]}],"is_beta":false,"boss_relics":[{"not_picked":["Fusion Hammer","Empty Cage"],"picked":"VioletLotus"},{"not_picked":["Snecko Eye","Cursed Key"],"picked":"Philosopher\u0027s Stone"}],"items_purged_floors":[21,31,36,46],"is_endless":false,"potions_floor_spawned":[8,11,13,18,20,29,30,33,38,47],"ascension_level":12}}