{"host":"52m1o8iwwagurbjs","time":1611324736,"event":{"mods":["AchievementEnabler","BaseMod","Bestiary","Colored Powertips","GifTheSpireLib","Minty Spire (QoL Compilation)","Quick Restart","RNG Fix","Relic Stats","StSLib"],"gold_per_floor":[112,122,197,44,219,219,236,236,285,314,25,25,59,59,59,155,155,135,135,135,135,35,35,35],"floor_reached":23,"language":"ENG","playtime":1451,"items_purged":["Doubt","Accuracy"],"score":243,"play_id":"f810d4ac-8447-49f5-9bb5-5f0c294190ed","local_time":"20210122091216","is_ascension_mode":false,"campfire_choices":[{"data":"Catalyst","floor":6.0,"key":"SMITH"},{"floor":8.0,"key":"REST"},{"data":"Well Laid Plans","floor":12.0,"key":"SMITH"},{"floor":15.0,"key":"REST"}],"circlet_count":0,"master_deck":["Defend_G","Defend_G","Defend_G","Survivor","Neutralize","Catalyst+1","Expertise","Backflip","Well Laid Plans+1","Catalyst+1","Footwork","Distraction","Envenom","Dagger Spray+1","Bite","Bite","Bite","Bite","Bite","Poisoned Stab"],"relics":["Ring of the Snake","Turnip","Snake Skull","Lantern","Kunai","DollysMirror","Torii","FaceOfCleric","Runic Pyramid","Singing Bowl"],"acts_visited":[],"potions_floor_usage":[23],"damage_taken":[{"damage":0.0,"enemies":"Small Slimes","floor":1.0,"turns":4.0},{"damage":5.0,"enemies":"2 Louse","floor":2.0,"turns":4.0},{"damage":9.0,"enemies":"Cultist","floor":7.0,"turns":5.0},{"damage":8.0,"enemies":"Lagavulin","floor":10.0,"turns":5.0},{"damage":29.0,"enemies":"3 Sentries","floor":13.0,"turns":13.0},{"damage":15.0,"enemies":"The Guardian","floor":16.0,"turns":5.0},{"damage":28.0,"enemies":"2 Thieves","floor":18.0,"turns":4.0},{"damage":44,"enemies":"Slavers","floor":23,"turns":2}],"seed_played":"-3175100026993646685","potions_obtained":[{"floor":2.0,"key":"Poison Potion"},{"floor":7.0,"key":"Weak Potion"},{"floor":10.0,"key":"Explosive Potion"},{"floor":18.0,"key":"FearPotion"}],"is_trial":false,"path_per_floor":["M","M","?","$","?","R","M","R","T","E","$","R","E","?","R","B",null,"M","?","?","T","$","E"],"character_chosen":"THE_SILENT","items_purchased":["Snake Skull","DollysMirror","Footwork"],"campfire_rested":2,"item_purchase_floors":[4,11,11],"current_hp_per_floor":[63,58,47,47,47,47,38,56,56,48,48,48,19,19,37,23,64,37,37,37,37,37,0,0],"gold":35,"neow_bonus":"ONE_RARE_RELIC","is_daily":false,"chose_seed":false,"campfire_upgraded":2,"win_rate":0.0,"timestamp":1611324736,"path_taken":["M","M","?","$","?","R","M","R","T","E","$","R","E","?","R","BOSS","M","?","?","?","$","E"],"items_purchased_type":["Relic","Relic","Card"],"build_version":"2020-12-22","purchased_purges":2,"victory":false,"max_hp_per_floor":[63,63,63,63,63,63,63,63,63,63,63,63,63,63,63,64,64,65,45,45,45,45,45,45],"relic_stats":{"Torii":0,"FaceOfCleric":0,"Singing Bowl":0,"counters":[1,2],"Turnip":[0],"Snake Skull":[9],"Kunai":[0],"obtain_stats":[{"Lantern":0,"Torii":0,"FaceOfCleric":0,"Singing Bowl":0,"DollysMirror":0,"Turnip":0,"Snake Skull":0,"Kunai":0,"Ring of the Snake":0,"Runic Pyramid":0},{"Lantern":0,"Torii":0,"FaceOfCleric":0,"Singing Bowl":0,"DollysMirror":0,"Turnip":0,"Snake Skull":0,"Kunai":0,"Ring of the Snake":0,"Runic Pyramid":0},{"Lantern":0,"Torii":0,"FaceOfCleric":0,"Singing Bowl":0,"DollysMirror":0,"Turnip":0,"Snake Skull":0,"Kunai":0,"Ring of the Snake":0,"Runic Pyramid":0}],"Ring of the Snake":[2]},"card_choices":[{"not_picked":["Backflip","Reflex"],"picked":"Catalyst","floor":1.0},{"not_picked":["Slice","Tactician"],"picked":"Expertise","floor":2.0},{"not_picked":["Deflect","Setup"],"picked":"Backflip","floor":7.0},{"not_picked":["Skewer","Deflect"],"picked":"Well Laid Plans","floor":10.0},{"not_picked":["Masterful Stab","Outmaneuver"],"picked":"Distraction","floor":13.0},{"not_picked":["Burst","Glass Knife"],"picked":"Envenom","floor":16.0},{"not_picked":["Quick Slash","Sucker Punch"],"picked":"Dagger Spray+1","floor":18.0}],"player_experience":1163420,"relics_obtained":[{"floor":9.0,"key":"Lantern"},{"floor":10.0,"key":"Kunai"},{"floor":13.0,"key":"Torii"},{"floor":21.0,"key":"Singing Bowl"}],"event_choices":[{"damage_healed":0.0,"max_hp_gain":0.0,"max_hp_loss":0.0,"gold_gain":75.0,"event_name":"World of Goop","player_choice":"Gather Gold","floor":3.0,"gold_loss":0.0,"damage_taken":11.0},{"damage_healed":0.0,"max_hp_gain":0.0,"max_hp_loss":0.0,"gold_gain":175.0,"event_name":"Liars Game","player_choice":"AGREE","floor":5.0,"gold_loss":0.0,"damage_taken":0.0,"cards_obtained":["Doubt"]},{"damage_healed":0.0,"max_hp_gain":0.0,"max_hp_loss":0.0,"gold_gain":0.0,"event_name":"FaceTrader","player_choice":"Trade","floor":14.0,"gold_loss":0.0,"damage_taken":0.0,"relics_obtained":["FaceOfCleric"]},{"damage_healed":0.0,"max_hp_gain":0.0,"max_hp_loss":20.0,"gold_gain":0.0,"event_name":"Vampires","player_choice":"Became a vampire","floor":19.0,"gold_loss":0.0,"damage_taken":0.0,"cards_obtained":["Bite","Bite","Bite","Bite","Bite"]},{"damage_healed":0.0,"max_hp_gain":0.0,"max_hp_loss":0.0,"gold_gain":0.0,"cards_transformed":["Defend_G","Defend_G"],"event_name":"Drug Dealer","player_choice":"Became Test Subject","floor":20.0,"gold_loss":0.0,"damage_taken":0.0,"cards_obtained":["Poisoned Stab","Accuracy"]}],"is_beta":false,"boss_relics":[{"not_picked":["Black Star","Snecko Eye"],"picked":"Runic Pyramid"}],"items_purged_floors":[11,22],"is_endless":false,"potions_floor_spawned":[2,7,10,18],"killed_by":"Slavers","ascension_level":0}}