{"host":"y89x8uui45kcjy42","time":1611359622,"event":{"mods":["2.2 Compatiblity","BaseMod","CapriCore","Colored Map","Colored Powertips","Custom Start","Friendly Minions","Keyboard Shortcuts","Minty Spire (QoL Compilation)","Relic Stats","Slay the Relics Exporter","StSLib","SuperFastMode","Uncapped"],"gold_per_floor":[110,125,125,83,103,136,53,84,84,84,84,20,20,31,31,106,106,117,8,34,52,52,52,102,128,128,128,128,156,156,485,485,562,562,581,803,803,820,515,515,515,545,572,603,338,338,338],"floor_reached":46,"language":"KOR","playtime":1165,"items_purged":["BowlingBash","Master of Strategy+1"],"score":1243,"play_id":"c5953f4d-db4e-4930-a9d4-417bcce1320a","local_time":"20210123085342","is_ascension_mode":true,"campfire_choices":[{"data":"Eruption","floor":10,"key":"SMITH"},{"data":"Omniscience","floor":11,"key":"SMITH"},{"data":"WheelKick","floor":13,"key":"SMITH"},{"data":"Tantrum","floor":15,"key":"SMITH"},{"data":"MentalFortress","floor":23,"key":"SMITH"},{"data":"Ragnarok","floor":28,"key":"SMITH"},{"data":"Evaluate","floor":30,"key":"SMITH"},{"data":"Wallop","floor":32,"key":"SMITH"},{"data":"Vigilance","floor":40,"key":"SMITH"},{"data":"BattleHymn","floor":41,"key":"SMITH"}],"circlet_count":0,"master_deck":["Eruption+1","Vigilance+1","Mayhem+1","Mayhem+1","Tantrum+1","BattleHymn+1","Omniscience+1","Omniscience+1","WheelKick+1","MasterReality+1","Ragnarok+1","MentalFortress+1","Evaluate+1","Wallop+1","Establishment","MentalFortress+1","Wish+1","Wish+1","MentalFortress+1","FearNoEvil"],"relics":["PureWater","Membership Card","Question Card","PreservedInsect","Vajra","Oddly Smooth Stone","Chemical X","StrikeDummy","Ancient Tea Set","Shuriken","DollysMirror","Black Star","TeardropLocket","Matryoshka","ClockworkSouvenir","Red Mask","Medical Kit","Strawberry","Akabeko","Bottled Tornado","Pocketwatch","InkBottle","Lizard Tail","Mercury Hourglass","Old Coin","Sundial","Anchor","Coffee Dripper","Toxic Egg 2","HandDrill","WingedGreaves","Smiling Mask","Blood Vial","Dream Catcher","Art of War","Potion Belt"],"acts_visited":["Exordium","TheCity","TheBeyond"],"potions_floor_usage":[18,20,25],"damage_taken":[{"damage":7,"enemies":"Jaw Worm","floor":1,"turns":3},{"damage":0,"enemies":"Cultist","floor":2,"turns":2},{"damage":32,"enemies":"2 Louse","floor":5,"turns":2},{"damage":0,"enemies":"Lagavulin","floor":6,"turns":4},{"damage":16,"enemies":"Gremlin Nob","floor":8,"turns":3},{"damage":11,"enemies":"Looter","floor":14,"turns":2},{"damage":28,"enemies":"The Guardian","floor":16,"turns":4},{"damage":0,"enemies":"Spheric Guardian","floor":18,"turns":2},{"damage":11,"enemies":"Masked Bandits","floor":20,"turns":2},{"damage":32,"enemies":"Slavers","floor":25,"turns":3},{"damage":20,"enemies":"Book of Stabbing","floor":29,"turns":2},{"damage":21,"enemies":"Slavers","floor":31,"turns":2},{"damage":13,"enemies":"Champ","floor":33,"turns":4},{"damage":29,"enemies":"3 Darklings","floor":35,"turns":3},{"damage":47,"enemies":"3 Shapes","floor":38,"turns":3},{"damage":34,"enemies":"Nemesis","floor":42,"turns":5},{"damage":0,"enemies":"Giant Head","floor":44,"turns":4},{"damage":17,"enemies":"Reptomancer","floor":46,"turns":2}],"seed_played":"4910632073063684210","potions_obtained":[{"floor":2,"key":"Explosive Potion"},{"floor":6,"key":"LiquidMemories"},{"floor":16,"key":"DistilledChaos"},{"floor":31,"key":"Fire Potion"},{"floor":44,"key":"Ambrosia"}],"is_trial":false,"path_per_floor":["M","M","?","$","M","E","$","E","T","R","R","$","R","M","R","B",null,"M","$","?","$","?","R","?","E","T","T","R","E","R","E","R","B",null,"M","?","?","M","$","R","R","E","T","E","$","E"],"character_chosen":"WATCHER","items_purchased":["BattleHymn","PreservedInsect","Shuriken","DollysMirror","WheelKick","TeardropLocket","Matryoshka","Medical Kit","Evaluate","Strength Potion","StancePotion","Toxic Egg 2","HandDrill","Wish+1","Potion Belt","Master of Strategy+1","FearNoEvil"],"campfire_rested":0,"item_purchase_floors":[4,7,12,12,12,19,19,21,21,21,21,39,39,39,45,45,45],"current_hp_per_floor":[36,36,68,68,68,68,68,52,52,52,52,52,52,41,41,13,54,54,54,43,43,24,24,24,69,69,69,69,80,80,59,59,46,72,43,43,43,40,40,40,40,6,6,8,8,0,0],"gold":338,"neow_bonus":"TRANSFORM_TWO_CARDS","is_daily":false,"chose_seed":false,"campfire_upgraded":10,"win_rate":0.0,"timestamp":1611359622,"path_taken":["M","M","?","$","M","E","$","E","T","R","R","$","R","?","R","BOSS","M","$","?","$","?","R","?","E","T","?","R","E","R","E","R","BOSS","M","?","?","?","$","R","R","E","T","E","$","E"],"items_purchased_type":["Card","Relic","Relic","Relic","Card","Relic","Relic","Relic","Card","Potion","Potion","Relic","Relic","Card","Relic","Card","Card"],"build_version":"2020-12-22","purchased_purges":2,"victory":false,"max_hp_per_floor":[68,68,68,68,68,68,68,68,68,68,68,68,68,68,68,68,68,68,68,68,68,73,73,73,80,80,80,80,80,80,80,80,80,80,80,80,80,80,80,80,80,80,80,80,80,80,80],"relic_stats":{"counters":[18,52],"PreservedInsect":397,"Question Card":13,"Medical Kit":[9],"Smiling Mask":0,"Mercury Hourglass":[113],"Blood Vial":4,"Lizard Tail":40,"Dream Catcher":0,"Shuriken":[19],"Sundial":[8],"Black Star":5,"HandDrill":[0],"Art of War":[1],"Chemical X":[0],"obtain_stats":[{"Vajra":7,"TeardropLocket":19,"Bottled Tornado":26,"Ancient Tea Set":8,"Smiling Mask":42,"ClockworkSouvenir":19,"Old Coin":31,"Blood Vial":43,"Lizard Tail":27,"Dream Catcher":44,"Matryoshka":19,"DollysMirror":12,"Sundial":31,"Strawberry":25,"WingedGreaves":7,"Red Mask":20,"HandDrill":39,"Chemical X":7,"Toxic Egg 2":39,"InkBottle":27,"Potion Belt":45,"Oddly Smooth Stone":7,"PreservedInsect":7,"Question Card":6,"Medical Kit":21,"Akabeko":25,"Mercury Hourglass":29,"Anchor":33,"Shuriken":12,"Black Star":17,"Coffee Dripper":34,"Art of War":44,"Membership Card":3,"PureWater":0,"StrikeDummy":7,"Pocketwatch":26},{"Vajra":4,"TeardropLocket":8,"Bottled Tornado":10,"Ancient Tea Set":5,"Smiling Mask":16,"ClockworkSouvenir":8,"Old Coin":12,"Blood Vial":16,"Lizard Tail":10,"Dream Catcher":17,"Matryoshka":8,"DollysMirror":5,"Sundial":12,"Strawberry":10,"WingedGreaves":4,"Red Mask":9,"HandDrill":15,"Chemical X":4,"Toxic Egg 2":15,"InkBottle":10,"Potion Belt":17,"Oddly Smooth Stone":4,"PreservedInsect":4,"Question Card":4,"Medical Kit":9,"Akabeko":10,"Mercury Hourglass":11,"Anchor":13,"Shuriken":5,"Black Star":7,"Coffee Dripper":13,"Art of War":17,"Membership Card":2,"PureWater":0,"StrikeDummy":4,"Pocketwatch":10},{"Vajra":11,"TeardropLocket":22,"Bottled Tornado":27,"Ancient Tea Set":14,"Smiling Mask":46,"ClockworkSouvenir":22,"Old Coin":31,"Blood Vial":46,"Lizard Tail":27,"Dream Catcher":50,"Matryoshka":22,"DollysMirror":14,"Sundial":31,"Strawberry":27,"WingedGreaves":11,"Red Mask":24,"HandDrill":41,"Chemical X":11,"Toxic Egg 2":41,"InkBottle":27,"Potion Belt":50,"Oddly Smooth Stone":11,"PreservedInsect":11,"Question Card":11,"Medical Kit":24,"Akabeko":27,"Mercury Hourglass":29,"Anchor":32,"Shuriken":14,"Black Star":20,"Coffee Dripper":35,"Art of War":50,"Membership Card":5,"PureWater":0,"StrikeDummy":11,"Pocketwatch":27}],"InkBottle":[14],"Pocketwatch":[3]},"card_choices":[{"not_picked":["CutThroughFate","ThirdEye"],"picked":"Tantrum","floor":1},{"not_picked":["Swivel","ThirdEye","Protect"],"picked":"SKIP","floor":2},{"not_picked":["FlyingSleeves","CutThroughFate","Prostrate"],"picked":"SKIP","floor":5},{"not_picked":["Wallop","Swivel"],"picked":"Omniscience","floor":6},{"not_picked":["SpiritShield","WaveOfTheHand","EmptyBody","JustLucky"],"picked":"SKIP","floor":8},{"not_picked":["PathToVictory","Fasting2","Protect","Crescendo"],"picked":"SKIP","floor":14},{"not_picked":["Blasphemy","Brilliance","ConjureBlade"],"picked":"Ragnarok","floor":16},{"not_picked":["FollowUp","Fasting2","Halt"],"picked":"MentalFortress","floor":18},{"not_picked":["BowlingBash","WheelKick","Conclude","Wireheading"],"picked":"SKIP","floor":25},{"not_picked":["Nirvana","Wireheading+1","Sanctity+1","WheelKick"],"picked":"SKIP","floor":29},{"not_picked":["EmptyMind","FollowUp","BowlingBash"],"picked":"Wallop","floor":31},{"not_picked":["SpiritShield","Brilliance","MasterReality"],"picked":"Establishment","floor":33},{"not_picked":["Worship","Swivel","FlurryOfBlows+1"],"picked":"MentalFortress","floor":35},{"not_picked":["ClearTheMind","Wallop+1","FlyingSleeves+1","BowlingBash"],"picked":"SKIP","floor":38},{"not_picked":["Tantrum+1","FollowUp","Halt+1"],"picked":"Wish+1","floor":42},{"not_picked":["Weave","Swivel+1","WreathOfFlame+1"],"picked":"MentalFortress+1","floor":44}],"player_experience":640352,"relics_obtained":[{"floor":6,"key":"Question Card"},{"floor":8,"key":"Ancient Tea Set"},{"floor":20,"key":"Red Mask"},{"floor":25,"key":"Strawberry"},{"floor":25,"key":"Akabeko"},{"floor":26,"key":"Bottled Tornado"},{"floor":26,"key":"Pocketwatch"},{"floor":27,"key":"InkBottle"},{"floor":27,"key":"Lizard Tail"},{"floor":29,"key":"Mercury Hourglass"},{"floor":31,"key":"Old Coin"},{"floor":31,"key":"Sundial"},{"floor":42,"key":"Smiling Mask"},{"floor":43,"key":"Blood Vial"},{"floor":44,"key":"Dream Catcher"},{"floor":44,"key":"Art of War"}],"event_choices":[{"cards_removed":["Study"],"damage_healed":32,"gold_gain":0,"player_choice":"Offered Uncommon","damage_taken":0,"max_hp_gain":0,"max_hp_loss":0,"event_name":"Bonfire Elementals","floor":3,"gold_loss":0},{"damage_healed":0,"gold_gain":0,"player_choice":"Fought Bandits","damage_taken":0,"max_hp_gain":0,"max_hp_loss":0,"event_name":"Masked Bandits","floor":20,"gold_loss":0},{"damage_healed":0,"gold_gain":0,"player_choice":"Shed Blood","damage_taken":24,"max_hp_gain":5,"max_hp_loss":0,"event_name":"Forgotten Altar","floor":22,"gold_loss":0},{"damage_healed":0,"gold_gain":50,"player_choice":"Stole From Cult","damage_taken":0,"max_hp_gain":0,"max_hp_loss":0,"event_name":"Nest","floor":24,"gold_loss":0},{"damage_healed":0,"gold_gain":222,"player_choice":"Wore Mask","damage_taken":0,"max_hp_gain":0,"max_hp_loss":0,"event_name":"Tomb of Lord Red Mask","floor":36,"gold_loss":0},{"damage_healed":0,"gold_gain":0,"player_choice":"Forge","damage_taken":0,"max_hp_gain":0,"max_hp_loss":0,"event_name":"Accursed Blacksmith","floor":37,"gold_loss":0,"cards_upgraded":["MentalFortress"]}],"is_beta":false,"boss_relics":[{"not_picked":["Ectoplasm","Sozu"],"picked":"Black Star"},{"not_picked":["Pandora\u0027s Box","Astrolabe"],"picked":"Coffee Dripper"}],"items_purged_floors":[19,45],"is_endless":false,"potions_floor_spawned":[2,6,8,16,31,42,44],"killed_by":"Reptomancer","ascension_level":20}}