{"host":"dgf4n6lo35jtjz0c","time":1611290570,"event":{"mods":["AchievementEnabler","BaseMod","Bestiary","Colored Powertips","Minty Spire (QoL Compilation)"],"gold_per_floor":[112,212,40,58,9,44,44,58,82,95,108,141,141,45,45,140,140,153,172,184,109,109,143,143,154,154,154,165,165,176,211,211,306,306,322,338,349,362,103,103,123,123,123,141,157,168,181,193,193,193],"floor_reached":51,"language":"ENG","playtime":3810,"items_purged":["Strike_P"],"score":782,"play_id":"a48fe701-85be-458a-b061-6d0ae2bb7719","local_time":"20210122154250","is_ascension_mode":false,"campfire_choices":[{"floor":7.0,"key":"REST"},{"floor":15.0,"key":"REST"},{"floor":24,"key":"REST"},{"floor":27,"key":"REST"},{"data":"Alpha","floor":29,"key":"SMITH"},{"data":"Apotheosis","floor":32,"key":"SMITH"},{"floor":40,"key":"REST"},{"data":"Alpha","floor":42,"key":"SMITH"},{"floor":49,"key":"REST"}],"circlet_count":0,"master_deck":["Strike_P","Strike_P","Defend_P","Defend_P","Defend_P","Defend_P","Eruption","Vigilance","Vault","CutThroughFate","Apotheosis+1","Prostrate","Consecrate","CutThroughFate","Sanctity","Weave","Pray","ThirdEye","Weave","Alpha+1","TalkToTheHand","Consecrate","Vault","Weave","Perseverance","JustLucky+1","Prostrate","Consecrate","Alpha+1","JustLucky","EmptyMind+1","Study","JustLucky","ThirdEye+1","SandsOfTime","InnerPeace+1","SandsOfTime","EmptyFist+1"],"relics":["PureWater","Potion Belt","Centennial Puzzle","Dream Catcher","Sundial","Philosopher\u0027s Stone","Eternal Feather","Blue Candle","TungstenRod","Runic Dome","Gremlin Horn"],"acts_visited":["Exordium","TheCity","TheBeyond"],"potions_floor_usage":[23,31,35,46,50,50,50],"damage_taken":[{"damage":3.0,"enemies":"Jaw Worm","floor":1.0,"turns":4.0},{"damage":0.0,"enemies":"Cultist","floor":4.0,"turns":5.0},{"damage":20.0,"enemies":"3 Sentries","floor":6.0,"turns":11.0},{"damage":0.0,"enemies":"2 Louse","floor":8.0,"turns":3.0},{"damage":14.0,"enemies":"Exordium Thugs","floor":10.0,"turns":4.0},{"damage":4.0,"enemies":"Looter","floor":11.0,"turns":3.0},{"damage":0.0,"enemies":"Gremlin Nob","floor":12.0,"turns":2.0},{"damage":51.0,"enemies":"Hexaghost","floor":16.0,"turns":5.0},{"damage":0.0,"enemies":"Spheric Guardian","floor":18.0,"turns":3.0},{"damage":15.0,"enemies":"3 Byrds","floor":19.0,"turns":4.0},{"damage":30.0,"enemies":"Centurion and Healer","floor":20.0,"turns":4.0},{"damage":20,"enemies":"Book of Stabbing","floor":23,"turns":6},{"damage":14,"enemies":"Snake Plant","floor":25,"turns":4},{"damage":7,"enemies":"Snecko","floor":28,"turns":6},{"damage":16,"enemies":"Centurion and Healer","floor":30,"turns":3},{"damage":0,"enemies":"Gremlin Leader","floor":31,"turns":5},{"damage":13,"enemies":"Champ","floor":33,"turns":8},{"damage":3,"enemies":"3 Shapes","floor":35,"turns":5},{"damage":16,"enemies":"3 Darklings","floor":36,"turns":5},{"damage":24,"enemies":"Jaw Worm Horde","floor":37,"turns":4},{"damage":7,"enemies":"Sphere and 2 Shapes","floor":38,"turns":4},{"damage":18,"enemies":"Writhing Mass","floor":41,"turns":6},{"damage":36,"enemies":"3 Darklings","floor":44,"turns":4},{"damage":24,"enemies":"Spire Growth","floor":45,"turns":5},{"damage":1,"enemies":"Maw","floor":46,"turns":5},{"damage":13,"enemies":"3 Darklings","floor":47,"turns":4},{"damage":2,"enemies":"Transient","floor":48,"turns":7},{"damage":13,"enemies":"Donu and Deca","floor":50,"turns":5}],"seed_played":"-1709714840688625095","potions_obtained":[{"floor":1.0,"key":"PowerPotion"},{"floor":11.0,"key":"DistilledChaos"},{"floor":22.0,"key":"Explosive Potion"},{"floor":22.0,"key":"SmokeBomb"},{"floor":22.0,"key":"Fruit Juice"},{"floor":25,"key":"SpeedPotion"},{"floor":28,"key":"Energy Potion"},{"floor":30,"key":"SmokeBomb"},{"floor":31,"key":"Weak Potion"},{"floor":35,"key":"Fruit Juice"},{"floor":37,"key":"ColorlessPotion"},{"floor":41,"key":"BottledMiracle"},{"floor":44,"key":"PowerPotion"},{"floor":47,"key":"SteroidPotion"},{"floor":48,"key":"DistilledChaos"}],"is_trial":false,"path_per_floor":["M","?","$","M","$","E","R","M","T","M","M","E","?","$","R","B",null,"M","M","M","?","?","E","R","M","T","R","M","R","M","E","R","B",null,"M","M","M","M","$","R","M","R","T","M","M","M","M","M","R","B",null],"character_chosen":"WATCHER","items_purchased":["Apotheosis","Block Potion","Pray","ThirdEye","FairyPotion","Study"],"campfire_rested":6,"item_purchase_floors":[3,5,14,14,39,39],"current_hp_per_floor":[69,69,69,69,69,49,70,70,70,56,52,52,40,40,61,10,72,72,57,27,27,32,12,47,33,33,71,64,77,61,61,76,63,77,79,63,39,32,32,74,56,74,74,38,14,13,24,22,67,54],"gold":193,"neow_bonus":"ONE_RANDOM_RARE_CARD","is_daily":false,"chose_seed":false,"campfire_upgraded":3,"win_rate":0.0,"timestamp":1611290570,"path_taken":["M","?","?","?","$","E","R","M","T","M","?","E","?","?","R","BOSS","M","M","M","?","?","E","R","M","T","R","M","R","M","E","R","BOSS","M","M","?","M","$","R","M","R","T","M","M","M","M","M","R","BOSS"],"items_purchased_type":["Card","Potion","Card","Card","Potion","Card"],"build_version":"2020-12-22","purchased_purges":1,"victory":true,"max_hp_per_floor":[72,72,72,72,72,72,72,72,72,72,72,72,72,72,72,72,72,72,72,72,72,77,77,77,77,77,77,77,77,77,77,77,77,77,82,82,82,82,82,82,82,82,82,82,82,82,82,82,82,82],"card_choices":[{"not_picked":["WheelKick","WreathOfFlame"],"picked":"CutThroughFate","floor":1.0},{"not_picked":["BowlingBash","Conclude"],"picked":"Prostrate","floor":4.0},{"not_picked":["FlyingSleeves","ClearTheMind"],"picked":"Consecrate","floor":6.0},{"not_picked":["FlyingSleeves","WheelKick"],"picked":"CutThroughFate","floor":8.0},{"not_picked":["Adaptation","Fasting2"],"picked":"Sanctity","floor":10.0},{"not_picked":["LikeWater","Adaptation","ClearTheMind"],"picked":"SKIP","floor":11.0},{"not_picked":["Tantrum","Swivel"],"picked":"Weave","floor":12.0},{"not_picked":["JustLucky","Vengeance"],"picked":"Weave","floor":15.0},{"not_picked":["Vault","Judgement"],"picked":"Alpha","floor":16.0},{"not_picked":["Protect","CrushJoints"],"picked":"TalkToTheHand","floor":18.0},{"not_picked":["Indignation","Halt"],"picked":"Consecrate","floor":19.0},{"not_picked":["CrushJoints","BowlingBash","ClearTheMind"],"picked":"SKIP","floor":20.0},{"not_picked":["ReachHeaven","Halt"],"picked":"Vault","floor":23},{"not_picked":["MentalFortress","WaveOfTheHand"],"picked":"Weave","floor":24},{"not_picked":["ForeignInfluence","ClearTheMind"],"picked":"Perseverance","floor":25},{"not_picked":["ClearTheMind","WheelKick"],"picked":"JustLucky+1","floor":27},{"not_picked":["SandsOfTime","FlyingSleeves"],"picked":"Prostrate","floor":28},{"not_picked":["Worship","PathToVictory"],"picked":"Consecrate","floor":30},{"not_picked":["CrushJoints","Crescendo+1","BowlingBash"],"picked":"SKIP","floor":31},{"not_picked":["Judgement","Vault"],"picked":"Alpha","floor":33},{"not_picked":["Collect+1","ThirdEye"],"picked":"JustLucky","floor":35},{"not_picked":["SashWhip+1","FlurryOfBlows+1","WreathOfFlame"],"picked":"SKIP","floor":36},{"not_picked":["Conclude+1","Meditate"],"picked":"EmptyMind+1","floor":37},{"not_picked":["EmptyBody+1","LessonLearned","Vengeance"],"picked":"SKIP","floor":38},{"not_picked":["TalkToTheHand","Prostrate+1"],"picked":"JustLucky","floor":40},{"not_picked":["DeceiveReality","PathToVictory+1"],"picked":"ThirdEye+1","floor":41},{"not_picked":["PathToVictory+1","BattleHymn+1"],"picked":"SandsOfTime","floor":44},{"not_picked":["Prostrate+1","Wallop"],"picked":"InnerPeace+1","floor":45},{"not_picked":["Adaptation+1","SashWhip","CrushJoints+1"],"picked":"SKIP","floor":46},{"not_picked":["LikeWater","FlyingSleeves+1"],"picked":"SandsOfTime","floor":47},{"not_picked":["WindmillStrike+1","FollowUp","WheelKick"],"picked":"SKIP","floor":48},{"not_picked":["Protect","Crescendo+1"],"picked":"EmptyFist+1","floor":49}],"player_experience":118493,"relics_obtained":[{"floor":6.0,"key":"Potion Belt"},{"floor":9.0,"key":"Centennial Puzzle"},{"floor":12.0,"key":"Dream Catcher"},{"floor":23,"key":"Eternal Feather"},{"floor":26,"key":"Blue Candle"},{"floor":31,"key":"TungstenRod"},{"floor":43,"key":"Gremlin Horn"}],"event_choices":[{"damage_healed":0.0,"max_hp_gain":0.0,"max_hp_loss":0.0,"gold_gain":100.0,"event_name":"Golden Shrine","player_choice":"Pray","floor":2.0,"gold_loss":0.0,"damage_taken":0.0},{"damage_healed":0.0,"max_hp_gain":0.0,"max_hp_loss":0.0,"gold_gain":0.0,"event_name":"Scrap Ooze","player_choice":"Success","floor":13.0,"gold_loss":0.0,"damage_taken":12.0,"relics_obtained":["Sundial"]},{"cards_removed":["Strike_P"],"damage_healed":0.0,"max_hp_gain":0.0,"max_hp_loss":0.0,"gold_gain":0.0,"event_name":"Beggar","player_choice":"Gave Gold","floor":21.0,"gold_loss":75.0,"damage_taken":0.0},{"damage_healed":0.0,"max_hp_gain":0.0,"max_hp_loss":0.0,"gold_gain":0.0,"event_name":"Lab","player_choice":"Got Potions","floor":22.0,"gold_loss":0.0,"damage_taken":0.0}],"is_beta":false,"boss_relics":[{"not_picked":["Calling Bell","SlaversCollar"],"picked":"Philosopher\u0027s Stone"},{"not_picked":["VioletLotus","Snecko Eye"],"picked":"Runic Dome"}],"items_purged_floors":[39],"is_endless":false,"potions_floor_spawned":[1,11,25,28,30,31,35,37,41,44,47,48],"ascension_level":0}}