{"host":"7sni158j623xchr2","time":1611334688,"event":{"mods":["BaseMod","Colored Map","Highlight Path","Minty Spire (QoL Compilation)","Permanent Neow","Potion Indicator Mod","Rare Cards Sparkle","Relic Sorter","Relic Stats","StSLib","everything is the same but u backflip on backflip"],"gold_per_floor":[117,292,305,305,318,318,344,344,395,411,411,36,36,62,62,166,166,180,180,195,23,38,38,48,75,75,100,100,100,100,111,111,209,209,224,242,242,257,304,304,333,333,333,343,343,343,343,356,356,356,356,356,65,97,97],"floor_reached":56,"language":"ENG","playtime":1558,"items_purged":["Doubt","Strike_G"],"score":1295,"play_id":"8f468fb2-3146-4981-84bb-2ce22b6df0e5","local_time":"20210122105808","is_ascension_mode":true,"campfire_choices":[{"data":"Backstab","floor":6,"key":"SMITH"},{"data":"Crippling Poison","floor":8,"key":"SMITH"},{"data":"Dash","floor":11,"key":"SMITH"},{"data":"Poisoned Stab","floor":13,"key":"SMITH"},{"data":"Quick Slash","floor":15,"key":"SMITH"},{"data":"Catalyst","floor":23,"key":"SMITH"},{"data":"Venomology","floor":29,"key":"SMITH"},{"floor":32,"key":"REST"},{"data":"Malaise","floor":40,"key":"SMITH"},{"data":"Footwork","floor":42,"key":"SMITH"},{"data":"Venomology","floor":47,"key":"SMITH"},{"floor":49,"key":"RECALL"},{"data":"After Image","floor":52,"key":"SMITH"}],"circlet_count":0,"master_deck":["Strike_G+1","Defend_G","Defend_G","Defend_G+1","Survivor+1","Neutralize","Backstab+1","Crippling Poison+1","Quick Slash+1","Poisoned Stab+1","Dash+1","Venomology+1","Corpse Explosion+1","Tactician+1","Flying Knee+1","Acrobatics","Catalyst+1","Distraction+1","Footwork+1","Acrobatics","After Image+1","Dagger Throw+1","Malaise+1","Poisoned Stab+1","Cloak And Dagger+1","Backflip+1","Venomology+1","Deflect+1"],"relics":["Ring of the Snake","NeowsBlessing","Centennial Puzzle","Happy Flower","PreservedInsect","ClockworkSouvenir","Blood Vial","Astrolabe","Shuriken","Pear","Anchor","Enchiridion","SlaversCollar","TungstenRod","Gambling Chip","Whetstone","HornCleat","War Paint"],"acts_visited":["Exordium","TheCity","TheBeyond","TheEnding"],"potions_floor_usage":[7,14,24,27,31,33,35,36,39,39,44,48,50,50,50,55,55,55,55],"damage_taken":[{"damage":0,"enemies":"Small Slimes","floor":1,"turns":1},{"damage":0,"enemies":"Cultist","floor":3,"turns":1},{"damage":0,"enemies":"2 Louse","floor":5,"turns":1},{"damage":14,"enemies":"Gremlin Nob","floor":7,"turns":4},{"damage":6,"enemies":"2 Fungi Beasts","floor":10,"turns":2},{"damage":0,"enemies":"Lagavulin","floor":14,"turns":5},{"damage":6,"enemies":"Slime Boss","floor":16,"turns":11},{"damage":7,"enemies":"Shell Parasite","floor":18,"turns":4},{"damage":7,"enemies":"2 Thieves","floor":20,"turns":2},{"damage":0,"enemies":"Cultist and Chosen","floor":22,"turns":3},{"damage":8,"enemies":"Centurion and Healer","floor":24,"turns":3},{"damage":14,"enemies":"Book of Stabbing","floor":25,"turns":3},{"damage":12,"enemies":"Gremlin Leader","floor":27,"turns":3},{"damage":0,"enemies":"Snecko","floor":31,"turns":3},{"damage":46,"enemies":"Automaton","floor":33,"turns":7},{"damage":0,"enemies":"3 Shapes","floor":35,"turns":4},{"damage":0,"enemies":"Orb Walker","floor":36,"turns":3},{"damage":1,"enemies":"Jaw Worm Horde","floor":38,"turns":1},{"damage":9,"enemies":"2 Orb Walkers","floor":39,"turns":4},{"damage":9,"enemies":"Nemesis","floor":41,"turns":5},{"damage":0,"enemies":"4 Shapes","floor":44,"turns":3},{"damage":12,"enemies":"Maw","floor":48,"turns":3},{"damage":13,"enemies":"Time Eater","floor":50,"turns":8},{"damage":5,"enemies":"Shield and Spear","floor":54,"turns":3},{"damage":20,"enemies":"The Heart","floor":55,"turns":10}],"seed_played":"9060940751733861551","potions_obtained":[{"floor":5,"key":"Explosive Potion"},{"floor":7,"key":"GhostInAJar"},{"floor":10,"key":"Regen Potion"},{"floor":16,"key":"Block Potion"},{"floor":20,"key":"DistilledChaos"},{"floor":35,"key":"CunningPotion"},{"floor":44,"key":"Energy Potion"}],"is_trial":false,"path_per_floor":["M","?","M","?","M","R","E","R","T","M","R","$","R","E","R","B",null,"M","?","M","$","M","R","M","E","T","E","?","R","?","M","R","B",null,"M","M","?","M","?","R","E","R","T","M","T","?","R","M","R","B",null,"R","$","E","B",null],"character_chosen":"THE_SILENT","items_purchased":["PreservedInsect","ClockworkSouvenir","Footwork","HornCleat","Block Potion"],"campfire_rested":1,"item_purchase_floors":[12,12,21,53,53],"current_hp_per_floor":[70,70,70,70,70,70,56,56,56,50,50,50,50,62,62,58,70,63,63,58,58,60,60,54,42,52,42,42,42,26,28,52,8,80,80,80,76,75,67,67,60,60,60,62,62,62,62,52,52,41,76,76,76,71,53],"gold":97,"neow_bonus":"THREE_ENEMY_KILL","is_daily":false,"chose_seed":false,"campfire_upgraded":11,"win_rate":0.0,"timestamp":1611334688,"path_taken":["M","?","M","?","?","R","E","R","T","?","R","?","R","E","R","BOSS","M","?","M","$","M","R","M","E","T","E","?","R","?","M","R","BOSS","M","M","?","M","?","R","E","R","T","M","?","?","R","M","R","BOSS","R","$","E","BOSS"],"items_purchased_type":["Relic","Relic","Card","Relic","Potion"],"build_version":"2020-12-22","purchased_purges":2,"victory":true,"max_hp_per_floor":[70,70,70,70,70,70,70,70,70,70,70,70,70,70,70,70,70,70,70,70,70,70,70,70,70,80,80,80,80,80,80,80,80,80,80,80,76,76,76,76,76,76,76,76,76,76,76,76,76,76,76,76,76,76,76],"relic_stats":{"Happy Flower":[30],"counters":[25,97],"Astrolabe":["Corpse Explosion","Tactician","Flying Knee"],"PreservedInsect":229,"Whetstone":["Strike_G","Dagger Throw"],"War Paint":["Survivor","Defend_G"],"Blood Vial":27,"Centennial Puzzle":[45],"Shuriken":[24],"Gambling Chip":[5],"obtain_stats":[{"Pear":26,"NeowsBlessing":0,"Happy Flower":9,"Astrolabe":17,"Enchiridion":30,"PreservedInsect":12,"Whetstone":45,"War Paint":54,"ClockworkSouvenir":12,"Blood Vial":14,"SlaversCollar":34,"Centennial Puzzle":7,"Anchor":27,"HornCleat":53,"Shuriken":25,"Gambling Chip":41,"TungstenRod":39,"Ring of the Snake":0},{"Pear":12,"NeowsBlessing":0,"Happy Flower":4,"Astrolabe":7,"Enchiridion":13,"PreservedInsect":5,"Whetstone":21,"War Paint":24,"ClockworkSouvenir":5,"Blood Vial":6,"SlaversCollar":15,"Centennial Puzzle":4,"Anchor":13,"HornCleat":23,"Shuriken":12,"Gambling Chip":20,"TungstenRod":19,"Ring of the Snake":0},{"Pear":40,"NeowsBlessing":0,"Happy Flower":7,"Astrolabe":25,"Enchiridion":43,"PreservedInsect":9,"Whetstone":73,"War Paint":87,"ClockworkSouvenir":9,"Blood Vial":14,"SlaversCollar":53,"Centennial Puzzle":7,"Anchor":43,"HornCleat":84,"Shuriken":40,"Gambling Chip":70,"TungstenRod":65,"Ring of the Snake":0}],"TungstenRod":21,"Ring of the Snake":[50]},"card_choices":[{"not_picked":["Deadly Poison","Bane"],"picked":"Backstab","floor":1},{"not_picked":["Flying Knee","Cloak And Dagger"],"picked":"Crippling Poison","floor":3},{"not_picked":["Acrobatics","PiercingWail"],"picked":"Quick Slash","floor":5},{"not_picked":["Bullet Time","Tactician"],"picked":"Poisoned Stab","floor":7},{"not_picked":["Dagger Throw","Distraction"],"picked":"Dash","floor":10},{"not_picked":["Blade Dance","Deflect","Caltrops"],"picked":"SKIP","floor":14},{"not_picked":["Envenom","Wraith Form v2"],"picked":"Venomology","floor":16},{"not_picked":["Flying Knee","Eviscerate"],"picked":"Acrobatics","floor":18},{"not_picked":["Leg Sweep","Noxious Fumes"],"picked":"Distraction+1","floor":20},{"not_picked":["Bullet Time","Deadly Poison"],"picked":"Acrobatics","floor":22},{"not_picked":["Predator","Flechettes","Quick Slash"],"picked":"SKIP","floor":24},{"not_picked":["Acrobatics+1","Dagger Throw+1","Choke"],"picked":"SKIP","floor":25},{"not_picked":["Noxious Fumes+1","Doppelganger","Crippling Poison"],"picked":"SKIP","floor":27},{"not_picked":["Backstab+1","Skewer","Cloak And Dagger"],"picked":"SKIP","floor":31},{"not_picked":["Tools of the Trade","Bullet Time"],"picked":"Malaise","floor":33},{"not_picked":["Backflip","Dagger Spray+1","Bouncing Flask"],"picked":"SKIP","floor":35},{"not_picked":["Sucker Punch","Prepared","Poisoned Stab"],"picked":"SKIP","floor":36},{"not_picked":["Underhanded Strike+1","Deflect"],"picked":"Poisoned Stab+1","floor":38},{"not_picked":["Acrobatics+1","Poisoned Stab"],"picked":"Cloak And Dagger+1","floor":41},{"not_picked":["Choke","Outmaneuver+1"],"picked":"Backflip+1","floor":44},{"not_picked":["Venomology","Dagger Throw","Bane"],"picked":"SKIP","floor":48},{"not_picked":["Backstab","Dagger Spray"],"picked":"Deflect+1","floor":54}],"player_experience":1673961,"relics_obtained":[{"floor":7,"key":"Centennial Puzzle"},{"floor":9,"key":"Happy Flower"},{"floor":14,"key":"Blood Vial"},{"floor":25,"key":"Shuriken"},{"floor":26,"key":"Pear"},{"floor":27,"key":"Anchor"},{"floor":30,"key":"Enchiridion"},{"floor":39,"key":"TungstenRod"},{"floor":41,"key":"Gambling Chip"},{"floor":45,"key":"Whetstone"},{"floor":54,"key":"War Paint"}],"event_choices":[{"damage_healed":0,"gold_gain":175,"player_choice":"AGREE","damage_taken":0,"max_hp_gain":0,"max_hp_loss":0,"event_name":"Liars Game","floor":2,"gold_loss":0,"cards_obtained":["Doubt"]},{"damage_healed":0,"gold_gain":0,"player_choice":"Ignored","damage_taken":0,"max_hp_gain":0,"max_hp_loss":0,"event_name":"NoteForYourself","floor":4,"gold_loss":0},{"damage_healed":0,"gold_gain":0,"player_choice":"Read","damage_taken":0,"max_hp_gain":0,"max_hp_loss":0,"event_name":"The Library","floor":19,"gold_loss":0,"cards_obtained":["Catalyst"]},{"damage_healed":0,"gold_gain":0,"cards_transformed":["Defend_G","Strike_G"],"player_choice":"Became Test Subject","damage_taken":0,"max_hp_gain":0,"max_hp_loss":0,"event_name":"Drug Dealer","floor":28,"gold_loss":0,"cards_obtained":["After Image","Dagger Throw"]},{"damage_healed":0,"gold_gain":0,"player_choice":"Obtained Book","damage_taken":16,"max_hp_gain":0,"max_hp_loss":0,"event_name":"Cursed Tome","floor":30,"gold_loss":0},{"damage_healed":0,"gold_gain":0,"player_choice":"Max HP","damage_taken":0,"max_hp_gain":0,"max_hp_loss":4,"event_name":"Winding Halls","floor":37,"gold_loss":0},{"damage_healed":0,"gold_gain":0,"player_choice":"Fight","damage_taken":0,"max_hp_gain":0,"max_hp_loss":0,"event_name":"Mysterious Sphere","floor":39,"gold_loss":0},{"damage_healed":0,"gold_gain":0,"player_choice":"1 cards matched","damage_taken":0,"max_hp_gain":0,"max_hp_loss":0,"event_name":"Match and Keep!","floor":46,"gold_loss":0,"cards_obtained":["Venomology"]}],"is_beta":false,"boss_relics":[{"not_picked":["Busted Crown","Tiny House"],"picked":"Astrolabe"},{"not_picked":["Ring of the Serpent","Velvet Choker"],"picked":"SlaversCollar"}],"items_purged_floors":[12,21],"is_endless":false,"potions_floor_spawned":[5,7,10,16,20,22,25,35,38,44,54],"ascension_level":1}}