{"host":"ekyl8r8j8fco3zlk","time":1611323562,"event":{"mods":["ATMod(∞¢Ë™Mod)","Act Like it!","Arknights The Spire","BaseMod","CapriCore","Decade(Õı–°√˜)","Dota2Spire","Friendly Minions","Gensokyo","Lobotomy","LobotomyExtend","Marisa£®ÏF”Í°°ƒß¿Ì…≥£©","Minty Spire (QoL Compilation)","READ ME - Guardian Mod","Rare Cards Sparkle","Reimu£®≤©¿ˆ¡È√Œ£©","StSLib","The Alterego","The Immortal","The Jungle","TheWitcher","Waifu the Spire","WarShipGirlsR/’ΩΩ¢…Ÿ≈ÆR mod","Yakumo Yukari mod","°æ“≈ŒÔø®≈∆°øREMEMod"],"gold_per_floor":[121,69,65,65,65,65,100,100,100,122,141,166,150,150,150,249,249,288,304,321,174,194,194,229,229,229,229,261,275,152,146,146,244,244,257,279,124,124,154,183,183,199,199,219,63,63,83,127,127,135,135],"floor_reached":52,"language":"ZHS","playtime":2582,"items_purged":[],"score":839,"play_id":"1d19122a-db5b-4a1d-98d4-e71f556bb4d7","local_time":"20210122215242","is_ascension_mode":false,"campfire_choices":[{"data":"SnafuTest:MercilessReaper","floor":6,"key":"SMITH"},{"data":"SnafuTest:LandOfFables","floor":8,"key":"SMITH"},{"data":"SnafuTest:PowerCounterAttack","floor":15,"key":"SMITH"},{"data":"SnafuTest:BombDimeritium","floor":23,"key":"SMITH"},{"floor":25,"key":"REST"},{"data":"SnafuTest:ShoulderSlam","floor":27,"key":"SMITH"},{"floor":32,"key":"REST"},{"data":"SnafuTest:SignYrden","floor":41,"key":"SMITH"},{"data":"AT_Desolate","floor":46,"key":"SMITH"},{"data":"SnafuTest:BlackSunRise","floor":49,"key":"SMITH"}],"circlet_count":0,"master_deck":["SnafuTest:DefaultCommonAttack+1","SnafuTest:DefaultCommonAttack","SnafuTest:DefaultCommonAttack","SnafuTest:BountyHunt+1","SnafuTest:DefaultCommonSkill+1","SnafuTest:DefaultCommonSkill","SnafuTest:DefaultCommonSkill","SnafuTest:SignYrden+1","SnafuTest:LandOfFables+1","AT_Desolate+1","SnafuTest:MercilessReaper+1","SnafuTest:ShoulderSlam+1","SnafuTest:CareTaker+1","SnafuTest:BombDimeritium+1","SnafuTest:PowerCounterAttack+1","SnafuTest:ArmoredSortie+1","SnafuTest:PowerEleganceEmbodiment","SnafuTest:Oriole+1","SnafuTest:CareTaker+1","SnafuTest:UndefeatedNarcissism+1","SnafuTest:NoPass+1","SnafuTest:SpellIncendiaryShower+1","SnafuTest:PayBank","SnafuTest:SpellChainLightning","SnafuTest:SignQuen","SnafuTest:BombDancingStar+1","SnafuTest:Portal+1","SnafuTest:SpellDispellingPush+1","SnafuTest:BombSamum+1","SnafuTest:PayWeaponSmith+1","SnafuTest:BlackSunRise+1"],"relics":["SnafuTest:UnstableMutagenRelic","AT_ATBox","REME_ComplimentaryCards","Vajra","LetterFromLob","Regal Pillow","Thread and Needle","SnafuTest:BearRelic","Antimatter_spacedebris","Dota2Spire:MonkeyKingBar","Dota2Spire:RefresherOrb","Dota2Spire:ArmletOfMordiggian","REME_IWantAll","Dota2Spire:EtherealBlade","Whetstone","Blue Candle","Dota2Spire:Bloodstone","ClockworkSouvenir","MealTicket","Dota2Spire:PhaseBoots","Toy Ornithopter"],"acts_visited":["Exordium","Exordium","TheBeyond"],"potions_floor_usage":[7,11,13,13,16,18,22,31,40,50,50],"damage_taken":[{"damage":1,"enemies":"2 Louse","floor":1,"turns":4},{"damage":1,"enemies":"Cultist","floor":3,"turns":3},{"damage":9,"enemies":"3 Sentries","floor":7,"turns":6},{"damage":0,"enemies":"Small Slimes","floor":10,"turns":4},{"damage":0,"enemies":"Looter","floor":11,"turns":1},{"damage":1,"enemies":"Red Slaver","floor":12,"turns":3},{"damage":2,"enemies":"Lagavulin","floor":13,"turns":5},{"damage":24,"enemies":"Hexaghost","floor":16,"turns":5},{"damage":11,"enemies":"Shell Parasite","floor":18,"turns":3},{"damage":0,"enemies":"theJungle:MUSHROOMGANG","floor":19,"turns":2},{"damage":0,"enemies":"theJungle:SlimyTreeVines","floor":20,"turns":5},{"damage":24,"enemies":"Snake Plant","floor":22,"turns":3},{"damage":33,"enemies":"theJungle:2_Phrogs","floor":24,"turns":8},{"damage":8,"enemies":"theJungle:MamaSnecko","floor":28,"turns":5},{"damage":27,"enemies":"theJungle:2_Snecko_Cultists","floor":29,"turns":3},{"damage":0,"enemies":"theJungle:Lyon","floor":31,"turns":5},{"damage":2,"enemies":"theJungle:QueenSpyder","floor":33,"turns":11},{"damage":0,"enemies":"Orb Walker","floor":35,"turns":3},{"damage":0,"enemies":"3 Shapes","floor":36,"turns":4},{"damage":0,"enemies":"3 Darklings","floor":39,"turns":3},{"damage":11,"enemies":"Reptomancer","floor":40,"turns":6},{"damage":0,"enemies":"Jaw Worm Horde","floor":42,"turns":5},{"damage":0,"enemies":"Sphere and 2 Shapes","floor":44,"turns":3},{"damage":0,"enemies":"3 Darklings","floor":47,"turns":2},{"damage":0,"enemies":"Giant Head","floor":48,"turns":7},{"damage":36,"enemies":"Awakened One","floor":50,"turns":11}],"seed_played":"-511312652834054270","potions_obtained":[{"floor":1,"key":"AttackPotion"},{"floor":5,"key":"Energy Potion"},{"floor":5,"key":"SnafuTest:PlaceholderPotion"},{"floor":7,"key":"Swift Potion"},{"floor":12,"key":"SkillPotion"},{"floor":18,"key":"REME_GoldPotion"},{"floor":19,"key":"PowerPotion"},{"floor":31,"key":"Fruit Juice"},{"floor":33,"key":"LiquidMemories"},{"floor":35,"key":"Regen Potion"},{"floor":39,"key":"Fire Potion"},{"floor":44,"key":"LiquidMemories"}],"is_trial":false,"path_per_floor":["M","$","M","?","?","R","E","R","T","M","M","M","E","?","R","B",null,"M","M","M","$","M","R","E","R","T","R","E","M","?","M","R","B",null,"M","M","$","?","M","E","R","M","T","M","$","R","M","E","R","B",null,null],"character_chosen":"THE_WITCHER","items_purchased":["SnafuTest:MercilessReaper","Dota2Spire:ArmletOfMordiggian","ClockworkSouvenir","Dota2Spire:PhaseBoots"],"campfire_rested":2,"item_purchase_floors":[2,21,37,45],"current_hp_per_floor":[74,74,73,70,70,70,61,61,61,61,61,60,58,63,63,39,80,69,69,75,75,51,51,18,57,57,57,49,22,22,30,71,69,88,88,88,88,88,88,77,77,88,88,88,88,88,88,88,88,52,52],"gold":135,"neow_bonus":"RANDOM_COMMON_RELIC","is_daily":false,"chose_seed":false,"campfire_upgraded":8,"win_rate":0.0,"timestamp":1611323562,"path_taken":["M","$","M","?","?","R","E","R","T","M","M","?","E","?","R","BOSS","M","M","M","$","M","R","E","R","T","R","E","M","?","?","R","BOSS","M","?","$","?","?","E","R","M","T","M","?","R","M","E","R","BOSS"],"items_purchased_type":["Card","Relic","Relic","Relic"],"build_version":"2020-12-22","purchased_purges":0,"victory":true,"max_hp_per_floor":[75,75,75,75,75,75,75,75,75,75,75,75,75,80,80,80,80,80,80,80,80,80,80,80,80,80,80,80,80,80,88,88,88,88,88,88,88,88,88,88,88,88,88,88,88,88,88,88,88,88,88],"card_choices":[{"not_picked":["SnafuTest:PowerProbingFeint","SnafuTest:SpellTortoise"],"picked":"SnafuTest:PaySmithWorkshop","floor":1},{"not_picked":["SnafuTest:MercilessReaper","SnafuTest:WitchHunt"],"picked":"SnafuTest:ShoulderSlam","floor":3},{"not_picked":["SnafuTest:Amputation","SnafuTest:PayAlchemyMaster"],"picked":"SnafuTest:CareTaker","floor":7},{"not_picked":["SnafuTest:RecklessBlow","SnafuTest:MCFeignDeath"],"picked":"SnafuTest:BombDimeritium","floor":10},{"not_picked":["SnafuTest:PayArmorSmith","SnafuTest:PowerProbingFeint"],"picked":"SnafuTest:PowerCounterAttack","floor":11},{"not_picked":["SnafuTest:Siege","SnafuTest:SpellSageOmniscience"],"picked":"SnafuTest:ArmoredSortie","floor":12},{"not_picked":["SnafuTest:WitchHunt","SnafuTest:LandOfFables"],"picked":"SnafuTest:PowerEleganceEmbodiment","floor":13},{"not_picked":["SnafuTest:SpellChainLightning","SnafuTest:QueensGuard"],"picked":"SnafuTest:Oriole+1","floor":18},{"not_picked":["SnafuTest:MCSuccubusSeduction","SnafuTest:SpellLivingArmor"],"picked":"SnafuTest:CareTaker+1","floor":19},{"not_picked":["SnafuTest:BombNorthernWind","SnafuTest:PowerHangmenTree"],"picked":"SnafuTest:UndefeatedNarcissism+1","floor":20},{"not_picked":["SnafuTest:PayArmorSmith","SnafuTest:SpellArcaneDomain"],"picked":"SnafuTest:NoPass+1","floor":22},{"not_picked":["SnafuTest:WhiteWolfRise","SnafuTest:CalculatingAmbition","SnafuTest:Oriole+1"],"picked":"SKIP","floor":24},{"not_picked":["SnafuTest:BombDragonsDream","SnafuTest:UndefeatedNarcissism"],"picked":"SnafuTest:SpellIncendiaryShower+1","floor":28},{"not_picked":["SnafuTest:BombDevilsPuffball","SnafuTest:PayBank"],"picked":"SnafuTest:PaySmithWorkshop","floor":29},{"not_picked":["SnafuTest:PayBank","SnafuTest:SpellChainLightning","SnafuTest:SignQuen"],"picked":"Singing Bowl","floor":31},{"not_picked":["SnafuTest:UndefeatedNarcissism","SnafuTest:WorldMap"],"picked":"SnafuTest:BombDancingStar+1","floor":35},{"not_picked":["SnafuTest:ShieldUp","SnafuTest:ShoulderSlam"],"picked":"SnafuTest:Portal+1","floor":36},{"not_picked":["SnafuTest:SwiftAssault","SnafuTest:SwordDance"],"picked":"SnafuTest:SpellDispellingPush+1","floor":39},{"not_picked":["SnafuTest:WorldMap","SnafuTest:Awake"],"picked":"SnafuTest:BombSamum+1","floor":40},{"not_picked":["SnafuTest:SneakKill","SnafuTest:PowerMartialMagical"],"picked":"SnafuTest:PayWeaponSmith+1","floor":42},{"not_picked":["SnafuTest:PayWeaponSmith","SnafuTest:CalculatingAmbition","SnafuTest:MercilessReaper"],"picked":"SKIP","floor":44},{"not_picked":["SnafuTest:SpellTortoise+1","SnafuTest:SignQuen","SnafuTest:SuddenPuncture"],"picked":"SKIP","floor":47},{"not_picked":["SnafuTest:SuddenPuncture","SnafuTest:SwordDance"],"picked":"SnafuTest:BlackSunRise","floor":48}],"player_experience":694700,"relics_obtained":[{"floor":1,"key":"LetterFromLob"},{"floor":7,"key":"Thread and Needle"},{"floor":9,"key":"SnafuTest:BearRelic"},{"floor":13,"key":"Dota2Spire:MonkeyKingBar"},{"floor":24,"key":"REME_IWantAll"},{"floor":26,"key":"Dota2Spire:EtherealBlade"},{"floor":28,"key":"Whetstone"},{"floor":43,"key":"MealTicket"},{"floor":48,"key":"Toy Ornithopter"}],"event_choices":[{"damage_healed":0,"gold_gain":0,"player_choice":"Success","damage_taken":3,"relics_obtained":["Regal Pillow"],"max_hp_gain":0,"max_hp_loss":0,"event_name":"Scrap Ooze","floor":4,"gold_loss":0},{"damage_healed":0,"gold_gain":0,"player_choice":"Got Potions","damage_taken":0,"max_hp_gain":0,"max_hp_loss":0,"event_name":"Lab","floor":5,"gold_loss":0},{"damage_healed":0,"gold_gain":0,"player_choice":"Donut","damage_taken":0,"max_hp_gain":5,"max_hp_loss":0,"event_name":"Big Fish","floor":14,"gold_loss":0},{"damage_healed":0,"gold_gain":0,"player_choice":"Paid Gold","damage_taken":0,"relics_obtained":["Blue Candle"],"max_hp_gain":0,"max_hp_loss":0,"event_name":"WeMeetAgain","floor":30,"gold_loss":123},{"damage_healed":0,"gold_gain":0,"player_choice":"Forge","damage_taken":0,"max_hp_gain":0,"max_hp_loss":0,"event_name":"Accursed Blacksmith","floor":38,"gold_loss":0,"cards_upgraded":["SnafuTest:CareTaker"]}],"is_beta":false,"boss_relics":[{"not_picked":["Astrolabe","Calling Bell"],"picked":"Dota2Spire:RefresherOrb"},{"not_picked":["Runic Dome","SacredBark"],"picked":"Dota2Spire:Bloodstone"}],"items_purged_floors":[],"is_endless":false,"potions_floor_spawned":[1,7,12,18,19,31,33,35,39,44,47],"ascension_level":0}}