{"host":"mku5fdaoqz3qihec","time":1611293796,"event":{"mods":["2.2 Compatiblity","AchievementEnabler","Arknights The Spire","BaseMod","Colored Map","Colored Powertips","Minty Spire (QoL Compilation)","Rare Cards Sparkle","StSLib","SuperFastMode"],"gold_per_floor":[111,126,126,126,138,170,170,197,197,197,197,207,234,246,246,343,343,358,283,283,299,309,309,341,360,438,438,353,353,353],"floor_reached":29,"language":"KOR","playtime":777,"items_purged":["Decay"],"score":289,"play_id":"526f51e6-2a2c-4841-a32c-0278d6ecf7b3","local_time":"20210122143636","is_ascension_mode":true,"campfire_choices":[{"data":"ats:Burning Ground","floor":7,"key":"SMITH"},{"floor":11,"key":"REST"},{"data":"ats:Flame Of Heaven","floor":15,"key":"SMITH"},{"floor":23,"key":"REST"},{"floor":27,"key":"REST"}],"circlet_count":0,"master_deck":["ats:Strike C+1","ats:Strike G+1","ats:Armor Crushing Shot","ats:Defend","ats:Defend+1","ats:Defend+1","ats:Defend","ats:Emotion Absorption","ats:Leaping Hammer","ats:Ignite","ats:Burning Ground+1","ats:Flame Of Heaven+1","ats:Ignite","ats:Calcification","ats:Very Hot Blade+1","ats:Burning Ground","ats:Mental Burst","ats:Revitalization+1"],"relics":["ats:Sanity","NeowsBlessing","Blood Vial","ats:Originium","Mercury Hourglass","Whetstone","War Paint","Oddly Smooth Stone","Empty Cage","ats:Hidden Killer","White Beast Statue","Ice Cream"],"acts_visited":["Exordium","TheCity"],"potions_floor_usage":[16,16,22,25,25,29],"damage_taken":[{"damage":0,"enemies":"Small Slimes","floor":1,"turns":1},{"damage":0,"enemies":"Jaw Worm","floor":2,"turns":1},{"damage":0,"enemies":"Cultist","floor":5,"turns":1},{"damage":34,"enemies":"3 Sentries","floor":6,"turns":8},{"damage":28,"enemies":"Gremlin Nob","floor":8,"turns":4},{"damage":0,"enemies":"Large Slime","floor":12,"turns":4},{"damage":12,"enemies":"3 Sentries","floor":13,"turns":5},{"damage":5,"enemies":"Red Slaver","floor":14,"turns":3},{"damage":22,"enemies":"Hexaghost","floor":16,"turns":7},{"damage":15,"enemies":"Spheric Guardian","floor":18,"turns":4},{"damage":22,"enemies":"2 Thieves","floor":21,"turns":3},{"damage":35,"enemies":"Shelled Parasite and Fungi","floor":22,"turns":5},{"damage":24,"enemies":"Gremlin Leader","floor":24,"turns":6},{"damage":10,"enemies":"Snake Plant","floor":25,"turns":3},{"damage":40,"enemies":"Slavers","floor":29,"turns":2}],"seed_played":"-7306958368382954181","potions_obtained":[{"floor":2,"key":"Strength Potion"},{"floor":6,"key":"FearPotion"},{"floor":13,"key":"Ancient Potion"},{"floor":16,"key":"LiquidMemories"},{"floor":21,"key":"BlessingOfTheForge"},{"floor":22,"key":"SpeedPotion"}],"is_trial":false,"path_per_floor":["M","M","?","?","M","E","R","E","T","?","R","M","E","M","R","B",null,"M","$","?","M","M","R","E","M","T","R","?","E"],"character_chosen":"DOCTOR_CLASS","items_purchased":[],"campfire_rested":3,"item_purchase_floors":[],"current_hp_per_floor":[72,72,69,69,71,38,38,12,12,12,33,35,25,22,22,2,72,57,57,57,38,9,30,10,3,3,24,24,0,0],"gold":353,"neow_bonus":"THREE_ENEMY_KILL","is_daily":false,"chose_seed":false,"campfire_upgraded":2,"win_rate":0.0,"timestamp":1611293796,"path_taken":["M","M","?","?","?","E","R","E","T","?","R","M","E","?","R","BOSS","M","$","?","M","?","R","E","M","T","R","?","E"],"items_purchased_type":[],"build_version":"2020-12-22","purchased_purges":1,"victory":false,"max_hp_per_floor":[72,72,72,72,72,72,72,72,72,72,72,72,72,72,72,72,72,72,72,72,72,72,72,72,72,72,72,72,72,72],"card_choices":[{"not_picked":["ats:Revitalization","ats:Assault Order"],"picked":"ats:Leaping Hammer","floor":1},{"not_picked":["ats:Cat Scratch","ats:Assault Order"],"picked":"ats:Ignite","floor":2},{"not_picked":["ats:Phantom","ats:Assault Order"],"picked":"ats:Support Order","floor":5},{"not_picked":["ats:Shadow Raid","ats:LN2 Cannon","ats:Childhood Dance"],"picked":"SKIP","floor":6},{"not_picked":["ats:Assault Order","ats:Song Of Battle","ats:Counter Healing Mode"],"picked":"SKIP","floor":8},{"not_picked":["ats:Poison Spread","ats:Flexible Camouflage","ats:Neurotoxin"],"picked":"SKIP","floor":12},{"not_picked":["ats:Explosion Area Strengthen","ats:Part Time Job"],"picked":"ats:Flame Of Heaven","floor":13},{"not_picked":["ats:Beaten Up","ats:Sashimi Platter"],"picked":"ats:Ignite","floor":14},{"not_picked":["ats:Fractured Body","ats:Durian"],"picked":"ats:Calcification","floor":16},{"not_picked":["ats:Childhood Dance","ats:Cat Scratch"],"picked":"ats:Very Hot Blade+1","floor":18},{"not_picked":["ats:Leaping Hammer","ats:Automatic Cover","ats:Red Shift"],"picked":"SKIP","floor":21},{"not_picked":["ats:Leaping Hammer","ats:Hammer On"],"picked":"ats:Burning Ground","floor":22},{"not_picked":["ats:Leaping Hammer","ats:Soul Absorption"],"picked":"ats:Mental Burst","floor":24},{"not_picked":["ats:Shell Defense","ats:Powerful Strike"],"picked":"ats:Revitalization+1","floor":25}],"player_experience":255462,"relics_obtained":[{"floor":6,"key":"ats:Originium"},{"floor":6,"key":"Mercury Hourglass"},{"floor":8,"key":"ats:Originium"},{"floor":8,"key":"Whetstone"},{"floor":9,"key":"War Paint"},{"floor":13,"key":"ats:Originium"},{"floor":13,"key":"Oddly Smooth Stone"},{"floor":24,"key":"ats:Originium"},{"floor":24,"key":"ats:Hidden Killer"},{"floor":26,"key":"White Beast Statue"}],"event_choices":[{"damage_healed":0,"gold_gain":0,"player_choice":"Success","damage_taken":3,"relics_obtained":["Blood Vial"],"max_hp_gain":0,"max_hp_loss":0,"event_name":"Scrap Ooze","floor":3,"gold_loss":0},{"damage_healed":0,"gold_gain":0,"cards_transformed":["ats:Strike V"],"player_choice":"Transformed","damage_taken":0,"max_hp_gain":0,"max_hp_loss":0,"event_name":"Transmorgrifier","floor":4,"gold_loss":0,"cards_obtained":["ats:Burning Ground"]},{"damage_healed":0,"gold_gain":0,"player_choice":"Cursed","damage_taken":0,"max_hp_gain":0,"max_hp_loss":0,"event_name":"Wheel of Change","floor":10,"gold_loss":0,"cards_obtained":["Decay"]},{"damage_healed":0,"gold_gain":0,"player_choice":"0 cards matched","damage_taken":0,"max_hp_gain":0,"max_hp_loss":0,"event_name":"Match and Keep!","floor":20,"gold_loss":0,"cards_obtained":[]},{"damage_healed":0,"gold_gain":0,"player_choice":"Obtained Relic","damage_taken":0,"relics_obtained":["Ice Cream"],"max_hp_gain":0,"max_hp_loss":0,"event_name":"Addict","floor":28,"gold_loss":85}],"is_beta":false,"boss_relics":[{"not_picked":["Fusion Hammer","SacredBark"],"picked":"Empty Cage"}],"items_purged_floors":[19],"is_endless":false,"potions_floor_spawned":[2,6,13,16,21,22],"killed_by":"Slavers","ascension_level":2}}