{"host":"oigynbtg272c19pw","time":1611336041,"event":{"mods":["BaseMod","Colored Map","Minty Spire (QoL Compilation)","Relic Stats","Slay the Relics Exporter","StSLib"],"gold_per_floor":[111,124,141,66,86,112,124,136,175,216,228,273,285,311,323,335,335],"floor_reached":16,"playtime":572,"items_purged":[],"score":240,"play_id":"b148149b-fcb6-4d40-a7b5-01fb688a00f9","local_time":"20210122182041","is_ascension_mode":true,"campfire_choices":[{"data":"Bash","floor":7,"key":"SMITH"},{"data":"Fire Breathing","floor":11,"key":"SMITH"},{"data":"Flame Barrier","floor":15,"key":"SMITH"}],"circlet_count":0,"master_deck":["AscendersBane","Strike_R","Strike_R","Strike_R","Strike_R","Defend_R","Defend_R","Defend_R","Defend_R","Bash+1","Fire Breathing+1","Reckless Charge","Anger","Cleave","Feel No Pain","Iron Wave","Decay","Shrug It Off","Flame Barrier+1","Spot Weakness"],"relics":["Burning Blood","MawBank","Toy Ornithopter","Anchor","MealTicket"],"acts_visited":["Exordium"],"potions_floor_usage":[6,10],"damage_taken":[{"damage":11,"enemies":"Cultist","floor":1,"turns":4},{"damage":9,"enemies":"Jaw Worm","floor":2,"turns":3},{"damage":13,"enemies":"Small Slimes","floor":3,"turns":3},{"damage":13,"enemies":"Gremlin Gang","floor":5,"turns":3},{"damage":10,"enemies":"3 Sentries","floor":6,"turns":6},{"damage":38,"enemies":"Lagavulin","floor":10,"turns":7},{"damage":7,"enemies":"3 Sentries","floor":12,"turns":6},{"damage":0,"enemies":"2 Fungi Beasts","floor":14,"turns":3},{"damage":41,"enemies":"The Guardian","floor":16,"turns":5}],"seed_played":"6664985703263441046","potions_obtained":[{"floor":1,"key":"ElixirPotion"},{"floor":2,"key":"Dexterity Potion"},{"floor":5,"key":"EssenceOfSteel"},{"floor":14,"key":"Dexterity Potion"}],"is_trial":false,"path_per_floor":["M","M","M","?","M","E","R","?","T","E","R","E","$","M","R","B"],"character_chosen":"IRONCLAD","items_purchased":[],"campfire_rested":0,"item_purchase_floors":[],"current_hp_per_floor":[63,60,53,53,46,42,42,42,42,15,15,14,29,35,35,0,0],"gold":335,"neow_bonus":"TRANSFORM_CARD","is_daily":false,"chose_seed":false,"campfire_upgraded":3,"win_rate":0.0,"timestamp":1611336041,"path_taken":["M","M","M","?","M","E","R","?","T","E","R","E","$","M","R","BOSS"],"items_purchased_type":[],"build_version":"2020-12-13","purchased_purges":0,"victory":false,"max_hp_per_floor":[75,75,75,75,75,75,75,75,75,75,75,75,75,75,75,75,75],"relic_stats":{"counters":[9,40],"MealTicket":15,"MawBank":120,"obtain_stats":[{"Anchor":10,"MealTicket":12,"MawBank":6,"Burning Blood":0,"Toy Ornithopter":9},{"Anchor":6,"MealTicket":7,"MawBank":5,"Burning Blood":0,"Toy Ornithopter":5},{"Anchor":26,"MealTicket":32,"MawBank":19,"Burning Blood":0,"Toy Ornithopter":19}],"Burning Blood":48,"Toy Ornithopter":5},"card_choices":[{"not_picked":["Burning Pact","Headbutt"],"picked":"Reckless Charge","floor":1},{"not_picked":["True Grit","Iron Wave"],"picked":"Anger","floor":2},{"not_picked":["Wild Strike","Armaments"],"picked":"Cleave","floor":3},{"not_picked":["Second Wind","Uppercut"],"picked":"Feel No Pain","floor":5},{"not_picked":["Cleave","Twin Strike"],"picked":"Iron Wave","floor":6},{"not_picked":["Headbutt","Inflame"],"picked":"Shrug It Off","floor":10},{"not_picked":["Sever Soul","Feel No Pain"],"picked":"Flame Barrier","floor":12},{"not_picked":["Flex","True Grit"],"picked":"Spot Weakness","floor":14}],"player_experience":1468521,"relics_obtained":[{"floor":6,"key":"MawBank"},{"floor":9,"key":"Toy Ornithopter"},{"floor":10,"key":"Anchor"},{"floor":12,"key":"MealTicket"}],"event_choices":[{"damage_healed":0,"gold_gain":0,"player_choice":"Left Gold","damage_taken":0,"max_hp_gain":0,"max_hp_loss":0,"event_name":"World of Goop","floor":4,"gold_loss":75},{"damage_healed":0,"gold_gain":0,"player_choice":"Cursed","damage_taken":0,"max_hp_gain":0,"max_hp_loss":0,"event_name":"Wheel of Change","floor":8,"gold_loss":0,"cards_obtained":["Decay"]}],"is_beta":false,"boss_relics":[],"items_purged_floors":[],"is_endless":false,"potions_floor_spawned":[1,2,5,14],"killed_by":"The Guardian","ascension_level":20}}