{"host":"9v3x998ddbx8o276","time":1611349519,"event":{"mods":["AchievementEnabler","BaseMod","Colored Map","Colored Powertips","Highlight Path","Minty Spire (QoL Compilation)","Quick Restart","Rare Cards Sparkle"],"gold_per_floor":[19,30,50,50,50,85,121,133,145,169,194,206,245,269,281,393,405,431,443,171,181,200,200,226,126,126,138,138,165,165,90,90,191,191,209,219,179,198,55,55,83,31,31,31,31],"floor_reached":44,"language":"ENG","playtime":3320,"items_purged":["Strike_R"],"score":705,"play_id":"b6b82ec0-df04-4396-97ba-61c0944fe878","local_time":"20210123073519","is_ascension_mode":true,"campfire_choices":[{"data":"Spot Weakness","floor":8.0,"key":"SMITH"},{"data":"Reaper","floor":12.0,"key":"SMITH"},{"data":"Clothesline","floor":15.0,"key":"SMITH"},{"data":"Flame Barrier","floor":23.0,"key":"SMITH"},{"data":"Immolate","floor":28,"key":"SMITH"},{"data":"Bash","floor":30,"key":"SMITH"},{"data":"Second Wind","floor":32,"key":"SMITH"},{"data":"Berserk","floor":40,"key":"SMITH"}],"circlet_count":0,"master_deck":["Strike_R","Strike_R","Strike_R","Defend_R","Defend_R","Defend_R","Defend_R+1","Bash+1","Immolate+1","Shrug It Off","Spot Weakness+1","Second Wind+1","Headbutt+1","Reaper+1","Clothesline+1","Sword Boomerang","True Grit","Double Tap+1","Power Through+1","Dark Embrace","Flash of Steel","Disarm","Flame Barrier+1","Warcry","Battle Trance","Berserk+1","Havoc","Parasite","Burning Pact"],"relics":["Burning Blood","MawBank","Bronze Scales","White Beast Statue","Self Forming Clay","Coffee Dripper","Blood Vial","Ornamental Fan","Akabeko","Pear","Velvet Choker","Vajra","PreservedInsect","Bottled Lightning"],"acts_visited":["Exordium","TheCity","TheBeyond"],"potions_floor_usage":[24,27,29,29,33,41,44,44,44,44],"damage_taken":[{"damage":0.0,"enemies":"2 Louse","floor":1.0,"turns":2.0},{"damage":11.0,"enemies":"Jaw Worm","floor":2.0,"turns":4.0},{"damage":6.0,"enemies":"Cultist","floor":3.0,"turns":3.0},{"damage":12.0,"enemies":"3 Sentries","floor":6.0,"turns":4.0},{"damage":18.0,"enemies":"Large Slime","floor":10.0,"turns":5.0},{"damage":16.0,"enemies":"Exordium Thugs","floor":11.0,"turns":6.0},{"damage":31.0,"enemies":"Gremlin Nob","floor":13.0,"turns":5.0},{"damage":4.0,"enemies":"Looter","floor":14.0,"turns":3.0},{"damage":25.0,"enemies":"Hexaghost","floor":16.0,"turns":9.0},{"damage":20.0,"enemies":"Shell Parasite","floor":18.0,"turns":5.0},{"damage":2.0,"enemies":"3 Byrds","floor":21.0,"turns":3.0},{"damage":18.0,"enemies":"Snake Plant","floor":22.0,"turns":5.0},{"damage":46,"enemies":"Slavers","floor":24,"turns":4},{"damage":10,"enemies":"Centurion and Healer","floor":27,"turns":3},{"damage":13,"enemies":"Gremlin Leader","floor":29,"turns":7},{"damage":83,"enemies":"Champ","floor":33,"turns":11},{"damage":9,"enemies":"3 Darklings","floor":35,"turns":5},{"damage":0,"enemies":"Orb Walker","floor":36,"turns":3},{"damage":38,"enemies":"Writhing Mass","floor":38,"turns":7},{"damage":85,"enemies":"Reptomancer","floor":41,"turns":7},{"damage":54,"enemies":"Transient","floor":44,"turns":5}],"seed_played":"-8827042605516575195","potions_obtained":[{"floor":2.0,"key":"LiquidBronze"},{"floor":3.0,"key":"Dexterity Potion"},{"floor":6.0,"key":"Block Potion"},{"floor":11.0,"key":"Swift Potion"},{"floor":16.0,"key":"Swift Potion"},{"floor":24,"key":"SpeedPotion"},{"floor":27,"key":"EssenceOfSteel"},{"floor":29,"key":"BloodPotion"},{"floor":33,"key":"ElixirPotion"},{"floor":35,"key":"SneckoOil"},{"floor":36,"key":"EntropicBrew"},{"floor":41,"key":"SneckoOil"}],"is_trial":false,"path_per_floor":["M","M","M","$","?","E","T","R","T","M","M","R","E","M","R","B",null,"M","?","$","M","M","R","E","$","T","M","R","E","R","?","R","B",null,"M","M","?","M","$","R","E","$","T","M"],"character_chosen":"IRONCLAD","items_purchased":["Blood Vial","Dark Embrace","Flash of Steel","Warcry","Vajra","Block Potion"],"campfire_rested":0,"item_purchase_floors":[20,20,20,25,39,42],"current_hp_per_floor":[78,73,73,73,73,67,67,67,67,55,53,53,33,44,44,25,66,55,55,55,62,52,52,36,36,36,68,68,90,90,90,90,30,75,81,89,89,58,58,58,21,21,21,0,0],"gold":31,"neow_bonus":"THREE_RARE_CARDS","is_daily":false,"chose_seed":false,"campfire_upgraded":8,"win_rate":0.0,"timestamp":1611349519,"path_taken":["M","M","M","$","?","E","?","R","T","?","M","R","E","M","R","BOSS","M","?","?","M","M","R","E","$","T","M","R","E","R","?","R","BOSS","M","M","?","M","$","R","E","$","T","M"],"items_purchased_type":["Relic","Card","Card","Card","Relic","Potion"],"build_version":"2020-12-22","purchased_purges":1,"victory":false,"max_hp_per_floor":[80,80,80,80,80,80,80,80,80,80,80,80,80,80,80,80,80,80,80,80,80,80,80,80,80,80,80,80,90,90,90,90,90,90,90,90,90,90,90,90,90,90,90,90,90],"card_choices":[{"not_picked":["Reaper","Exhume"],"picked":"Immolate","floor":0.0},{"not_picked":["Body Slam","Reckless Charge"],"picked":"Shrug It Off","floor":1.0},{"not_picked":["Whirlwind","Twin Strike"],"picked":"Spot Weakness","floor":2.0},{"not_picked":["Body Slam","Whirlwind"],"picked":"Second Wind","floor":3.0},{"not_picked":["Intimidate","Burning Pact"],"picked":"Headbutt","floor":6.0},{"not_picked":["Anger","Metallicize"],"picked":"Reaper","floor":10.0},{"not_picked":["Reckless Charge","Twin Strike"],"picked":"Clothesline","floor":11.0},{"not_picked":["Armaments","Twin Strike"],"picked":"Sword Boomerang","floor":13.0},{"not_picked":["Warcry","Whirlwind"],"picked":"True Grit","floor":14.0},{"not_picked":["Exhume","Fiend Fire"],"picked":"Double Tap","floor":16.0},{"not_picked":["True Grit","Anger"],"picked":"Power Through+1","floor":18.0},{"not_picked":["Clothesline","Whirlwind+1"],"picked":"Disarm","floor":21.0},{"not_picked":["Warcry","Blood for Blood+1"],"picked":"Flame Barrier","floor":22.0},{"not_picked":["Headbutt+1","Pommel Strike","Perfected Strike"],"picked":"SKIP","floor":24},{"not_picked":["Sentinel","Sword Boomerang"],"picked":"Battle Trance","floor":27},{"not_picked":["Body Slam","Headbutt+1","Pommel Strike"],"picked":"SKIP","floor":29},{"not_picked":["Offering","Brutality"],"picked":"Berserk","floor":33},{"not_picked":["Wild Strike","Carnage"],"picked":"Havoc","floor":35},{"not_picked":["Clothesline","Thunderclap","Havoc"],"picked":"SKIP","floor":36},{"not_picked":["Infernal Blade","Wild Strike","Burning Pact"],"picked":"SKIP","floor":38},{"not_picked":["Infernal Blade","Wild Strike"],"picked":"Burning Pact","floor":38},{"not_picked":["Intimidate","Cleave","Iron Wave"],"picked":"SKIP","floor":41}],"player_experience":1681189,"relics_obtained":[{"floor":6.0,"key":"MawBank"},{"floor":7.0,"key":"Bronze Scales"},{"floor":9.0,"key":"White Beast Statue"},{"floor":13.0,"key":"Self Forming Clay"},{"floor":24,"key":"Ornamental Fan"},{"floor":26,"key":"Akabeko"},{"floor":29,"key":"Pear"},{"floor":41,"key":"PreservedInsect"},{"floor":43,"key":"Bottled Lightning"}],"event_choices":[{"damage_healed":0.0,"max_hp_gain":0.0,"max_hp_loss":0.0,"gold_gain":0.0,"event_name":"Liars Game","player_choice":"Ignored","floor":5.0,"gold_loss":0.0,"damage_taken":0.0},{"damage_healed":0.0,"max_hp_gain":0.0,"max_hp_loss":0.0,"gold_gain":0.0,"event_name":"Upgrade Shrine","player_choice":"Upgraded","floor":19.0,"gold_loss":0.0,"damage_taken":0.0,"cards_upgraded":["Double Tap"]},{"cards_removed":["Strike_R"],"damage_healed":0,"gold_gain":0,"player_choice":"Gave Gold","damage_taken":0,"max_hp_gain":0,"max_hp_loss":0,"event_name":"Beggar","floor":31,"gold_loss":75},{"damage_healed":0,"gold_gain":0,"player_choice":"Upgraded Two","damage_taken":0,"max_hp_gain":0,"max_hp_loss":0,"event_name":"Designer","floor":37,"gold_loss":40,"cards_upgraded":["Defend_R","Headbutt"]}],"is_beta":false,"boss_relics":[{"not_picked":["Black Blood","Pandora\u0027s Box"],"picked":"Coffee Dripper"},{"not_picked":["Philosopher\u0027s Stone","Runic Dome"],"picked":"Velvet Choker"}],"items_purged_floors":[25],"is_endless":false,"potions_floor_spawned":[2,3,6,10,11,13,14,16,18,21,22,24,27,29,33,35,36,38,41],"killed_by":"Transient","ascension_level":9}}