{"host":"l6vifo5ajdb3p20b","time":1611324336,"event":{"mods":["2.2 Compatiblity","BaseMod","Better Altar","Better Sensory Stone","Better Skull","Better Third Choice","BetterRewards","Block Reminder","Booster Modes","Card Forge","Clockwork Mod","Colored Map","Defuse TimeMaze Blight","Energized Spire","Hermit","Minty Spire (QoL Compilation)","Relic Stats","Replay The Spire","StSLib"],"gold_per_floor":[112,122,140,160,173,173,206,225,225,225,244,257,257,273,273,369,369,385,403,416,326,343,343,358,392,418,449,468,468,498,511,511,610,610,621,640,620,634,155,190,190,35,35,65,85,99,99,133,133,133],"floor_reached":51,"language":"ENG","playtime":4447,"items_purged":["Strike_G"],"score":874,"play_id":"c4db4e08-ca56-4c48-97d4-7d33da51c062","local_time":"20210122210536","is_ascension_mode":true,"campfire_choices":[{"data":"Deadly Poison","floor":6.0,"key":"SMITH"},{"data":"Poisoned Stab","floor":10.0,"key":"SMITH"},{"floor":13.0,"key":"REST"},{"data":"Bouncing Flask","floor":15.0,"key":"SMITH"},{"data":"Terror","floor":23.0,"key":"SMITH"},{"data":"Glass Knife","floor":29.0,"key":"SMITH"},{"data":"Catalyst","floor":32.0,"key":"SMITH"},{"data":"Envenom","floor":41.0,"key":"SMITH"},{"data":"Burst","floor":49,"key":"SMITH"}],"circlet_count":0,"master_deck":["Defend_G","Defend_G","Defend_G+1","Defend_G","Defend_G","Survivor","Neutralize","Blade Dance","Deadly Poison+1","Bouncing Flask+1","Leg Sweep","Masterful Stab","Terror+1","ReplayTheSpireMod:From All Sides","Blade Dance","Poisoned Stab","Die Die Die","Escape Plan+1","Bane+1","Hidden Blade","Blade Dance+1","Sucker Punch+1","Glass Knife+1","PiercingWail","PiercingWail","Catalyst+1","Envenom+1","Outmaneuver+1","Dash+1","Burst+1","Adrenaline","Hidden Blade+1","Distraction","Well Laid Plans"],"relics":["Ring of the Snake","Hammer of Thor","Seething Fire","Anvil of the Gods","NeowsBlessing","Replay:Baseball","Ornamental Fan","Replay:Drink Me","Regal Pillow","Smiling Mask","ReplayFunnel","Vampiric Spirits","Painkiller Herb","ClockworkSouvenir","Pen Nib","Strange Spoon","Bag of Marbles","Dream Catcher","Mummified Hand"],"acts_visited":["Exordium","TheCity","TheBeyond"],"potions_floor_usage":[],"damage_taken":[{"damage":0.0,"enemies":"Small Slimes","floor":1.0,"turns":1.0},{"damage":0.0,"enemies":"Cultist","floor":2.0,"turns":1.0},{"damage":0.0,"enemies":"Jaw Worm","floor":3.0,"turns":1.0},{"damage":12.0,"enemies":"Gremlin Gang","floor":4.0,"turns":6.0},{"damage":6.0,"enemies":"3 Louse","floor":5.0,"turns":4.0},{"damage":17.0,"enemies":"Lagavulin","floor":7.0,"turns":7.0},{"damage":10.0,"enemies":"Large Slime","floor":8.0,"turns":6.0},{"damage":0.0,"enemies":"Lots of Slimes","floor":11.0,"turns":4.0},{"damage":0.0,"enemies":"Blue Slaver","floor":12.0,"turns":2.0},{"damage":9.0,"enemies":"Gremlin Gang","floor":14.0,"turns":4.0},{"damage":12.0,"enemies":"Slime Boss","floor":16.0,"turns":9.0},{"damage":0.0,"enemies":"Chosen","floor":18.0,"turns":3.0},{"damage":0.0,"enemies":"Spheric Guardian","floor":19.0,"turns":5.0},{"damage":0.0,"enemies":"Cultist and Chosen","floor":20.0,"turns":5.0},{"damage":9.0,"enemies":"Snecko","floor":22.0,"turns":6.0},{"damage":0.0,"enemies":"Centurion and Healer","floor":24.0,"turns":4.0},{"damage":5.0,"enemies":"Replay:Snechameleon","floor":25.0,"turns":4.0},{"damage":4.0,"enemies":"Book of Stabbing","floor":27.0,"turns":4.0},{"damage":8.0,"enemies":"Snake Plant","floor":28.0,"turns":5.0},{"damage":0.0,"enemies":"Gremlin Leader","floor":30.0,"turns":4.0},{"damage":0.0,"enemies":"Snecko","floor":31.0,"turns":4.0},{"damage":39.0,"enemies":"Automaton","floor":33.0,"turns":7.0},{"damage":0.0,"enemies":"Orb Walker","floor":35.0,"turns":3.0},{"damage":0.0,"enemies":"3 Shapes","floor":36.0,"turns":3.0},{"damage":3.0,"enemies":"3 Darklings","floor":38.0,"turns":4.0},{"damage":5.0,"enemies":"Giant Head","floor":40.0,"turns":7.0},{"damage":0.0,"enemies":"Reptomancer","floor":44.0,"turns":4.0},{"damage":0.0,"enemies":"Spire Growth","floor":45.0,"turns":3.0},{"damage":4.0,"enemies":"Jaw Worm Horde","floor":46.0,"turns":4.0},{"damage":6,"enemies":"R_Hoarder","floor":48,"turns":4},{"damage":25,"enemies":"Time Eater","floor":50,"turns":12}],"seed_played":"8195882141503241061","potions_obtained":[{"floor":3.0,"key":"Venom Potion"},{"floor":4.0,"key":"FearPotion"},{"floor":7.0,"key":"Energy Potion"},{"floor":11.0,"key":"SpeedPotion"},{"floor":14.0,"key":"Fruit Juice"},{"floor":16.0,"key":"Explosive Potion"},{"floor":24.0,"key":"DistilledChaos"},{"floor":25.0,"key":"Strength Potion"},{"floor":27.0,"key":"Cursed Concoction"},{"floor":33.0,"key":"BlessingOfTheForge"},{"floor":37.0,"key":"Poison Potion"},{"floor":40.0,"key":"CunningPotion"}],"is_trial":false,"path_per_floor":["M","M","M","M","M","R","E","M","T","R","M","M","R","M","R","B",null,"M","M","M","?","M","R","M","E","T","E","M","R","E","M","R","B",null,"?","?","?","?","T","E","T","T","T","E","?","?","?","E","T","B",null],"character_chosen":"THE_SILENT","items_purchased":["Burst","Adrenaline","ClockworkSouvenir","Strange Spoon"],"campfire_rested":1,"item_purchase_floors":[39,39,39,42],"current_hp_per_floor":[70,70,70,58,52,52,35,25,25,25,25,25,46,37,37,30,57,57,57,57,57,48,48,48,43,43,39,31,31,31,41,41,5,57,57,57,57,54,54,52,52,52,52,55,57,53,53,49,49,30],"gold":133,"neow_bonus":"THREE_ENEMY_KILL","is_daily":false,"chose_seed":false,"campfire_upgraded":8,"win_rate":0.0,"timestamp":1611324336,"path_taken":["M","M","M","M","M","R","E","M","T","R","M","M","R","M","R","BOSS","M","M","M","?","M","R","?","E","T","E","M","R","E","M","R","BOSS","?","?","?","?","T","E","T","T","T","E","?","?","?","E","T","BOSS"],"items_purchased_type":["Card","Card","Relic","Relic"],"build_version":"2020-12-22","purchased_purges":1,"victory":true,"max_hp_per_floor":[70,70,70,70,70,70,70,70,70,70,70,70,70,70,70,75,57,57,57,57,57,57,57,57,57,57,57,57,57,57,57,57,57,57,57,57,57,57,57,57,57,57,57,57,57,57,57,57,57,57],"relic_stats":{"Strange Spoon":[26],"Regal Pillow":0,"Dream Catcher":0,"counters":[31,140],"Ornamental Fan":[324],"Mummified Hand":[2],"Pen Nib":[6],"Smiling Mask":25,"obtain_stats":[{"ReplayFunnel":27,"Regal Pillow":25,"NeowsBlessing":0,"Vampiric Spirits":30,"Painkiller Herb":34,"Hammer of Thor":0,"Pen Nib":40,"Seething Fire":0,"Smiling Mask":26,"ClockworkSouvenir":39,"Strange Spoon":42,"Replay:Baseball":7,"Dream Catcher":44,"Anvil of the Gods":0,"Ornamental Fan":9,"Mummified Hand":48,"Bag of Marbles":43,"Replay:Drink Me":17,"Ring of the Snake":0},{"ReplayFunnel":18,"Regal Pillow":17,"NeowsBlessing":0,"Vampiric Spirits":20,"Painkiller Herb":22,"Hammer of Thor":0,"Pen Nib":26,"Seething Fire":0,"Smiling Mask":17,"ClockworkSouvenir":25,"Strange Spoon":26,"Replay:Baseball":6,"Dream Catcher":27,"Anvil of the Gods":0,"Ornamental Fan":7,"Mummified Hand":30,"Bag of Marbles":26,"Replay:Drink Me":11,"Ring of the Snake":0},{"ReplayFunnel":76,"Regal Pillow":72,"NeowsBlessing":0,"Vampiric Spirits":85,"Painkiller Herb":96,"Hammer of Thor":0,"Pen Nib":113,"Seething Fire":0,"Smiling Mask":72,"ClockworkSouvenir":106,"Strange Spoon":113,"Replay:Baseball":20,"Dream Catcher":117,"Anvil of the Gods":0,"Ornamental Fan":26,"Mummified Hand":128,"Bag of Marbles":113,"Replay:Drink Me":45,"Ring of the Snake":0}],"Ring of the Snake":[62]},"card_choices":[{"not_picked":["Underhanded Strike","Footwork"],"picked":"Blade Dance","floor":1.0},{"not_picked":["Prepared","Blur"],"picked":"Deadly Poison","floor":2.0},{"not_picked":["Blade Dance","Distraction"],"picked":"Bouncing Flask","floor":3.0},{"not_picked":["Bane","Eviscerate"],"picked":"Leg Sweep","floor":4.0},{"not_picked":["Hidden Blade","Prepared"],"picked":"Masterful Stab","floor":5.0},{"not_picked":["Sucker Punch","Blade Dance"],"picked":"Terror","floor":7.0},{"not_picked":["Slice","Toxin Wave"],"picked":"Poisoned Stab","floor":8.0},{"not_picked":["Acrobatics","Hidden Blade"],"picked":"ReplayTheSpireMod:From All Sides","floor":11.0},{"not_picked":["Draining Mist","Prepared"],"picked":"Blade Dance","floor":12.0},{"not_picked":["Doppelganger","Sucker Punch"],"picked":"Poisoned Stab","floor":14.0},{"not_picked":["Night Terror","Glass Knife"],"picked":"Die Die Die","floor":16.0},{"not_picked":["Underhanded Strike","Sucker Punch+1"],"picked":"Escape Plan+1","floor":18.0},{"not_picked":["Draining Mist+1","Underhanded Strike"],"picked":"Bane+1","floor":19.0},{"not_picked":["Blur","Caltrops"],"picked":"Hidden Blade","floor":20.0},{"not_picked":["PiercingWail+1","ReplayTheSpireMod:Exploit Weakness"],"picked":"Blade Dance+1","floor":22.0},{"not_picked":["Unload","Quick Slash"],"picked":"Sucker Punch+1","floor":24.0},{"not_picked":["Flying Knee","Underhanded Strike","Bane"],"picked":"SKIP","floor":25.0},{"not_picked":["Leg Sweep","Bane+1"],"picked":"Glass Knife","floor":27.0},{"not_picked":["Prepared","Slice"],"picked":"PiercingWail","floor":28.0},{"not_picked":["Dagger Throw","Slice"],"picked":"PiercingWail","floor":30.0},{"not_picked":["Crippling Poison","Predator"],"picked":"Catalyst","floor":31.0},{"not_picked":["Malaise","Burst"],"picked":"Envenom","floor":33.0},{"not_picked":["Poisoned Stab","PiercingWail+1"],"picked":"Outmaneuver+1","floor":35.0},{"not_picked":["Quick Slash","Bouncing Flask","Dagger Throw"],"picked":"SKIP","floor":36.0},{"not_picked":["Outmaneuver+1","Toxin Wave"],"picked":"Dash+1","floor":38.0},{"not_picked":["Sucker Punch","Toxin Wave+1","Envenom"],"picked":"SKIP","floor":40.0},{"not_picked":["Blade Dance","Masterful Stab+1"],"picked":"Hidden Blade+1","floor":44.0},{"not_picked":["Deflect+1","Heel Hook+1"],"picked":"Distraction","floor":45.0},{"not_picked":["Quick Slash","Outmaneuver+1","Dagger Throw"],"picked":"SKIP","floor":46.0},{"not_picked":["Sucker Punch+1","Bouncing Flask+1"],"picked":"Well Laid Plans","floor":48}],"player_experience":929566,"relics_obtained":[{"floor":7.0,"key":"Replay:Baseball"},{"floor":9.0,"key":"Ornamental Fan"},{"floor":25.0,"key":"Regal Pillow"},{"floor":26.0,"key":"Smiling Mask"},{"floor":27.0,"key":"ReplayFunnel"},{"floor":30.0,"key":"Vampiric Spirits"},{"floor":40.0,"key":"Pen Nib"},{"floor":43.0,"key":"Bag of Marbles"},{"floor":44.0,"key":"Dream Catcher"},{"floor":48,"key":"Mummified Hand"}],"event_choices":[{"cards_removed":["Strike_G"],"damage_healed":0.0,"max_hp_gain":0.0,"max_hp_loss":0.0,"gold_gain":0.0,"event_name":"Designer","player_choice":"Upgrade and Remove","floor":21.0,"gold_loss":90.0,"damage_taken":0.0,"cards_upgraded":["Defend_G"]},{"damage_healed":0.0,"max_hp_gain":0.0,"max_hp_loss":0.0,"gold_gain":0.0,"event_name":"The Woman in Blue","player_choice":"Bought 1 Potion","floor":37.0,"gold_loss":0.0,"damage_taken":0.0},{"cards_removed":["Poisoned Stab"],"damage_healed":0.0,"max_hp_gain":0.0,"max_hp_loss":0.0,"gold_gain":0.0,"event_name":"Falling","player_choice":"Removed Attack","floor":47.0,"gold_loss":0.0,"damage_taken":0.0}],"is_beta":false,"boss_relics":[{"not_picked":["Philosopher\u0027s Stone","Runic Pyramid"],"picked":"Replay:Drink Me"},{"not_picked":["ChewingGum","Calling Bell"],"picked":"Painkiller Herb"}],"items_purged_floors":[39],"is_endless":false,"potions_floor_spawned":[3,4,7,11,14,16,19,24,25,27,33,38,40,45,46],"ascension_level":1}}