{"host":"3jpwrwmmgyabjceh","time":1611346011,"event":{"mods":["AchievementEnabler","BaseMod","Colored Map","Colored Powertips","Highlight Path","Minty Spire (QoL Compilation)","Quick Restart","Relic Stats","StSLib","SuperFastMode"],"gold_per_floor":[114,127,127,144,154,154,166,198,198,232,251,251,285,304,304,403,403,415,432,432,444,459,459,459],"floor_reached":23,"language":"ENG","playtime":786,"items_purged":[],"score":271,"play_id":"f2d3ffa3-40d9-44b6-b7e4-bc06db26c881","local_time":"20210122230651","is_ascension_mode":true,"campfire_choices":[{"data":"Bash","floor":6.0,"key":"SMITH"},{"data":"Uppercut","floor":15.0,"key":"SMITH"}],"circlet_count":0,"master_deck":["Strike_R","Strike_R","Strike_R","Strike_R","Defend_R","Defend_R","Defend_R","Defend_R","Bash+1","Perfected Strike","Ghostly Armor","Armaments","Thunderclap","Evolve","Offering","Twin Strike","Uppercut+1","Inflame+1","Clothesline","Double Tap","Shrug It Off+1","RitualDagger","Barricade+1"],"relics":["SacredBark","Tiny Chest","Darkstone Periapt","Self Forming Clay","Frozen Egg 2","Bottled Flame","Snecko Eye"],"acts_visited":["Exordium","TheCity"],"potions_floor_usage":[23],"damage_taken":[{"damage":10.0,"enemies":"Small Slimes","floor":1.0,"turns":4.0},{"damage":1.0,"enemies":"Cultist","floor":2.0,"turns":3.0},{"damage":0.0,"enemies":"Jaw Worm","floor":4.0,"turns":4.0},{"damage":0.0,"enemies":"Exordium Wildlife","floor":5.0,"turns":3.0},{"damage":1.0,"enemies":"2 Fungi Beasts","floor":7.0,"turns":4.0},{"damage":26.0,"enemies":"3 Sentries","floor":8.0,"turns":7.0},{"damage":26.0,"enemies":"Lagavulin","floor":10.0,"turns":3.0},{"damage":6.0,"enemies":"3 Louse","floor":11.0,"turns":3.0},{"damage":20.0,"enemies":"3 Sentries","floor":13.0,"turns":8.0},{"damage":9.0,"enemies":"Blue Slaver","floor":14.0,"turns":4.0},{"damage":44.0,"enemies":"Hexaghost","floor":16.0,"turns":9.0},{"damage":7.0,"enemies":"Chosen","floor":18.0,"turns":2.0},{"damage":0.0,"enemies":"Spheric Guardian","floor":19.0,"turns":1.0},{"damage":9.0,"enemies":"Snecko","floor":21.0,"turns":3.0},{"damage":26.0,"enemies":"Shelled Parasite and Fungi","floor":22.0,"turns":5.0},{"damage":36,"enemies":"Gremlin Leader","floor":23,"turns":5}],"seed_played":"-4631420609195916709","potions_obtained":[{"floor":1.0,"key":"BloodPotion"},{"floor":4.0,"key":"ElixirPotion"},{"floor":7.0,"key":"SteroidPotion"},{"floor":8.0,"key":"SpeedPotion"},{"floor":10.0,"key":"Regen Potion"},{"floor":22.0,"key":"Fruit Juice"}],"is_trial":false,"path_per_floor":["M","M","?","M","M","R","M","E","T","E","M","?","E","M","R","B",null,"M","M","?","M","M","E"],"character_chosen":"IRONCLAD","items_purchased":[],"campfire_rested":0,"item_purchase_floors":[],"current_hp_per_floor":[70,69,69,69,69,69,68,42,42,48,42,42,71,62,62,18,65,58,58,52,43,27,0,0],"gold":459,"neow_bonus":"BOSS_RELIC","is_daily":false,"chose_seed":false,"campfire_upgraded":2,"win_rate":0.0,"timestamp":1611346011,"path_taken":["M","M","?","M","M","R","?","E","T","E","M","?","E","M","R","BOSS","M","M","?","M","M","E"],"items_purchased_type":[],"build_version":"2020-12-22","purchased_purges":0,"victory":false,"max_hp_per_floor":[80,80,80,80,80,80,80,80,80,80,80,80,80,80,80,80,80,80,80,80,80,90,90,90],"relic_stats":{"Darkstone Periapt":0,"counters":[16,68],"Self Forming Clay":[75],"Snecko Eye":[34,32,24,33],"Tiny Chest":0,"obtain_stats":[{"Darkstone Periapt":9,"Bottled Flame":13,"Self Forming Clay":10,"SacredBark":0,"Snecko Eye":17,"Tiny Chest":8,"Frozen Egg 2":12,"Burning Blood":0},{"Darkstone Periapt":6,"Bottled Flame":9,"Self Forming Clay":7,"SacredBark":0,"Snecko Eye":11,"Tiny Chest":6,"Frozen Egg 2":8,"Burning Blood":0},{"Darkstone Periapt":25,"Bottled Flame":39,"Self Forming Clay":28,"SacredBark":0,"Snecko Eye":52,"Tiny Chest":25,"Frozen Egg 2":31,"Burning Blood":0}]},"card_choices":[{"not_picked":["Metallicize","Blood for Blood"],"picked":"Perfected Strike","floor":1.0},{"not_picked":["Havoc","Warcry"],"picked":"Ghostly Armor","floor":2.0},{"not_picked":["Heavy Blade","Reckless Charge"],"picked":"Thunderclap","floor":4.0},{"not_picked":["Body Slam","Headbutt"],"picked":"Evolve","floor":5.0},{"not_picked":["Sword Boomerang","True Grit"],"picked":"Offering","floor":7.0},{"not_picked":["Sever Soul","Thunderclap","Blood for Blood"],"picked":"SKIP","floor":8.0},{"not_picked":["Body Slam","Thunderclap"],"picked":"Twin Strike","floor":10.0},{"not_picked":["Anger","Ghostly Armor"],"picked":"Uppercut","floor":11.0},{"not_picked":["Infernal Blade","Power Through"],"picked":"Inflame+1","floor":13.0},{"not_picked":["Hemokinesis","Flex"],"picked":"Clothesline","floor":14.0},{"not_picked":["Exhume","Offering"],"picked":"Double Tap","floor":16.0},{"not_picked":["Intimidate","Carnage+1"],"picked":"Shrug It Off+1","floor":18.0},{"not_picked":["Havoc+1","Infernal Blade","Pommel Strike"],"picked":"SKIP","floor":19.0},{"not_picked":["Iron Wave","Pummel","Flex+1"],"picked":"SKIP","floor":21.0},{"not_picked":["Headbutt","Flame Barrier"],"picked":"Barricade+1","floor":22.0}],"player_experience":255213,"relics_obtained":[{"floor":8.0,"key":"Tiny Chest"},{"floor":9.0,"key":"Darkstone Periapt"},{"floor":10.0,"key":"Self Forming Clay"},{"floor":13.0,"key":"Bottled Flame"}],"event_choices":[{"damage_healed":0.0,"max_hp_gain":0.0,"max_hp_loss":0.0,"gold_gain":0.0,"cards_transformed":["Strike_R"],"event_name":"Transmorgrifier","player_choice":"Transformed","floor":3.0,"gold_loss":0.0,"damage_taken":0.0,"cards_obtained":["Armaments"]},{"damage_healed":0.0,"max_hp_gain":0.0,"max_hp_loss":0.0,"gold_gain":0.0,"event_name":"Dead Adventurer","player_choice":"Searched \u00271\u0027 times","floor":12.0,"gold_loss":0.0,"damage_taken":0.0,"relics_obtained":["Frozen Egg 2"]},{"damage_healed":0.0,"max_hp_gain":0.0,"max_hp_loss":0.0,"gold_gain":0.0,"event_name":"Nest","player_choice":"Joined the Cult","floor":20.0,"gold_loss":0.0,"damage_taken":6.0,"cards_obtained":["RitualDagger"]}],"is_beta":false,"boss_relics":[{"not_picked":["Runic Pyramid","Coffee Dripper"],"picked":"Snecko Eye"}],"items_purged_floors":[],"is_endless":false,"potions_floor_spawned":[1,4,7,8,10,22],"killed_by":"Gremlin Leader","ascension_level":5}}