{"host":"tm3ghj8mno6gwywm","time":1611353997,"event":{"mods":["2.2 Compatiblity","AchievementEnabler","Bard","BaseMod","Beaked The Cultist","Better Third Choice","Colored Map","Colored Powertips","Conspire","Downfall","Glutton Mod","GungeonMod","Halation","Hermit","Hubris","Infinite Spire","Jorbs\u0027s Wanderer Trilogy","Mad Scientist","Marisa????????","Marked Mod","Mimic Mod","Minty Spire (QoL Compilation)","Potionbrewer","Quick Restart","Replay The Spire","Shade Mod","Shop Mod","Somnambulant","Spicy Shops","StSLib","SuperFastMode","The Bug Knight","The Construct","The Cursed","The Disciple","The Hierophant","The IronCluck","The Judge","The Jungle","The Necromancer","The Runesmith","The Servant 0.9.4","egg"],"gold_per_floor":[115,215,234,249,261,295,295,315,348,383,383,383,401,412,412,513,563,581,260,260,260,274,304,304,304,304,319,350,360,67,81,81,179,179,192,192,192,205,6,6,39,39,75,75,3,3,16,31,31,31,31,31,31,60,60],"floor_reached":56,"language":"ENG","playtime":1200,"items_purged":["Reprogram+1"],"score":1482,"play_id":"b7f1c4fc-63a7-4cdb-aabf-4aca74ae68f5","local_time":"20210122171957","is_ascension_mode":false,"campfire_choices":[{"floor":7,"key":"RECALL"},{"floor":11,"key":"REST"},{"data":"Dualcast","floor":24,"key":"SMITH"},{"floor":32,"key":"REST"},{"data":"Defend_B","floor":40,"key":"SMITH"},{"data":"Defend_B","floor":42,"key":"SMITH"},{"data":"Defend_B","floor":44,"key":"SMITH"},{"data":"Defend_B","floor":49,"key":"SMITH"},{"floor":52,"key":"REST"}],"circlet_count":0,"master_deck":["Defend_B+1","Defend_B+1","Defend_B+1","Defend_B+1","Zap+1","Dualcast+1","ReplayTheSpireMod:Calculation Training+1","Time Bomb+1","Hologram+1","Redo+1","hubris:PowerSurge+1","Time Bomb+1","Capacitor+1","Leap+1","hubris:PowerSurge+1","Electrodynamics+1","ReplayTheSpireMod:Dual Polarity+1","Aggregate+1","Loop+1","Static Discharge+1","Bite+1","Bite+1","Bite+1","Bite+1","Darkness+1","Steam Power+1","Barrage+1","FIFO Queue+1","Chill+1","Chaos+1","Cold Snap+1","infinitespire:Oblivion+1","infinitespire:UltimateForm+1","Hello World+1","BasicCrystalCard+1","Tempest+1","ReplayTheSpireMod:Dual Polarity+1","conspire:Rain+1","Panic Button+1","Conserve Battery+1"],"relics":["Cracked Core","Membership Card","Quantum Egg","Frozen Egg 2","Toxic Egg 2","Molten Egg 2","Black Star","Mummified Hand","Lizard Tail","WingedGreaves","Replay:Wax Seal","DemoMod:Relodestone","Nunchaku","hubris:SoftwareUpdate","Tiny House","hubris:BallOfYels","Raider\u0027s Mask","Replay:Frozen Program","Kunai","Pen Nib","White Beast Statue","Red Mask","hubris:SlimyHat","Oddly Smooth Stone","ReplayTheSpireMod:TigerMarble","conspire:SpecialSausage","construct:WeddingRing","conspire:Boomerang","hubris:CrystalStatue","hexamod:CandleOfCauterizing","conspire:Dentures","infinitespire:CursedDice","DemoMod:NanoMachines","potionbrewer:Keyblade","Runesmith:Nanobots","Pantograph"],"acts_visited":["Exordium","TheCity","TheBeyond","TheEnding"],"potions_floor_usage":[33,55,55,55,55],"damage_taken":[{"damage":7,"enemies":"Small Slimes","floor":1,"turns":3},{"damage":0,"enemies":"Cultist","floor":3,"turns":3},{"damage":0,"enemies":"2 Louse","floor":4,"turns":2},{"damage":1,"enemies":"Red Slaver","floor":5,"turns":3},{"damage":34,"enemies":"Gremlin Nob","floor":6,"turns":4},{"damage":0,"enemies":"conspire:2 RoseBushes","floor":8,"turns":5},{"damage":3,"enemies":"Large Slime","floor":9,"turns":3},{"damage":0,"enemies":"HollowMod:MossKnight","floor":10,"turns":5},{"damage":0,"enemies":"Large Slime","floor":13,"turns":5},{"damage":7,"enemies":"3 Louse","floor":14,"turns":3},{"damage":34,"enemies":"Fading Forest","floor":16,"turns":11},{"damage":10,"enemies":"Chosen","floor":18,"turns":3},{"damage":0,"enemies":"Spheric Guardian","floor":22,"turns":2},{"damage":13,"enemies":"Gremlin Leader","floor":23,"turns":4},{"damage":0,"enemies":"3 Cultists","floor":27,"turns":3},{"damage":0,"enemies":"Masked Bandits","floor":28,"turns":1},{"damage":9,"enemies":"Snake Plant","floor":29,"turns":1},{"damage":0,"enemies":"Cultist and Chosen","floor":31,"turns":1},{"damage":0,"enemies":"Champ","floor":33,"turns":5},{"damage":0,"enemies":"Orb Walker","floor":35,"turns":2},{"damage":0,"enemies":"3 Shapes","floor":38,"turns":1},{"damage":0,"enemies":"Giant Head","floor":41,"turns":3},{"damage":0,"enemies":"Transient","floor":43,"turns":3},{"damage":0,"enemies":"Transient","floor":47,"turns":4},{"damage":0,"enemies":"Writhing Mass","floor":48,"turns":2},{"damage":0,"enemies":"Donu and Deca","floor":50,"turns":3},{"damage":0,"enemies":"Shield and Spear","floor":54,"turns":1},{"damage":52,"enemies":"The Heart","floor":55,"turns":5}],"seed_played":"-8961277958424032404","potions_obtained":[{"floor":1,"key":"Energy Potion"},{"floor":4,"key":"DemoMod:LeadSkinPotion"},{"floor":10,"key":"hexamod:SoulburnPotion"},{"floor":14,"key":"Dexterity Potion"},{"floor":23,"key":"AttackPotion"},{"floor":33,"key":"FearPotion"}],"is_trial":false,"path_per_floor":["M","?","M","M","M","E","R","M","MIM","E","R","?","M","M","R_BF","B",null,"M","$","?","?","M","E","R","?","T","M","?","M","$","M","R","B",null,"M","?","AVR","M","$","R","E","R","MIM","R","$","?","M","M","R","B",null,"R","$","E","B",null],"character_chosen":"DEFECT","items_purchased":["hubris:BallOfYels","Raider\u0027s Mask","Replay:Frozen Program","Loop+1","FIFO Queue+1","Chill+1","hubris:SlimyHat","Oddly Smooth Stone","ReplayTheSpireMod:TigerMarble","BasicCrystalCard+1","hubris:CrystalStatue","EntropicBrew","potionbrewer:Keyblade"],"campfire_rested":3,"item_purchase_floors":[19,19,19,19,30,30,30,30,30,39,39,39,45],"current_hp_per_floor":[68,68,68,68,67,33,33,33,30,30,52,52,52,45,67,43,80,70,70,70,70,70,69,69,69,69,75,75,66,66,66,80,80,80,80,80,80,80,80,80,80,80,80,80,80,80,80,80,80,80,80,80,80,80,35],"gold":60,"neow_bonus":"UPGRADE_CARD","is_daily":false,"chose_seed":false,"campfire_upgraded":5,"win_rate":0.0,"timestamp":1611353997,"path_taken":["M","?","M","M","?","E","R","M","MIM","E","R","?","?","M","R_BF","BOSS","M","$","?","?","M","E","R","?","T","M","?","M","$","M","R","BOSS","M","?","AVR","M","?","R","E","R","MIM","R","$","?","?","M","R","BOSS","R","$","E","BOSS"],"items_purchased_type":["Relic","Relic","Relic","Card","Card","Card","Relic","Relic","Relic","Card","Relic","Potion","Relic"],"build_version":"2020-12-22","purchased_purges":1,"victory":true,"max_hp_per_floor":[75,75,75,75,75,75,75,75,75,75,75,75,75,75,75,75,80,80,80,80,80,80,80,80,80,80,80,80,80,80,80,80,80,80,80,80,80,80,80,80,80,80,80,80,80,80,80,80,80,80,80,80,80,80,80],"card_choices":[{"not_picked":["Barrage+1","Conserve Battery+1"],"picked":"ReplayTheSpireMod:Calculation Training+1","floor":1},{"not_picked":["Streamline+1","Go for the Eyes+1"],"picked":"Time Bomb+1","floor":3},{"not_picked":["Barrage+1","Recycle+1"],"picked":"Hologram+1","floor":4},{"not_picked":["Hologram+1","Streamline+1"],"picked":"Redo+1","floor":5},{"not_picked":["Rip and Tear+1","FTL+1"],"picked":"hubris:PowerSurge+1","floor":6},{"not_picked":["Beam Cell+1","BasicCrystalCard+1"],"picked":"Time Bomb+1","floor":8},{"not_picked":["Leap+1","Barrage+1"],"picked":"Capacitor+1","floor":9},{"not_picked":["FTL+1","Tempest+1"],"picked":"Reprogram+1","floor":10},{"not_picked":["ReplayTheSpireMod:Reroute Power+1","Blizzard+1"],"picked":"Leap+1","floor":13},{"not_picked":["Sweeping Beam+1","Steam+1"],"picked":"hubris:PowerSurge+1","floor":14},{"not_picked":["Hyperbeam+1","hubris:SpecializedCircuitry+1"],"picked":"Electrodynamics+1","floor":16},{"not_picked":["BootSequence+1","Coolheaded+1"],"picked":"ReplayTheSpireMod:Dual Polarity+1","floor":17},{"not_picked":["Hologram+1","Rebound+1"],"picked":"Aggregate+1","floor":18},{"not_picked":["Compile Driver+1","Reinforced Body+1"],"picked":"Darkness+1","floor":22},{"not_picked":["Panic Button+1","Cold Snap+1"],"picked":"Steam Power+1","floor":23},{"not_picked":["Sweeping Beam+1","Scrape+1"],"picked":"Barrage+1","floor":27},{"not_picked":["Beam Cell+1","Stack+1","Steam+1"],"picked":"SKIP","floor":29},{"not_picked":["Redo+1","Blizzard+1"],"picked":"Chaos+1","floor":31},{"not_picked":["Stack+1","Sunder+1"],"picked":"Cold Snap+1","floor":35},{"not_picked":["Genetic Algorithm+1","Conserve Battery+1"],"picked":"Hello World+1","floor":38},{"not_picked":["Turbo+1","Ball Lightning+1"],"picked":"Tempest+1","floor":41},{"not_picked":["Cold Snap+1","Beam Cell+1"],"picked":"ReplayTheSpireMod:Dual Polarity+1","floor":43},{"not_picked":["Stack+1","Cold Snap+1"],"picked":"conspire:Rain+1","floor":47},{"not_picked":["Rebound+1","BootSequence+1"],"picked":"Panic Button+1","floor":48},{"not_picked":["Ball Lightning+1","Hello World+1"],"picked":"Conserve Battery+1","floor":54}],"player_experience":831706,"relics_obtained":[{"floor":6,"key":"Replay:Wax Seal"},{"floor":6,"key":"DemoMod:Relodestone"},{"floor":9,"key":"Nunchaku"},{"floor":10,"key":"hubris:SoftwareUpdate"},{"floor":10,"key":"halation:TwoAmDonut"},{"floor":23,"key":"Kunai"},{"floor":23,"key":"Pen Nib"},{"floor":26,"key":"White Beast Statue"},{"floor":28,"key":"Red Mask"},{"floor":41,"key":"hexamod:CandleOfCauterizing"},{"floor":41,"key":"conspire:Dentures"},{"floor":43,"key":"infinitespire:CursedDice"},{"floor":43,"key":"DemoMod:NanoMachines"},{"floor":54,"key":"Runesmith:Nanobots"},{"floor":54,"key":"Pantograph"}],"event_choices":[{"damage_healed":0,"gold_gain":100,"player_choice":"Gold","damage_taken":0,"max_hp_gain":0,"max_hp_loss":0,"event_name":"Wheel of Change","floor":2,"gold_loss":0},{"damage_healed":0,"gold_gain":0,"player_choice":"Ignored","damage_taken":0,"max_hp_gain":0,"max_hp_loss":0,"event_name":"Transmorgrifier","floor":12,"gold_loss":0},{"damage_healed":0,"gold_gain":0,"player_choice":"Ignored","damage_taken":0,"max_hp_gain":0,"max_hp_loss":0,"event_name":"Beggar","floor":25,"gold_loss":0},{"damage_healed":0,"gold_gain":0,"player_choice":"Fought Bandits","damage_taken":0,"max_hp_gain":0,"max_hp_loss":0,"event_name":"Masked Bandits","floor":28,"gold_loss":0},{"damage_healed":0,"gold_gain":0,"player_choice":"Leave","damage_taken":0,"max_hp_gain":0,"max_hp_loss":0,"event_name":"conspire:Investor","floor":36,"gold_loss":0}],"is_beta":false,"boss_relics":[{"not_picked":["halation:Yufonium","conspire:SeveredTorchhead"],"picked":"Tiny House"},{"not_picked":["FrozenCore","halation:MonkeysPaw"],"picked":"conspire:SpecialSausage"}],"items_purged_floors":[19],"is_endless":false,"potions_floor_spawned":[1,4,10,13,14,23,27,28,29,31,33,35,38,41,43,47,48,54],"ascension_level":0}}