{"host":"xi8yg1ddhptuxb9d","time":1611274206,"event":{"mods":["AchievementEnabler","AlwaysNeverKeys","BaseMod","Block Reminder","Minty Spire (QoL Compilation)","Relic Sorter","StSLib"],"gold_per_floor":[366,366,380,214,214,243,243,261,261,275,240,267,267,295,295,372,372,389,62,62,62,62,62,77,102,148,163,163,163],"floor_reached":28,"language":"ENG","playtime":1270,"items_purged":[],"score":474,"play_id":"427dd936-9f8b-4494-b053-4210db419b56","local_time":"20210121191006","is_ascension_mode":true,"campfire_choices":[{"floor":7.0,"key":"REST"},{"floor":13.0,"key":"REST"},{"data":"Noxious Fumes","floor":15.0,"key":"SMITH"},{"data":"Neutralize","floor":23.0,"key":"SMITH"}],"circlet_count":0,"master_deck":["AscendersBane","Strike_G","Strike_G","Strike_G","Strike_G","Strike_G","Defend_G","Defend_G","Defend_G","Defend_G","Defend_G+1","Survivor+1","Neutralize+1","Blade Dance","Flying Knee","Bullet Time","Noxious Fumes+1","Backstab","Underhanded Strike","Backflip","Bouncing Flask","Tools of the Trade+1","Dodge and Roll","Dagger Spray","Dagger Throw","Deadly Poison"],"relics":["Ring of the Snake","Peace Pipe","Frozen Egg 2","Eternal Feather","Lizard Tail","Philosopher\u0027s Stone","The Specimen","MutagenicStrength","Boot","Juzu Bracelet"],"acts_visited":["Exordium","TheCity"],"potions_floor_usage":[],"damage_taken":[{"damage":4.0,"enemies":"Jaw Worm","floor":1.0,"turns":8.0},{"damage":0.0,"enemies":"2 Louse","floor":3.0,"turns":2.0},{"damage":41.0,"enemies":"Gremlin Nob","floor":6.0,"turns":5.0},{"damage":4.0,"enemies":"Small Slimes","floor":8.0,"turns":3.0},{"damage":0.0,"enemies":"2 Fungi Beasts","floor":10.0,"turns":4.0},{"damage":27.0,"enemies":"Lagavulin","floor":12.0,"turns":6.0},{"damage":17.0,"enemies":"Gremlin Nob","floor":14.0,"turns":4.0},{"damage":30.0,"enemies":"The Guardian","floor":16.0,"turns":11.0},{"damage":13.0,"enemies":"2 Thieves","floor":18.0,"turns":4.0},{"damage":0.0,"enemies":"Shell Parasite","floor":21.0,"turns":1.0},{"damage":30.0,"enemies":"3 Cultists","floor":24.0,"turns":6.0},{"damage":22.0,"enemies":"Gremlin Leader","floor":25.0,"turns":6.0},{"damage":28.0,"enemies":"Snake Plant","floor":27.0,"turns":4.0},{"damage":26,"enemies":"Centurion and Healer","floor":28,"turns":2}],"seed_played":"3144291688637761341","potions_obtained":[{"floor":1.0,"key":"ColorlessPotion"},{"floor":8.0,"key":"Strength Potion"},{"floor":10.0,"key":"Poison Potion"},{"floor":14.0,"key":"LiquidMemories"},{"floor":16.0,"key":"SmokeBomb"},{"floor":25.0,"key":"Ancient Potion"}],"is_trial":false,"path_per_floor":["M","?","M","$","?","E","R","M","T","M","?","E","R","E","R","B",null,"M","$","?","M","?","R","M","E","T","M","M"],"character_chosen":"THE_SILENT","items_purchased":["Bullet Time","The Specimen"],"campfire_rested":2,"item_purchase_floors":[4,19],"current_hp_per_floor":[55,37,37,37,42,1,20,16,16,16,32,5,36,19,31,1,49,36,36,49,49,49,61,31,9,9,19,0,0],"gold":163,"neow_bonus":"TWO_FIFTY_GOLD","is_daily":false,"chose_seed":false,"campfire_upgraded":2,"win_rate":0.0,"timestamp":1611274206,"path_taken":["M","?","M","$","?","E","R","M","T","M","?","E","R","E","R","BOSS","M","$","?","M","?","R","M","E","T","M","M"],"items_purchased_type":["Card","Relic"],"build_version":"2020-12-22","purchased_purges":0,"victory":false,"max_hp_per_floor":[60,60,60,60,65,65,65,65,65,65,65,65,65,65,65,65,65,65,65,65,65,65,65,65,65,65,65,65,65],"card_choices":[{"not_picked":["Well Laid Plans","Setup"],"picked":"Blade Dance","floor":1.0},{"not_picked":["Skewer","Bane"],"picked":"Flying Knee","floor":3.0},{"not_picked":["Escape Plan","Slice"],"picked":"Noxious Fumes","floor":6.0},{"not_picked":["Prepared","Escape Plan"],"picked":"Backstab","floor":8.0},{"not_picked":["Choke","Blade Dance"],"picked":"Underhanded Strike","floor":10.0},{"not_picked":["Dagger Spray","Tactician"],"picked":"Backflip","floor":12.0},{"not_picked":["Deflect","Blade Dance"],"picked":"Bouncing Flask","floor":14.0},{"not_picked":["Venomology","Die Die Die"],"picked":"Tools of the Trade+1","floor":16.0},{"not_picked":["Expertise","Flechettes"],"picked":"Dodge and Roll","floor":18.0},{"not_picked":["PiercingWail","Poisoned Stab"],"picked":"Dagger Spray","floor":24.0},{"not_picked":["Grand Finale","Malaise"],"picked":"Dagger Throw","floor":25.0},{"not_picked":["Blade Dance","Deflect"],"picked":"Deadly Poison","floor":27.0}],"player_experience":660968,"relics_obtained":[{"floor":6.0,"key":"Peace Pipe"},{"floor":9.0,"key":"Frozen Egg 2"},{"floor":12.0,"key":"Eternal Feather"},{"floor":14.0,"key":"Lizard Tail"},{"floor":25.0,"key":"Boot"},{"floor":26.0,"key":"Juzu Bracelet"}],"event_choices":[{"damage_healed":0.0,"max_hp_gain":0.0,"max_hp_loss":0.0,"gold_gain":0.0,"event_name":"Shining Light","player_choice":"Entered Light","floor":2.0,"gold_loss":0.0,"damage_taken":18.0,"cards_upgraded":["Survivor","Defend_G"]},{"damage_healed":0.0,"max_hp_gain":5.0,"max_hp_loss":0.0,"gold_gain":0.0,"event_name":"Big Fish","player_choice":"Donut","floor":5.0,"gold_loss":0.0,"damage_taken":0.0},{"damage_healed":16.0,"max_hp_gain":0.0,"max_hp_loss":0.0,"gold_gain":0.0,"event_name":"The Cleric","player_choice":"Healed","floor":11.0,"gold_loss":35.0,"damage_taken":0.0},{"damage_healed":13.0,"max_hp_gain":0.0,"max_hp_loss":0.0,"gold_gain":0.0,"event_name":"The Library","player_choice":"Heal","floor":20.0,"gold_loss":0.0,"damage_taken":0.0},{"damage_healed":0.0,"max_hp_gain":0.0,"max_hp_loss":0.0,"gold_gain":0.0,"event_name":"Drug Dealer","player_choice":"Inject Mutagens","floor":22.0,"gold_loss":0.0,"damage_taken":0.0,"relics_obtained":["MutagenicStrength"]}],"is_beta":false,"boss_relics":[{"not_picked":["Fusion Hammer","SlaversCollar"],"picked":"Philosopher\u0027s Stone"}],"items_purged_floors":[],"is_endless":false,"potions_floor_spawned":[1,8,10,14,16,21,25],"killed_by":"Centurion and Healer","ascension_level":17}}