{"host":"og6lam4kt3nibbw0","time":1611331996,"event":{"mods":["AchievementEnabler","BaseMod","Colored Map","DeckTracker","Highlight Path","Keyboard Shortcuts","Minty Spire (QoL Compilation)","Permanent Neow","Quick Restart","StSLib","SuperFastMode"],"gold_per_floor":[110,35,51,51,16,16,44,59,59,59,69,98,112,132,132,132,132],"floor_reached":16,"language":"KOR","playtime":608,"items_purged":["Strike_R"],"score":224,"play_id":"e58e49ec-f98b-4d37-bafb-3f20abb13ff5","local_time":"20210123011316","is_ascension_mode":true,"campfire_choices":[{"data":"Armaments","floor":6.0,"key":"SMITH"},{"data":"Whirlwind","floor":10.0,"key":"SMITH"},{"data":"Pummel","floor":15.0,"key":"SMITH"}],"circlet_count":0,"master_deck":["AscendersBane","Strike_R","Strike_R","Defend_R","Defend_R","Defend_R","Bash","Whirlwind+1","Clothesline","Sword Boomerang","Armaments+1","Battle Trance+1","Shrug It Off+1","Disarm+1","Pummel+1"],"relics":["Burning Blood","Toxic Egg 2","Meat on the Bone","Paper Frog"],"acts_visited":["Exordium"],"potions_floor_usage":[16],"damage_taken":[{"damage":10.0,"enemies":"Jaw Worm","floor":1.0,"turns":5.0},{"damage":2.0,"enemies":"2 Louse","floor":3.0,"turns":3.0},{"damage":36.0,"enemies":"Gremlin Nob","floor":7.0,"turns":5.0},{"damage":0.0,"enemies":"Cultist","floor":8.0,"turns":3.0},{"damage":14.0,"enemies":"Looter","floor":11.0,"turns":3.0},{"damage":10.0,"enemies":"3 Sentries","floor":12.0,"turns":3.0},{"damage":17.0,"enemies":"Gremlin Gang","floor":13.0,"turns":3.0},{"damage":9.0,"enemies":"Exordium Wildlife","floor":14.0,"turns":5.0},{"damage":55,"enemies":"Hexaghost","floor":16,"turns":11}],"seed_played":"6941928115190634982","potions_obtained":[{"floor":1.0,"key":"Block Potion"},{"floor":7.0,"key":"BlessingOfTheForge"},{"floor":12.0,"key":"LiquidBronze"}],"is_trial":false,"path_per_floor":["M","$","M","?","?","R","E","M","T","R","M","E","M","M","R","B"],"character_chosen":"IRONCLAD","items_purchased":[],"campfire_rested":0,"item_purchase_floors":[],"current_hp_per_floor":[46,46,50,50,68,68,38,44,44,44,48,44,45,54,54,0,0],"gold":132,"neow_bonus":"TRANSFORM_TWO_CARDS","is_daily":false,"chose_seed":false,"campfire_upgraded":3,"win_rate":0.0,"timestamp":1611331996,"path_taken":["M","$","M","?","?","R","E","M","T","R","M","E","M","M","R","BOSS"],"items_purchased_type":[],"build_version":"2020-12-22","purchased_purges":1,"victory":false,"max_hp_per_floor":[75,75,75,75,75,75,75,75,75,75,75,75,75,75,75,75,75],"card_choices":[{"not_picked":["Uppercut","Shockwave"],"picked":"Sword Boomerang","floor":1.0},{"not_picked":["Heavy Blade","Headbutt"],"picked":"Armaments","floor":3.0},{"not_picked":["Clothesline","Anger","Havoc+1"],"picked":"SKIP","floor":7.0},{"not_picked":["Bloodletting+1","Spot Weakness+1"],"picked":"Battle Trance+1","floor":8.0},{"not_picked":["Evolve","Armaments+1"],"picked":"Shrug It Off+1","floor":11.0},{"not_picked":["Rupture","Iron Wave","Armaments+1"],"picked":"SKIP","floor":12.0},{"not_picked":["Pommel Strike","Wild Strike"],"picked":"Disarm+1","floor":13.0},{"not_picked":["Havoc+1","Berserk"],"picked":"Pummel","floor":14.0}],"player_experience":941588,"relics_obtained":[{"floor":7.0,"key":"Toxic Egg 2"},{"floor":9.0,"key":"Meat on the Bone"},{"floor":12.0,"key":"Paper Frog"}],"event_choices":[{"cards_removed":["Defend_R"],"damage_healed":0.0,"max_hp_gain":0.0,"max_hp_loss":0.0,"gold_gain":0.0,"event_name":"Living Wall","player_choice":"Forget","floor":4.0,"gold_loss":0.0,"damage_taken":0.0},{"damage_healed":18.0,"max_hp_gain":0.0,"max_hp_loss":0.0,"gold_gain":0.0,"event_name":"The Cleric","player_choice":"Healed","floor":5.0,"gold_loss":35.0,"damage_taken":0.0}],"is_beta":false,"boss_relics":[],"items_purged_floors":[2],"is_endless":false,"potions_floor_spawned":[1,7,12],"killed_by":"Hexaghost","ascension_level":20}}