{"host":"pq8o62wp0h1hflf3","time":1611341051,"event":{"mods":["BaseMod","Minty Spire (QoL Compilation)","Relic Stats","ojb\u0027s Info Mod"],"gold_per_floor":[116,116,132,151,161,161,192,192,192,520,533,118,118,118,118,118,118],"floor_reached":16,"language":"ENG","playtime":671,"items_purged":["Strike_R"],"score":220,"play_id":"5ae07df4-d6ba-41e4-8438-761f5bfad5f3","local_time":"20210122134411","is_ascension_mode":true,"campfire_choices":[{"data":"Carnage","floor":6,"key":"SMITH"},{"data":"Combust","floor":8,"key":"SMITH"},{"data":"Headbutt","floor":15,"key":"SMITH"}],"circlet_count":0,"master_deck":["AscendersBane","Strike_R","Strike_R","Strike_R","Defend_R","Defend_R","Defend_R","Defend_R","Bash+1","Twin Strike+1","Combust+1","Carnage+1","Headbutt+1","Shrug It Off","Offering"],"relics":["Burning Blood","TungstenRod","Boot","Mercury Hourglass","Old Coin","Sling"],"acts_visited":["Exordium"],"potions_floor_usage":[10,11,16],"damage_taken":[{"damage":9,"enemies":"Jaw Worm","floor":1,"turns":6},{"damage":0,"enemies":"Cultist","floor":3,"turns":4},{"damage":6,"enemies":"Small Slimes","floor":4,"turns":3},{"damage":8,"enemies":"3 Louse","floor":5,"turns":4},{"damage":7,"enemies":"Gremlin Nob","floor":7,"turns":3},{"damage":8,"enemies":"3 Sentries","floor":10,"turns":5},{"damage":5,"enemies":"Exordium Thugs","floor":11,"turns":3},{"damage":27,"enemies":"The Guardian","floor":16,"turns":10}],"seed_played":"5126144697830050593","potions_obtained":[{"floor":4,"key":"Weak Potion"},{"floor":5,"key":"Block Potion"},{"floor":10,"key":"SpeedPotion"}],"is_trial":false,"path_per_floor":["M","?","M","M","M","R","E","R","T","E","M","$","?","?","R","B"],"character_chosen":"IRONCLAD","items_purchased":["Offering","Sling"],"campfire_rested":0,"item_purchase_floors":[12,12],"current_hp_per_floor":[47,47,53,53,51,51,50,50,50,48,49,49,49,27,27,0,0],"gold":118,"neow_bonus":"ONE_RARE_RELIC","is_daily":false,"chose_seed":false,"campfire_upgraded":3,"win_rate":0.0,"timestamp":1611341051,"path_taken":["M","?","M","M","M","R","E","R","T","E","?","$","?","?","R","BOSS"],"items_purchased_type":["Card","Relic"],"build_version":"2020-12-22","purchased_purges":1,"victory":false,"max_hp_per_floor":[75,75,75,75,75,75,75,75,75,75,75,75,75,75,75,75,75],"relic_stats":{"counters":[8,38],"Boot":[0],"obtain_stats":[{"Boot":7,"Sling":12,"Burning Blood":0,"TungstenRod":0,"Mercury Hourglass":9,"Old Coin":10},{"Boot":5,"Sling":7,"Burning Blood":0,"TungstenRod":0,"Mercury Hourglass":5,"Old Coin":6},{"Boot":20,"Sling":28,"Burning Blood":0,"TungstenRod":0,"Mercury Hourglass":20,"Old Coin":25}],"Burning Blood":42,"TungstenRod":34,"Mercury Hourglass":[48]},"card_choices":[{"not_picked":["Bloodletting","Sword Boomerang"],"picked":"Twin Strike","floor":1},{"not_picked":["Blood for Blood","Dark Embrace"],"picked":"Combust","floor":3},{"not_picked":["Thunderclap","Whirlwind"],"picked":"Carnage","floor":4},{"not_picked":["Second Wind","Rupture"],"picked":"Headbutt","floor":5},{"not_picked":["Juggernaut","Twin Strike"],"picked":"Shrug It Off","floor":7},{"not_picked":["Sword Boomerang","Sever Soul","Flex"],"picked":"SKIP","floor":10},{"not_picked":["Twin Strike","Flex","Anger"],"picked":"SKIP","floor":11}],"player_experience":1160624,"relics_obtained":[{"floor":7,"key":"Boot"},{"floor":9,"key":"Mercury Hourglass"},{"floor":10,"key":"Old Coin"}],"event_choices":[{"cards_removed":["Strike_R"],"damage_healed":0,"gold_gain":0,"player_choice":"Offered Basic","damage_taken":0,"max_hp_gain":0,"max_hp_loss":0,"event_name":"Bonfire Elementals","floor":2,"gold_loss":0},{"damage_healed":0,"gold_gain":0,"player_choice":"Ignored","damage_taken":0,"max_hp_gain":0,"max_hp_loss":0,"event_name":"Liars Game","floor":13,"gold_loss":0},{"damage_healed":0,"gold_gain":0,"player_choice":"Entered Light","damage_taken":23,"max_hp_gain":0,"max_hp_loss":0,"event_name":"Shining Light","floor":14,"gold_loss":0,"cards_upgraded":["Twin Strike","Bash"]}],"is_beta":false,"boss_relics":[],"items_purged_floors":[12],"is_endless":false,"potions_floor_spawned":[4,5,10],"killed_by":"The Guardian","ascension_level":20}}