{"host":"eny0bxnatoru6fum","time":1611359604,"event":{"mods":["A Magickal Journey","AchievementEnabler","AlwaysNeverKeys","Aspiration","BaseMod","Beaked The Cultist","BetterRewards","Colored Map","Colored Powertips","Conspire","DeckTracker","Duelist Mod","Energized Spire","Glutton Mod","Halation","Hubris","Infinite Spire","Jedi Mod","Lobotomy","LobotomyExtend","Minty Spire (QoL Compilation)","Relic Sorter","Replay The Spire","Shop Mod","Spicy Shops","Spikes Relics","StSLib","Synergy Search","The Animator","The Blue Laboratory","The Bug Knight","The Cursed","The Hierophant","The Jungle","The Problem Sleuth","The Runesmith","The Sage","The Servant 0.9.4","The Spell Scribe","vexMod"],"gold_per_floor":[115,128,9,9,9,9,9,9,9,9,9,9,9,0,0,0,0,0,0,0,0,0,0,0,0,0,0,0,0,0,0,0,59,59,72,88,88,98,120,120,146,170,246,246,305,305,317,351,351,355,355,355,679,749,749,749],"floor_reached":55,"language":"ENG","playtime":6570,"items_purged":[],"score":913,"play_id":"35eed62c-ea7c-4092-a1d2-1cdea5b9d6b1","local_time":"20210122175324","is_ascension_mode":false,"campfire_choices":[{"floor":7.0,"key":"RECALL"},{"floor":15.0,"key":"REST"},{"data":"animator:Caster","floor":15.0,"key":"SMITH"},{"floor":24.0,"key":"REST"},{"data":"animator:SuzuneAmano","floor":24.0,"key":"SMITH"},{"floor":32,"key":"REST"},{"data":"infinitespire:Oblivion","floor":32,"key":"SMITH"},{"floor":40,"key":"REST"},{"data":"TheCursedMod:CleanUpWorkshop","floor":40,"key":"SMITH"},{"data":"animator:Vesta","floor":44,"key":"SMITH"},{"floor":49,"key":"REST"},{"data":"animator:YachiyoNanami","floor":49,"key":"SMITH"},{"data":"animator:Benimaru","floor":52,"key":"SMITH"}],"circlet_count":0,"master_deck":["animator:Strike_TenSura","animator:Defend_TenSura","animator:Strike","animator:Strike","animator:Strike","animator:Defend","animator:Defend","animator:Defend","animator:Benimaru","animator:Shuna","TheCursedMod:CleanUpWorkshop","animator:Strike_MadokaMagica","animator:Caster","animator:SayakaMiki","animator:CowGirl","animator:Vesta","animator:Shion","animator:Pride","animator:RinTohsaka","Chaos","animator:Rimuru","animator:Rimuru","animator:YachiyoNanami","animator:SuzuneAmano","animator:Ain","animator:MamiTomoe","animator:MamiTomoe","animator:Ain","animator:SayakaMiki","animator:MamiTomoe","animator:OrikoMikuni","animator:HomuraAkemi","Discovery","animator:Souei","animator:DwarfShaman","animator:GuildGirl","animator:PinaCoLada","animator:Shuna","animator:Kaijin","animator:Hakurou","animator:Archer"],"relics":["animator:TheEgnaroPiece","animator:LivingPicture","animator:TheMissingPiece"],"acts_visited":["Exordium","TheCity","TheBeyond","TheEnding","EYB:TheUnnamedReign"],"potions_floor_usage":[28,33,50,55],"damage_taken":[{"damage":0.0,"enemies":"Cultist","floor":1.0,"turns":3.0},{"damage":0.0,"enemies":"Jaw Worm","floor":2.0,"turns":5.0},{"damage":2.0,"enemies":"2 Louse","floor":5.0,"turns":3.0},{"damage":17.0,"enemies":"Lagavulin","floor":6.0,"turns":7.0},{"damage":15.0,"enemies":"Replay:BlueRogue","floor":8.0,"turns":6.0},{"damage":3.0,"enemies":"2 Fungi Beasts","floor":10.0,"turns":4.0},{"damage":7.0,"enemies":"Blue Slaver","floor":11.0,"turns":6.0},{"damage":5.0,"enemies":"Looter","floor":14.0,"turns":5.0},{"damage":16.0,"enemies":"Slime Boss","floor":16.0,"turns":13.0},{"damage":8.0,"enemies":"Shell Parasite","floor":18.0,"turns":4.0},{"damage":15.0,"enemies":"Chosen","floor":19.0,"turns":4.0},{"damage":11.0,"enemies":"Snecko","floor":21.0,"turns":4.0},{"damage":2.0,"enemies":"Snake Plant","floor":22.0,"turns":4.0},{"damage":7.0,"enemies":"Replay:Snechameleon","floor":23.0,"turns":5.0},{"damage":0,"enemies":"conspire:HollyBat","floor":27,"turns":8},{"damage":22,"enemies":"conspire:SneckoGhost","floor":28,"turns":6},{"damage":0,"enemies":"Chosen and Byrds","floor":29,"turns":4},{"damage":2,"enemies":"Centurion and Healer","floor":31,"turns":5},{"damage":0,"enemies":"conspire:MysteriousRune","floor":33,"turns":8},{"damage":10,"enemies":"3 Darklings","floor":35,"turns":3},{"damage":0,"enemies":"3 Shapes","floor":36,"turns":4},{"damage":0,"enemies":"Transient","floor":38,"turns":5},{"damage":8,"enemies":"Maw","floor":39,"turns":7},{"damage":0,"enemies":"Giant Head","floor":41,"turns":5},{"damage":1,"enemies":"R_Hoarder","floor":45,"turns":4},{"damage":0,"enemies":"Sphere and 2 Shapes","floor":47,"turns":4},{"damage":22,"enemies":"Reptomancer","floor":48,"turns":4},{"damage":10,"enemies":"infinitespire:MassOfShapes","floor":50,"turns":7},{"damage":7,"enemies":"animator:UNNAMED_CULTIST_1","floor":54,"turns":13},{"damage":80,"enemies":"animator:TRIPLE_SHAPES_WEAK","floor":55,"turns":4}],"seed_played":"-3861755185587670919","potions_obtained":[{"floor":2.0,"key":"SteroidPotion"},{"floor":10.0,"key":"blueLaboratory:FrostheartPotion"},{"floor":16.0,"key":"SteroidPotion"},{"floor":18.0,"key":"blueLaboratory:FrostheartPotion"},{"floor":23.0,"key":"FairyPotion"},{"floor":28,"key":"Reflective Coating"},{"floor":38,"key":"blueLaboratory:HorrorPotion"},{"floor":54,"key":"animator:FalseLifePotion"}],"is_trial":false,"path_per_floor":["M","M","$","?","M","E","R","E","T","M","M","?","$","M","R","B",null,"M","M","?","M","M","E","R","T","T","M","E","M","$","M","R","B",null,"M","M","AVR","M","M","R","E","T","T","R","E","?","M","E","R","B",null,"R","??","M","M"],"character_chosen":"THE_ANIMATOR","items_purchased":["jedi:ominousloannote","RetroEgg","infinitespire:Magic Flask","MerchantsRug","animator:CowGirl"],"campfire_rested":5,"item_purchase_floors":[3,3,3,3,3],"current_hp_per_floor":[78,78,78,78,76,60,60,45,45,42,35,16,16,11,34,18,79,71,34,34,23,21,14,28,28,28,28,6,6,6,4,18,18,43,39,39,39,39,31,46,46,46,46,48,47,46,48,26,43,33,50,52,86,79,0,0],"gold":749,"neow_bonus":"TWENTY_PERCENT_HP_BONUS","is_daily":false,"chose_seed":false,"campfire_upgraded":7,"win_rate":0.0,"timestamp":1611359604,"path_taken":["M","M","?","?","M","E","R","E","T","M","M","?","?","M","R","BOSS","M","M","?","M","M","E","R","?","T","?","E","M","$","M","R","BOSS","M","?","AVR","M","M","R","E","?","T","R","E","?","M","E","R","BOSS","R","??","M","M"],"items_purchased_type":["Relic","Relic","Relic","Relic","Card"],"build_version":"2020-12-22","purchased_purges":0,"victory":false,"max_hp_per_floor":[78,78,78,78,78,79,79,79,79,79,79,79,79,79,79,79,79,79,39,39,39,39,39,41,41,41,41,41,41,41,41,43,43,43,44,44,44,44,44,46,46,46,46,48,48,46,48,48,50,50,50,52,86,86,86,86],"card_choices":[{"not_picked":["animator:Scar","animator:IrohaTamaki"],"picked":"animator:Caster","floor":1.0},{"not_picked":["animator:Millim","animator:LizardPriest"],"picked":"animator:SayakaMiki","floor":2.0},{"not_picked":["animator:Gluttony","animator:Add"],"picked":"animator:Vesta","floor":5.0},{"not_picked":["animator:Vesta","animator:Benimaru"],"picked":"animator:Shion","floor":6.0},{"not_picked":["animator:PandorasActor","animator:LizardPriest"],"picked":"animator:Pride","floor":8.0},{"not_picked":["animator:Fredrika","animator:Shalltear"],"picked":"animator:Father","floor":10.0},{"not_picked":["animator:Hakurou","animator:OrikoMikuni"],"picked":"animator:RinTohsaka","floor":11.0},{"not_picked":["infinitespire:SevenWalls","infinitespire:Starlight"],"picked":"infinitespire:Oblivion","floor":12.0},{"not_picked":["animator:Kaijin","animator:GazelDwargon"],"picked":"animator:Rimuru","floor":14.0},{"not_picked":["animator:Elesis","animator:GoblinSlayer"],"picked":"animator:Rimuru","floor":16.0},{"not_picked":["animator:Gluttony+1","animator:Demiurge+1"],"picked":"animator:YachiyoNanami","floor":18.0},{"not_picked":["animator:YachiyoNanami","animator:PandorasActor"],"picked":"animator:SuzuneAmano","floor":19.0},{"not_picked":["animator:Rider","animator:Tyuule"],"picked":"animator:Ain+1","floor":21.0},{"not_picked":["animator:SuzuneAmano","animator:YachiyoNanami"],"picked":"animator:MamiTomoe","floor":22.0},{"not_picked":["animator:TukaLunaMarceau","animator:Saber"],"picked":"animator:MamiTomoe","floor":23.0},{"not_picked":["animator:Elsword","animator:Assassin"],"picked":"animator:Ain","floor":27},{"not_picked":["animator:DwarfShaman","animator:KyokoSakura"],"picked":"animator:SayakaMiki+1","floor":28},{"not_picked":["animator:IrohaTamaki","animator:SuzuneAmano"],"picked":"animator:MamiTomoe","floor":29},{"not_picked":["animator:Scar","animator:Demiurge"],"picked":"animator:OrikoMikuni","floor":31},{"not_picked":["animator:Albedo","animator:Kyubey"],"picked":"animator:HomuraAkemi","floor":33},{"not_picked":["animator:Spearman","animator:Arpeggio+1"],"picked":"animator:Souei+1","floor":35},{"not_picked":["animator:Kuribayashi+1","animator:ItamiYouji"],"picked":"animator:DwarfShaman+1","floor":36},{"not_picked":["animator:Witch","animator:HighElfArcher"],"picked":"animator:GuildGirl","floor":38},{"not_picked":["animator:DwarfShaman+1","animator:WinryRockbell"],"picked":"animator:PinaCoLada","floor":39},{"not_picked":["animator:Gluttony","animator:Souei"],"picked":"animator:Shuna+1","floor":41},{"not_picked":["animator:Sloth+1","animator:TukaLunaMarceau"],"picked":"animator:Kaijin","floor":45},{"not_picked":["animator:Shion","animator:Shuna"],"picked":"animator:Hakurou","floor":47},{"not_picked":["animator:Shalltear","animator:Envy","animator:YachiyoNanami"],"picked":"SKIP","floor":48},{"not_picked":["animator:RoryMercury","animator:Kaijin"],"picked":"animator:Archer","floor":54}],"player_experience":521471,"relics_obtained":[{"floor":1.0,"key":"LetterFromLob"},{"floor":6.0,"key":"Centennial Puzzle"},{"floor":8.0,"key":"PreservedInsect"},{"floor":23.0,"key":"Shuriken"},{"floor":25.0,"key":"Ancient Tea Set"},{"floor":26.0,"key":"Anchor"},{"floor":28,"key":"hubris:CuriousFeather"},{"floor":41,"key":"Blue Doll"},{"floor":42,"key":"hubris:ToyBattleship"},{"floor":43,"key":"Replay:Bottled Eggs"},{"floor":45,"key":"jedi:crownofsimplicity"},{"floor":48,"key":"infinitespire:Satchel"},{"floor":53,"key":"animator:TheEgnaroPiece"},{"floor":54,"key":"LetterFromLob"}],"event_choices":[],"is_beta":false,"boss_relics":[{"not_picked":["halation:LoveArrow","energizedSpire:HugeHouse"],"picked":"vexMod:MysteryBossChallenge"},{"not_picked":["hubris:RunicObelisk","Fusion Hammer"],"picked":"beaked:SacredDeck"}],"items_purged_floors":[],"is_endless":false,"potions_floor_spawned":[2,10,16,18,23,27,28,38,41,45],"killed_by":"animator:TRIPLE_SHAPES_WEAK","ascension_level":0}}