{"host":"by8qwfg8c8egjh2t","time":1611277307,"event":{"mods":["AchievementEnabler","Aspiration","BaseMod","BetterRewards","Colored Map","Conspire","DeckTracker","Displayed Cursed Tome","Duelist Mod","Energized Spire","Friendly Minions","GifTheSpireLib","Infinite Spire","Minty Spire (QoL Compilation)","Prisma Mod","Quarter Circle Forward PUNCH!","Relic Sorter","Replay The Spire","RumiaBox-????????","Shop Mod","StSLib","Stuff the Spire","The Animator","vexMod"],"gold_per_floor":[142,155,167,167,181,181,181,181,181,201,244,244,279,295,295,420,420,435,451,451,465,465,465],"floor_reached":22,"language":"ENG","playtime":3679,"items_purged":[],"score":258,"play_id":"34766d46-a466-4676-a2c5-337845ca98d8","local_time":"20210121180147","is_ascension_mode":false,"campfire_choices":[{"data":"theDuelist:VampireLady","floor":7,"key":"SMITH"},{"data":"theDuelist:AvendreadSavior","floor":12,"key":"SMITH"},{"data":"theDuelist:PatricianDarkness","floor":15,"key":"SMITH"}],"circlet_count":0,"master_deck":["theDuelist:ZombieCorpse","theDuelist:ArmoredZombie","theDuelist:ArmoredZombie","theDuelist:ArmoredZombie","theDuelist:ClownZombie","theDuelist:ClownZombie","theDuelist:PatricianDarkness+1","theDuelist:ShallowGrave","theDuelist:SkullConductor","theDuelist:TutanMask","theDuelist:VampireLady+1","theDuelist:GhostrickWarwolf","theDuelist:FireReaper","theDuelist:VampireDragon","theDuelist:AvendreadSavior+1","theDuelist:Wightprincess","theDuelist:VampireGrimson","theDuelist:SoulAbsorbingBone","theDuelist:YukiOnnaAbsolute","theDuelist:MagicalGhost+1","theDuelist:GreenGraveOni"],"relics":["theDuelist:MillenniumPuzzle","theDuelist:CardPoolRelic","StuffTheSpire:OccultApparatus","theDuelist:BoosterPackPoolRelic","theDuelist:CardPoolAddRelic","theDuelist:CardPoolMinusRelic","theDuelist:CardPoolSaveRelic","theDuelist:CardPoolOptionsRelic","Golden Idol","Carrot","theDuelist:MillenniumRod","Potion Belt","Sozu"],"acts_visited":["Exordium","TheCity"],"potions_floor_usage":[6,16],"damage_taken":[{"damage":8,"enemies":"infinitespire:Voidling","floor":1,"turns":5},{"damage":0,"enemies":"2 Louse","floor":2,"turns":2},{"damage":0,"enemies":"conspire:RoseBush","floor":3,"turns":2},{"damage":0,"enemies":"Looter","floor":5,"turns":1},{"damage":0,"enemies":"Lagavulin","floor":6,"turns":6},{"damage":0,"enemies":"Large Slime","floor":10,"turns":5},{"damage":0,"enemies":"Replay:BlueRogue","floor":11,"turns":5},{"damage":17,"enemies":"Lagavulin","floor":13,"turns":5},{"damage":3,"enemies":"2 Fungi Beasts","floor":14,"turns":3},{"damage":19,"enemies":"The Guardian","floor":16,"turns":10},{"damage":31,"enemies":"3 Byrds","floor":18,"turns":4},{"damage":0,"enemies":"2 Thieves","floor":19,"turns":2},{"damage":40,"enemies":"Snecko","floor":21,"turns":6},{"damage":14,"enemies":"Snake Plant","floor":22,"turns":2}],"seed_played":"6538279689891406921","potions_obtained":[{"floor":5,"key":"theDuelist:StunPotion"},{"floor":10,"key":"theDuelist:BottledKuriboh"},{"floor":11,"key":"theDuelist:TributeBottle"},{"floor":13,"key":"Energy Potion"},{"floor":16,"key":"SteroidPotion"}],"is_trial":false,"path_per_floor":["M","M","M","?","M","E","R","?","T","M","E","R","E","M","R","B",null,"M","M","?","M","M"],"character_chosen":"THE_DUELIST","items_purchased":[],"campfire_rested":0,"item_purchase_floors":[],"current_hp_per_floor":[87,87,87,81,81,81,81,81,81,81,81,81,64,61,61,42,81,50,50,50,10,0,0],"gold":465,"neow_bonus":"TEN_PERCENT_HP_BONUS","is_daily":false,"chose_seed":false,"campfire_upgraded":3,"win_rate":0.0,"timestamp":1611277307,"path_taken":["M","?","M","?","M","E","R","?","T","M","E","R","E","M","R","BOSS","M","M","?","M","M"],"items_purchased_type":[],"build_version":"2020-12-22","purchased_purges":0,"victory":false,"max_hp_per_floor":[88,88,88,81,81,81,81,81,81,81,81,81,81,81,81,81,81,81,81,81,81,81,81],"card_choices":[{"not_picked":["theDuelist:VampireRedBaron","theDuelist:VampireGenesis","theDuelist:VampireFamiliar","theDuelist:VampireBaby"],"picked":"theDuelist:VampireLady","floor":1},{"not_picked":["theDuelist:RedEyesZombie","theDuelist:Wightprince","theDuelist:FusionWeapon","theDuelist:DecayedCommander"],"picked":"theDuelist:GhostrickWarwolf","floor":2},{"not_picked":["theDuelist:ZombieWarrior","theDuelist:VendreadCore","theDuelist:GhostrickMummy","theDuelist:OvertexQoatlus"],"picked":"theDuelist:FireReaper","floor":3},{"not_picked":["theDuelist:GoblinZombie","theDuelist:SkullConductor","theDuelist:GhostrickAlucard","theDuelist:FireReaper"],"picked":"theDuelist:VampireDragon","floor":5},{"not_picked":["theDuelist:FusionWeapon","theDuelist:GhostrickStein","theDuelist:VampireVamp","theDuelist:VendreadStriges"],"picked":"theDuelist:AvendreadSavior","floor":10},{"not_picked":["theDuelist:VampireLady","theDuelist:DarkDustSpirit","theDuelist:VampireSorcerer","theDuelist:DimensionBurial"],"picked":"theDuelist:Wightprincess","floor":11},{"not_picked":["theDuelist:MechMoleZombie","theDuelist:MoltenZombie","theDuelist:Hajun","theDuelist:DesLacooda"],"picked":"theDuelist:VampireGrimson","floor":13},{"not_picked":["theDuelist:VampireDomain","theDuelist:GhostrickScare","theDuelist:DimensionFusion"],"picked":"theDuelist:SoulAbsorbingBone","floor":14},{"not_picked":["theDuelist:Scapeghost","theDuelist:OverpoweringEye","theDuelist:FusionGuard","theDuelist:BookEclipse"],"picked":"theDuelist:YukiOnnaAbsolute","floor":16},{"not_picked":["theDuelist:VendreadReorigin","theDuelist:VampireTakeover","theDuelist:HauntedShrine","theDuelist:GhostrickVanish","theDuelist:FragmentFusion"],"picked":"SKIP","floor":18},{"not_picked":["theDuelist:DarkFusion+1","theDuelist:OneForOne+1","theDuelist:RedMedicine+1","theDuelist:DimensionBurial+1"],"picked":"theDuelist:MagicalGhost+1","floor":19},{"not_picked":["theDuelist:FuryFire","theDuelist:FutureFusion","theDuelist:ShiranuiSquiresaga+1","theDuelist:RedMedicine"],"picked":"theDuelist:GreenGraveOni","floor":21}],"player_experience":413449,"relics_obtained":[{"floor":9,"key":"Carrot"},{"floor":11,"key":"theDuelist:MillenniumRod"},{"floor":13,"key":"Potion Belt"}],"event_choices":[{"damage_healed":0,"gold_gain":0,"player_choice":"Lose Max HP","damage_taken":0,"relics_obtained":["Golden Idol"],"max_hp_gain":0,"max_hp_loss":7,"event_name":"Golden Idol","floor":4,"gold_loss":0},{"damage_healed":0,"gold_gain":0,"player_choice":"Ignored","damage_taken":0,"max_hp_gain":0,"max_hp_loss":0,"event_name":"Liars Game","floor":8,"gold_loss":0}],"is_beta":false,"boss_relics":[{"not_picked":["Tiny House","Honey Jar"],"picked":"Sozu"}],"items_purged_floors":[],"is_endless":false,"potions_floor_spawned":[5,10,11,13,16],"killed_by":"Snake Plant","ascension_level":0}}