{"host":"v4tuy5ykrbdcm9o9","time":1611286734,"event":{"mods":["BaseMod","Duelist Mod","Minty Spire (QoL Compilation)","Replay The Spire","StSLib"],"gold_per_floor":[117,130,147,165,130,130,158,158,158,186,212,229,229,263,263,359,359,374,388,328,340,352,352,382,382,382,412,427,462,479,508,508,603,603,613,223,236,256,276,304,513,513,536,536,536,536],"floor_reached":45,"language":"ENG","playtime":6283,"items_purged":[],"score":896,"play_id":"48002f96-d906-4be8-a0bc-39b6a66b4c14","local_time":"20210121223854","is_ascension_mode":true,"campfire_choices":[{"data":"Infinite Blades","floor":6,"key":"SMITH"},{"floor":8,"key":"RECALL"},{"data":"Choke","floor":13,"key":"SMITH"},{"data":"Choke","floor":15,"key":"SMITH"},{"floor":23,"key":"REST"},{"floor":42,"key":"REST"}],"circlet_count":0,"master_deck":["Strike_G","Strike_G","Strike_G+1","Strike_G","Strike_G","Defend_G+1","Defend_G","Defend_G","Defend_G","Defend_G","Survivor","Neutralize","Infinite Blades+1","Blade Dance","Terror","Footwork","Choke+1","Escape Plan","Choke+1","Dagger Spray","Corpse Explosion","Phantasmal Killer","Deflect","Caltrops+1","Backflip+1","Endless Agony","Footwork","Slice","Masterful Stab","Acrobatics+1","Phantasmal Killer","Reflex+1","Glass Knife","Bandage Up","Flying Knee+1","Slice","Bullet Time","Hidden Blade"],"relics":["Ring of the Snake","Centennial Puzzle","Simple Rune","Onion Ring","Odd Mushroom","StoneCalendar","Chameleon Ring","WristBlade","Potion Belt","Calipers","Eternal Feather","TungstenRod","Black Star","Byrd Skull","Replay:Towering Pillar of Hats","Ice Cream","CeramicFish"],"acts_visited":["Exordium","TheCity","TheBeyond"],"potions_floor_usage":[7,7,10,11,16,21,27,27,28,30,31,33,33,35,37,39,40,45,45],"damage_taken":[{"damage":0,"enemies":"Cultist","floor":1,"turns":5},{"damage":0,"enemies":"2 Louse","floor":2,"turns":3},{"damage":2,"enemies":"Small Slimes","floor":3,"turns":3},{"damage":6,"enemies":"Looter","floor":4,"turns":3},{"damage":3,"enemies":"Replay:BlueRogue","floor":7,"turns":4},{"damage":0,"enemies":"The Mushroom Lair","floor":10,"turns":2},{"damage":5,"enemies":"Gremlin Nob","floor":11,"turns":3},{"damage":0,"enemies":"Large Slime","floor":12,"turns":3},{"damage":8,"enemies":"Lagavulin","floor":14,"turns":5},{"damage":0,"enemies":"Slime Boss","floor":16,"turns":7},{"damage":0,"enemies":"3 Byrds","floor":18,"turns":3},{"damage":2,"enemies":"Spheric Guardian","floor":19,"turns":3},{"damage":0,"enemies":"Cultist and Chosen","floor":21,"turns":3},{"damage":18,"enemies":"Shelled Parasite and Fungi","floor":22,"turns":4},{"damage":0,"enemies":"theDuelist:KaibaA2","floor":24,"turns":2},{"damage":0,"enemies":"Gremlin Leader","floor":27,"turns":4},{"damage":4,"enemies":"3 Cultists","floor":28,"turns":4},{"damage":2,"enemies":"theDuelist:KaibaA2","floor":29,"turns":3},{"damage":27,"enemies":"Snake Plant","floor":30,"turns":5},{"damage":0,"enemies":"Replay:Snechameleon","floor":31,"turns":4},{"damage":11,"enemies":"Champ","floor":33,"turns":5},{"damage":0,"enemies":"3 Shapes","floor":35,"turns":3},{"damage":0,"enemies":"Orb Walker","floor":37,"turns":2},{"damage":29,"enemies":"Maw","floor":38,"turns":4},{"damage":0,"enemies":"4 Shapes","floor":39,"turns":2},{"damage":22,"enemies":"Giant Head","floor":40,"turns":6},{"damage":80,"enemies":"Nemesis","floor":45,"turns":4}],"seed_played":"-6353768213360479671","potions_obtained":[{"floor":1,"key":"GhostInAJar"},{"floor":4,"key":"Cursed Concoction"},{"floor":7,"key":"CunningPotion"},{"floor":10,"key":"SkillPotion"},{"floor":12,"key":"Reflective Coating"},{"floor":16,"key":"Elixir"},{"floor":19,"key":"Energy Potion"},{"floor":25,"key":"ColorlessPotion"},{"floor":25,"key":"SkillPotion"},{"floor":27,"key":"SkillPotion"},{"floor":29,"key":"Regen Potion"},{"floor":30,"key":"SpeedPotion"},{"floor":31,"key":"Toxic Potion"},{"floor":32,"key":"CultistPotion"},{"floor":32,"key":"LifebloodPotion"},{"floor":33,"key":"FearPotion"},{"floor":35,"key":"Fire Potion"},{"floor":37,"key":"Explosive Potion"},{"floor":40,"key":"FearPotion"},{"floor":44,"key":"Languid Potion"},{"floor":44,"key":"BlessingOfTheForge"}],"is_trial":false,"path_per_floor":["M","M","M","M","?","R","E","R","T","?","E","M","R","E","R","B",null,"M","M","?","M","M","R","E","R","T","E","M","E","M","E","R","B",null,"M","$","M","M","M","E","?","R","T","R","E"],"character_chosen":"THE_SILENT","items_purchased":["Byrd Skull","Bandage Up"],"campfire_rested":2,"item_purchase_floors":[36,36],"current_hp_per_floor":[63,63,61,55,70,70,67,67,67,67,62,62,62,54,54,54,66,66,64,64,64,46,67,67,67,67,67,63,61,56,56,70,59,67,67,67,70,45,45,27,11,53,53,70,0,0],"gold":536,"neow_bonus":"RANDOM_COMMON_RELIC","is_daily":false,"chose_seed":false,"campfire_upgraded":3,"win_rate":0.0,"timestamp":1611286734,"path_taken":["M","M","M","?","?","R","E","R","T","?","E","M","R","E","R","BOSS","M","M","?","M","M","R","E","R","T","E","M","E","M","E","R","BOSS","M","$","M","M","M","E","?","R","T","R","E"],"items_purchased_type":["Relic","Card"],"build_version":"2020-12-22","purchased_purges":0,"victory":false,"max_hp_per_floor":[70,70,70,70,70,70,70,70,70,70,70,70,70,70,70,70,70,70,70,70,70,70,70,70,70,70,70,70,70,70,70,70,70,70,70,70,70,70,70,70,70,70,70,70,70,70],"card_choices":[{"not_picked":["Prepared","Slice"],"picked":"Infinite Blades","floor":1},{"not_picked":["Quick Slash","Dodge and Roll"],"picked":"Blade Dance","floor":2},{"not_picked":["Quick Slash","Backflip"],"picked":"Terror","floor":3},{"not_picked":["Backflip","Calculated Gamble"],"picked":"Footwork","floor":4},{"not_picked":["Night Terror","Underhanded Strike"],"picked":"Choke","floor":7},{"not_picked":["PiercingWail","Slice"],"picked":"Escape Plan","floor":10},{"not_picked":["Doppelganger","Acrobatics"],"picked":"Choke","floor":11},{"not_picked":["Quick Slash","Poisoned Stab"],"picked":"Dagger Spray","floor":12},{"not_picked":["Riddle With Holes","Leg Sweep"],"picked":"Corpse Explosion","floor":14},{"not_picked":["Burst","ReplayTheSpireMod:From All Sides"],"picked":"Phantasmal Killer","floor":16},{"not_picked":["Heel Hook","Terror"],"picked":"Deflect","floor":18},{"not_picked":["Dagger Spray","Replay:Poison Smokescreen"],"picked":"Caltrops+1","floor":19},{"not_picked":["Dagger Spray+1","Catalyst"],"picked":"Backflip+1","floor":21},{"not_picked":["Outmaneuver","Dagger Spray"],"picked":"Endless Agony","floor":22},{"not_picked":["Deflect","Bane"],"picked":"Footwork","floor":24},{"not_picked":["Dagger Spray","Deflect"],"picked":"Slice","floor":27},{"not_picked":["Quick Slash","Bane"],"picked":"Masterful Stab","floor":28},{"not_picked":["Dodge and Roll","Deadly Poison"],"picked":"Acrobatics+1","floor":29},{"not_picked":["Acrobatics+1","Sucker Punch"],"picked":"Phantasmal Killer","floor":30},{"not_picked":["Bane","Poisoned Stab"],"picked":"Reflex+1","floor":31},{"not_picked":["Night Terror","Poison Darts"],"picked":"Glass Knife","floor":33},{"not_picked":["Sucker Punch","Poisoned Stab+1","Bane"],"picked":"SKIP","floor":35},{"not_picked":["Eviscerate","All Out Attack+1","Deadly Poison"],"picked":"SKIP","floor":37},{"not_picked":["Dagger Spray+1","ReplayTheSpireMod:Tripwire"],"picked":"Flying Knee+1","floor":38},{"not_picked":["Well Laid Plans+1","Prepared"],"picked":"Slice","floor":39},{"not_picked":["Crippling Poison","Catalyst"],"picked":"Bullet Time","floor":40},{"not_picked":["Underhanded Strike","Acrobatics+1"],"picked":"Hidden Blade","floor":41}],"player_experience":629590,"relics_obtained":[{"floor":7,"key":"Simple Rune"},{"floor":9,"key":"Onion Ring"},{"floor":10,"key":"Odd Mushroom"},{"floor":11,"key":"StoneCalendar"},{"floor":14,"key":"Chameleon Ring"},{"floor":24,"key":"Potion Belt"},{"floor":27,"key":"Calipers"},{"floor":29,"key":"Eternal Feather"},{"floor":31,"key":"TungstenRod"},{"floor":40,"key":"Replay:Towering Pillar of Hats"},{"floor":40,"key":"Ice Cream"},{"floor":43,"key":"CeramicFish"}],"event_choices":[{"damage_healed":17,"gold_gain":0,"player_choice":"Healed","damage_taken":0,"max_hp_gain":0,"max_hp_loss":0,"event_name":"The Cleric","floor":5,"gold_loss":35},{"damage_healed":0,"gold_gain":0,"player_choice":"Fought Mushrooms","damage_taken":0,"max_hp_gain":0,"max_hp_loss":0,"event_name":"Mushrooms","floor":10,"gold_loss":0}],"is_beta":false,"boss_relics":[{"not_picked":["Ring of Chaos","Replay:Grab Bag"],"picked":"WristBlade"},{"not_picked":["Replay:Wanted Poster","Coffee Dripper"],"picked":"Black Star"}],"items_purged_floors":[],"is_endless":false,"potions_floor_spawned":[1,4,7,10,12,16,19,27,29,30,31,33,35,37,40],"killed_by":"Nemesis","ascension_level":6}}