{"host":"sc0o2qwpf9j16a4i","time":1611342172,"event":{"mods":["AchievementEnabler","BaseMod","BetterRewards","Block Reminder","Colored Map","Colored Powertips","Custom Start","Highlight Path","Minty Spire (QoL Compilation)","Relic Stats"],"gold_per_floor":[109,109,259,269,23,23,54,72,125,137,157,190,202,226,238,324,336,368,380,352,364,395,407,449,472,484,496,163,189,1,1,1,1,1],"floor_reached":33,"language":"ENG","playtime":1233,"items_purged":["Doubt","Pain","Strike_R"],"score":590,"play_id":"e5450243-0a96-4426-81ce-1b8c7cc22526","local_time":"20210122210252","is_ascension_mode":true,"campfire_choices":[{"data":"Clothesline","floor":6,"key":"SMITH"},{"floor":13,"key":"REST"},{"floor":15,"key":"REST"},{"floor":23,"key":"REST"},{"floor":27,"key":"REST"},{"data":"Ghostly","floor":32,"key":"SMITH"}],"circlet_count":0,"master_deck":["AscendersBane","Strike_R","Strike_R","Strike_R","Strike_R","Defend_R","Defend_R","Defend_R","Defend_R","Bash+1","Clothesline+1","Headbutt","Shrug It Off","Disarm","Flex","Shockwave","Offering","Second Wind+1","Burning Pact","Shrug It Off","Havoc","Juggernaut","Sentinel","Ghostly","Ghostly","Ghostly+1"],"relics":["Burning Blood","ClockworkSouvenir","Vajra","Bronze Scales","MawBank","Runic Pyramid","WarpedTongs","Oddly Smooth Stone","Gremlin Horn","Membership Card","Dream Catcher","Strawberry"],"acts_visited":["Exordium","TheCity"],"potions_floor_usage":[10,10,16,20,29,29,33],"damage_taken":[{"damage":1,"enemies":"Cultist","floor":1,"turns":3},{"damage":7,"enemies":"2 Louse","floor":4,"turns":3},{"damage":18,"enemies":"Gremlin Nob","floor":7,"turns":4},{"damage":2,"enemies":"Small Slimes","floor":8,"turns":3},{"damage":16,"enemies":"Gremlin Gang","floor":10,"turns":4},{"damage":9,"enemies":"2 Fungi Beasts","floor":11,"turns":3},{"damage":44,"enemies":"3 Sentries","floor":12,"turns":8},{"damage":21,"enemies":"Lots of Slimes","floor":14,"turns":4},{"damage":47,"enemies":"The Guardian","floor":16,"turns":12},{"damage":36,"enemies":"Spheric Guardian","floor":18,"turns":7},{"damage":15,"enemies":"2 Thieves","floor":20,"turns":2},{"damage":13,"enemies":"Centurion and Healer","floor":22,"turns":5},{"damage":15,"enemies":"Book of Stabbing","floor":24,"turns":6},{"damage":26,"enemies":"Shelled Parasite and Fungi","floor":25,"turns":8},{"damage":22,"enemies":"Slavers","floor":29,"turns":6},{"damage":40,"enemies":"Champ","floor":33,"turns":19}],"seed_played":"393611859064429552","potions_obtained":[{"floor":7,"key":"Energy Potion"},{"floor":8,"key":"Energy Potion"},{"floor":12,"key":"FearPotion"},{"floor":14,"key":"Ancient Potion"},{"floor":16,"key":"SmokeBomb"},{"floor":25,"key":"SpeedPotion"}],"is_trial":false,"path_per_floor":["M","?","?","M","$","R","E","M","T","M","M","E","R","M","R","B",null,"M","?","M","?","M","R","E","M","T","R","$","E","$","?","R","B"],"character_chosen":"IRONCLAD","items_purchased":["ClockworkSouvenir","Membership Card","Juggernaut","Regen Potion","Strawberry","LiquidMemories"],"campfire_rested":4,"item_purchase_floors":[5,28,28,28,30,30],"current_hp_per_floor":[80,80,80,79,79,79,67,71,71,61,58,20,44,29,53,12,65,35,30,21,21,14,38,29,9,9,33,33,32,39,39,39,0,0],"gold":1,"neow_bonus":"TEN_PERCENT_HP_BONUS","is_daily":false,"chose_seed":false,"campfire_upgraded":2,"win_rate":0.0,"timestamp":1611342172,"path_taken":["M","?","?","M","$","R","E","M","T","M","M","E","R","M","R","BOSS","M","?","?","?","M","R","E","?","T","R","$","E","$","?","R","BOSS"],"items_purchased_type":["Relic","Relic","Card","Potion","Relic","Potion"],"build_version":"2020-12-22","purchased_purges":3,"victory":false,"max_hp_per_floor":[82,82,82,82,82,82,82,82,82,82,82,82,82,82,82,82,82,82,82,82,82,82,82,82,82,82,82,82,82,89,44,44,44,44],"relic_stats":{"Dream Catcher":0,"Gremlin Horn":[2,2],"counters":[16,97],"Bronze Scales":[285],"MawBank":192,"obtain_stats":[{"Dream Catcher":29,"Gremlin Horn":26,"Bronze Scales":9,"Strawberry":30,"Vajra":7,"Oddly Smooth Stone":24,"Membership Card":28,"MawBank":12,"Burning Blood":0,"ClockworkSouvenir":5,"Runic Pyramid":17,"WarpedTongs":21},{"Dream Catcher":15,"Gremlin Horn":14,"Bronze Scales":4,"Strawberry":15,"Vajra":3,"Oddly Smooth Stone":13,"Membership Card":14,"MawBank":7,"Burning Blood":0,"ClockworkSouvenir":2,"Runic Pyramid":9,"WarpedTongs":11},{"Dream Catcher":78,"Gremlin Horn":72,"Bronze Scales":13,"Strawberry":78,"Vajra":10,"Oddly Smooth Stone":64,"Membership Card":72,"MawBank":28,"Burning Blood":0,"ClockworkSouvenir":6,"Runic Pyramid":44,"WarpedTongs":53}],"Burning Blood":90,"WarpedTongs":[43]},"card_choices":[{"not_picked":["Heavy Blade","Sword Boomerang"],"picked":"Clothesline","floor":1},{"not_picked":["Searing Blow","Sever Soul"],"picked":"Headbutt","floor":4},{"not_picked":["Wild Strike","Thunderclap"],"picked":"Shrug It Off","floor":7},{"not_picked":["Clothesline","Dark Embrace"],"picked":"Disarm","floor":8},{"not_picked":["Armaments","Headbutt","Dual Wield"],"picked":"SKIP","floor":10},{"not_picked":["Cleave","Dark Embrace","Searing Blow"],"picked":"SKIP","floor":11},{"not_picked":["Second Wind","Headbutt"],"picked":"Flex","floor":12},{"not_picked":["Clothesline","Dropkick"],"picked":"Shockwave","floor":14},{"not_picked":["Immolate","Exhume"],"picked":"Offering","floor":16},{"not_picked":["Cleave","Clash"],"picked":"Second Wind+1","floor":18},{"not_picked":["Twin Strike","Warcry+1"],"picked":"Burning Pact","floor":22},{"not_picked":["Heavy Blade","Perfected Strike"],"picked":"Shrug It Off","floor":24},{"not_picked":["Twin Strike","Intimidate"],"picked":"Havoc","floor":25},{"not_picked":["Fire Breathing","Anger"],"picked":"Sentinel","floor":29}],"player_experience":901150,"relics_obtained":[{"floor":7,"key":"Vajra"},{"floor":9,"key":"Bronze Scales"},{"floor":12,"key":"MawBank"},{"floor":24,"key":"Oddly Smooth Stone"},{"floor":26,"key":"Gremlin Horn"},{"floor":29,"key":"Dream Catcher"}],"event_choices":[{"damage_healed":0,"gold_gain":0,"player_choice":"Grow","damage_taken":0,"max_hp_gain":0,"max_hp_loss":0,"event_name":"Living Wall","floor":2,"gold_loss":0,"cards_upgraded":["Bash"]},{"damage_healed":0,"gold_gain":150,"player_choice":"AGREE","damage_taken":0,"max_hp_gain":0,"max_hp_loss":0,"event_name":"Liars Game","floor":3,"gold_loss":0,"cards_obtained":["Doubt"]},{"damage_healed":0,"gold_gain":0,"player_choice":"Bought 0 Potions","damage_taken":0,"max_hp_gain":0,"max_hp_loss":0,"event_name":"The Woman in Blue","floor":19,"gold_loss":0},{"damage_healed":0,"gold_gain":0,"player_choice":"Rummage","damage_taken":0,"relics_obtained":["WarpedTongs"],"max_hp_gain":0,"max_hp_loss":0,"event_name":"Accursed Blacksmith","floor":21,"gold_loss":0,"cards_obtained":["Pain"]},{"damage_healed":0,"gold_gain":0,"player_choice":"Became a Ghost","damage_taken":0,"max_hp_gain":0,"max_hp_loss":45,"event_name":"Ghosts","floor":31,"gold_loss":0,"cards_obtained":["Ghostly","Ghostly","Ghostly"]}],"is_beta":false,"boss_relics":[{"not_picked":["SacredBark","SlaversCollar"],"picked":"Runic Pyramid"}],"items_purged_floors":[5,28,30],"is_endless":false,"potions_floor_spawned":[7,8,12,14,16,18,25],"killed_by":"Champ","ascension_level":20}}