{"host":"foq4mrde4mssg7vt","time":1611319973,"event":{"mods":["AchievementEnabler","BaseMod","Colored Map","Colored Powertips","Highlight Path","Minty Spire (QoL Compilation)","Relic Stats","everything is the same but u backflip on backflip"],"gold_per_floor":[111,191,201,212,232,259,87,87,114,127,142,142,162,195,195,272,272,284,284,209,228,228,228,63,92,92,92,127,127,146,164,164,243,243,263,281,281,296,311,311,336,355,355,355,375,375,375],"floor_reached":46,"language":"ENG","playtime":1630,"items_purged":[],"score":1008,"play_id":"d2c632d3-6c2d-4d13-b445-b86e2d539512","local_time":"20210122205253","is_ascension_mode":true,"campfire_choices":[{"data":"Defragment","floor":8.0,"key":"SMITH"},{"data":"Doom and Gloom","floor":12.0,"key":"SMITH"},{"data":"Static Discharge","floor":15.0,"key":"SMITH"},{"data":"Loop","floor":23.0,"key":"SMITH"},{"floor":27.0,"key":"REST"},{"floor":29.0,"key":"REST"},{"data":"Fission","floor":32.0,"key":"SMITH"},{"floor":40.0,"key":"REST"}],"circlet_count":0,"master_deck":["AscendersBane","Strike_B+1","Defend_B+1","Defend_B+1","Defend_B+1","Defend_B+1","Zap","Dualcast","Tempest","Doom and Gloom+1","FTL","Compile Driver","Rip and Tear","Defragment+1","Hologram","Static Discharge+1","Steam Power","Thunder Strike","Rainbow","Loop+1","Hologram+1","Echo Form","Fission+1","Seek","Defragment","Chaos+1","Capacitor","Auto Shields","Biased Cognition","Conserve Battery","Loop","Cold Snap"],"relics":["Cracked Core","Bag of Marbles","Pear","Blue Candle","Centennial Puzzle","Pantograph","Cursed Key","Omamori","Lantern","Runic Pyramid","Oddly Smooth Stone"],"acts_visited":["Exordium","TheCity","TheBeyond"],"potions_floor_usage":[41,42,45],"damage_taken":[{"damage":1.0,"enemies":"Cultist","floor":1.0,"turns":3.0},{"damage":7.0,"enemies":"Jaw Worm","floor":3.0,"turns":3.0},{"damage":5.0,"enemies":"2 Louse","floor":4.0,"turns":2.0},{"damage":0.0,"enemies":"Gremlin Gang","floor":5.0,"turns":1.0},{"damage":10.0,"enemies":"Lagavulin","floor":6.0,"turns":5.0},{"damage":5.0,"enemies":"3 Louse","floor":10.0,"turns":2.0},{"damage":0.0,"enemies":"Lots of Slimes","floor":11.0,"turns":1.0},{"damage":1.0,"enemies":"Gremlin Gang","floor":13.0,"turns":1.0},{"damage":8.0,"enemies":"Gremlin Nob","floor":14.0,"turns":3.0},{"damage":25.0,"enemies":"The Guardian","floor":16.0,"turns":8.0},{"damage":0.0,"enemies":"Chosen","floor":18.0,"turns":3.0},{"damage":12.0,"enemies":"2 Thieves","floor":21.0,"turns":2.0},{"damage":34.0,"enemies":"Book of Stabbing","floor":25.0,"turns":4.0},{"damage":26.0,"enemies":"Slavers","floor":28.0,"turns":3.0},{"damage":7.0,"enemies":"3 Cultists","floor":30.0,"turns":3.0},{"damage":11.0,"enemies":"Cultist and Chosen","floor":31.0,"turns":4.0},{"damage":31.0,"enemies":"Collector","floor":33.0,"turns":5.0},{"damage":0.0,"enemies":"Orb Walker","floor":35.0,"turns":1.0},{"damage":17.0,"enemies":"3 Darklings","floor":36.0,"turns":5.0},{"damage":12.0,"enemies":"Jaw Worm Horde","floor":38.0,"turns":2.0},{"damage":28.0,"enemies":"Spire Growth","floor":39.0,"turns":4.0},{"damage":29,"enemies":"Reptomancer","floor":41,"turns":6},{"damage":5,"enemies":"Writhing Mass","floor":42,"turns":7},{"damage":16,"enemies":"Jaw Worm Horde","floor":45,"turns":2},{"damage":11,"enemies":"Maw","floor":46,"turns":2}],"seed_played":"-234729478997763660","potions_obtained":[{"floor":1.0,"key":"EssenceOfDarkness"},{"floor":4.0,"key":"Block Potion"},{"floor":10.0,"key":"LiquidBronze"},{"floor":14.0,"key":"FocusPotion"},{"floor":28.0,"key":"Regen Potion"},{"floor":33.0,"key":"Block Potion"},{"floor":38.0,"key":"BlessingOfTheForge"},{"floor":39.0,"key":"Regen Potion"},{"floor":42,"key":"PowerPotion"}],"is_trial":false,"path_per_floor":["M","T","M","M","M","E","$","R","T","M","M","R","M","E","R","B",null,"M","?","?","M","?","R","$","E","T","R","E","R","M","M","R","B",null,"M","M","?","M","M","R","E","M","T","?","M","M"],"character_chosen":"DEFECT","items_purchased":["Defragment","Strength Potion","Hologram","Echo Form"],"campfire_rested":3,"item_purchase_floors":[7,7,7,24],"current_hp_per_floor":[63,73,66,61,61,51,51,51,51,46,46,46,45,37,37,37,70,70,70,70,58,58,58,58,24,24,48,22,46,39,28,28,36,70,70,53,53,41,13,37,22,17,17,17,1,0,0],"gold":375,"neow_bonus":"RANDOM_COMMON_RELIC","is_daily":false,"chose_seed":false,"campfire_upgraded":5,"win_rate":0.0,"timestamp":1611319973,"path_taken":["M","?","M","M","M","E","?","R","T","M","M","R","M","E","R","BOSS","M","?","?","M","?","R","$","E","T","R","E","R","M","?","R","BOSS","M","M","?","M","?","R","E","M","T","?","M","M"],"items_purchased_type":["Card","Potion","Card","Card"],"build_version":"2020-12-22","purchased_purges":0,"victory":false,"max_hp_per_floor":[71,81,81,81,81,81,81,81,81,81,81,81,81,81,81,81,81,81,81,81,81,81,81,81,81,81,81,81,81,81,81,81,81,81,81,81,81,81,81,81,81,81,81,81,81,81,81],"relic_stats":{"Centennial Puzzle":[48],"counters":[25,81],"Blue Candle":[6],"Pantograph":50,"Cursed Key":1,"obtain_stats":[{"Centennial Puzzle":9,"Lantern":28,"Pear":2,"Blue Candle":6,"Pantograph":14,"Oddly Smooth Stone":41,"Bag of Marbles":0,"Omamori":25,"Cracked Core":0,"Cursed Key":17,"Runic Pyramid":34},{"Centennial Puzzle":5,"Lantern":14,"Pear":1,"Blue Candle":5,"Pantograph":9,"Oddly Smooth Stone":22,"Bag of Marbles":0,"Omamori":13,"Cracked Core":0,"Cursed Key":10,"Runic Pyramid":17},{"Centennial Puzzle":14,"Lantern":41,"Pear":3,"Blue Candle":14,"Pantograph":21,"Oddly Smooth Stone":70,"Bag of Marbles":0,"Omamori":38,"Cracked Core":0,"Cursed Key":29,"Runic Pyramid":53}]},"card_choices":[{"not_picked":["Turbo","Recycle"],"picked":"Tempest","floor":1.0},{"not_picked":["Compile Driver","Go for the Eyes"],"picked":"Doom and Gloom","floor":3.0},{"not_picked":["Redo","BootSequence"],"picked":"FTL","floor":4.0},{"not_picked":["Leap","Conserve Battery"],"picked":"Compile Driver","floor":5.0},{"not_picked":["Recycle","BootSequence"],"picked":"Rip and Tear","floor":6.0},{"not_picked":["Sweeping Beam","Beam Cell","Streamline"],"picked":"SKIP","floor":10.0},{"not_picked":["Steam","Sunder"],"picked":"Static Discharge","floor":11.0},{"not_picked":["Recycle","Steam"],"picked":"Steam Power","floor":13.0},{"not_picked":["Redo","Turbo"],"picked":"Thunder Strike","floor":14.0},{"not_picked":["Multi-Cast","Core Surge"],"picked":"Rainbow","floor":16.0},{"not_picked":["Turbo","Steam Power+1"],"picked":"Loop","floor":18.0},{"not_picked":["Stack+1","Tempest"],"picked":"Hologram+1","floor":21.0},{"not_picked":["Rebound","Aggregate"],"picked":"Fission","floor":25.0},{"not_picked":["Consume","Hello World+1","Leap"],"picked":"SKIP","floor":28.0},{"not_picked":["Beam Cell","Loop","FTL"],"picked":"SKIP","floor":30.0},{"not_picked":["Redo","Go for the Eyes","Aggregate"],"picked":"SKIP","floor":31.0},{"not_picked":["Rainbow","Echo Form"],"picked":"Seek","floor":33.0},{"not_picked":["Lockon+1","BootSequence"],"picked":"Defragment","floor":35.0},{"not_picked":["Steam","Sweeping Beam+1"],"picked":"Chaos+1","floor":36.0},{"not_picked":["Redo","Lockon"],"picked":"Capacitor","floor":38.0},{"not_picked":["Melter","FTL"],"picked":"Auto Shields","floor":39.0},{"not_picked":["Gash","Steam"],"picked":"Biased Cognition","floor":41},{"not_picked":["Darkness","Static Discharge"],"picked":"Conserve Battery","floor":42},{"not_picked":["Barrage","Hologram"],"picked":"Cold Snap","floor":45}],"player_experience":545798,"relics_obtained":[{"floor":2.0,"key":"Pear"},{"floor":6.0,"key":"Blue Candle"},{"floor":9.0,"key":"Centennial Puzzle"},{"floor":14.0,"key":"Pantograph"},{"floor":25.0,"key":"Omamori"},{"floor":28.0,"key":"Lantern"},{"floor":41,"key":"Oddly Smooth Stone"}],"event_choices":[{"damage_healed":0.0,"max_hp_gain":0.0,"max_hp_loss":0.0,"gold_gain":0.0,"event_name":"Back to Basics","player_choice":"Simplicity","floor":19.0,"gold_loss":0.0,"damage_taken":0.0,"cards_upgraded":["Strike_B","Strike_B","Strike_B","Strike_B","Defend_B","Defend_B","Defend_B","Defend_B"]},{"cards_removed":["Strike_B"],"damage_healed":0.0,"max_hp_gain":0.0,"max_hp_loss":0.0,"gold_gain":0.0,"event_name":"Beggar","player_choice":"Gave Gold","floor":20.0,"gold_loss":75.0,"damage_taken":0.0},{"damage_healed":0.0,"max_hp_gain":0.0,"max_hp_loss":0.0,"gold_gain":0.0,"event_name":"Match and Keep!","player_choice":"0 cards matched","floor":22.0,"gold_loss":0.0,"damage_taken":0.0,"cards_obtained":[]},{"cards_removed":["Strike_B"],"damage_healed":0.0,"max_hp_gain":0.0,"max_hp_loss":0.0,"gold_gain":0.0,"event_name":"Purifier","player_choice":"Purged","floor":37.0,"gold_loss":0.0,"damage_taken":0.0},{"damage_healed":0,"gold_gain":0,"cards_transformed":["Strike_B"],"player_choice":"Transformed","damage_taken":0,"max_hp_gain":0,"max_hp_loss":0,"event_name":"Transmorgrifier","floor":44,"gold_loss":0,"cards_obtained":["Loop"]}],"is_beta":false,"boss_relics":[{"not_picked":["Sozu","Astrolabe"],"picked":"Cursed Key"},{"not_picked":["SlaversCollar","Coffee Dripper"],"picked":"Runic Pyramid"}],"items_purged_floors":[],"is_endless":false,"potions_floor_spawned":[1,4,10,11,13,14,21,28,33,38,39,42],"killed_by":"Maw","ascension_level":20}}