{"host":"dhyczjm99amxd3qx","time":1611358166,"event":{"mods":["BaseMod","Colored Map","Googly Eyes","Highlight Path","Minty Spire (QoL Compilation)","Quick Restart","StSLib"],"gold_per_floor":[111,111,122,135,135,135,161,161,161,188,202,229,229,255,255,354,354,374,391,391,391,408,440,211,238,238,269,269,288,313,331,331,430,430,440,440,456,475,228,262,274,300,300,78,78,95,95,111,111,111],"floor_reached":51,"language":"ENG","playtime":5753,"items_purged":["Strike_G+1","Strike_G+1","Strike_G+1"],"score":1519,"play_id":"aba2f09d-d0ff-4827-a744-aa908680d251","local_time":"20210122182926","is_ascension_mode":true,"campfire_choices":[{"data":"Blade Dance","floor":6.0,"key":"SMITH"},{"data":"Noxious Fumes","floor":8.0,"key":"SMITH"},{"data":"Wraith Form v2","floor":15.0,"key":"SMITH"},{"data":"Bullet Time","floor":28.0,"key":"SMITH"},{"floor":32.0,"key":"REST"},{"data":"Catalyst","floor":45,"key":"SMITH"},{"data":"Catalyst","floor":47,"key":"SMITH"},{"data":"Catalyst","floor":49,"key":"SMITH"}],"circlet_count":0,"master_deck":["AscendersBane","Defend_G+1","Defend_G+1","Defend_G+1","Defend_G+1","Survivor","Neutralize","Blade Dance+1","Noxious Fumes+1","Well Laid Plans","Wraith Form v2+1","Deadly Poison","Bullet Time+1","Noxious Fumes","Necronomicurse","Adrenaline","Adrenaline","Concentrate","Catalyst+1","After Image","Catalyst+1","Prepared+1","Prepared","Catalyst+1","Deadly Poison"],"relics":["Ring of the Snake","White Beast Statue","Boot","Oddly Smooth Stone","Bottled Lightning","Ninja Scroll","Odd Mushroom","SlaversCollar","Necronomicon","Dead Branch","DollysMirror","Question Card","Blue Candle","InkBottle","Bag of Marbles","Sozu","Centennial Puzzle","Kunai","Frozen Egg 2","Mummified Hand"],"acts_visited":["Exordium","TheCity","TheBeyond"],"potions_floor_usage":[50],"damage_taken":[{"damage":1.0,"enemies":"Small Slimes","floor":1.0,"turns":4.0},{"damage":0.0,"enemies":"Cultist","floor":3.0,"turns":3.0},{"damage":0.0,"enemies":"2 Louse","floor":4.0,"turns":3.0},{"damage":7.0,"enemies":"3 Sentries","floor":7.0,"turns":10.0},{"damage":21.0,"enemies":"Lagavulin","floor":10.0,"turns":7.0},{"damage":0.0,"enemies":"Blue Slaver","floor":11.0,"turns":4.0},{"damage":10.0,"enemies":"3 Sentries","floor":12.0,"turns":7.0},{"damage":1.0,"enemies":"The Mushroom Lair","floor":14.0,"turns":5.0},{"damage":5.0,"enemies":"The Guardian","floor":16.0,"turns":10.0},{"damage":0.0,"enemies":"Spheric Guardian","floor":18.0,"turns":4.0},{"damage":2.0,"enemies":"Chosen","floor":19.0,"turns":6.0},{"damage":1.0,"enemies":"Centurion and Healer","floor":22.0,"turns":8.0},{"damage":1.0,"enemies":"Book of Stabbing","floor":23.0,"turns":6.0},{"damage":0.0,"enemies":"Gremlin Leader","floor":25.0,"turns":3.0},{"damage":2.0,"enemies":"Slavers","floor":27.0,"turns":3.0},{"damage":8.0,"enemies":"Snecko","floor":29.0,"turns":4.0},{"damage":0.0,"enemies":"Gremlin Leader","floor":30.0,"turns":4.0},{"damage":16.0,"enemies":"Shelled Parasite and Fungi","floor":31.0,"turns":5.0},{"damage":3.0,"enemies":"Collector","floor":33.0,"turns":4.0},{"damage":11.0,"enemies":"3 Darklings","floor":35.0,"turns":5.0},{"damage":0.0,"enemies":"Orb Walker","floor":37.0,"turns":1.0},{"damage":0.0,"enemies":"4 Shapes","floor":38.0,"turns":3.0},{"damage":0.0,"enemies":"Giant Head","floor":40.0,"turns":5.0},{"damage":1.0,"enemies":"Spire Growth","floor":41.0,"turns":3.0},{"damage":1,"enemies":"Reptomancer","floor":42,"turns":3},{"damage":2,"enemies":"Maw","floor":46,"turns":4},{"damage":1,"enemies":"Transient","floor":48,"turns":4},{"damage":6,"enemies":"Time Eater","floor":50,"turns":4}],"seed_played":"-6438679266294493295","potions_obtained":[{"floor":2.0,"key":"CunningPotion"},{"floor":2.0,"key":"Block Potion"},{"floor":3.0,"key":"LiquidMemories"},{"floor":10.0,"key":"Fruit Juice"},{"floor":11.0,"key":"BlessingOfTheForge"},{"floor":12.0,"key":"Block Potion"},{"floor":14.0,"key":"Weak Potion"},{"floor":16.0,"key":"Dexterity Potion"},{"floor":18.0,"key":"EssenceOfSteel"},{"floor":19.0,"key":"Fire Potion"},{"floor":22.0,"key":"FearPotion"},{"floor":23.0,"key":"Poison Potion"},{"floor":25.0,"key":"GhostInAJar"},{"floor":27.0,"key":"EntropicBrew"},{"floor":29.0,"key":"CunningPotion"},{"floor":30.0,"key":"LiquidBronze"},{"floor":31.0,"key":"Ancient Potion"},{"floor":33.0,"key":"Dexterity Potion"}],"is_trial":false,"path_per_floor":["M","?","M","M","?","R","E","R","T","E","M","E","T","?","R","B",null,"M","M","?","?","M","E","$","E","T","E","R","M","E","M","R","B",null,"M","?","M","M","$","E","M","E","T","$","R","M","R","M","R","B",null],"character_chosen":"THE_SILENT","items_purchased":["DollysMirror","Centennial Puzzle","Prepared","Catalyst"],"campfire_rested":1,"item_purchase_floors":[24,39,44,44],"current_hp_per_floor":[62,62,62,62,55,55,48,48,48,32,32,22,22,21,21,16,60,60,58,58,42,41,40,40,40,40,38,38,30,30,14,36,33,65,54,54,54,54,54,54,53,52,52,52,52,50,50,49,49,43],"gold":111,"neow_bonus":"REMOVE_CARD","is_daily":false,"chose_seed":false,"campfire_upgraded":7,"win_rate":0.0,"timestamp":1611358166,"path_taken":["M","?","M","?","?","R","E","R","T","E","M","E","?","?","R","BOSS","M","M","?","?","M","E","?","E","T","E","R","M","E","M","R","BOSS","M","?","?","M","$","E","M","E","T","$","R","M","R","M","R","BOSS"],"items_purchased_type":["Relic","Relic","Card","Card"],"build_version":"2020-12-22","purchased_purges":3,"victory":true,"max_hp_per_floor":[70,70,70,70,70,70,70,70,70,75,75,75,75,75,75,75,75,75,75,75,75,75,75,75,75,75,75,75,75,75,75,75,75,75,75,75,75,75,75,75,75,75,75,75,75,75,75,75,75,75],"card_choices":[{"not_picked":["Backstab","Outmaneuver"],"picked":"Blade Dance","floor":1.0},{"not_picked":["Deadly Poison","Blur","Quick Slash"],"picked":"SKIP","floor":3.0},{"not_picked":["Flying Knee","Dodge and Roll","Outmaneuver"],"picked":"SKIP","floor":4.0},{"not_picked":["Predator","Distraction"],"picked":"Noxious Fumes","floor":7.0},{"not_picked":["Predator","PiercingWail","Riddle With Holes"],"picked":"SKIP","floor":10.0},{"not_picked":["Sucker Punch","Dagger Spray"],"picked":"Well Laid Plans","floor":11.0},{"not_picked":["Poisoned Stab","Underhanded Strike"],"picked":"Wraith Form v2","floor":12.0},{"not_picked":["Underhanded Strike","Slice"],"picked":"Deadly Poison","floor":14.0},{"not_picked":["Die Die Die","Adrenaline"],"picked":"Bullet Time","floor":16.0},{"not_picked":["Flying Knee","Underhanded Strike"],"picked":"Noxious Fumes","floor":18.0},{"not_picked":["Acrobatics+1","Dodge and Roll","Choke"],"picked":"SKIP","floor":19.0},{"not_picked":["Terror","Well Laid Plans","Dagger Throw+1"],"picked":"SKIP","floor":22.0},{"not_picked":["Blur+1","Blade Dance"],"picked":"Adrenaline","floor":23.0},{"not_picked":["Dodge and Roll","Blur","Calculated Gamble"],"picked":"SKIP","floor":25.0},{"not_picked":["All Out Attack+1","Slice","Escape Plan","Dagger Spray+1"],"picked":"SKIP","floor":27.0},{"not_picked":["Blade Dance","Backflip","Cloak And Dagger+1"],"picked":"Concentrate","floor":29.0},{"not_picked":["Endless Agony","Prepared","Heel Hook"],"picked":"Catalyst","floor":30.0},{"not_picked":["Dagger Throw+1","Terror","Dagger Spray","Predator+1"],"picked":"SKIP","floor":31.0},{"not_picked":["Night Terror","Bullet Time","Storm of Steel"],"picked":"After Image","floor":33.0},{"not_picked":["Blade Dance+1","Cloak And Dagger+1","Leg Sweep"],"picked":"Catalyst","floor":35.0},{"not_picked":["Dagger Spray","Footwork+1","Blade Dance"],"picked":"Prepared+1","floor":37.0},{"not_picked":["Sucker Punch","Well Laid Plans+1","Poisoned Stab","Dash"],"picked":"SKIP","floor":38.0},{"not_picked":["Dodge and Roll+1","Heel Hook","Dash","A Thousand Cuts"],"picked":"SKIP","floor":40.0},{"not_picked":["All Out Attack+1","Flechettes","Dagger Throw+1","Underhanded Strike+1"],"picked":"SKIP","floor":41.0},{"not_picked":["Underhanded Strike+1","Slice+1","Acrobatics+1","Deflect"],"picked":"SKIP","floor":42},{"not_picked":["Poisoned Stab","Dagger Spray","Grand Finale"],"picked":"Deadly Poison","floor":46},{"not_picked":["Underhanded Strike","Well Laid Plans+1","Backflip+1","Dagger Throw+1"],"picked":"SKIP","floor":48}],"player_experience":356312,"relics_obtained":[{"floor":7.0,"key":"White Beast Statue"},{"floor":9.0,"key":"Boot"},{"floor":10.0,"key":"Oddly Smooth Stone"},{"floor":12.0,"key":"Bottled Lightning"},{"floor":13.0,"key":"Ninja Scroll"},{"floor":14.0,"key":"Odd Mushroom"},{"floor":21.0,"key":"Necronomicon"},{"floor":23.0,"key":"Dead Branch"},{"floor":25.0,"key":"Question Card"},{"floor":26.0,"key":"Blue Candle"},{"floor":27.0,"key":"InkBottle"},{"floor":30.0,"key":"Bag of Marbles"},{"floor":40.0,"key":"Kunai"},{"floor":42,"key":"Frozen Egg 2"},{"floor":43,"key":"Mummified Hand"}],"event_choices":[{"damage_healed":0.0,"max_hp_gain":0.0,"max_hp_loss":0.0,"gold_gain":0.0,"event_name":"Lab","player_choice":"Got Potions","floor":2.0,"gold_loss":0.0,"damage_taken":0.0},{"cards_removed":["Strike_G"],"damage_healed":0.0,"max_hp_gain":0.0,"max_hp_loss":0.0,"gold_gain":0.0,"event_name":"Golden Wing","player_choice":"Card Removal","floor":5.0,"gold_loss":0.0,"damage_taken":7.0},{"damage_healed":0.0,"max_hp_gain":0.0,"max_hp_loss":0.0,"gold_gain":0.0,"event_name":"Mushrooms","player_choice":"Fought Mushrooms","floor":14.0,"gold_loss":0.0,"damage_taken":0.0},{"damage_healed":0.0,"max_hp_gain":0.0,"max_hp_loss":0.0,"gold_gain":0.0,"event_name":"Back to Basics","player_choice":"Simplicity","floor":20.0,"gold_loss":0.0,"damage_taken":0.0,"cards_upgraded":["Strike_G","Strike_G","Strike_G","Strike_G","Defend_G","Defend_G","Defend_G","Defend_G"]},{"damage_healed":0.0,"max_hp_gain":0.0,"max_hp_loss":0.0,"gold_gain":0.0,"event_name":"Cursed Tome","player_choice":"Obtained Book","floor":21.0,"gold_loss":0.0,"damage_taken":16.0},{"cards_removed":["Strike_G"],"damage_healed":0.0,"max_hp_gain":0.0,"max_hp_loss":0.0,"gold_gain":0.0,"event_name":"Purifier","player_choice":"Purged","floor":36.0,"gold_loss":0.0,"damage_taken":0.0}],"is_beta":false,"boss_relics":[{"not_picked":["Coffee Dripper","Runic Pyramid"],"picked":"SlaversCollar"},{"not_picked":["Ring of the Serpent","Pandora\u0027s Box"],"picked":"Sozu"}],"items_purged_floors":[24,39,44],"is_endless":false,"potions_floor_spawned":[3,4,10,11,12,14,16,18,19,22,23,25,27,29,30,31,33,35,37,38,40,41,42,46,48],"ascension_level":11}}