{"host":"j36qkj20jqndbw01","time":1611317224,"event":{"mods":["AchievementEnabler","BaseMod","Colored Map","DeckTracker","Highlight Path","Keyboard Shortcuts","Minty Spire (QoL Compilation)","Quick Restart","Relic Stats","StSLib","SuperFastMode","everything is the same but u backflip on backflip"],"gold_per_floor":[116,116,129,146,146,146,171,171,171,188,222,222,235,246,246,321,321,334,350,275,288,319,319,330,330,378,405,424,449,449,78,78,78,78],"floor_reached":33,"language":"KOR","playtime":1836,"items_purged":["Strike_B","Strike_B"],"score":564,"play_id":"c83a63ea-dcd5-4f18-9088-d73f1d9605dc","local_time":"20210122210704","is_ascension_mode":true,"campfire_choices":[{"data":"Zap","floor":6.0,"key":"SMITH"},{"data":"Doom and Gloom","floor":8.0,"key":"SMITH"},{"data":"Go for the Eyes","floor":12.0,"key":"SMITH"},{"data":"Coolheaded","floor":15.0,"key":"SMITH"},{"data":"Defragment","floor":23,"key":"SMITH"},{"data":"FTL","floor":25,"key":"SMITH"},{"floor":32,"key":"REST"}],"circlet_count":0,"master_deck":["AscendersBane","Strike_B","Defend_B","Defend_B","Defend_B","Defend_B","Zap+1","Dualcast","Auto Shields","FTL+1","Ball Lightning","Ball Lightning","Doom and Gloom+1","Go for the Eyes+1","Coolheaded+1","Cold Snap","Electrodynamics","Defragment+1","Defragment+1","Glacier","Machine Learning","Beam Cell","Double Energy","Ghostly","Ghostly","Ghostly","Buffer+1"],"relics":["FrozenCore","Matryoshka","Dream Catcher","Red Mask","Regal Pillow","Strawberry","Meat on the Bone","Omamori","Frozen Egg 2"],"acts_visited":["Exordium","TheCity"],"potions_floor_usage":[22,29],"damage_taken":[{"damage":7.0,"enemies":"Jaw Worm","floor":1.0,"turns":3.0},{"damage":1.0,"enemies":"Cultist","floor":3.0,"turns":3.0},{"damage":0.0,"enemies":"2 Louse","floor":4.0,"turns":2.0},{"damage":20.0,"enemies":"Lagavulin","floor":7.0,"turns":5.0},{"damage":4.0,"enemies":"Red Slaver","floor":10.0,"turns":3.0},{"damage":14.0,"enemies":"3 Sentries","floor":11.0,"turns":4.0},{"damage":3.0,"enemies":"Blue Slaver","floor":13.0,"turns":3.0},{"damage":0.0,"enemies":"Looter","floor":14.0,"turns":2.0},{"damage":8.0,"enemies":"Slime Boss","floor":16.0,"turns":8.0},{"damage":13.0,"enemies":"Shell Parasite","floor":18.0,"turns":5.0},{"damage":9.0,"enemies":"Chosen","floor":19.0,"turns":5.0},{"damage":4.0,"enemies":"3 Cultists","floor":21.0,"turns":3.0},{"damage":0,"enemies":"Masked Bandits","floor":22,"turns":2},{"damage":0,"enemies":"Snecko","floor":24,"turns":5},{"damage":12,"enemies":"Book of Stabbing","floor":27,"turns":9},{"damage":6,"enemies":"Snake Plant","floor":28,"turns":5},{"damage":33,"enemies":"Slavers","floor":29,"turns":4},{"damage":70,"enemies":"Champ","floor":33,"turns":17}],"seed_played":"5073806518227578939","potions_obtained":[{"floor":1.0,"key":"BlessingOfTheForge"},{"floor":2.0,"key":"GamblersBrew"},{"floor":4.0,"key":"EssenceOfSteel"},{"floor":13.0,"key":"DuplicationPotion"},{"floor":19.0,"key":"PowerPotion"},{"floor":22,"key":"ColorlessPotion"},{"floor":24,"key":"Energy Potion"},{"floor":29,"key":"SteroidPotion"}],"is_trial":false,"path_per_floor":["M","?","M","M","?","R","E","R","T","M","E","R","M","M","R","B",null,"M","M","$","M","?","R","M","R","T","E","M","E","?","$","R","B"],"character_chosen":"DEFECT","items_purchased":["Frozen Egg 2"],"campfire_rested":1,"item_purchase_floors":[31],"current_hp_per_floor":[64,64,63,63,63,63,43,43,43,39,25,25,22,22,22,14,62,49,40,40,36,36,36,36,36,43,31,37,16,16,16,42,0,0],"gold":78,"neow_bonus":"TEN_PERCENT_HP_BONUS","is_daily":false,"chose_seed":false,"campfire_upgraded":6,"win_rate":0.0,"timestamp":1611317224,"path_taken":["M","?","M","?","?","R","E","R","T","M","E","R","M","M","R","BOSS","M","M","$","M","?","R","M","R","T","E","M","E","?","$","R","BOSS"],"items_purchased_type":["Relic"],"build_version":"2020-12-22","purchased_purges":2,"victory":false,"max_hp_per_floor":[78,78,78,78,78,78,78,78,78,78,78,78,78,78,78,78,78,78,78,78,78,78,78,78,78,85,85,85,85,42,42,42,42,42],"relic_stats":{"Dream Catcher":1,"Regal Pillow":14,"counters":[18,88],"obtain_stats":[{"Dream Catcher":11,"Regal Pillow":26,"Matryoshka":9,"Strawberry":26,"Red Mask":22,"Omamori":29,"Frozen Egg 2":31,"Cracked Core":0,"FrozenCore":17,"Meat on the Bone":27},{"Dream Catcher":6,"Regal Pillow":14,"Matryoshka":4,"Strawberry":14,"Red Mask":13,"Omamori":17,"Frozen Egg 2":17,"Cracked Core":0,"FrozenCore":9,"Meat on the Bone":15},{"Dream Catcher":20,"Regal Pillow":53,"Matryoshka":13,"Strawberry":53,"Red Mask":48,"Omamori":71,"Frozen Egg 2":71,"Cracked Core":0,"FrozenCore":33,"Meat on the Bone":62}],"FrozenCore":[11],"Meat on the Bone":24},"card_choices":[{"not_picked":["Reinforced Body","Hologram"],"picked":"Auto Shields","floor":1.0},{"not_picked":["Reprogram","Rebound"],"picked":"FTL","floor":3.0},{"not_picked":["Stack","Scrape"],"picked":"Ball Lightning","floor":4.0},{"not_picked":["Stack","Scrape"],"picked":"Doom and Gloom","floor":7.0},{"not_picked":["Turbo","Compile Driver"],"picked":"Go for the Eyes","floor":10.0},{"not_picked":["Chaos","Multi-Cast","Go for the Eyes"],"picked":"SKIP","floor":11.0},{"not_picked":["Conserve Battery","Sweeping Beam"],"picked":"Coolheaded","floor":13.0},{"not_picked":["Rebound","Streamline"],"picked":"Cold Snap","floor":14.0},{"not_picked":["Rainbow","Fission"],"picked":"Electrodynamics","floor":16.0},{"not_picked":["Double Energy","Barrage"],"picked":"Defragment+1","floor":18.0},{"not_picked":["Steam","Loop"],"picked":"Defragment","floor":19.0},{"not_picked":["Redo","BootSequence","Chaos"],"picked":"SKIP","floor":21.0},{"not_picked":["Beam Cell","Steam Power"],"picked":"Glacier","floor":22},{"not_picked":["Ball Lightning","Rebound"],"picked":"Machine Learning","floor":24},{"not_picked":["Leap","Steam"],"picked":"Beam Cell","floor":27},{"not_picked":["Redo","Beam Cell","Steam"],"picked":"SKIP","floor":28},{"not_picked":["BootSequence","FTL"],"picked":"Double Energy","floor":29},{"not_picked":["Chill","Rebound"],"picked":"Buffer+1","floor":32}],"player_experience":1744817,"relics_obtained":[{"floor":9.0,"key":"Matryoshka"},{"floor":11.0,"key":"Dream Catcher"},{"floor":22,"key":"Red Mask"},{"floor":26,"key":"Regal Pillow"},{"floor":26,"key":"Strawberry"},{"floor":27,"key":"Meat on the Bone"},{"floor":29,"key":"Omamori"}],"event_choices":[{"damage_healed":0.0,"max_hp_gain":0.0,"max_hp_loss":0.0,"gold_gain":0.0,"event_name":"Lab","player_choice":"Got Potions","floor":2.0,"gold_loss":0.0,"damage_taken":0.0},{"damage_healed":0.0,"max_hp_gain":0.0,"max_hp_loss":0.0,"gold_gain":0.0,"cards_transformed":["Strike_B"],"event_name":"Transmorgrifier","player_choice":"Transformed","floor":5.0,"gold_loss":0.0,"damage_taken":0.0,"cards_obtained":["Ball Lightning"]},{"damage_healed":0,"gold_gain":0,"player_choice":"Fought Bandits","damage_taken":0,"max_hp_gain":0,"max_hp_loss":0,"event_name":"Masked Bandits","floor":22,"gold_loss":0},{"damage_healed":0,"gold_gain":0,"player_choice":"Became a Ghost","damage_taken":0,"max_hp_gain":0,"max_hp_loss":43,"event_name":"Ghosts","floor":30,"gold_loss":0,"cards_obtained":["Ghostly","Ghostly","Ghostly"]}],"is_beta":false,"boss_relics":[{"not_picked":["SlaversCollar","Sozu"],"picked":"FrozenCore"}],"items_purged_floors":[20,31],"is_endless":false,"potions_floor_spawned":[1,4,13,19,22,24,27,29],"killed_by":"Champ","ascension_level":18}}