{"host":"tl3n8idhzo2mohle","time":1611308774,"event":{"mods":["BaseMod","Colored Powertips","Downfall","Good Game Mod","Minty Spire (QoL Compilation)","StSLib","Waifu the Spire","noobMod"],"gold_per_floor":[99,99,24,24,24,43,43,54,72,86,104,120,120,151,168,269,269,69,82,82,125,140,160,160,180,10,10,40,40,40,54,71,176,176,76,90,104,104,123,155,206,232,249,282,292,310,310,337,354,354,354,384,51,51,51,51],"floor_reached":57,"language":"ZHS","playtime":2879,"items_purged":["Slimebound:Defend_Slimebound","Slimebound:Strike_Slimebound","Slimebound:Strike_Slimebound","Slimebound:Replication"],"score":1304,"play_id":"08f93fce-fe3c-49ff-bc5b-7bcf1e843ab7","local_time":"20210122174614","is_ascension_mode":false,"campfire_choices":[{"floor":1,"key":"RECALL"},{"data":"Slimebound:ComboTackle","floor":18,"key":"SMITH"},{"data":"Slimebound:ComboTackle","floor":27,"key":"SMITH"},{"data":"Slimebound:GoopTackle","floor":30,"key":"SMITH"},{"data":"Slimebound:MassRepurpose","floor":35,"key":"SMITH"},{"data":"Slimebound:PrepareCrush","floor":54,"key":"SMITH"}],"circlet_count":0,"master_deck":["Slimebound:Tackle","Slimebound:Split","Slimebound:CorrosiveSpit+1","Slimebound:ViciousTackle","Slimebound:PrepareCrush+1","Slimebound:RainOfGoop+1","Slimebound:ComboTackle+1","Slimebound:PrepareCrush","Slimebound:GoopTackle+1","Slimebound:LeechEnergy","Slimebound:Darklings","Slimebound:SplitSpecialist","Slimebound:ComboTackle+1","Slimebound:MassRepurpose+1","Parasite","Slimebound:ComboTackle","Slimebound:PrepareCrush"],"relics":["Slimebound:AbsorbEndCombat","REME:ComplimentaryCards","ice","downfall:HeartsMalice","War Paint","Empty Cage","downfall:HeartBlessingBlue","downfall:HeartBlessingGreen","Sling","bronze:BronzeIdol","Red Mask","Black Star","downfall:HeartBlessingRed","TungstenRod","Oddly Smooth Stone","CeramicFish","FossilizedHelix","Ancient Tea Set","Pen Nib","Mummified Hand","Guardian:PocketSentry","Strawberry","DollysMirror"],"acts_visited":["Exordium","TheCity","TheBeyond","TheEnding"],"potions_floor_usage":[44,44,52,56],"damage_taken":[{"damage":0,"enemies":"Cultist","floor":2,"turns":1},{"damage":0,"enemies":"downfall:FleeingMerchant","floor":3,"turns":1},{"damage":0,"enemies":"2 Louse","floor":4,"turns":1},{"damage":52,"enemies":"Jaw Worm","floor":6,"turns":10},{"damage":16,"enemies":"2 Fungi Beasts","floor":8,"turns":3},{"damage":113,"enemies":"Exordium Thugs","floor":9,"turns":12},{"damage":6,"enemies":"Lots of Slimes","floor":10,"turns":2},{"damage":3,"enemies":"2 Fungi Beasts","floor":11,"turns":2},{"damage":8,"enemies":"3 Louse","floor":12,"turns":2},{"damage":27,"enemies":"3 Sentries","floor":14,"turns":3},{"damage":9,"enemies":"Large Slime","floor":15,"turns":1},{"damage":17,"enemies":"SI_SHIV_ARCHETYPE","floor":16,"turns":3},{"damage":6,"enemies":"Spheric Guardian","floor":19,"turns":1},{"damage":0,"enemies":"Chosen","floor":20,"turns":1},{"damage":25,"enemies":"downfall:FleeingMerchant","floor":21,"turns":3},{"damage":12,"enemies":"Snake Plant","floor":22,"turns":1},{"damage":6,"enemies":"Snecko","floor":23,"turns":2},{"damage":19,"enemies":"Cultist and Chosen","floor":25,"turns":2},{"damage":6,"enemies":"Masked Bandits","floor":28,"turns":2},{"damage":18,"enemies":"Centurion and Healer","floor":31,"turns":2},{"damage":9,"enemies":"Snake Plant","floor":32,"turns":1},{"damage":26,"enemies":"DF_ARCHETYPE_CLAW","floor":33,"turns":2},{"damage":25,"enemies":"3 Darklings","floor":36,"turns":2},{"damage":6,"enemies":"Orb Walker","floor":37,"turns":1},{"damage":24,"enemies":"4 Shapes","floor":38,"turns":3},{"damage":15,"enemies":"Writhing Mass","floor":39,"turns":2},{"damage":12,"enemies":"Reptomancer","floor":40,"turns":2},{"damage":10,"enemies":"Spire Growth","floor":42,"turns":2},{"damage":18,"enemies":"Sphere and 2 Shapes","floor":43,"turns":2},{"damage":20,"enemies":"Giant Head","floor":44,"turns":2},{"damage":25,"enemies":"Writhing Mass","floor":45,"turns":2},{"damage":17,"enemies":"Spire Growth","floor":46,"turns":2},{"damage":14,"enemies":"Reptomancer","floor":48,"turns":2},{"damage":13,"enemies":"4 Shapes","floor":49,"turns":2},{"damage":14,"enemies":"WA_ARCHETYPE_DIVINITY","floor":50,"turns":3},{"damage":13,"enemies":"downfall:CharBossMerchant","floor":52,"turns":3},{"damage":24,"enemies":"downfall:NeowBoss","floor":55,"turns":6},{"damage":69,"enemies":"downfall:NeowBossFinal","floor":56,"turns":3}],"seed_played":"-7455979460391035265","potions_obtained":[{"floor":8,"key":"EntropicBrew"},{"floor":10,"key":"Regen Potion"},{"floor":12,"key":"Ancient Potion"},{"floor":22,"key":"DistilledChaos"},{"floor":44,"key":"Fire Potion"},{"floor":47,"key":"downfall:CursedFountainPotion"}],"is_trial":false,"path_per_floor":["R","M","$","M","?","M","T","M","M","M","M","M","?","E","M","B",null,"R","M","M","$","M","M","T","M","$","R","?","?","R","M","M","B",null,"R","M","M","M","M","E","T","M","M","E","M","M","?","E","M","B",null,"E","$","R","B","B",null],"character_chosen":"SLIMEBOUND","items_purchased":["Sling","Slimebound:ComboTackle","DollysMirror","BlessingOfTheForge"],"campfire_rested":0,"item_purchase_floors":[21,26,53,53],"current_hp_per_floor":[65,65,65,65,65,65,65,51,77,75,78,78,78,76,74,75,81,91,87,87,97,96,102,102,105,105,105,104,104,104,106,103,98,109,109,108,106,97,96,105,105,110,109,113,110,112,112,117,115,117,117,128,128,128,132,122],"gold":51,"neow_bonus":"THREE_ENEMY_KILL","is_daily":false,"chose_seed":false,"campfire_upgraded":5,"win_rate":0.0,"timestamp":1611308774,"path_taken":["R","M","?","M","?","M","T","?","M","M","M","M","?","E","M","BOSS","R","M","M","$","M","M","T","M","$","R","?","?","R","M","M","BOSS","R","M","M","M","M","E","T","M","M","E","M","M","?","E","M","BOSS","E","$","R","BOSS","BOSS"],"items_purchased_type":["Relic","Card","Relic","Potion"],"build_version":"2020-12-22","purchased_purges":4,"victory":true,"max_hp_per_floor":[65,65,65,65,65,65,65,66,78,78,78,78,78,78,78,81,81,91,91,91,107,107,107,107,107,107,107,107,107,107,107,107,109,109,109,109,109,109,109,109,109,110,110,115,116,117,117,117,117,117,117,128,128,128,132,158],"card_choices":[{"not_picked":["Slimebound:ItLooksTasty","Slimebound:PressTheAttack"],"picked":"Slimebound:ViciousTackle","floor":2},{"not_picked":["Slimebound:FinishingTackle","Slimebound:Prepare"],"picked":"Slimebound:PrepareCrush","floor":3},{"not_picked":["Slimebound:GoopSpray","Slimebound:SamplingLick"],"picked":"Slimebound:Replication","floor":4},{"not_picked":["Slimebound:FlameTackle","Slimebound:SpikyOuterGoop"],"picked":"Slimebound:RainOfGoop","floor":6},{"not_picked":["Slimebound:GoopSpray","Slimebound:ServeAndProtect","Slimebound:Nibble"],"picked":"SKIP","floor":8},{"not_picked":["Slimebound:SplitLeeching","Slimebound:ItLooksTasty","Slimebound:LivingWall"],"picked":"SKIP","floor":9},{"not_picked":["Slimebound:MegaLick","Slimebound:SamplingLick","Slimebound:FinishingTackle"],"picked":"SKIP","floor":10},{"not_picked":["Slimebound:GrowthPunch","Slimebound:Grow"],"picked":"Slimebound:ComboTackle","floor":11},{"not_picked":["Slimebound:MegaLick","Slimebound:LivingWall"],"picked":"Slimebound:PrepareCrush","floor":12},{"not_picked":["Slimebound:BestDefense","Slimebound:SplitBruiser"],"picked":"Slimebound:GoopTackle","floor":14},{"not_picked":["Slimebound:Gluttony","Slimebound:SplitAcid"],"picked":"Slimebound:LeechEnergy","floor":15},{"not_picked":["Slimebound:Teamwork","Slimebound:MinionMaster"],"picked":"Slimebound:Darklings","floor":16},{"not_picked":["Slimebound:FinishingTackle","Slimebound:ItLooksTasty","Slimebound:Prepare"],"picked":"SKIP","floor":19},{"not_picked":["Slimebound:LevelUp+1","Slimebound:ItLooksTasty","Slimebound:ProtectTheBoss"],"picked":"SKIP","floor":20},{"not_picked":["Slimebound:Nibble","Slimebound:AcidTongue","Slimebound:FlameTackle+1"],"picked":"SKIP","floor":21},{"not_picked":["Slimebound:HauntingLick","Slimebound:TongueLash","Slimebound:FormOfPuddle"],"picked":"SKIP","floor":22},{"not_picked":["Slimebound:LeechingTouch","Slimebound:SamplingLick"],"picked":"Slimebound:SplitSpecialist","floor":23},{"not_picked":["Slimebound:RollThrough","Slimebound:LeechingTouch+1","Slimebound:WasteNot"],"picked":"SKIP","floor":25},{"not_picked":["Slimebound:AcidTongue","Slimebound:SplitBruiser","Slimebound:LivingWall+1"],"picked":"SKIP","floor":31},{"not_picked":["Slimebound:TongueLash","Slimebound:GoopSpray","Slimebound:SplitBruiser+1"],"picked":"SKIP","floor":32},{"not_picked":["Slimebound:DouseInSlime","Slimebound:DuplicatedForm"],"picked":"Slimebound:MassRepurpose","floor":33},{"not_picked":["Slimebound:TongueLash+1","Slimebound:GrowthPunch","Slimebound:BestDefense"],"picked":"SKIP","floor":36},{"not_picked":["Slimebound:LeechEnergy+1","Slimebound:Equalize+1","Slimebound:SplitBruiser+1"],"picked":"SKIP","floor":37},{"not_picked":["Slimebound:ProtectTheBoss+1","Slimebound:FormOfPuddle+1","Slimebound:SpikyOuterGoop"],"picked":"SKIP","floor":38},{"not_picked":["Slimebound:HauntingLick+1","Slimebound:FirmFortitude","Slimebound:ForwardTackle+1"],"picked":"SKIP","floor":39},{"not_picked":["Slimebound:DisruptingSlam","Slimebound:HauntingLick","Slimebound:PressTheAttack"],"picked":"SKIP","floor":40},{"not_picked":["Slimebound:SplitBruiser","Slimebound:RainOfGoop"],"picked":"Slimebound:ComboTackle","floor":42},{"not_picked":["Slimebound:SplitAcid+1","Slimebound:SlimeTap","Slimebound:SlimeSpikes+1"],"picked":"SKIP","floor":43},{"not_picked":["Slimebound:Prepare+1","Slimebound:BestDefense+1","Slimebound:Dissolve"],"picked":"SKIP","floor":44},{"not_picked":["Slimebound:AcidTongue","Slimebound:Equalize","Slimebound:BestDefense"],"picked":"SKIP","floor":45},{"not_picked":["Slimebound:SplitLeeching+1","Slimebound:SplitBruiser","Slimebound:PressTheAttack+1"],"picked":"SKIP","floor":46},{"not_picked":["Slimebound:SplitLeeching","Slimebound:ServeAndProtect","Slimebound:SlimeSlap"],"picked":"SKIP","floor":48},{"not_picked":["Slimebound:AcidTongue","Slimebound:SamplingLick+1","Slimebound:GoopSpray+1"],"picked":"SKIP","floor":49},{"not_picked":["Slimebound:Replication","Slimebound:LevelUp+1","Slimebound:Recollect"],"picked":"SKIP","floor":52}],"player_experience":47633,"relics_obtained":[{"floor":14,"key":"War Paint"},{"floor":24,"key":"bronze:BronzeIdol"},{"floor":28,"key":"Red Mask"},{"floor":40,"key":"TungstenRod"},{"floor":40,"key":"Oddly Smooth Stone"},{"floor":41,"key":"CeramicFish"},{"floor":44,"key":"FossilizedHelix"},{"floor":44,"key":"Ancient Tea Set"},{"floor":48,"key":"Pen Nib"},{"floor":48,"key":"Mummified Hand"},{"floor":52,"key":"Guardian:PocketSentry"},{"floor":52,"key":"Strawberry"}],"event_choices":[{"damage_healed":0,"gold_gain":0,"player_choice":"Fought Bandits","damage_taken":0,"max_hp_gain":0,"max_hp_loss":0,"event_name":"Masked Bandits","floor":28,"gold_loss":0}],"is_beta":false,"boss_relics":[{"not_picked":["Slimebound:TarBlob","bronze:MakeshiftBattery"],"picked":"Empty Cage"},{"not_picked":["Pandora\u0027s Box","Snecko Eye"],"picked":"Black Star"}],"items_purged_floors":[3,21,26,53],"is_endless":false,"potions_floor_spawned":[8,10,12,15,16,22,23,25,28,32,33,37,39,42,44,45,48],"ascension_level":0}}