{"host":"9jj9tzo2iym4bpat","time":1611295139,"event":{"mods":["Act Like it!","BaseMod","CapriCore","Colored Map","Dark Map","Luminous","Minty Spire (QoL Compilation)","Permanent Neow","StSLib","Td1madao Mod","The Animator","The Immortal","The Marked","The Servant 0.9.4","Yakumo Yukari mod"],"gold_per_floor":[118,118,35,35,35,60,60,74,74,86,121,121,133,133,133,238,238,253,253,300,287,287,313,313,338,412,412,511,521,546,561,561,561,561],"floor_reached":33,"language":"ENG","playtime":1012,"items_purged":[],"score":404,"play_id":"66511ff6-bb15-4f98-8a7c-982f2f7bcb52","local_time":"20210121235859","is_ascension_mode":true,"campfire_choices":[{"data":"Sever Soul","floor":7,"key":"SMITH"},{"floor":12,"key":"REST"},{"floor":15,"key":"REST"},{"floor":24,"key":"REST"},{"floor":27,"key":"REST"},{"floor":32,"key":"REST"}],"circlet_count":0,"master_deck":["Strike_R","Strike_R","Strike_R","Strike_R","Strike_R","Defend_R+1","Defend_R+1","Defend_R","Defend_R","Bash+1","Sever Soul+1","Inflame+1","Shrug It Off+1","Bludgeon","Sword Boomerang","Heavy Blade","Armaments","Demon Form","Flex","Anger","Feed","CurseOfTheBell","Infernal Blade","Anger","Perfected Strike","Inflame","Anger","Seeing Red","Heavy Blade+1","Spot Weakness","Twin Strike+1"],"relics":["Burning Blood","NeowsBlessing","Prayer Wheel","White Beast Statue","War Paint","Calling Bell","Happy Flower","Letter Opener","Du-Vu Doll","Dream Catcher","Red Skull","Pear","Molten Egg 2","Red Mask"],"acts_visited":["Exordium","TheCity"],"potions_floor_usage":[14,16,25,33,33,33],"damage_taken":[{"damage":0,"enemies":"Cultist","floor":1,"turns":1},{"damage":0,"enemies":"Gremlin Nob","floor":6,"turns":1},{"damage":0,"enemies":"2 Louse","floor":8,"turns":1},{"damage":14,"enemies":"Small Slimes","floor":10,"turns":3},{"damage":28,"enemies":"Lagavulin","floor":11,"turns":8},{"damage":11,"enemies":"Looter","floor":13,"turns":3},{"damage":12,"enemies":"Slime Boss","floor":16,"turns":5},{"damage":0,"enemies":"Spheric Guardian","floor":18,"turns":3},{"damage":23,"enemies":"2 Thieves","floor":21,"turns":4},{"damage":53,"enemies":"Book of Stabbing","floor":23,"turns":5},{"damage":38,"enemies":"Gremlin Leader","floor":25,"turns":7},{"damage":18,"enemies":"Snecko","floor":29,"turns":3},{"damage":0,"enemies":"Masked Bandits","floor":30,"turns":2},{"damage":38,"enemies":"Shelled Parasite and Fungi","floor":31,"turns":4},{"damage":52,"enemies":"Champ","floor":33,"turns":6}],"seed_played":"-9004719179525619314","potions_obtained":[{"floor":1,"key":"Ancient Potion"},{"floor":10,"key":"Regen Potion"},{"floor":11,"key":"Dexterity Potion"},{"floor":14,"key":"Fruit Juice"},{"floor":14,"key":"Swift Potion"},{"floor":14,"key":"DuplicationPotion"},{"floor":16,"key":"Strength Potion"},{"floor":25,"key":"Ancient Potion"},{"floor":31,"key":"AttackPotion"}],"is_trial":false,"path_per_floor":["M","?","$","?","$","E","R","M","T","M","E","R","M","?","R","B",null,"M","$","T","M","$","E","R","E","T","R","?","M","?","M","R","B"],"character_chosen":"IRONCLAD","items_purchased":["Inflame","Shrug It Off"],"campfire_rested":5,"item_purchase_floors":[3,3],"current_hp_per_floor":[80,80,80,64,64,70,70,76,76,68,46,70,65,70,85,79,85,85,85,85,68,68,21,46,24,24,52,52,40,46,14,42,0,0],"gold":561,"neow_bonus":"THREE_ENEMY_KILL","is_daily":false,"chose_seed":false,"campfire_upgraded":1,"win_rate":0.0,"timestamp":1611295139,"path_taken":["M","?","$","?","$","E","R","M","T","M","E","R","M","?","R","BOSS","M","$","?","M","$","E","R","E","T","R","?","M","?","M","R","BOSS"],"items_purchased_type":["Card","Card"],"build_version":"2020-12-22","purchased_purges":0,"victory":false,"max_hp_per_floor":[80,80,80,80,80,80,80,80,80,80,80,80,80,85,85,85,85,85,85,85,85,85,85,85,95,95,95,95,95,95,95,95,95,95],"card_choices":[{"not_picked":["Power Through","True Grit"],"picked":"Sever Soul","floor":1},{"not_picked":["Havoc","Iron Wave"],"picked":"Bludgeon","floor":6},{"not_picked":["Combust","Iron Wave"],"picked":"Sword Boomerang","floor":8},{"not_picked":["Thunderclap","Body Slam","Iron Wave"],"picked":"SKIP","floor":8},{"not_picked":["Ghostly Armor","Clothesline"],"picked":"Heavy Blade","floor":10},{"not_picked":["Sword Boomerang","True Grit"],"picked":"Armaments","floor":10},{"not_picked":["Disarm","Wild Strike"],"picked":"Demon Form","floor":11},{"not_picked":["Heavy Blade","Power Through"],"picked":"Flex","floor":13},{"not_picked":["Combust","Ghostly Armor"],"picked":"Anger","floor":13},{"not_picked":["Berserk","Immolate"],"picked":"Feed","floor":16},{"not_picked":["Wild Strike","Power Through"],"picked":"Infernal Blade","floor":18},{"not_picked":["Armaments","Sentinel","Body Slam+1"],"picked":"SKIP","floor":18},{"not_picked":["Havoc","Whirlwind+1"],"picked":"Anger","floor":21},{"not_picked":["Corruption","Clothesline","Sentinel+1"],"picked":"SKIP","floor":21},{"not_picked":["Whirlwind","Wild Strike+1"],"picked":"Perfected Strike","floor":23},{"not_picked":["Whirlwind+1","Headbutt"],"picked":"Inflame","floor":24},{"not_picked":["True Grit","Carnage+1"],"picked":"Anger","floor":25},{"not_picked":["Havoc+1","Flame Barrier"],"picked":"Seeing Red","floor":27},{"not_picked":["Evolve","Power Through"],"picked":"Heavy Blade+1","floor":29},{"not_picked":["Thunderclap+1","Havoc+1","Offering"],"picked":"SKIP","floor":29},{"not_picked":["Thunderclap+1","Feel No Pain+1"],"picked":"Spot Weakness","floor":30},{"not_picked":["Thunderclap+1","Clash+1"],"picked":"Twin Strike+1","floor":31},{"not_picked":["True Grit+1","Second Wind","Rampage+1"],"picked":"SKIP","floor":31}],"player_experience":296882,"relics_obtained":[{"floor":6,"key":"Prayer Wheel"},{"floor":9,"key":"White Beast Statue"},{"floor":11,"key":"War Paint"},{"floor":17,"key":"Happy Flower"},{"floor":17,"key":"Letter Opener"},{"floor":17,"key":"Du-Vu Doll"},{"floor":20,"key":"Dream Catcher"},{"floor":23,"key":"Red Skull"},{"floor":25,"key":"Pear"},{"floor":26,"key":"Molten Egg 2"},{"floor":30,"key":"Red Mask"}],"event_choices":[{"damage_healed":0,"gold_gain":0,"player_choice":"Grow","damage_taken":0,"max_hp_gain":0,"max_hp_loss":0,"event_name":"Living Wall","floor":2,"gold_loss":0,"cards_upgraded":["Bash"]},{"damage_healed":0,"gold_gain":0,"player_choice":"Entered Light","damage_taken":16,"max_hp_gain":0,"max_hp_loss":0,"event_name":"Shining Light","floor":4,"gold_loss":0,"cards_upgraded":["Shrug It Off","Inflame"]},{"damage_healed":0,"gold_gain":0,"player_choice":"Got Potions","damage_taken":0,"max_hp_gain":0,"max_hp_loss":0,"event_name":"Lab","floor":14,"gold_loss":0},{"damage_healed":0,"gold_gain":99,"player_choice":"Stole From Cult","damage_taken":0,"max_hp_gain":0,"max_hp_loss":0,"event_name":"Nest","floor":28,"gold_loss":0},{"damage_healed":0,"gold_gain":0,"player_choice":"Fought Bandits","damage_taken":0,"max_hp_gain":0,"max_hp_loss":0,"event_name":"Masked Bandits","floor":30,"gold_loss":0}],"is_beta":false,"boss_relics":[{"not_picked":["Empty Cage","Mark of Pain"],"picked":"Calling Bell"}],"items_purged_floors":[],"is_endless":false,"potions_floor_spawned":[1,10,11,13,16,18,21,23,25,29,30,31],"killed_by":"Champ","ascension_level":4}}