{"host":"djnckld4u602t245","time":1611350724,"event":{"mods":["AchievementEnabler","Act Like it!","Arknights The Spire","Ascension Unlocker","BaseMod","Better Altar","Better Match","Better Sensory Stone","Better Skull","Better Third Choice","Better Vampires","BetterRewards","Dota2Spire","Downfall","Hallownest","Hermit","Minty Spire (QoL Compilation)","Permanent Neow","Quick Restart","Remove Card Discount Mod","StSLib","The Bug Knight","The Marked","The Problem Sleuth","Virulent Crown","????"],"gold_per_floor":[99,114,134,134,148,176,176,101,101,0,16,16,34,34,34],"floor_reached":14,"language":"ENG","playtime":641,"items_purged":["Regret","theMarked:Strike","theMarked:Strike"],"score":90,"play_id":"2c6fd3e6-781b-489b-8c2b-8cbd52cfff88","local_time":"20210123002524","is_ascension_mode":false,"campfire_choices":[{"data":"theMarked:SummonStrength","floor":1,"key":"SMITH"},{"data":"theMarked:SoldierOfQuellstein","floor":9,"key":"SMITH"}],"circlet_count":0,"master_deck":["theMarked:Strike","theMarked:Strike","theMarked:Strike+1","theMarked:Defend","theMarked:Defend","theMarked:Defend","theMarked:Defend","theMarked:SoldierOfQuellstein+1","theMarked:SummonStrength+1","theMarked:WastefulAttack","theMarked:Overthink","theMarked:Opportunist+1","theMarked:SummonStrength+1","theMarked:SummonStrength+1"],"relics":["theMarked:ArtifactOfAir","Hallownest:DreamNailRelic","Dota2Spire:Satanic"],"acts_visited":["Hallownest:Greenpath"],"potions_floor_usage":[14],"damage_taken":[{"damage":5,"enemies":"Hallownest:monsterHuskWarrior","floor":2,"turns":5},{"damage":4,"enemies":"2_ Uuma","floor":3,"turns":6},{"damage":4,"enemies":"Hallownest:monsterHuskGuard","floor":5,"turns":4},{"damage":9,"enemies":"Hallownest:eliteVengeflyKing","floor":6,"turns":7},{"damage":4,"enemies":"downfall:FleeingMerchant","floor":10,"turns":4},{"damage":6,"enemies":"Hallownest:MossCreep_and_Mosskin","floor":11,"turns":5},{"damage":0,"enemies":"Hallownest:monsterMossCharger","floor":13,"turns":2},{"damage":13,"enemies":"Hallownest:eliteCrystalGuardian","floor":14,"turns":3}],"seed_played":"156417405707798778","potions_obtained":[{"floor":5,"key":"bronze:BurnAndBuffPotion"},{"floor":6,"key":"PowerPotion"}],"is_trial":false,"path_per_floor":["R","M","M","?","M","E","T","?","R","$","M","?","M","E"],"character_chosen":"THE_DEFAULT","items_purchased":["theMarked:SummonStrength"],"campfire_rested":0,"item_purchase_floors":[10],"current_hp_per_floor":[70,65,61,61,57,48,48,48,48,44,38,11,11,0,0],"gold":34,"neow_bonus":"THREE_RARE_CARDS","is_daily":false,"chose_seed":false,"campfire_upgraded":2,"win_rate":0.0,"timestamp":1611350724,"path_taken":["R","M","M","?","?","E","T","?","R","$","M","?","M","E"],"items_purchased_type":["Card"],"build_version":"2020-12-22","purchased_purges":3,"victory":false,"max_hp_per_floor":[70,70,70,70,70,70,70,70,70,70,70,70,70,70,70],"card_choices":[{"not_picked":["theMarked:Levitate","theMarked:Abjuration"],"picked":"theMarked:SummonStrength","floor":0},{"not_picked":["theMarked:SwordAndMagic","theMarked:WastefulDefense","theMarked:BanishingStrike"],"picked":"SKIP","floor":2},{"not_picked":["theMarked:ContemptForTheProud","theMarked:ParalyzingBlade"],"picked":"theMarked:WastefulAttack","floor":3},{"not_picked":["theMarked:EnhanceMovement","theMarked:Parkour","theMarked:MaelstromOfLightning"],"picked":"SKIP","floor":5},{"not_picked":["theMarked:EmpowerWeapon","theMarked:Indomitable"],"picked":"theMarked:Overthink","floor":6},{"not_picked":["theMarked:MaelstromOfLightning+1","theMarked:KeepCalmAndFightOn+1"],"picked":"theMarked:Opportunist+1","floor":8},{"not_picked":["theMarked:ThrowWeapon+1","theMarked:ChannelForce+1"],"picked":"theMarked:SummonStrength+1","floor":8},{"not_picked":["theMarked:Improvise","theMarked:BanishingStrike","theMarked:Polarize"],"picked":"SKIP","floor":10},{"not_picked":["theMarked:Parry","theMarked:Frustration","theMarked:Static"],"picked":"SKIP","floor":11},{"not_picked":["theMarked:TwofoldDefense","theMarked:Aftermath","theMarked:Reabsorb"],"picked":"SKIP","floor":13}],"player_experience":689877,"relics_obtained":[{"floor":6,"key":"Dota2Spire:Satanic"}],"event_choices":[{"damage_healed":0,"gold_gain":0,"player_choice":"2","damage_taken":0,"max_hp_gain":0,"max_hp_loss":0,"event_name":"betterMatch:BetterMatch","floor":8,"gold_loss":0,"cards_obtained":["betterMatch:UncommonCard","betterMatch:RareCard"]},{"damage_healed":0,"gold_gain":0,"player_choice":"UP UP ","damage_taken":31,"relics_obtained":[],"max_hp_gain":0,"max_hp_loss":0,"event_name":"betterSkull:BetterSkull","floor":12,"gold_loss":0,"cards_upgraded":["theMarked:Strike","theMarked:SummonStrength"]}],"is_beta":false,"boss_relics":[],"items_purged_floors":[10,10,10],"is_endless":false,"potions_floor_spawned":[5,6],"killed_by":"Hallownest:eliteCrystalGuardian","ascension_level":0}}