{"host":"19r1ww88x2tc73i0","time":1611300122,"event":{"mods":["BaseMod","BetterRewards","Colored Map","Minty Spire (QoL Compilation)","Relic Stats","StSLib","SuperFastMode","slay the spire mod where everything is the same but ironclad has a cowboy hat"],"gold_per_floor":[118,393,54,69,83,83,48,62,88,88,88,88,118,138,138,211,211,224,243,111,125,22,22,53,53,53,70,95,109,109,125,125,196,196,209,1208,1208,883,901,901,931,931,980,595,595,492,492,516,528,528],"floor_reached":49,"language":"ENG","playtime":2374,"items_purged":["Regret","Strike_B","Strike_B","Normality","Normality","Strike_B"],"score":1131,"play_id":"92f6dd55-6351-46ad-96b5-b6deb7930c72","local_time":"25640122142202","is_ascension_mode":true,"campfire_choices":[{"data":"Sweeping Beam","floor":6.0,"key":"SMITH"},{"data":"Rip and Tear","floor":10.0,"key":"SMITH"},{"data":"Capacitor","floor":12.0,"key":"SMITH"},{"floor":15.0,"key":"RECALL"},{"data":"Beam Cell","floor":23.0,"key":"SMITH"},{"data":"FTL","floor":25.0,"key":"SMITH"},{"floor":32.0,"key":"REST"},{"data":"Go for the Eyes","floor":40.0,"key":"SMITH"},{"floor":45.0,"key":"REST"}],"circlet_count":0,"master_deck":["AscendersBane","Strike_B","Defend_B+1","Defend_B","Defend_B+1","Defend_B","Zap","Dualcast","Seek+1","Steam+1","Skim+1","Capacitor+1","FTL+1","Rip and Tear+1","Reinforced Body+1","Rebound","Conserve Battery+1","Sweeping Beam+1","Melter","Hologram+1","Reboot+1","Leap+1","Double Energy+1","Beam Cell+1","Loop+1","Recycle+1","Conserve Battery+1","Go for the Eyes+1","Double Energy+1","All For One","CurseOfTheBell","FTL+1","Go for the Eyes+1","Stack+1","Undo+1","Fusion+1","White Noise+1","Hologram+1"],"relics":["Cracked Core","Kunai","Toxic Egg 2","Orrery","Potion Belt","Membership Card","Pen Nib","War Paint","Happy Flower","SacredBark","Smiling Mask","Bronze Scales","Calling Bell","Strawberry","Molten Egg 2","Ice Cream","Omamori","Lee\u0027s Waffle","MealTicket","Toy Ornithopter","Mummified Hand","Medical Kit","MawBank"],"acts_visited":["Exordium","TheCity","TheBeyond"],"potions_floor_usage":[],"damage_taken":[{"damage":7.0,"enemies":"Jaw Worm","floor":1.0,"turns":4.0},{"damage":0.0,"enemies":"Cultist","floor":4.0,"turns":2.0},{"damage":0.0,"enemies":"Small Slimes","floor":5.0,"turns":2.0},{"damage":4.0,"enemies":"Looter","floor":8.0,"turns":3.0},{"damage":0.0,"enemies":"Gremlin Nob","floor":13.0,"turns":2.0},{"damage":4.0,"enemies":"Exordium Wildlife","floor":14.0,"turns":4.0},{"damage":30.0,"enemies":"Hexaghost","floor":16.0,"turns":10.0},{"damage":0.0,"enemies":"Spheric Guardian","floor":18.0,"turns":3.0},{"damage":0.0,"enemies":"Shell Parasite","floor":19.0,"turns":3.0},{"damage":2.0,"enemies":"Chosen and Byrds","floor":21.0,"turns":4.0},{"damage":28.0,"enemies":"Book of Stabbing","floor":24.0,"turns":6.0},{"damage":9.0,"enemies":"Centurion and Healer","floor":27.0,"turns":6.0},{"damage":17.0,"enemies":"Gremlin Leader","floor":28.0,"turns":3.0},{"damage":5.0,"enemies":"Snecko","floor":29.0,"turns":3.0},{"damage":1.0,"enemies":"Sentry and Sphere","floor":31.0,"turns":5.0},{"damage":61.0,"enemies":"Collector","floor":33.0,"turns":9.0},{"damage":11.0,"enemies":"3 Shapes","floor":35.0,"turns":4.0},{"damage":3.0,"enemies":"Orb Walker","floor":39.0,"turns":3.0},{"damage":43.0,"enemies":"Nemesis","floor":41.0,"turns":7.0},{"damage":17,"enemies":"Writhing Mass","floor":48,"turns":8}],"seed_played":"5799325590651852621","potions_obtained":[{"floor":5.0,"key":"GamblersBrew"},{"floor":8.0,"key":"GamblersBrew"},{"floor":16.0,"key":"FearPotion"},{"floor":19.0,"key":"Explosive Potion"},{"floor":24.0,"key":"LiquidMemories"},{"floor":28.0,"key":"AttackPotion"},{"floor":29.0,"key":"Fruit Juice"},{"floor":41.0,"key":"EssenceOfDarkness"},{"floor":48,"key":"SteroidPotion"}],"is_trial":false,"path_per_floor":["M","?","$","M","M","R","?","M","T","R","?","R","E","M","R","B",null,"M","M","$","M","$","R","E","R","T","M","E","M","?","M","R","B",null,"M","?","?","$","M","R","E","?","T","$","R","$","?","M","R"],"character_chosen":"DEFECT","items_purchased":["Kunai","Toxic Egg 2","Orrery","Potion Belt","Membership Card","Pen Nib","Reinforced Body+1","Rebound","Double Energy+1","Regen Potion","LiquidBronze","Omamori","Lee\u0027s Waffle","Go for the Eyes+1","Stack+1","SneckoOil","Fusion+1","Mummified Hand","Medical Kit","Dexterity Potion","White Noise+1","Hologram+1","Dexterity Potion"],"campfire_rested":2,"item_purchase_floors":[0,0,0,0,3,3,3,3,20,20,22,38,38,38,38,38,44,44,44,44,44,46,46],"current_hp_per_floor":[25,25,25,25,25,25,42,38,38,38,43,43,43,39,39,9,59,59,59,59,57,57,57,62,62,62,53,36,31,31,30,52,1,72,61,61,61,100,97,97,54,54,54,69,99,100,100,83,83,83],"gold":528,"neow_bonus":"","is_daily":false,"chose_seed":false,"campfire_upgraded":6,"win_rate":0.0,"timestamp":1611300122,"path_taken":["M","?","$","?","M","R","?","M","T","R","?","R","E","M","R","BOSS","M","M","$","M","$","R","E","R","T","M","E","M","?","M","R","BOSS","M","?","?","$","M","R","E","?","T","?","R","$","?","?","R"],"items_purchased_type":["Relic","Relic","Relic","Relic","Relic","Relic","Card","Card","Card","Potion","Potion","Relic","Relic","Card","Card","Potion","Card","Relic","Relic","Potion","Card","Card","Potion"],"build_version":"2020-12-22","purchased_purges":6,"victory":false,"max_hp_per_floor":[71,71,71,71,71,71,71,71,71,71,76,76,76,76,76,76,76,76,76,76,76,76,76,76,76,76,76,76,76,76,76,76,86,93,93,93,93,100,100,100,100,100,100,100,100,100,100,100,100,100],"relic_stats":{"Lee\u0027s Waffle":39,"Happy Flower":[26],"counters":[28,118],"Pen Nib":[20],"War Paint":["Defend_B","Defend_B"],"Smiling Mask":113,"Medical Kit":[0],"MawBank":24,"Mummified Hand":[2],"Bronze Scales":[117],"MealTicket":16,"Kunai":[41],"obtain_stats":[{"Ice Cream":34,"SacredBark":17,"Vajra":7,"Bag of Preparation":0,"Whetstone":4,"Smiling Mask":24,"Mummified Hand":44,"Strawberry":34,"MealTicket":41,"Chemical X":0,"Kunai":0,"Toxic Egg 2":0,"Cracked Core":0,"InkBottle":13,"Potion Belt":0,"Lee\u0027s Waffle":38,"Happy Flower":13,"PreservedInsect":9,"Pen Nib":3,"Omamori":38,"War Paint":9,"Medical Kit":44,"MawBank":47,"Cables":0,"Calling Bell":34,"Bronze Scales":28,"Orrery":0,"Molten Egg 2":34,"Membership Card":0,"Toy Ornithopter":43},{"Ice Cream":24,"SacredBark":15,"Vajra":3,"Bag of Preparation":0,"Whetstone":2,"Smiling Mask":19,"Mummified Hand":27,"Strawberry":24,"MealTicket":27,"Chemical X":0,"Kunai":8,"Toxic Egg 2":8,"Cracked Core":0,"InkBottle":7,"Potion Belt":8,"Lee\u0027s Waffle":25,"Happy Flower":13,"PreservedInsect":3,"Pen Nib":9,"Omamori":25,"War Paint":12,"Medical Kit":27,"MawBank":27,"Cables":0,"Calling Bell":24,"Bronze Scales":21,"Orrery":8,"Molten Egg 2":24,"Membership Card":0,"Toy Ornithopter":27},{"Ice Cream":97,"SacredBark":55,"Vajra":10,"Bag of Preparation":0,"Whetstone":7,"Smiling Mask":71,"Mummified Hand":110,"Strawberry":97,"MealTicket":110,"Chemical X":0,"Kunai":28,"Toxic Egg 2":28,"Cracked Core":0,"InkBottle":27,"Potion Belt":28,"Lee\u0027s Waffle":100,"Happy Flower":41,"PreservedInsect":10,"Pen Nib":32,"Omamori":100,"War Paint":39,"Medical Kit":110,"MawBank":110,"Cables":0,"Calling Bell":97,"Bronze Scales":80,"Orrery":28,"Molten Egg 2":97,"Membership Card":0,"Toy Ornithopter":110}],"Toy Ornithopter":0},"card_choices":[{"not_picked":["Ball Lightning","Coolheaded+1"],"picked":"Seek+1","floor":0.0},{"not_picked":["Rebound","Turbo+1"],"picked":"Steam+1","floor":0.0},{"not_picked":["Force Field+1","Ball Lightning"],"picked":"Skim+1","floor":0.0},{"not_picked":["Barrage","Defragment"],"picked":"Capacitor","floor":0.0},{"not_picked":["Rebound","Undo+1"],"picked":"FTL","floor":0.0},{"not_picked":["Stack+1","Gash"],"picked":"Rip and Tear","floor":1.0},{"not_picked":["Lockon","Auto Shields+1"],"picked":"Conserve Battery+1","floor":4.0},{"not_picked":["Ball Lightning","Redo+1"],"picked":"Sweeping Beam","floor":5.0},{"not_picked":["Streamline","Blizzard","Turbo+1"],"picked":"SKIP","floor":8.0},{"not_picked":["Doom and Gloom","Buffer"],"picked":"Melter","floor":13.0},{"not_picked":["Turbo+1","Ball Lightning"],"picked":"Hologram+1","floor":14.0},{"not_picked":["Core Surge","Seek+1"],"picked":"Reboot+1","floor":16.0},{"not_picked":["Self Repair","Turbo+1"],"picked":"Leap+1","floor":18.0},{"not_picked":["Leap+1","Turbo+1","Streamline"],"picked":"SKIP","floor":19.0},{"not_picked":["Sweeping Beam","Hologram+1"],"picked":"Beam Cell","floor":21.0},{"not_picked":["Turbo+1","Gash"],"picked":"Loop+1","floor":24.0},{"not_picked":["Steam+1","BootSequence+1"],"picked":"Recycle+1","floor":27.0},{"not_picked":["Steam+1","Compile Driver"],"picked":"Conserve Battery+1","floor":28.0},{"not_picked":["Compile Driver+1","Conserve Battery+1"],"picked":"Go for the Eyes","floor":29.0},{"not_picked":["Leap+1","Steam Power+1"],"picked":"Double Energy+1","floor":31.0},{"not_picked":["Buffer","Thunder Strike"],"picked":"All For One","floor":33.0},{"not_picked":["Ball Lightning+1","Loop"],"picked":"FTL+1","floor":35.0},{"not_picked":["Genetic Algorithm+1","Beam Cell+1","Rebound+1"],"picked":"SKIP","floor":39.0},{"not_picked":["Genetic Algorithm+1","Beam Cell+1","Rebound+1"],"picked":"SKIP","floor":39.0},{"not_picked":["Genetic Algorithm+1","Beam Cell+1","Rebound+1"],"picked":"SKIP","floor":39.0},{"not_picked":["Recycle+1","Barrage+1"],"picked":"Undo+1","floor":41.0},{"not_picked":["Leap+1","FTL+1","Go for the Eyes+1"],"picked":"SKIP","floor":48}],"player_experience":929916,"relics_obtained":[{"floor":9.0,"key":"War Paint"},{"floor":13.0,"key":"Happy Flower"},{"floor":24.0,"key":"Smiling Mask"},{"floor":28.0,"key":"Bronze Scales"},{"floor":34.0,"key":"Strawberry"},{"floor":34.0,"key":"Molten Egg 2"},{"floor":34.0,"key":"Ice Cream"},{"floor":41.0,"key":"MealTicket"},{"floor":43.0,"key":"Toy Ornithopter"},{"floor":47.0,"key":"MawBank"}],"event_choices":[{"damage_healed":0.0,"max_hp_gain":0.0,"max_hp_loss":0.0,"gold_gain":275.0,"event_name":"Golden Shrine","player_choice":"Desecrate","floor":2.0,"gold_loss":0.0,"damage_taken":0.0,"cards_obtained":["Regret"]},{"damage_healed":17.0,"max_hp_gain":0.0,"max_hp_loss":0.0,"gold_gain":0.0,"event_name":"The Cleric","player_choice":"Healed","floor":7.0,"gold_loss":35.0,"damage_taken":0.0},{"damage_healed":0.0,"max_hp_gain":5.0,"max_hp_loss":0.0,"gold_gain":0.0,"event_name":"Big Fish","player_choice":"Donut","floor":11.0,"gold_loss":0.0,"damage_taken":0.0},{"damage_healed":0.0,"max_hp_gain":0.0,"max_hp_loss":0.0,"gold_gain":0.0,"event_name":"Ghosts","player_choice":"Ignored","floor":30.0,"gold_loss":0.0,"damage_taken":0.0},{"damage_healed":0.0,"max_hp_gain":0.0,"max_hp_loss":0.0,"gold_gain":999.0,"event_name":"MindBloom","player_choice":"Gold","floor":36.0,"gold_loss":0.0,"damage_taken":0.0,"cards_obtained":["Normality","Normality"]},{"damage_healed":0.0,"max_hp_gain":0.0,"max_hp_loss":0.0,"gold_gain":0.0,"event_name":"Tomb of Lord Red Mask","player_choice":"Ignored","floor":37.0,"gold_loss":0.0,"damage_taken":0.0},{"damage_healed":0.0,"max_hp_gain":0.0,"max_hp_loss":0.0,"gold_gain":0.0,"event_name":"Mysterious Sphere","player_choice":"Ignored","floor":42.0,"gold_loss":0.0,"damage_taken":0.0},{"damage_healed":0.0,"max_hp_gain":0.0,"max_hp_loss":0.0,"gold_gain":0.0,"event_name":"Wheel of Change","player_choice":"Relic","floor":47.0,"gold_loss":0.0,"damage_taken":0.0}],"is_beta":false,"boss_relics":[{"not_picked":["Coffee Dripper","Busted Crown"],"picked":"SacredBark"},{"not_picked":["SlaversCollar","Runic Dome"],"picked":"Calling Bell"}],"items_purged_floors":[3,20,22,38,44,46],"is_endless":false,"potions_floor_spawned":[5,8,16,19,24,28,29,41,48],"ascension_level":20}}