{"host":"89iuq2p5kwriuwfq","time":1611314654,"event":{"mods":["BaseMod","Curses Come First","Minty Spire (QoL Compilation)","Permanent Neow","StSLib"],"gold_per_floor":[113,133,152,167,184,217,217,236,236,263,282,282,295,314,314,414,414,430,340,0,99,49,49,49],"floor_reached":23,"language":"ENG","playtime":1292,"items_purged":["Strike_P","Defend_P"],"score":277,"play_id":"63bc09fc-9957-43c5-8c35-805e616fee3b","local_time":"20210122112414","is_ascension_mode":true,"campfire_choices":[{"data":"Eruption","floor":7,"key":"SMITH"},{"data":"ForeignInfluence","floor":12,"key":"SMITH"},{"data":"Brilliance","floor":15,"key":"SMITH"}],"circlet_count":0,"master_deck":["Strike_P","Strike_P","Defend_P","Defend_P","Defend_P","Eruption+1","Vigilance","Protect","ForeignInfluence+1","Tantrum","Protect","Sanctity","Brilliance+1","Pray+1","FearNoEvil","Prostrate","Vault","Prostrate","Prostrate","Devotion","WindmillStrike+1","Devotion"],"relics":["PureWater","Prayer Wheel","Incense Burner","Darkstone Periapt","Smiling Mask","Black Star","DollysMirror","Vajra"],"acts_visited":["Exordium","TheCity"],"potions_floor_usage":[5,6,10,18,18,23,23],"damage_taken":[{"damage":2,"enemies":"Jaw Worm","floor":1,"turns":6},{"damage":0,"enemies":"Cultist","floor":2,"turns":2},{"damage":0,"enemies":"Small Slimes","floor":3,"turns":3},{"damage":3,"enemies":"Looter","floor":4,"turns":3},{"damage":1,"enemies":"Lots of Slimes","floor":5,"turns":2},{"damage":6,"enemies":"3 Sentries","floor":6,"turns":4},{"damage":0,"enemies":"2 Fungi Beasts","floor":8,"turns":3},{"damage":10,"enemies":"Gremlin Nob","floor":10,"turns":3},{"damage":1,"enemies":"Looter","floor":11,"turns":4},{"damage":1,"enemies":"Blue Slaver","floor":13,"turns":3},{"damage":0,"enemies":"Large Slime","floor":14,"turns":4},{"damage":1,"enemies":"Hexaghost","floor":16,"turns":6},{"damage":0,"enemies":"Shell Parasite","floor":18,"turns":3},{"damage":32,"enemies":"Slavers","floor":23,"turns":5}],"seed_played":"4757864281429531189","potions_obtained":[{"floor":1,"key":"DuplicationPotion"},{"floor":2,"key":"Explosive Potion"},{"floor":3,"key":"LiquidBronze"},{"floor":6,"key":"CultistPotion"},{"floor":10,"key":"Regen Potion"},{"floor":13,"key":"SteroidPotion"},{"floor":18,"key":"Weak Potion"}],"is_trial":false,"path_per_floor":["M","M","M","M","M","E","R","M","T","E","M","R","M","M","R","B",null,"M","?","$","?","$","E"],"character_chosen":"WATCHER","items_purchased":["DollysMirror","Vajra"],"campfire_rested":0,"item_purchase_floors":[20,20],"current_hp_per_floor":[45,45,45,42,41,35,35,35,35,25,24,24,23,23,23,22,60,72,72,72,72,72,40,40],"gold":49,"neow_bonus":"ONE_RARE_RELIC","is_daily":false,"chose_seed":false,"campfire_upgraded":3,"win_rate":0.0,"timestamp":1611314654,"path_taken":["M","M","M","M","M","E","R","M","T","E","M","R","M","M","R","BOSS","M","?","?","?","$","E"],"items_purchased_type":["Relic","Relic"],"build_version":"2020-12-22","purchased_purges":2,"victory":false,"max_hp_per_floor":[72,72,72,72,72,72,72,72,72,72,72,72,72,72,72,72,72,72,72,72,72,72,72,72],"card_choices":[{"not_picked":["WaveOfTheHand","EmptyFist"],"picked":"Protect","floor":1},{"not_picked":["Fasting2","Study"],"picked":"ForeignInfluence","floor":1},{"not_picked":["SashWhip","Weave"],"picked":"Tantrum","floor":2},{"not_picked":["SashWhip","Evaluate"],"picked":"Protect","floor":2},{"not_picked":["BowlingBash","CutThroughFate"],"picked":"Sanctity","floor":3},{"not_picked":["FlyingSleeves","CrushJoints","CarveReality"],"picked":"SKIP","floor":3},{"not_picked":["WheelKick","SandsOfTime"],"picked":"Brilliance","floor":4},{"not_picked":["CutThroughFate","Vengeance"],"picked":"Pray","floor":4},{"not_picked":["Halt","JustLucky"],"picked":"FearNoEvil","floor":5},{"not_picked":["ThirdEye","Evaluate"],"picked":"Prostrate","floor":5},{"not_picked":["Halt","Evaluate","Nirvana"],"picked":"SKIP","floor":6},{"not_picked":["ForeignInfluence","Halt"],"picked":"Vault","floor":8},{"not_picked":["Crescendo","WreathOfFlame","SashWhip"],"picked":"SKIP","floor":8},{"not_picked":["PathToVictory","ConjureBlade"],"picked":"Prostrate","floor":10},{"not_picked":["FlurryOfBlows","Tantrum","FearNoEvil"],"picked":"SKIP","floor":11},{"not_picked":["Protect","CutThroughFate","FlyingSleeves"],"picked":"SKIP","floor":11},{"not_picked":["CutThroughFate","ThirdEye"],"picked":"Prostrate","floor":13},{"not_picked":["EmptyBody","JustLucky","Evaluate"],"picked":"SKIP","floor":13},{"not_picked":["Vengeance","Swivel","Study"],"picked":"SKIP","floor":14},{"not_picked":["FlyingSleeves","EmptyBody","ForeignInfluence"],"picked":"SKIP","floor":14},{"not_picked":["LessonLearned","Establishment"],"picked":"Devotion","floor":16},{"not_picked":["JustLucky","Prostrate"],"picked":"WindmillStrike+1","floor":18},{"not_picked":["Evaluate","ThirdEye+1","Weave+1"],"picked":"SKIP","floor":18}],"player_experience":531990,"relics_obtained":[{"floor":6,"key":"Incense Burner"},{"floor":9,"key":"Darkstone Periapt"},{"floor":10,"key":"Smiling Mask"}],"event_choices":[{"cards_removed":["Strike_P"],"damage_healed":0,"gold_gain":0,"player_choice":"Upgrade and Remove","damage_taken":0,"max_hp_gain":0,"max_hp_loss":0,"event_name":"Designer","floor":19,"gold_loss":90,"cards_upgraded":["Pray"]},{"damage_healed":0,"gold_gain":99,"player_choice":"Stole From Cult","damage_taken":0,"max_hp_gain":0,"max_hp_loss":0,"event_name":"Nest","floor":21,"gold_loss":0}],"is_beta":false,"boss_relics":[{"not_picked":["Sozu","Velvet Choker"],"picked":"Black Star"}],"items_purged_floors":[20,22],"is_endless":false,"potions_floor_spawned":[1,2,3,6,10,13,18],"killed_by":"Slavers","ascension_level":7}}