{"host":"qu92w1zb2ytiyjno","time":1611339204,"event":{"mods":["Bard","BaseMod","Beaked The Cultist","Colored Map","Colored Powertips","Conspire","Curses Come First","Downfall","Friendly Minions","Googly Eyes","Hermit","Highlight Path","Hubris","Infinite Spire","KinomotoSakuraMod(木之本樱)","Marisa（F雨　魔理沙）","Minty Spire (QoL Compilation)","Relic Sorter","Remilia（蕾米莉亚）","Replay The Spire","StSLib","The Administrix","The Construct","The Cursed","The Disciple","The Hierophant","The Marked","The Mystic","The Senshi","The Servant 0.9.4"],"gold_per_floor":[99,112,127,143,203,203,203,203,203,203],"floor_reached":9,"language":"ENG","playtime":735,"items_purged":[],"score":101,"play_id":"ffef6945-83c2-492b-99d0-ac4e967082f3","local_time":"20210123021324","is_ascension_mode":false,"campfire_choices":[{"data":"theMarked:SoldierOfQuellstein","floor":1,"key":"SMITH"},{"data":"theMarked:Generate","floor":8,"key":"SMITH"}],"circlet_count":0,"master_deck":["conspire:GhostlyStrike","conspire:GhostlyStrike","conspire:GhostlyStrike","conspire:GhostlyStrike","conspire:GhostlyStrike","conspire:GhostlyDefend","conspire:GhostlyDefend","conspire:GhostlyDefend","conspire:GhostlyDefend","theMarked:SoldierOfQuellstein+1","theMarked:Seal","theMarked:Improvise","theMarked:Static","theMarked:Generate+1"],"relics":["theMarked:ArtifactOfAir","infinitespire:PuzzleCube","Garlic"],"acts_visited":["Exordium"],"potions_floor_usage":[],"damage_taken":[{"damage":0,"enemies":"Small Slimes","floor":2,"turns":3},{"damage":6,"enemies":"Jaw Worm","floor":3,"turns":3},{"damage":4,"enemies":"Cultist","floor":4,"turns":4},{"damage":31,"enemies":"Gremlin Nob","floor":5,"turns":5},{"damage":48,"enemies":"Gremlin Nob","floor":9,"turns":4}],"seed_played":"7903317416088251838","potions_obtained":[{"floor":4,"key":"Elixir"},{"floor":5,"key":"sneckomod:MuddlingPotion"}],"is_trial":false,"path_per_floor":["R_BF","M","M","M","?","?","T","R","E"],"character_chosen":"THE_DEFAULT","items_purchased":[],"campfire_rested":0,"item_purchase_floors":[],"current_hp_per_floor":[77,77,71,67,36,36,36,36,0,0],"gold":203,"neow_bonus":"TEN_PERCENT_HP_BONUS","is_daily":false,"chose_seed":false,"campfire_upgraded":2,"win_rate":0.0,"timestamp":1611339204,"path_taken":["R_BF","M","M","M","?","?","T","R","E"],"items_purchased_type":[],"build_version":"2020-12-22","purchased_purges":0,"victory":false,"max_hp_per_floor":[77,77,77,77,77,77,77,77,77,77],"card_choices":[{"not_picked":["theMarked:Aftermath","theMarked:RepellingDischarge"],"picked":"theMarked:Seal","floor":2},{"not_picked":["theMarked:WastefulDefense","theMarked:Frustration"],"picked":"theMarked:Improvise","floor":3},{"not_picked":["theMarked:WardOff","theMarked:WastefulAttack"],"picked":"theMarked:Static","floor":4},{"not_picked":["theMarked:Frustration","theMarked:WardOff"],"picked":"theMarked:Generate","floor":5}],"player_experience":142541,"relics_obtained":[{"floor":5,"key":"infinitespire:PuzzleCube"},{"floor":7,"key":"Garlic"}],"event_choices":[{"damage_healed":0,"gold_gain":0,"player_choice":"Agree","damage_taken":0,"max_hp_gain":0,"max_hp_loss":0,"event_name":"conspire:LoneGhost","floor":6,"gold_loss":0}],"is_beta":false,"boss_relics":[],"items_purged_floors":[],"is_endless":false,"potions_floor_spawned":[4,5],"killed_by":"Gremlin Nob","ascension_level":0}}