{"host":"n6qxj7a4gnapjcui","time":1611345831,"event":{"mods":["2.2 Compatiblity","AchievementEnabler","BaseMod","Colored Map","Minty Spire (QoL Compilation)","Random Character Button","Rare Cards Sparkle"],"gold_per_floor":[114,45,64,81,92,92,123,136,136,165,165,194,16,47,47,145,145,161,86,99,116,116,116,146,163,163,183,208,208,208,208],"floor_reached":30,"language":"POL","playtime":1783,"items_purged":["Strike_R"],"score":400,"play_id":"f3c3fa82-fef5-48d2-b0cf-bd92fc013a60","local_time":"20210122210351","is_ascension_mode":true,"campfire_choices":[{"data":"True Grit","floor":6,"key":"SMITH"},{"data":"Warcry","floor":11,"key":"SMITH"},{"data":"Armaments","floor":15,"key":"SMITH"},{"floor":23,"key":"REST"},{"floor":29,"key":"REST"}],"circlet_count":0,"master_deck":["Strike_R","Strike_R","Strike_R","Defend_R","Defend_R","Defend_R","Defend_R","Bash","Headbutt","Immolate","Warcry+1","Shrug It Off","True Grit+1","Cleave","Whirlwind","Armaments+1","Thunderclap","Brutality","Power Through","Inflame","Armaments","Flex","Sentinel","Dropkick"],"relics":["Burning Blood","Singing Bowl","InkBottle","Omamori","Prayer Wheel","Pen Nib","Fusion Hammer","Paper Frog","Matryoshka","Potion Belt"],"acts_visited":["Exordium","TheCity"],"potions_floor_usage":[4,7,7,10,10,12,16,25,28,28,28,30,30],"damage_taken":[{"damage":6,"enemies":"Cultist","floor":1,"turns":3},{"damage":4,"enemies":"Jaw Worm","floor":3,"turns":4},{"damage":0,"enemies":"2 Louse","floor":4,"turns":2},{"damage":5,"enemies":"Gremlin Gang","floor":5,"turns":3},{"damage":9,"enemies":"3 Sentries","floor":7,"turns":5},{"damage":4,"enemies":"3 Louse","floor":8,"turns":3},{"damage":24,"enemies":"Lagavulin","floor":10,"turns":6},{"damage":8,"enemies":"Gremlin Nob","floor":12,"turns":3},{"damage":5,"enemies":"3 Sentries","floor":14,"turns":2},{"damage":78,"enemies":"Hexaghost","floor":16,"turns":11},{"damage":0,"enemies":"3 Byrds","floor":18,"turns":3},{"damage":12,"enemies":"Spheric Guardian","floor":20,"turns":5},{"damage":6,"enemies":"Snake Plant","floor":21,"turns":4},{"damage":6,"enemies":"Gremlin Leader","floor":24,"turns":5},{"damage":0,"enemies":"Chosen and Byrds","floor":25,"turns":3},{"damage":15,"enemies":"Centurion and Healer","floor":27,"turns":3},{"damage":7,"enemies":"Slavers","floor":28,"turns":2},{"damage":111,"enemies":"Book of Stabbing","floor":30,"turns":9}],"seed_played":"-8659145952236849763","potions_obtained":[{"floor":0,"key":"SteroidPotion"},{"floor":0,"key":"Swift Potion"},{"floor":0,"key":"BlessingOfTheForge"},{"floor":4,"key":"ElixirPotion"},{"floor":5,"key":"PowerPotion"},{"floor":8,"key":"Block Potion"},{"floor":10,"key":"AttackPotion"},{"floor":22,"key":"EntropicBrew"},{"floor":22,"key":"FearPotion"},{"floor":22,"key":"SneckoOil"},{"floor":24,"key":"Weak Potion"},{"floor":27,"key":"Strength Potion"},{"floor":28,"key":"BloodPotion"}],"is_trial":false,"path_per_floor":["M","$","M","M","M","R","E","M","T","E","R","E","$","E","R","B",null,"M","?","M","M","?","R","E","M","T","M","E","R","E"],"character_chosen":"IRONCLAD","items_purchased":["Immolate","Armaments","BloodPotion"],"campfire_rested":2,"item_purchase_floors":[2,13,13],"current_hp_per_floor":[80,80,80,80,80,80,79,81,81,63,63,63,63,64,64,8,65,71,71,67,69,69,88,90,92,92,85,86,96,0,0],"gold":208,"neow_bonus":"THREE_SMALL_POTIONS","is_daily":false,"chose_seed":false,"campfire_upgraded":3,"win_rate":0.0,"timestamp":1611345831,"path_taken":["M","?","M","M","M","R","E","M","T","E","R","E","$","E","R","BOSS","M","?","M","M","?","R","E","M","T","M","E","R","E"],"items_purchased_type":["Card","Card","Potion"],"build_version":"2020-12-22","purchased_purges":1,"victory":false,"max_hp_per_floor":[80,80,80,80,80,80,82,82,82,82,82,84,84,84,84,84,84,84,84,86,88,88,88,90,92,92,94,96,96,96,96],"card_choices":[{"not_picked":["Wild Strike","Seeing Red"],"picked":"Headbutt","floor":1},{"not_picked":["Hemokinesis","Exhume"],"picked":"Warcry","floor":3},{"not_picked":["Cleave","Clothesline"],"picked":"Shrug It Off","floor":4},{"not_picked":["Inflame","Fire Breathing"],"picked":"True Grit","floor":5},{"not_picked":["Blood for Blood","Cleave","Second Wind"],"picked":"Singing Bowl","floor":7},{"not_picked":["Clash","Anger"],"picked":"Cleave","floor":8},{"not_picked":["Evolve","Anger"],"picked":"Whirlwind","floor":10},{"not_picked":["Limit Break","True Grit","Clash"],"picked":"Singing Bowl","floor":12},{"not_picked":["Intimidate","Iron Wave"],"picked":"Thunderclap","floor":14},{"not_picked":["Corruption","Limit Break"],"picked":"Brutality","floor":16},{"not_picked":["Disarm","Twin Strike"],"picked":"Power Through","floor":18},{"not_picked":["Wild Strike","Infernal Blade"],"picked":"Inflame","floor":18},{"not_picked":["Blood for Blood","Headbutt","Reckless Charge"],"picked":"Singing Bowl","floor":20},{"not_picked":["Ghostly Armor","Warcry"],"picked":"Armaments","floor":20},{"not_picked":["Blood for Blood","Hemokinesis","Heavy Blade"],"picked":"Singing Bowl","floor":21},{"not_picked":["Bludgeon","Shrug It Off"],"picked":"Flex","floor":21},{"not_picked":["Metallicize","Cleave","Wild Strike"],"picked":"Singing Bowl","floor":24},{"not_picked":["Heavy Blade","Shrug It Off","Body Slam+1"],"picked":"Singing Bowl","floor":25},{"not_picked":["Body Slam","Inflame"],"picked":"Sentinel","floor":25},{"not_picked":["Anger","Dual Wield+1","Sword Boomerang"],"picked":"Singing Bowl","floor":27},{"not_picked":["Heavy Blade","Dual Wield"],"picked":"Dropkick","floor":27},{"not_picked":["Brutality","Havoc","Headbutt"],"picked":"Singing Bowl","floor":28}],"player_experience":287874,"relics_obtained":[{"floor":7,"key":"Singing Bowl"},{"floor":9,"key":"InkBottle"},{"floor":10,"key":"Omamori"},{"floor":12,"key":"Prayer Wheel"},{"floor":14,"key":"Pen Nib"},{"floor":24,"key":"Paper Frog"},{"floor":26,"key":"Matryoshka"},{"floor":28,"key":"Potion Belt"}],"event_choices":[{"cards_removed":["Strike_R"],"damage_healed":0,"gold_gain":0,"player_choice":"Gave Gold","damage_taken":0,"max_hp_gain":0,"max_hp_loss":0,"event_name":"Beggar","floor":19,"gold_loss":75},{"damage_healed":0,"gold_gain":0,"player_choice":"Got Potions","damage_taken":0,"max_hp_gain":0,"max_hp_loss":0,"event_name":"Lab","floor":22,"gold_loss":0}],"is_beta":false,"boss_relics":[{"not_picked":["Tiny House","Coffee Dripper"],"picked":"Fusion Hammer"}],"items_purged_floors":[13],"is_endless":false,"potions_floor_spawned":[4,5,8,10,24,27,28],"killed_by":"Book of Stabbing","ascension_level":5}}