{"host":"nzq3d31h1j2g5t95","time":1611286244,"event":{"mods":["BaseMod","Hubris","Minty Spire (QoL Compilation)","Replay The Spire","StSLib","[IsaacMod]ÒÔÈö¼âËþ"],"gold_per_floor":[117,117,117,136,236,261,261,275,275,300,318,318,20,35,35,161,161,185,100,114,39,55,94,94,135,188,204,225,269,0,16,16,141,141,156,179,195,195,258,299,317,352,352,396,420,0,35,49,49,49],"floor_reached":51,"language":"ZHS","playtime":5444,"items_purged":["Strike_R","Defend_R","Defend_R"],"score":1165,"play_id":"7e3f284f-3dc2-4f9f-9132-ca0f4f204ec1","local_time":"20210122113044","is_ascension_mode":true,"campfire_choices":[{"data":"EpicFetus","floor":7.0,"key":"SMITH"},{"data":"ReplayTheSpireMod:Limb From Limb","floor":15.0,"key":"SMITH"},{"data":"Bash","floor":24.0,"key":"SMITH"},{"data":"Impervious","floor":32,"key":"SMITH"},{"data":"Metallicize","floor":49,"key":"SMITH"}],"circlet_count":0,"master_deck":["Strike_R","Strike_R","Defend_R","Defend_R","Bash+1","EpicFetus+1","hubris:CleavingFinish","ReplayTheSpireMod:Limb From Limb+1","Ghostly Armor","Impervious+1","ReplayReversal+1","Cleave","True Grit+1","Exhume+1","Eclipse+1","Abandon+1","Intimidate+1","ReplayTheSpireMod:Corrosion Curse+1","Shrug It Off+1","hubris:ReadiedAction+1","True Grit+1","Defy Death+1","Power Through+1","Demonic Infusion+1","Replay:Many Hands+1","Survey Options+1","Entrench+1","Inflame+1","Metallicize+1","Metallicize+1","Dark Shackles+1","ReplayReversal+1","Second Wind+1"],"relics":["HushsDoor","MaYiHuaBei","SlaversCollar","Champion Belt","Meat on the Bone","Toxic Egg 2","Calipers","Golden Idol","Red Skull","MealTicket","hubris:Stopwatch","JudasShadow","Strawberry","Replay:Accelerometer","Ornamental Fan","hubris:ChampionShield","BookOfRevelations","Blue Doll","White Beast Statue","MagicMushroom","SatanicBible","Bottled Tornado","Lantern","Centennial Puzzle","InkBottle","Golden Egg","ReplayTheSpireMod:Lightbulb","SteamSale","Nunchaku","hubris:FunFungus","Replay:Bottled Steam"],"acts_visited":["Exordium","TheCity","TheBeyond"],"potions_floor_usage":[50],"damage_taken":[{"damage":1.0,"enemies":"Cultist","floor":1.0,"turns":3.0},{"damage":0.0,"enemies":"2 Louse","floor":4.0,"turns":3.0},{"damage":16.0,"enemies":"Lagavulin","floor":6.0,"turns":6.0},{"damage":17.0,"enemies":"Small Slimes","floor":8.0,"turns":5.0},{"damage":11.0,"enemies":"Gremlin Nob","floor":10.0,"turns":3.0},{"damage":0.0,"enemies":"Gremlin Gang","floor":11.0,"turns":4.0},{"damage":2.0,"enemies":"3 Louse","floor":14.0,"turns":3.0},{"damage":4.0,"enemies":"Hexaghost","floor":16.0,"turns":9.0},{"damage":31.0,"enemies":"2 Thieves","floor":18.0,"turns":4.0},{"damage":0.0,"enemies":"Spheric Guardian","floor":20.0,"turns":4.0},{"damage":0.0,"enemies":"3 Cultists","floor":22.0,"turns":4.0},{"damage":18.0,"enemies":"Slavers","floor":23.0,"turns":4.0},{"damage":16.0,"enemies":"Book of Stabbing","floor":25.0,"turns":5.0},{"damage":8.0,"enemies":"Snecko","floor":27.0,"turns":3.0},{"damage":18.0,"enemies":"Centurion and Healer","floor":28.0,"turns":3.0},{"damage":26,"enemies":"Gremlin Leader","floor":29,"turns":4},{"damage":5,"enemies":"Sentry and Sphere","floor":31,"turns":6},{"damage":0,"enemies":"Collector","floor":33,"turns":7},{"damage":0,"enemies":"3 Darklings","floor":35,"turns":4},{"damage":0,"enemies":"3 Shapes","floor":36,"turns":6},{"damage":8,"enemies":"Writhing Mass","floor":37,"turns":5},{"damage":0,"enemies":"Hiden Room Battle","floor":39,"turns":3},{"damage":0,"enemies":"R_Hoarder","floor":40,"turns":4},{"damage":0,"enemies":"Maw","floor":41,"turns":6},{"damage":0,"enemies":"Giant Head","floor":42,"turns":6},{"damage":0,"enemies":"R_Hoarder","floor":44,"turns":5},{"damage":0,"enemies":"4 Shapes","floor":45,"turns":4},{"damage":0,"enemies":"Giant Head","floor":47,"turns":6},{"damage":12,"enemies":"Spire Growth","floor":48,"turns":5},{"damage":0,"enemies":"Donu and Deca","floor":50,"turns":12}],"seed_played":"-8705093395374084456","potions_obtained":[{"floor":8.0,"key":"Adrenaline Potion"},{"floor":11.0,"key":"BlessingOfTheForge"},{"floor":14.0,"key":"Fruit Juice"},{"floor":16.0,"key":"Swift Potion"},{"floor":20.0,"key":"SkillPotion"},{"floor":23.0,"key":"GamblersBrew"},{"floor":36,"key":"Toxic Potion"},{"floor":47,"key":"Fruit Juice"}],"is_trial":false,"path_per_floor":["M","T","?","M","?","E","R","M","T","E","M","?","$","M","R","B",null,"M","?","M","?","M","E","R","E","T","M","M","E","$","M","R","B",null,"M","M","M","?","?","E","M","E","T","E","M","$","E","M","R","B",null],"character_chosen":"IRONCLAD","items_purchased":["Red Skull","MealTicket","JudasShadow","Eclipse+1","Blue Doll","Power Through+1","White Beast Statue","Survey Options+1","SatanicBible","SteamSale","Nunchaku","hubris:FunFungus","Dark Shackles+1"],"campfire_rested":0,"item_purchase_floors":[13,13,17,17,30,30,30,34,34,46,46,46,46],"current_hp_per_floor":[79,79,72,72,72,56,56,51,51,52,52,32,32,42,42,43,63,32,39,39,39,39,33,33,29,29,33,27,13,28,35,35,47,58,58,58,50,50,51,52,53,54,54,55,56,58,58,47,47,58],"gold":49,"neow_bonus":"BOSS_RELIC","is_daily":false,"chose_seed":false,"campfire_upgraded":5,"win_rate":0.0,"timestamp":1611286244,"path_taken":["M","?","?","?","?","E","R","M","T","E","?","?","?","M","R","BOSS","M","?","M","?","M","E","R","E","T","M","M","E","$","M","R","BOSS","M","M","M","?","?","E","M","E","T","E","M","$","E","M","R","BOSS"],"items_purchased_type":["Relic","Relic","Relic","Card","Relic","Card","Relic","Card","Relic","Relic","Relic","Relic","Card"],"build_version":"2020-12-22","purchased_purges":3,"victory":true,"max_hp_per_floor":[80,80,80,80,80,80,80,80,80,80,80,80,80,80,80,85,63,63,70,70,70,70,70,70,70,70,70,70,70,70,70,70,70,58,58,58,58,58,58,58,58,58,58,58,58,58,58,58,58,63],"card_choices":[{"not_picked":[],"picked":"EpicFetus","floor":0.0},{"not_picked":["Pommel Strike","Entrench"],"picked":"hubris:CleavingFinish","floor":1.0},{"not_picked":["Headbutt","Wild Strike","Perfected Strike"],"picked":"SKIP","floor":4.0},{"not_picked":["Thunderclap","Run Through"],"picked":"ReplayTheSpireMod:Limb From Limb","floor":5.0},{"not_picked":["Battle Trance","Perfected Strike"],"picked":"Ghostly Armor","floor":6.0},{"not_picked":["Blood for Blood","ReplayTheSpireMod:Corrosion Curse"],"picked":"Impervious","floor":8.0},{"not_picked":["hubris:SharpeningStone+1","Havoc+1"],"picked":"ReplayReversal+1","floor":10.0},{"not_picked":["Clash","Reckless Charge"],"picked":"Cleave","floor":11.0},{"not_picked":["Flame Barrier+1","Iron Wave"],"picked":"True Grit+1","floor":14.0},{"not_picked":["Fiend Fire","Hemogenesis"],"picked":"Exhume+1","floor":16.0},{"not_picked":["Blood for Blood","Flex+1"],"picked":"Abandon+1","floor":18.0},{"not_picked":["hubris:CleavingFinish","Clash"],"picked":"Intimidate+1","floor":20.0},{"not_picked":["Cleave","Headbutt","Pummel+1"],"picked":"SKIP","floor":22.0},{"not_picked":["ReplayTheSpireMod:LeadingStrike","Hemokinesis"],"picked":"ReplayTheSpireMod:Corrosion Curse+1","floor":23.0},{"not_picked":["Thunderclap","Perfected Strike"],"picked":"Shrug It Off+1","floor":25.0},{"not_picked":["Replay:Undeath\u0027s Touch","Heavy Blade+1"],"picked":"hubris:ReadiedAction+1","floor":27.0},{"not_picked":["Clash","Havoc+1"],"picked":"True Grit+1","floor":28.0},{"not_picked":["Pummel","Cleave"],"picked":"Defy Death+1","floor":29},{"not_picked":["Shrug It Off+1","Headbutt"],"picked":"Demonic Infusion+1","floor":31},{"not_picked":["Double Tap+1","Juggernaut"],"picked":"Replay:Many Hands+1","floor":33},{"not_picked":["Havoc+1","Shrug It Off+1"],"picked":"Entrench+1","floor":35},{"not_picked":["ReplayTheSpireMod:Corrosion Curse+1","Twin Strike","Rupture+1"],"picked":"SKIP","floor":36},{"not_picked":["Thunderclap+1","Heavy Blade"],"picked":"Inflame+1","floor":37},{"not_picked":["Replay:Undeath\u0027s Touch","Anger","Thunderclap"],"picked":"SKIP","floor":40},{"not_picked":["Run Through","Inflame","Hemokinesis"],"picked":"SKIP","floor":41},{"not_picked":["Intimidate+1","Iron Wave","hubris:ReadiedAction+1"],"picked":"SKIP","floor":42},{"not_picked":["Sever Soul+1","Twin Strike"],"picked":"Metallicize+1","floor":44},{"not_picked":["Anger+1","Armaments+1","ReplayTheSpireMod:Strike From Hell+1"],"picked":"SKIP","floor":45},{"not_picked":["Pommel Strike","Replay:Undeath\u0027s Touch"],"picked":"ReplayReversal+1","floor":47},{"not_picked":["Infernal Blade+1","Eclipse+1"],"picked":"Second Wind+1","floor":48}],"player_experience":166757,"relics_obtained":[{"floor":2.0,"key":"Champion Belt"},{"floor":6.0,"key":"Meat on the Bone"},{"floor":9.0,"key":"Toxic Egg 2"},{"floor":10.0,"key":"Calipers"},{"floor":23.0,"key":"Replay:Accelerometer"},{"floor":25.0,"key":"Ornamental Fan"},{"floor":26.0,"key":"hubris:ChampionShield"},{"floor":29,"key":"BookOfRevelations"},{"floor":39,"key":"Bottled Tornado"},{"floor":39,"key":"Lantern"},{"floor":40,"key":"Centennial Puzzle"},{"floor":42,"key":"InkBottle"},{"floor":43,"key":"Golden Egg"},{"floor":44,"key":"ReplayTheSpireMod:Lightbulb"},{"floor":47,"key":"Replay:Bottled Steam"}],"event_choices":[{"cards_removed":["Strike_R"],"damage_healed":0.0,"max_hp_gain":0.0,"max_hp_loss":0.0,"gold_gain":0.0,"event_name":"Golden Wing","player_choice":"Card Removal","floor":3.0,"gold_loss":0.0,"damage_taken":7.0},{"damage_healed":0.0,"max_hp_gain":0.0,"max_hp_loss":0.0,"gold_gain":0.0,"event_name":"Golden Idol","player_choice":"Take Damage","floor":12.0,"gold_loss":0.0,"damage_taken":20.0,"relics_obtained":["Golden Idol"]},{"damage_healed":0.0,"max_hp_gain":0.0,"max_hp_loss":0.0,"gold_gain":0.0,"event_name":"Addict","player_choice":"Obtained Relic","floor":19.0,"gold_loss":85.0,"damage_taken":0.0,"relics_obtained":["Strawberry"]},{"cards_removed":["Strike_R"],"damage_healed":0.0,"max_hp_gain":0.0,"max_hp_loss":0.0,"gold_gain":0.0,"event_name":"Beggar","player_choice":"Gave Gold","floor":21.0,"gold_loss":75.0,"damage_taken":0.0},{"damage_healed":0,"gold_gain":0,"player_choice":"Fight","damage_taken":0,"max_hp_gain":0,"max_hp_loss":0,"event_name":"HidenRoomEvent","floor":39,"gold_loss":0}],"is_beta":false,"boss_relics":[{"not_picked":["Ectoplasm","ChampionBelt"],"picked":"hubris:Stopwatch"},{"not_picked":[]},{"not_picked":["Velvet Choker","Astrolabe"],"picked":"MagicMushroom"},{"not_picked":[]}],"items_purged_floors":[17,34,46],"is_endless":false,"potions_floor_spawned":[8,11,14,16,20,23,28,31,33,35,36,37,39,40,41,42,44,45,47,48],"ascension_level":1}}