{"host":"8z0h4areh8sio1k0","time":1611283578,"event":{"mods":["Act Like it!","Aspiration","BaseMod","Colored Map","Conspire","Hubris","KinomotoSakuraMod(ƒæ÷Æ±æ”£)","Minty Spire (QoL Compilation)","Reimu£®≤©¿ˆ¡È√Œ£©","Replay The Spire","StSLib","TestMod","The Administrix","The Bug Knight","The Necromancer","UnlockEverythingMod","Youmu£®ªÍ∆«—˝√Œ£©","Yuri Mod","[IsaacMod]“‘»ˆº‚À˛"],"gold_per_floor":[115,115,127,203,25,25,63,63,114,137,137,163,188,208,208,312,312,340,352,244,244,244,244,264,264,264,274,302,302,329,357,366,469,469,488,497,556,556,566,164,164,175,175,208,218,218,218,1,1,1],"floor_reached":51,"language":"ZHS","playtime":2660,"items_purged":["Strike_Lin:ReiMu","Defend_Lin:ReiMu"],"score":727,"play_id":"c4469702-a569-46af-b3d5-e9cbf77f4d07","local_time":"20210122104618","is_ascension_mode":false,"campfire_choices":[{"data":"RainPray2:ReiMu","floor":6,"key":"SMITH"},{"data":"Conquer:ReiMu","floor":8,"key":"SMITH"},{"data":"OrbThrow:ReiMu","floor":11,"key":"SMITH"},{"data":"SafetyPray:ReiMu","floor":15,"key":"SMITH"},{"data":"NineCharacters:ReiMu","floor":23,"key":"SMITH"},{"data":"SubcavityInstant:ReiMu","floor":25,"key":"SMITH"},{"data":"NineCharacters:ReiMu","floor":29,"key":"SMITH"},{"data":"CareerPray:ReiMu","floor":41,"key":"SMITH"},{"data":"YinYangSange:ReiMu","floor":46,"key":"SMITH"},{"data":"ManaGlint:ReiMu","floor":49,"key":"SMITH"}],"circlet_count":0,"master_deck":["Strike_Lin:ReiMu","Strike_Lin:ReiMu","Defend_Lin:ReiMu","Defend_Lin:ReiMu","Defend_Lin:ReiMu","NB:ReiMu","Stagnation:ReiMu","Conquer:ReiMu+1","Gathering:ReiMu+1","RainPray2:ReiMu+1","RainPray2:ReiMu","SubcavityInstant:ReiMu+1","OrbThrow:ReiMu+1","OctopathSalyBorderN:ReiMu+1","SafetyPray:ReiMu+1","AirStrike:ReiMu+1","NineCharacters:ReiMu+1","NineCharacters:ReiMu+1","Revelation:ReiMu+1","EmergencyTakeOff:ReiMu+1","UniversalSpiritual:ReiMu","Injury","YinYangSange:ReiMu+1","CareerPray:ReiMu+1","ManaGlint:ReiMu+1"],"relics":["FlyPower:ReiMu","HushsDoor","testmod-TestBox","testmod-InjuryResistance","TheBible","NeowsBlessing","hubris:PeanutButter","testmod-LifeArmor","CeramicFish","Toy Ornithopter","hubris:Backtick","testmod-CrystalShield","Simple Rune","CaptainsWheel","Bow_fan:ReiMu","testmod-TimeTraveler","Ring of Fury","Ring of Searing","D6","aspiration:StickyExplosives_weak","BookOfRevelations","GuppysPaw","Guide Book"],"acts_visited":["Exordium","TheCity","TheBeyond"],"potions_floor_usage":[19,19],"damage_taken":[{"damage":0,"enemies":"Small Slimes","floor":1,"turns":2},{"damage":0,"enemies":"2 Louse","floor":3,"turns":1},{"damage":0,"enemies":"Lagavulin","floor":7,"turns":1},{"damage":0,"enemies":"Jaw Worm","floor":10,"turns":4},{"damage":0,"enemies":"Lots of Slimes","floor":12,"turns":2},{"damage":0,"enemies":"Looter","floor":13,"turns":3},{"damage":0,"enemies":"2 Fungi Beasts","floor":14,"turns":2},{"damage":4,"enemies":"The Guardian","floor":16,"turns":18},{"damage":0,"enemies":"2 Thieves","floor":18,"turns":4},{"damage":8,"enemies":"Chosen","floor":19,"turns":8},{"damage":0,"enemies":"conspire:HollyBat","floor":24,"turns":10},{"damage":0,"enemies":"Centurion and Healer","floor":27,"turns":7},{"damage":0,"enemies":"Cultist and Chosen","floor":28,"turns":13},{"damage":0,"enemies":"Snake Plant","floor":31,"turns":5},{"damage":35,"enemies":"Automaton","floor":33,"turns":14},{"damage":3,"enemies":"3 Darklings","floor":35,"turns":5},{"damage":11,"enemies":"Mind Bloom Boss Battle","floor":37,"turns":6},{"damage":5,"enemies":"Orb Walker","floor":39,"turns":3},{"damage":4,"enemies":"3 Darklings","floor":42,"turns":4},{"damage":0,"enemies":"Giant Head","floor":44,"turns":7},{"damage":0,"enemies":"Jaw Worm Horde","floor":45,"turns":3},{"damage":9,"enemies":"conspire:OrnateMirror","floor":50,"turns":8}],"seed_played":"1026498641745240416","potions_obtained":[{"floor":3,"key":"testmod-EscapePotion"},{"floor":12,"key":"conspire:TimeTravelPotion"},{"floor":13,"key":"Weak Potion"},{"floor":19,"key":"Fruit Juice"},{"floor":28,"key":"SpeedPotion"},{"floor":35,"key":"PinkPotion:ReiMu"}],"is_trial":false,"path_per_floor":["M","?","M","T","$","R","E","R","T","M","R","M","M","M","R","B",null,"M","M","$","?","?","R","M","R","T","M","M","R","T","M","R_BF","B",null,"M","?","?","?","M","$","R","M","T","E","M","R","?","$","R","B",null],"character_chosen":"REIMU","items_purchased":["RainPray2:ReiMu","testmod-LifeArmor","NineCharacters:ReiMu","CareerPray:ReiMu","aspiration:StickyExplosives_weak","ManaGlint:ReiMu","Guide Book"],"campfire_rested":0,"item_purchase_floors":[5,5,20,40,40,48,48],"current_hp_per_floor":[65,65,65,65,65,65,65,65,65,65,65,65,65,65,65,61,65,65,67,67,67,67,67,67,67,67,67,67,67,67,67,67,32,70,67,67,56,56,51,51,51,47,47,47,47,47,47,47,47,38],"gold":1,"neow_bonus":"THREE_ENEMY_KILL","is_daily":false,"chose_seed":false,"campfire_upgraded":10,"win_rate":0.0,"timestamp":1611283578,"path_taken":["M","?","M","?","$","R","E","R","T","M","R","M","?","M","R","BOSS","M","M","$","?","?","R","?","R","T","M","M","R","?","M","R_BF","BOSS","M","?","?","?","?","$","R","M","T","E","M","R","?","?","R","BOSS"],"items_purchased_type":["Card","Relic","Card","Card","Relic","Card","Relic"],"build_version":"2020-12-22","purchased_purges":2,"victory":true,"max_hp_per_floor":[65,65,65,65,65,65,65,65,65,65,65,65,65,65,65,65,65,65,70,70,70,70,70,70,70,70,70,70,70,70,70,70,70,70,70,70,70,70,70,70,70,70,70,67,67,67,67,67,67,67],"card_choices":[{"not_picked":["InherentArray:ReiMu","Enchanting:ReiMu"],"picked":"Conquer:ReiMu","floor":1},{"not_picked":["PhosphorusFlame:ReiMu","EmergencyTakeOff:ReiMu","Enchanting:ReiMu"],"picked":"SKIP","floor":3},{"not_picked":["SpreadBorder2:ReiMu","MikOfLucky:ReiMu"],"picked":"SubcavityInstant:ReiMu","floor":7},{"not_picked":["SubcavityInstant:ReiMu","ShadowOfCrow2:ReiMu"],"picked":"OrbThrow:ReiMu","floor":10},{"not_picked":["TightArray:ReiMu","EmergencyTakeOff:ReiMu"],"picked":"Bomb","floor":12},{"not_picked":["SubcavityInstant:ReiMu","FantasyMoon:ReiMu"],"picked":"OctopathSalyBorderN:ReiMu","floor":13},{"not_picked":["FoulBorder2:ReiMu","Conquer:ReiMu"],"picked":"SafetyPray:ReiMu","floor":14},{"not_picked":["YinYangSange:ReiMu","Enchanting:ReiMu"],"picked":"AirStrike:ReiMu+1","floor":18},{"not_picked":["OrbThrow:ReiMu+1","MountainWay:ReiMu+1","FantasyBorder:ReiMu"],"picked":"SKIP","floor":19},{"not_picked":["CollectionFlower2:ReiMu","Meditation:ReiMu","SubAcupoint:ReiMu"],"picked":"SKIP","floor":24},{"not_picked":["SubAcupoint:ReiMu","TakeOff:ReiMu","MountainWay:ReiMu"],"picked":"SKIP","floor":27},{"not_picked":["Enchanting:ReiMu","SubAcupoint:ReiMu"],"picked":"Revelation:ReiMu","floor":28},{"not_picked":["Revelation:ReiMu","TightArray:ReiMu"],"picked":"EmergencyTakeOff:ReiMu+1","floor":31},{"not_picked":["UpKicking:ReiMu","MikOfLucky:ReiMu","AirStrike:ReiMu+1"],"picked":"SKIP","floor":35},{"not_picked":["CleanRite:ReiMu","SubAcupoint:ReiMu"],"picked":"YinYangSange:ReiMu","floor":37},{"not_picked":["SafetyPray:ReiMu+1","PayForSelf:ReiMu+1","CareerPray:ReiMu"],"picked":"SKIP","floor":39},{"not_picked":["ShadowOfCrow2:ReiMu+1","OrbThrow:ReiMu","AlertArray:ReiMu"],"picked":"SKIP","floor":42},{"not_picked":["TakeOff:ReiMu","ShadowOfCrow2:ReiMu+1","SubAcupoint:ReiMu"],"picked":"SKIP","floor":44},{"not_picked":["LearningPray:ReiMu+1","AlertArray:ReiMu+1","PassingAway:ReiMu+1"],"picked":"SKIP","floor":45}],"player_experience":483468,"relics_obtained":[{"floor":4,"key":"hubris:PeanutButter"},{"floor":7,"key":"CeramicFish"},{"floor":9,"key":"Toy Ornithopter"},{"floor":26,"key":"CaptainsWheel"},{"floor":30,"key":"Bow_fan:ReiMu"},{"floor":36,"key":"Ring of Fury"},{"floor":36,"key":"Ring of Searing"},{"floor":37,"key":"D6"},{"floor":43,"key":"BookOfRevelations"},{"floor":44,"key":"GuppysPaw"}],"event_choices":[{"damage_healed":0,"gold_gain":0,"cards_transformed":["Strike_Lin:ReiMu"],"player_choice":"Change","damage_taken":0,"max_hp_gain":0,"max_hp_loss":0,"event_name":"Living Wall","floor":2,"gold_loss":0,"cards_obtained":["Gathering:ReiMu"]},{"damage_healed":0,"gold_gain":0,"player_choice":"1 cards matched","damage_taken":0,"max_hp_gain":0,"max_hp_loss":0,"event_name":"Match and Keep!","floor":32,"gold_loss":0,"cards_obtained":["UniversalSpiritual:ReiMu"]},{"damage_healed":0,"gold_gain":0,"player_choice":"Fight","damage_taken":0,"max_hp_gain":0,"max_hp_loss":0,"event_name":"MindBloom","floor":37,"gold_loss":0},{"damage_healed":0,"gold_gain":0,"player_choice":"Memory 1","damage_taken":0,"max_hp_gain":0,"max_hp_loss":0,"event_name":"SensoryStone","floor":38,"gold_loss":0}],"is_beta":false,"boss_relics":[{"not_picked":["Busted Crown","aspiration:WatcherSkillbook"],"picked":"hubris:Backtick"},{"not_picked":[]},{"not_picked":["CrownOfHeavens:ReiMu","Philosopher\u0027s Stone"],"picked":"testmod-TimeTraveler"},{"not_picked":[]}],"items_purged_floors":[20,40],"is_endless":false,"potions_floor_spawned":[3,12,13,16,19,28,33,35,39,45],"ascension_level":0}}