{"host":"foq4mrde4mssg7vt","time":1611338102,"event":{"mods":["AchievementEnabler","BaseMod","Colored Map","Colored Powertips","Highlight Path","Minty Spire (QoL Compilation)","Relic Stats","everything is the same but u backflip on backflip"],"gold_per_floor":[364,80,95,106,106,106,118,118,142,153,169,169,195,77,77,155,155,168,168,83,83,95,95,125,125,151,166,166,166],"floor_reached":28,"language":"ENG","playtime":783,"items_purged":[],"score":476,"play_id":"6e4367f4-62d4-44ff-bc96-9032356b4b61","local_time":"20210123015502","is_ascension_mode":true,"campfire_choices":[{"data":"Apotheosis","floor":6.0,"key":"SMITH"},{"data":"Darkness","floor":8.0,"key":"SMITH"},{"floor":12.0,"key":"REST"},{"floor":15.0,"key":"REST"},{"data":"Defragment","floor":23.0,"key":"SMITH"},{"floor":25,"key":"REST"}],"circlet_count":0,"master_deck":["AscendersBane","Strike_B","Strike_B","Strike_B","Strike_B","Defend_B","Defend_B+1","Defend_B","Defend_B","Zap","Dualcast","Cold Snap","Apotheosis+1","Compile Driver","Darkness+1","Rebound","FTL","Defragment+1","Defragment","Electrodynamics","Conserve Battery+1","Force Field","Coolheaded","Capacitor"],"relics":["Cracked Core","Membership Card","Anchor","Toy Ornithopter","DollysMirror","Philosopher\u0027s Stone","War Paint","Sundial","Art of War"],"acts_visited":["Exordium","TheCity"],"potions_floor_usage":[24,24],"damage_taken":[{"damage":11.0,"enemies":"Small Slimes","floor":1.0,"turns":3.0},{"damage":0.0,"enemies":"Cultist","floor":3.0,"turns":3.0},{"damage":2.0,"enemies":"Jaw Worm","floor":4.0,"turns":3.0},{"damage":8.0,"enemies":"Blue Slaver","floor":7.0,"turns":4.0},{"damage":2.0,"enemies":"Lots of Slimes","floor":10.0,"turns":3.0},{"damage":28.0,"enemies":"Exordium Thugs","floor":11.0,"turns":5.0},{"damage":8.0,"enemies":"Gremlin Nob","floor":13.0,"turns":3.0},{"damage":22.0,"enemies":"Slime Boss","floor":16.0,"turns":6.0},{"damage":5.0,"enemies":"Chosen","floor":18.0,"turns":3.0},{"damage":3.0,"enemies":"Spheric Guardian","floor":22.0,"turns":3.0},{"damage":57,"enemies":"Slavers","floor":24,"turns":4},{"damage":20,"enemies":"Cultist and Chosen","floor":27,"turns":4},{"damage":5,"enemies":"Sentry and Sphere","floor":28,"turns":2}],"seed_played":"-3515686696577411876","potions_obtained":[{"floor":1.0,"key":"AttackPotion"},{"floor":21.0,"key":"Explosive Potion"}],"is_trial":false,"path_per_floor":["M","$","M","M","?","R","M","R","T","M","M","R","E","$","R","B",null,"M","?","?","?","M","R","E","R","T","M","M"],"character_chosen":"DEFECT","items_purchased":["Membership Card","FocusPotion","Apotheosis","Defragment","DollysMirror"],"campfire_rested":3,"item_purchase_floors":[2,2,2,14,14],"current_hp_per_floor":[53,53,53,51,51,51,43,43,43,41,13,32,24,24,43,21,53,53,53,53,53,50,50,3,22,22,2,0,0],"gold":166,"neow_bonus":"TWO_FIFTY_GOLD","is_daily":false,"chose_seed":false,"campfire_upgraded":3,"win_rate":0.0,"timestamp":1611338102,"path_taken":["M","$","M","M","?","R","M","R","T","M","M","R","E","$","R","BOSS","M","?","?","?","M","R","E","R","T","M","?"],"items_purchased_type":["Relic","Potion","Card","Card","Relic"],"build_version":"2020-12-22","purchased_purges":0,"victory":false,"max_hp_per_floor":[64,64,64,64,64,64,64,64,64,64,64,64,64,64,64,64,64,64,64,64,64,64,64,64,64,64,64,64,64],"relic_stats":{"counters":[13,46],"Sundial":[0],"Art of War":[0],"War Paint":["Defend_B","Conserve Battery"],"obtain_stats":[{"Anchor":9,"DollysMirror":14,"Sundial":24,"Philosopher\u0027s Stone":17,"Art of War":26,"Membership Card":2,"War Paint":20,"Cracked Core":0,"Toy Ornithopter":13},{"Anchor":4,"DollysMirror":7,"Sundial":11,"Philosopher\u0027s Stone":8,"Art of War":11,"Membership Card":1,"War Paint":9,"Cracked Core":0,"Toy Ornithopter":7},{"Anchor":13,"DollysMirror":24,"Sundial":40,"Philosopher\u0027s Stone":30,"Art of War":40,"Membership Card":3,"War Paint":33,"Cracked Core":0,"Toy Ornithopter":24}],"Toy Ornithopter":15},"card_choices":[{"not_picked":["Self Repair","Beam Cell"],"picked":"Cold Snap","floor":1.0},{"not_picked":["Hologram","White Noise"],"picked":"Compile Driver","floor":3.0},{"not_picked":["Turbo","Static Discharge","Recycle"],"picked":"SKIP","floor":4.0},{"not_picked":["Conserve Battery","Beam Cell"],"picked":"Darkness","floor":7.0},{"not_picked":["Undo","Creative AI"],"picked":"Rebound","floor":10.0},{"not_picked":["Stack","Beam Cell"],"picked":"FTL","floor":11.0},{"not_picked":["Aggregate","Blizzard","Chill"],"picked":"SKIP","floor":13.0},{"not_picked":["Reboot","Thunder Strike"],"picked":"Electrodynamics","floor":16.0},{"not_picked":["Steam+1","Lockon+1"],"picked":"Conserve Battery","floor":18.0},{"not_picked":["Streamline","Sunder"],"picked":"Force Field","floor":22.0},{"not_picked":["Leap","Streamline"],"picked":"Coolheaded","floor":24},{"not_picked":["Cold Snap+1","Steam"],"picked":"Capacitor","floor":27}],"player_experience":556754,"relics_obtained":[{"floor":9.0,"key":"Anchor"},{"floor":13.0,"key":"Toy Ornithopter"},{"floor":24,"key":"Sundial"},{"floor":26,"key":"Art of War"}],"event_choices":[{"damage_healed":0.0,"max_hp_gain":0.0,"max_hp_loss":0.0,"gold_gain":0.0,"event_name":"Match and Keep!","player_choice":"0 cards matched","floor":5.0,"gold_loss":0.0,"damage_taken":0.0,"cards_obtained":[]},{"damage_healed":0.0,"max_hp_gain":0.0,"max_hp_loss":0.0,"gold_gain":0.0,"event_name":"The Mausoleum","player_choice":"Ignored","floor":19.0,"gold_loss":0.0,"damage_taken":0.0},{"damage_healed":0.0,"max_hp_gain":0.0,"max_hp_loss":0.0,"gold_gain":0.0,"event_name":"Addict","player_choice":"Obtained Relic","floor":20.0,"gold_loss":85.0,"damage_taken":0.0,"relics_obtained":["War Paint"]},{"damage_healed":0.0,"max_hp_gain":0.0,"max_hp_loss":0.0,"gold_gain":0.0,"event_name":"Lab","player_choice":"Got Potions","floor":21.0,"gold_loss":0.0,"damage_taken":0.0}],"is_beta":false,"boss_relics":[{"not_picked":["Runic Dome","SlaversCollar"],"picked":"Philosopher\u0027s Stone"}],"items_purged_floors":[],"is_endless":false,"potions_floor_spawned":[1,4,13,22],"killed_by":"Sentry and Sphere","ascension_level":20}}