{"host":"d61fcf2p3sjwe6yo","time":1611352283,"event":{"mods":["AchievementEnabler","BaseMod","Colored Map","Downfall","Minty Spire (QoL Compilation)","StSLib","SuperFastMode"],"gold_per_floor":[99,118,134,148,168,179,250,278,278,78,63,95,95,130,141,241,241,141,161,174,174,274,299,324,371,381,381,400,418,453,464,464,464,464],"floor_reached":32,"language":"ENG","playtime":1967,"items_purged":[],"score":616,"play_id":"85c96537-2cfe-417d-b5db-ae6b883678de","local_time":"20210123005123","is_ascension_mode":true,"campfire_choices":[{"floor":1.0,"key":"RECALL"},{"floor":13.0,"key":"REST"},{"data":"sneckomod:UnknownUncommonSkill","floor":18.0,"key":"SMITH"},{"floor":27,"key":"REST"}],"circlet_count":0,"master_deck":["AscendersBane","sneckomod:Strike","sneckomod:Strike","sneckomod:Strike","sneckomod:Defend","sneckomod:Defend","sneckomod:Defend+1","sneckomod:TailWhip","sneckomod:SnekBite","sneckomod:Unknown","sneckomod:Unknown","Doubt","sneckomod:UnknownColorless","sneckomod:DiceBlock","sneckomod:Unknown0Cost+1","downfall:Malfunctioning","Guardian:SentryBeam","sneckomod:UnknownStrength","sneckomod:UnknownX","sneckomod:SerpentIdol","sneckomod:UnknownUncommonSkill+1","sneckomod:MorePower","hexamod:RainOfEmbers+1","sneckomod:UnknownDraw","sneckomod:UnknownRareSkill+1","sneckomod:UnknownWeak","sneckomod:UnknownClassTHE_BRONZE_AUTOMATON+1","sneckomod:SerpentIdol","Leg Sweep+1","sneckomod:UnknownWeak+1","sneckomod:DiceBlock","sneckomod:UnknownDraw+1","sneckomod:UnknownRarePower","sneckomod:UnknownUncommonPower+1","sneckomod:UnknownBlock"],"relics":["sneckomod:SuperSneckoSoul","Du-Vu Doll","Mango","downfall:HeartBlessingGreen","downfall:HeartBlessingRed","MealTicket","CaptainsWheel","downfall:HeartBlessingBlue","sneckomod:ConfusingCodex","Bag of Marbles","Bag of Preparation","Pear"],"acts_visited":["Exordium","TheCity"],"potions_floor_usage":[26],"damage_taken":[{"damage":5.0,"enemies":"Small Slimes","floor":2.0,"turns":5.0},{"damage":7.0,"enemies":"Jaw Worm","floor":3.0,"turns":3.0},{"damage":3.0,"enemies":"2 Louse","floor":4.0,"turns":2.0},{"damage":10.0,"enemies":"Lots of Slimes","floor":5.0,"turns":5.0},{"damage":25.0,"enemies":"Large Slime","floor":6.0,"turns":6.0},{"damage":4.0,"enemies":"Gremlin Nob","floor":8.0,"turns":4.0},{"damage":0.0,"enemies":"downfall:FleeingMerchant","floor":11.0,"turns":4.0},{"damage":24.0,"enemies":"3 Sentries","floor":12.0,"turns":8.0},{"damage":0.0,"enemies":"Lagavulin","floor":14.0,"turns":5.0},{"damage":1.0,"enemies":"Blue Slaver","floor":15.0,"turns":4.0},{"damage":18.0,"enemies":"IC_STATUS_ARCHETYPE","floor":16.0,"turns":8.0},{"damage":6.0,"enemies":"Shell Parasite","floor":19.0,"turns":4.0},{"damage":17.0,"enemies":"3 Cultists","floor":20.0,"turns":7.0},{"damage":30.0,"enemies":"Gremlin Leader","floor":23.0,"turns":7.0},{"damage":15.0,"enemies":"Slavers","floor":25.0,"turns":4.0},{"damage":0,"enemies":"Cultist and Chosen","floor":26,"turns":3},{"damage":2,"enemies":"Snake Plant","floor":28,"turns":2},{"damage":6,"enemies":"Shelled Parasite and Fungi","floor":29,"turns":3},{"damage":36,"enemies":"Book of Stabbing","floor":30,"turns":7},{"damage":13,"enemies":"Centurion and Healer","floor":31,"turns":7},{"damage":17,"enemies":"Snecko","floor":32,"turns":4}],"seed_played":"5080603014899038473","potions_obtained":[{"floor":2.0,"key":"Weak Potion"},{"floor":3.0,"key":"SneckoOil"},{"floor":15.0,"key":"AttackPotion"},{"floor":16.0,"key":"FearPotion"},{"floor":23.0,"key":"DuplicationPotion"},{"floor":25.0,"key":"CultistPotion"},{"floor":25.0,"key":"Block Potion"},{"floor":28,"key":"PowerPotion"}],"is_trial":false,"path_per_floor":["R","M","M","M","M","M","T","E","?","R","$","E","R","E","M","B",null,"R","M","M","?","?","E","T","E","M","R","M","M","E","M","M"],"character_chosen":"THE_SNECKO","items_purchased":[],"campfire_rested":2,"item_purchase_floors":[],"current_hp_per_floor":[81,76,69,66,56,31,31,41,41,41,41,17,48,48,47,29,85,95,89,72,72,72,42,42,27,27,61,59,53,27,14,0,0,0],"gold":464,"neow_bonus":"ONE_RARE_RELIC","is_daily":false,"chose_seed":false,"campfire_upgraded":1,"win_rate":0.0,"timestamp":1611352283,"path_taken":["R","M","M","M","M","M","T","E","?","R","$","E","R","E","M","BOSS","R","M","M","?","?","E","T","E","M","R","M","?","E","M","M"],"items_purchased_type":[],"build_version":"2020-12-22","purchased_purges":0,"victory":false,"max_hp_per_floor":[90,90,90,90,90,90,90,104,104,104,104,104,104,104,104,104,104,114,114,114,114,114,114,114,114,114,114,114,114,124,124,124,124,124],"card_choices":[{"not_picked":["sneckomod:QuickBite","sneckomod:DiceCrush"],"picked":"sneckomod:UnknownVulnerable","floor":2.0},{"not_picked":["sneckomod:UnendingSupply","sneckomod:SoulCleanse"],"picked":"sneckomod:UnknownColorless","floor":3.0},{"not_picked":["sneckomod:QuickBite","sneckomod:DiceCrush","sneckomod:Nope"],"picked":"SKIP","floor":4.0},{"not_picked":["sneckomod:UnknownDraw","sneckomod:Unknown1Cost"],"picked":"sneckomod:DiceBlock","floor":5.0},{"not_picked":["sneckomod:SoulDraw","sneckomod:Transmogrify"],"picked":"sneckomod:UnknownExhaust","floor":6.0},{"not_picked":["sneckomod:PureSnecko","sneckomod:UnknownColorless"],"picked":"sneckomod:Unknown0Cost","floor":8.0},{"not_picked":["sneckomod:SnakeSap","sneckomod:UnknownDraw"],"picked":"sneckomod:UnknownStrength","floor":11.0},{"not_picked":["sneckomod:Unknown0Cost","sneckomod:Nope"],"picked":"sneckomod:UnknownX","floor":12.0},{"not_picked":["sneckomod:UnknownCommonSkill","sneckomod:UnknownStrength"],"picked":"sneckomod:SerpentIdol","floor":14.0},{"not_picked":["sneckomod:SnekBeam","sneckomod:DiceCrush"],"picked":"sneckomod:UnknownUncommonSkill","floor":15.0},{"not_picked":["sneckomod:Transmogrify","sneckomod:UnknownRareSkill"],"picked":"sneckomod:MorePower","floor":16.0},{"not_picked":["sneckomod:QuickBite+1","sneckomod:UnknownClassHEXA_GHOST_PURPLE"],"picked":"sneckomod:UnknownDraw","floor":19.0},{"not_picked":["sneckomod:UnknownClassGUARDIAN+1","sneckomod:UnknownClassRED+1"],"picked":"sneckomod:UnknownRareSkill+1","floor":20.0},{"not_picked":["sneckomod:Nope+1","sneckomod:SoulRoll+1"],"picked":"sneckomod:UnknownWeak","floor":20.0},{"not_picked":["sneckomod:UnknownDraw+1","sneckomod:Unknown0Cost+1"],"picked":"sneckomod:UnknownClassTHE_BRONZE_AUTOMATON+1","floor":23.0},{"not_picked":["sneckomod:UnknownClassHEXA_GHOST_PURPLE","sneckomod:QuickBite","sneckomod:RainOfDice"],"picked":"SKIP","floor":23.0},{"not_picked":["sneckomod:ImprovisedGuard","sneckomod:SnekBeam"],"picked":"sneckomod:SerpentIdol","floor":25.0},{"not_picked":["sneckomod:UnknownCommonSkill+1","sneckomod:UnknownClassSLIMEBOUND+1"],"picked":"sneckomod:Unknown2Cost+1","floor":26},{"not_picked":["sneckomod:SlitherStrike","sneckomod:IronFang","sneckomod:SnakeSap"],"picked":"SKIP","floor":26},{"not_picked":["sneckomod:UnknownClassTHE_CHAMP_GRAY+1","sneckomod:UnknownCommonAttack+1"],"picked":"sneckomod:UnknownWeak+1","floor":28},{"not_picked":["sneckomod:Unknown1Cost","sneckomod:DiceBoulder"],"picked":"sneckomod:DiceBlock","floor":28},{"not_picked":["sneckomod:CheapStock+1","sneckomod:QuickBite+1","sneckomod:TrashToTreasure+1"],"picked":"SKIP","floor":29},{"not_picked":["sneckomod:UnknownClassBLUE+1","sneckomod:UnknownBoss+1"],"picked":"sneckomod:UnknownDraw+1","floor":30},{"not_picked":["sneckomod:UnknownX+1","sneckomod:SnekBeam"],"picked":"sneckomod:UnknownRarePower","floor":30},{"not_picked":["sneckomod:UnknownX+1","sneckomod:UnknownColorless+1"],"picked":"sneckomod:UnknownUncommonPower+1","floor":31},{"not_picked":["sneckomod:UnknownClassHEXA_GHOST_PURPLE","sneckomod:UnknownUncommonPower"],"picked":"sneckomod:UnknownBlock","floor":31}],"player_experience":670380,"relics_obtained":[{"floor":8.0,"key":"Mango"},{"floor":12.0,"key":"MealTicket"},{"floor":14.0,"key":"CaptainsWheel"},{"floor":23.0,"key":"sneckomod:ConfusingCodex"},{"floor":24.0,"key":"Bag of Marbles"},{"floor":25.0,"key":"Bag of Preparation"},{"floor":30,"key":"Pear"}],"event_choices":[],"is_beta":false,"boss_relics":[{"not_picked":["Sozu","SlaversCollar"],"picked":"sneckomod:SuperSneckoSoul"}],"items_purged_floors":[],"is_endless":false,"potions_floor_spawned":[2,3,15,16,23,25,28,30,31],"killed_by":"Snecko","ascension_level":11}}