{"host":"raai0vtvcfkt8csp","time":1611348090,"event":{"mods":["2.2 Compatiblity","BaseMod","Beaked The Cultist","Block Reminder","Booster Modes","Clockwork Mod","Custom Start","DeckTracker","Defective Defect","Defuse TimeMaze Blight","Dio Mod","GifTheSpireLib","Infinite Spire","Minty Spire (QoL Compilation)","Quick Restart","Random Character Button","Rare Cards Sparkle","StSLib","The Marked","Unceasing Turn Reminder"],"gold_per_floor":[118,47,47,147,147,182,182,212,212,238,252,262,277,290,290,387,387,401,99,112,125,125,159,159,159,159,159,11,42,57,84,84,184,184,203,254,254,101,65,91,109,109,157,182,182,194,207,240,240,240,240],"floor_reached":50,"language":"ENG","playtime":3044,"items_purged":[],"score":868,"play_id":"90dd1e8c-adb6-4e8a-8895-0de554437183","local_time":"20210122214130","is_ascension_mode":true,"campfire_choices":[{"data":"theMarked:HeritageOfTheMarked","floor":7,"key":"SMITH"},{"data":"theMarked:Generate","floor":15,"key":"SMITH"},{"data":"theMarked:DispelDoubt","floor":27,"key":"SMITH"},{"data":"theMarked:Levitate","floor":32,"key":"SMITH"},{"floor":49,"key":"REST"}],"circlet_count":0,"master_deck":["theMarked:WardOff","theMarked:WardOff","theMarked:WardOff","theMarked:WardOff","theMarked:WardOff","theMarked:ChainLightning","theMarked:HeritageOfTheMarked+1","infinitespire:Fortify","theMarked:ResourceFulStrike","theMarked:DispelDoubt+1","theMarked:Generate+1","theMarked:ResourceFulStrike","theMarked:DeterminationOfTheMarked","theMarked:TakeOffHeels","theMarked:WardOff","theMarked:RepellingDischarge","theMarked:Seal+1","theMarked:WastefulDefense","theMarked:Levitate+1","theMarked:TwofoldDefense+1","theMarked:Panic","theMarked:Vacuum","theMarked:Frustration","theMarked:Seal","Madness","theMarked:StartUp","theMarked:SuspiciousRaven","theMarked:WardOff","Parasite","Decay","theMarked:HeightenedSenses+1","theMarked:HeritageOfTheMarked+1","theMarked:Reabsorb","theMarked:ChainLightning+1","theMarked:HeightenedSenses","theMarked:TwofoldDefense+1"],"relics":["theMarked:ArtifactOfAir","Peace Pipe","Matryoshka","Dream Catcher","infinitespire:CheckeredPen","Omamori","Cursed Key","Du-Vu Doll","Pen Nib","MutagenicStrength","Potion Belt","infinitespire:PuzzleCube","White Beast Statue","Oddly Smooth Stone","Strawberry","Juzu Bracelet","Black Star","Ice Cream","Membership Card","Bag of Marbles","infinitespire:Golems Mask","Shuriken","Boot","infinitespire:Eraser","Akabeko","HornCleat","Dead Branch"],"acts_visited":["Exordium","TheCity","TheBeyond"],"potions_floor_usage":[30,40,48,48,50,50,50],"damage_taken":[{"damage":0,"enemies":"Small Slimes","floor":1,"turns":4},{"damage":0,"enemies":"Lagavulin","floor":6,"turns":6},{"damage":0,"enemies":"3 Sentries","floor":8,"turns":4},{"damage":0,"enemies":"Lagavulin","floor":10,"turns":5},{"damage":0,"enemies":"Jaw Worm","floor":11,"turns":3},{"damage":0,"enemies":"Cultist","floor":12,"turns":3},{"damage":3,"enemies":"3 Louse","floor":13,"turns":3},{"damage":2,"enemies":"Looter","floor":14,"turns":3},{"damage":14,"enemies":"Hexaghost","floor":16,"turns":8},{"damage":10,"enemies":"2 Thieves","floor":18,"turns":4},{"damage":0,"enemies":"Spheric Guardian","floor":20,"turns":3},{"damage":10,"enemies":"Centurion and Healer","floor":21,"turns":3},{"damage":1,"enemies":"Book of Stabbing","floor":23,"turns":4},{"damage":8,"enemies":"Slavers","floor":29,"turns":5},{"damage":0,"enemies":"Sentry and Sphere","floor":30,"turns":4},{"damage":0,"enemies":"Book of Stabbing","floor":31,"turns":5},{"damage":14,"enemies":"Automaton","floor":33,"turns":8},{"damage":3,"enemies":"3 Darklings","floor":35,"turns":5},{"damage":17,"enemies":"2 Orb Walkers","floor":36,"turns":4},{"damage":0,"enemies":"Reptomancer","floor":40,"turns":5},{"damage":0,"enemies":"Orb Walker","floor":41,"turns":3},{"damage":41,"enemies":"Nightmare","floor":44,"turns":7},{"damage":0,"enemies":"Spire Growth","floor":46,"turns":2},{"damage":4,"enemies":"Jaw Worm Horde","floor":47,"turns":3},{"damage":2,"enemies":"Reptomancer","floor":48,"turns":5},{"damage":38,"enemies":"Jotaro","floor":50,"turns":4}],"seed_played":"-2008141756383622761","potions_obtained":[{"floor":6,"key":"EssenceOfSteel"},{"floor":8,"key":"LiquidMemories"},{"floor":11,"key":"GamblersBrew"},{"floor":29,"key":"Block Potion"},{"floor":30,"key":"AttackPotion"},{"floor":31,"key":"FearPotion"},{"floor":40,"key":"FearPotion"},{"floor":48,"key":"PowerPotion"}],"is_trial":true,"path_per_floor":["M","$","?","?","$","E","R","E","T","E","M","M","M","M","R","B",null,"M","$","M","M","?","E","?","?","T","R","$","E","M","E","R","B",null,"M","?","?","$","$","E","M","T","T","NM","?","M","M","E","R","B"],"character_chosen":"THE_DEFAULT","items_purchased":["theMarked:HeritageOfTheMarked","Du-Vu Doll","Oddly Smooth Stone","Membership Card","theMarked:StartUp"],"campfire_rested":1,"item_purchase_floors":[2,19,28,38,39],"current_hp_per_floor":[70,70,54,54,54,54,54,54,54,54,54,54,51,49,49,35,70,60,60,60,50,50,49,49,49,49,49,49,48,48,48,48,34,77,74,57,57,57,57,57,57,57,57,16,16,16,12,10,33,0,0],"gold":240,"neow_bonus":"","is_daily":false,"chose_seed":false,"campfire_upgraded":4,"win_rate":0.0,"timestamp":1611348090,"path_taken":["M","$","?","?","$","E","R","E","T","E","M","?","M","M","R","BOSS","M","$","M","M","?","E","?","?","T","R","?","E","M","E","R","BOSS","M","?","?","?","$","E","M","?","T","NM","?","M","M","E","R","BOSS"],"items_purchased_type":["Card","Relic","Relic","Relic","Card"],"build_version":"2020-12-22","purchased_purges":0,"victory":false,"max_hp_per_floor":[70,70,70,70,70,70,70,70,70,70,70,70,70,70,70,70,70,70,70,70,70,70,70,70,70,70,70,70,77,77,77,77,77,77,77,77,77,77,77,77,77,77,77,77,77,77,77,77,77,77,77],"card_choices":[{"not_picked":["theMarked:SwordAndMagic","theMarked:KeepCalmAndFightOn"],"picked":"theMarked:ChainLightning","floor":1},{"not_picked":["infinitespire:SevenWalls","infinitespire:FinalStrike"],"picked":"infinitespire:Fortify","floor":3},{"not_picked":["theMarked:ChainLightning","theMarked:Parkour"],"picked":"theMarked:ResourceFulStrike","floor":6},{"not_picked":["theMarked:Panic","theMarked:ShockingTouch"],"picked":"theMarked:DispelDoubt","floor":8},{"not_picked":["theMarked:RogueSparks","theMarked:Convert","theMarked:SwordAndMagic"],"picked":"SKIP","floor":10},{"not_picked":["theMarked:SwordAndMagic","theMarked:ContemptForTheProud"],"picked":"theMarked:Generate","floor":11},{"not_picked":["theMarked:Frustration","theMarked:CreepingChasm"],"picked":"theMarked:ResourceFulStrike","floor":12},{"not_picked":["theMarked:LightningStrikesTwice","theMarked:Reabsorb"],"picked":"theMarked:DeterminationOfTheMarked","floor":13},{"not_picked":["theMarked:TunnelVision","theMarked:Aftermath","theMarked:RogueSparks"],"picked":"SKIP","floor":14},{"not_picked":["theMarked:BindingBlade","theMarked:Defy"],"picked":"theMarked:TakeOffHeels","floor":16},{"not_picked":["theMarked:ElectricStrings+1","theMarked:Convert+1"],"picked":"theMarked:WardOff","floor":18},{"not_picked":["theMarked:Seal","theMarked:ElectricStrings"],"picked":"theMarked:RepellingDischarge","floor":20},{"not_picked":["theMarked:BanishingWave","theMarked:ChainLightning"],"picked":"theMarked:Seal+1","floor":21},{"not_picked":["theMarked:Frustration","theMarked:Aftermath"],"picked":"theMarked:WastefulDefense","floor":23},{"not_picked":["theMarked:ElectricStrings","theMarked:Snap"],"picked":"theMarked:Levitate","floor":29},{"not_picked":["theMarked:ElectricStrings","theMarked:Aftermath"],"picked":"theMarked:TwofoldDefense+1","floor":30},{"not_picked":["theMarked:EmpowerWeapon+1","theMarked:WastefulAttack+1"],"picked":"theMarked:Panic","floor":31},{"not_picked":["theMarked:TurnInvisible","theMarked:TakeOffHeels"],"picked":"theMarked:Vacuum","floor":33},{"not_picked":["theMarked:ParalyzingBlade","theMarked:WastefulDefense"],"picked":"theMarked:Frustration","floor":35},{"not_picked":["theMarked:ResourceFulStrike+1","theMarked:Frustration"],"picked":"theMarked:Seal","floor":36},{"not_picked":["Panacea","Secret Weapon"],"picked":"Madness","floor":37},{"not_picked":["theMarked:EmpowerWeapon+1","theMarked:Electrify"],"picked":"theMarked:SuspiciousRaven","floor":40},{"not_picked":["theMarked:ElementalBlade","theMarked:HeightenedSenses+1"],"picked":"theMarked:WardOff","floor":41},{"not_picked":["theMarked:EmpowerWeapon+1","theMarked:Static+1"],"picked":"theMarked:HeightenedSenses+1","floor":44},{"not_picked":["theMarked:EmpowerWeapon","theMarked:TunnelVision"],"picked":"theMarked:Reabsorb","floor":46},{"not_picked":["theMarked:Defy","theMarked:WastefulDefense+1"],"picked":"theMarked:ChainLightning+1","floor":47},{"not_picked":["theMarked:Aftermath","theMarked:TwofoldDefense"],"picked":"theMarked:HeightenedSenses","floor":48},{"not_picked":["theMarked:TunnelVision","theMarked:SuspiciousRaven"],"picked":"theMarked:TwofoldDefense+1","floor":49}],"player_experience":896843,"relics_obtained":[{"floor":6,"key":"Peace Pipe"},{"floor":8,"key":"Matryoshka"},{"floor":9,"key":"Dream Catcher"},{"floor":9,"key":"infinitespire:CheckeredPen"},{"floor":10,"key":"Omamori"},{"floor":23,"key":"Pen Nib"},{"floor":26,"key":"infinitespire:PuzzleCube"},{"floor":26,"key":"White Beast Statue"},{"floor":29,"key":"Strawberry"},{"floor":31,"key":"Juzu Bracelet"},{"floor":36,"key":"Ice Cream"},{"floor":40,"key":"Bag of Marbles"},{"floor":40,"key":"infinitespire:Golems Mask"},{"floor":42,"key":"Shuriken"},{"floor":43,"key":"Boot"},{"floor":44,"key":"infinitespire:Eraser"},{"floor":44,"key":"Akabeko"},{"floor":48,"key":"HornCleat"},{"floor":48,"key":"Dead Branch"}],"event_choices":[{"damage_healed":0,"gold_gain":100,"player_choice":"Pray","damage_taken":0,"max_hp_gain":0,"max_hp_loss":0,"event_name":"Golden Shrine","floor":4,"gold_loss":0},{"damage_healed":0,"gold_gain":0,"player_choice":"Ignored","damage_taken":0,"max_hp_gain":0,"max_hp_loss":0,"event_name":"Ghosts","floor":22,"gold_loss":0},{"damage_healed":0,"gold_gain":0,"player_choice":"Inject Mutagens","damage_taken":0,"relics_obtained":["MutagenicStrength"],"max_hp_gain":0,"max_hp_loss":0,"event_name":"Drug Dealer","floor":24,"gold_loss":0},{"damage_healed":0,"gold_gain":0,"player_choice":"Opened","damage_taken":0,"relics_obtained":["Potion Belt"],"max_hp_gain":0,"max_hp_loss":0,"event_name":"The Mausoleum","floor":25,"gold_loss":0,"cards_obtained":["Writhe"]},{"damage_healed":0,"gold_gain":0,"player_choice":"Fight","damage_taken":0,"max_hp_gain":0,"max_hp_loss":0,"event_name":"Mysterious Sphere","floor":36,"gold_loss":0},{"damage_healed":0,"gold_gain":0,"player_choice":"Memory 1","damage_taken":0,"max_hp_gain":0,"max_hp_loss":0,"event_name":"SensoryStone","floor":37,"gold_loss":0},{"damage_healed":0,"gold_gain":0,"player_choice":"Copied","damage_taken":0,"max_hp_gain":0,"max_hp_loss":0,"event_name":"Duplicator","floor":45,"gold_loss":0,"cards_obtained":["theMarked:HeritageOfTheMarked"]}],"is_beta":false,"boss_relics":[{"not_picked":["Philosopher\u0027s Stone","Empty Cage"],"picked":"Cursed Key"},{"not_picked":["SlaversCollar","theMarked:BronzeBlade"],"picked":"Black Star"}],"items_purged_floors":[],"is_endless":true,"potions_floor_spawned":[6,8,11,12,20,29,30,31,33,35,36,40,41,44,46,47,48],"killed_by":"Jotaro","ascension_level":1}}