{"host":"roqztpbdbchtekes","time":1611322546,"event":{"mods":["A Magickal Journey","AchievementEnabler","BaseMod","Better Note","Better Third Choice","BetterRewards","Block Reminder","Colored Map","Colored Powertips","Curses Come First","DeckTracker","Minty Spire (QoL Compilation)","Relic Stats","Spicy Shops","StSLib"],"gold_per_floor":[20,120,138,149,174,204,269,294,321,338,354,354,367,383,383,481,481,499,499,499,518,36,62,77,176,202,202,202],"floor_reached":27,"language":"ENG","playtime":1403,"items_purged":[],"score":331,"play_id":"86002baa-d3d8-4c6e-8bc5-5c9ca92e1b9c","local_time":"20210122143546","is_ascension_mode":true,"campfire_choices":[{"floor":12,"key":"REST"},{"data":"Defragment","floor":15,"key":"SMITH"}],"circlet_count":0,"master_deck":["Strike_B","Strike_B","Strike_B","Strike_B","Defend_B","Defend_B","Defend_B","Defend_B","Zap","Dualcast","Ball Lightning","Coolheaded","Glacier","Defragment+1","Static Discharge","Fission","Hologram+1","Compile Driver+1","Loop","Redo","Finesse","Capacitor+1"],"relics":["Cracked Core","Incense Burner","Pen Nib","Centennial Puzzle","HornCleat","Oddly Smooth Stone","Juzu Bracelet","Sozu","PreservedInsect","Orichalcum","Akabeko"],"acts_visited":["Exordium","TheCity"],"potions_floor_usage":[6,13,18,21],"damage_taken":[{"damage":0,"enemies":"Jaw Worm","floor":1,"turns":3},{"damage":0,"enemies":"Cultist","floor":3,"turns":3},{"damage":0,"enemies":"Small Slimes","floor":4,"turns":2},{"damage":20,"enemies":"Lagavulin","floor":6,"turns":7},{"damage":12,"enemies":"3 Sentries","floor":7,"turns":7},{"damage":18,"enemies":"3 Sentries","floor":8,"turns":9},{"damage":15,"enemies":"3 Louse","floor":10,"turns":4},{"damage":1,"enemies":"Looter","floor":11,"turns":3},{"damage":3,"enemies":"Gremlin Gang","floor":13,"turns":4},{"damage":0,"enemies":"2 Fungi Beasts","floor":14,"turns":3},{"damage":4,"enemies":"Hexaghost","floor":16,"turns":10},{"damage":6,"enemies":"Chosen","floor":18,"turns":3},{"damage":10,"enemies":"2 Thieves","floor":21,"turns":4},{"damage":6,"enemies":"Book of Stabbing","floor":23,"turns":6},{"damage":16,"enemies":"Snake Plant","floor":24,"turns":4},{"damage":25,"enemies":"Gremlin Leader","floor":27,"turns":5}],"seed_played":"-3078673940984145029","potions_obtained":[{"floor":4,"key":"SkillPotion"},{"floor":7,"key":"Swift Potion"},{"floor":10,"key":"Ancient Potion"},{"floor":11,"key":"Fire Potion"},{"floor":16,"key":"ColorlessPotion"}],"is_trial":false,"path_per_floor":["M","?","M","M","T","E","?","E","T","M","M","R","M","M","R","B",null,"M","?","?","M","$","E","M","?","T","E"],"character_chosen":"DEFECT","items_purchased":["Loop","PreservedInsect","Redo","Finesse"],"campfire_rested":1,"item_purchase_floors":[22,22,22,22],"current_hp_per_floor":[68,68,68,68,68,48,36,18,18,3,2,24,21,21,21,17,61,55,55,55,45,45,39,23,23,23,0,0],"gold":202,"neow_bonus":"ONE_RARE_RELIC","is_daily":false,"chose_seed":false,"campfire_upgraded":1,"win_rate":0.0,"timestamp":1611322546,"path_taken":["M","?","?","M","?","E","?","E","T","M","M","R","M","M","R","BOSS","M","?","?","M","$","E","M","?","T","E"],"items_purchased_type":["Card","Relic","Card","Card"],"build_version":"2020-12-22","purchased_purges":0,"victory":false,"max_hp_per_floor":[75,75,75,75,75,75,75,75,75,75,75,75,75,75,75,75,75,75,75,75,75,75,75,75,75,75,75,75],"relic_stats":{"Sozu":2,"Centennial Puzzle":[33],"counters":[109,439],"Pen Nib":[9],"PreservedInsect":99,"Juzu Bracelet":1,"Orichalcum":[12],"obtain_stats":[{"Tiny House":34,"CeramicFish":7,"Vajra":36,"Runic Capacitor":30,"Ginger":39,"Whetstone":0,"Sling":0,"Old Coin":41,"Sozu":17,"Blood Vial":45,"Centennial Puzzle":40,"HornCleat":54,"MealTicket":36,"Kunai":34,"Toxic Egg 2":8,"Pear":23,"Happy Flower":20,"Dead Branch":12,"Blue Candle":26,"Velvet Choker":17,"Oddly Smooth Stone":8,"Pen Nib":14,"Question Card":14,"Akabeko":9,"WarpedTongs":11,"Bird Faced Urn":0,"Bronze Scales":44,"Molten Egg 2":19,"StrikeDummy":26,"Unceasing Top":6,"Meat on the Bone":9,"Pocketwatch":37,"Lantern":43,"Singing Bowl":8,"SacredBark":34,"Bag of Preparation":9,"Juzu Bracelet":13,"Incense Burner":0,"Emotion Chip":34,"Dream Catcher":27,"Nunchaku":7,"Matryoshka":24,"TheAbacus":0,"Shovel":14,"Mummified Hand":28,"Pantograph":8,"Gambling Chip":0,"WingedGreaves":13,"Red Mask":38,"Chemical X":0,"Cracked Core":0,"InkBottle":48,"NeowsBlessing":0,"Golden Idol":3,"PreservedInsect":29,"The Courier":43,"Orichalcum":0,"MawBank":13,"Mercury Hourglass":9,"Nuclear Battery":17,"Calling Bell":34,"DataDisk":34,"CaptainsWheel":38,"Anchor":45,"Ornamental Fan":42,"Orrery":13,"Bag of Marbles":46,"Bottled Lightning":10,"Membership Card":0,"FossilizedHelix":0},{"Tiny House":49,"CeramicFish":11,"Vajra":26,"Runic Capacitor":48,"Ginger":29,"Whetstone":35,"Sling":61,"Old Coin":76,"Sozu":44,"Blood Vial":77,"Centennial Puzzle":53,"HornCleat":60,"MealTicket":26,"Kunai":25,"Toxic Egg 2":4,"Pear":47,"Happy Flower":20,"Dead Branch":64,"Blue Candle":70,"Velvet Choker":67,"Oddly Smooth Stone":99,"Pen Nib":18,"Question Card":66,"Akabeko":89,"WarpedTongs":16,"Bird Faced Urn":0,"Bronze Scales":32,"Molten Egg 2":68,"StrikeDummy":21,"Unceasing Top":3,"Meat on the Bone":11,"Pocketwatch":51,"Lantern":31,"Singing Bowl":89,"SacredBark":74,"Bag of Preparation":39,"Juzu Bracelet":42,"Incense Burner":93,"Emotion Chip":25,"Dream Catcher":71,"Nunchaku":84,"Matryoshka":21,"TheAbacus":61,"Shovel":92,"Mummified Hand":71,"Pantograph":15,"Gambling Chip":61,"WingedGreaves":6,"Red Mask":51,"Chemical X":80,"Cracked Core":0,"InkBottle":34,"NeowsBlessing":12,"Golden Idol":86,"PreservedInsect":23,"The Courier":31,"Orichalcum":35,"MawBank":42,"Mercury Hourglass":15,"Nuclear Battery":19,"Calling Bell":25,"DataDisk":25,"CaptainsWheel":28,"Anchor":55,"Ornamental Fan":31,"Orrery":91,"Bag of Marbles":56,"Bottled Lightning":40,"Membership Card":80,"FossilizedHelix":35},{"Tiny House":184,"CeramicFish":43,"Vajra":96,"Runic Capacitor":177,"Ginger":107,"Whetstone":128,"Sling":234,"Old Coin":312,"Sozu":164,"Blood Vial":314,"Centennial Puzzle":198,"HornCleat":228,"MealTicket":96,"Kunai":94,"Toxic Egg 2":15,"Pear":174,"Happy Flower":74,"Dead Branch":245,"Blue Candle":276,"Velvet Choker":261,"Oddly Smooth Stone":393,"Pen Nib":62,"Question Card":251,"Akabeko":347,"WarpedTongs":54,"Bird Faced Urn":0,"Bronze Scales":118,"Molten Egg 2":267,"StrikeDummy":77,"Unceasing Top":11,"Meat on the Bone":43,"Pocketwatch":191,"Lantern":113,"Singing Bowl":347,"SacredBark":301,"Bag of Preparation":143,"Juzu Bracelet":153,"Incense Burner":362,"Emotion Chip":94,"Dream Catcher":280,"Nunchaku":338,"Matryoshka":77,"TheAbacus":234,"Shovel":357,"Mummified Hand":280,"Pantograph":51,"Gambling Chip":234,"WingedGreaves":21,"Red Mask":191,"Chemical X":327,"Cracked Core":0,"InkBottle":124,"NeowsBlessing":46,"Golden Idol":342,"PreservedInsect":84,"The Courier":113,"Orichalcum":128,"MawBank":153,"Mercury Hourglass":51,"Nuclear Battery":70,"Calling Bell":94,"DataDisk":94,"CaptainsWheel":103,"Anchor":205,"Ornamental Fan":113,"Orrery":353,"Bag of Marbles":210,"Bottled Lightning":147,"Membership Card":327,"FossilizedHelix":128}]},"card_choices":[{"not_picked":["Fusion","Glacier"],"picked":"Ball Lightning","floor":1},{"not_picked":["Double Energy","Scrape"],"picked":"Coolheaded","floor":3},{"not_picked":["Turbo","Coolheaded"],"picked":"Glacier","floor":4},{"not_picked":["BootSequence","Undo"],"picked":"Defragment","floor":6},{"not_picked":["BootSequence","White Noise","FTL"],"picked":"SKIP","floor":8},{"not_picked":["Coolheaded","Blizzard","Go for the Eyes"],"picked":"SKIP","floor":10},{"not_picked":["Steam Power","Hologram"],"picked":"Static Discharge","floor":11},{"not_picked":["Cold Snap","Streamline","Go for the Eyes"],"picked":"SKIP","floor":13},{"not_picked":["Sweeping Beam","Gash","Go for the Eyes"],"picked":"SKIP","floor":14},{"not_picked":["Seek","Hyperbeam"],"picked":"Fission","floor":16},{"not_picked":["Turbo","Darkness"],"picked":"Hologram+1","floor":18},{"not_picked":["Cold Snap","Leap"],"picked":"Compile Driver+1","floor":21},{"not_picked":["Melter","Coolheaded"],"picked":"Capacitor+1","floor":23},{"not_picked":["Go for the Eyes","Stack","Ball Lightning"],"picked":"SKIP","floor":24}],"player_experience":318242,"relics_obtained":[{"floor":5,"key":"Pen Nib"},{"floor":6,"key":"Centennial Puzzle"},{"floor":7,"key":"HornCleat"},{"floor":8,"key":"Oddly Smooth Stone"},{"floor":9,"key":"Juzu Bracelet"},{"floor":23,"key":"Orichalcum"},{"floor":26,"key":"Akabeko"}],"event_choices":[{"damage_healed":0,"gold_gain":100,"player_choice":"Pray","damage_taken":0,"max_hp_gain":0,"max_hp_loss":0,"event_name":"Golden Shrine","floor":2,"gold_loss":0},{"damage_healed":0,"gold_gain":0,"player_choice":"Searched \u00271\u0027 times","damage_taken":0,"max_hp_gain":0,"max_hp_loss":0,"event_name":"Dead Adventurer","floor":7,"gold_loss":0},{"damage_healed":0,"gold_gain":0,"player_choice":"Ignored","damage_taken":0,"max_hp_gain":0,"max_hp_loss":0,"event_name":"Ghosts","floor":19,"gold_loss":0},{"damage_healed":0,"gold_gain":0,"player_choice":"0 cards matched","damage_taken":0,"max_hp_gain":0,"max_hp_loss":0,"event_name":"Match and Keep!","floor":20,"gold_loss":0,"cards_obtained":[]},{"damage_healed":0,"gold_gain":99,"player_choice":"Steal","damage_taken":0,"max_hp_gain":0,"max_hp_loss":0,"event_name":"betterThird:BetterNest","floor":25,"gold_loss":0}],"is_beta":false,"boss_relics":[{"not_picked":["Runic Dome","Astrolabe"],"picked":"Sozu"}],"items_purged_floors":[],"is_endless":false,"potions_floor_spawned":[4,7,10,11,16,21,23],"killed_by":"Gremlin Leader","ascension_level":7}}