{"host":"77pvex58kafzx78l","time":1611301823,"event":{"mods":["BaseMod","Better Vampires","DeckTracker","Googly Eyes","Minty Spire (QoL Compilation)","Quick Restart","StSLib","SuperFastMode"],"gold_per_floor":[113,113,0,14,29,29,54,70,96,106,106,106,106,139,139,238,238,254,254,270,317,217,217,245,262,262,288,304,304,304,30,30,134,134,149,149,149,59,73,73,103,121,192,192,192,209,244,260,260,260,260,260,21,51,51,51],"floor_reached":55,"language":"ENG","playtime":1855,"items_purged":["Pain","Defend_P","Defend_P","Defend_P"],"score":889,"play_id":"4ec35cd8-bb96-4a44-b95a-9a59019ced3b","local_time":"20210122155023","is_ascension_mode":true,"campfire_choices":[{"data":"Eruption","floor":6.0,"key":"SMITH"},{"data":"EmptyMind","floor":12.0,"key":"SMITH"},{"data":"TalkToTheHand","floor":15.0,"key":"SMITH"},{"data":"Fasting2","floor":23.0,"key":"SMITH"},{"data":"InnerPeace","floor":29.0,"key":"SMITH"},{"data":"Devotion","floor":32.0,"key":"SMITH"},{"data":"Tantrum","floor":40.0,"key":"SMITH"},{"data":"Devotion","floor":44.0,"key":"SMITH"},{"floor":49.0,"key":"RECALL"},{"data":"Pray","floor":52.0,"key":"SMITH"}],"circlet_count":0,"master_deck":["Strike_P","Defend_P+1","Eruption+1","Vigilance","Indignation","TalkToTheHand+1","EmptyMind+1","ClearTheMind","Pray+1","DeusExMachina+1","Tantrum+1","Brilliance","Fasting2+1","InnerPeace+1","TalkToTheHand+1","TalkToTheHand+1","Devotion+1","Devotion+1","Alpha+1","Evaluate+1","Halt+1","EmptyMind+1","Finesse+1","JustLucky+1","Impatience+1","Scrawl+1"],"relics":["HolyWater","NeowsBlessing","WarpedTongs","Tiny Chest","Lantern","War Paint","Bag of Preparation","Eternal Feather","Toxic Egg 2","Gremlin Horn","Astrolabe","StrikeDummy","Potion Belt","HornCleat","Kunai"],"acts_visited":["Exordium","TheCity","TheBeyond","TheEnding"],"potions_floor_usage":[],"damage_taken":[{"damage":0.0,"enemies":"2 Louse","floor":1.0,"turns":1.0},{"damage":0.0,"enemies":"Cultist","floor":4.0,"turns":1.0},{"damage":0.0,"enemies":"Jaw Worm","floor":5.0,"turns":1.0},{"damage":24.0,"enemies":"3 Sentries","floor":7.0,"turns":9.0},{"damage":5.0,"enemies":"Exordium Wildlife","floor":8.0,"turns":4.0},{"damage":0.0,"enemies":"Large Slime","floor":10.0,"turns":3.0},{"damage":11.0,"enemies":"Lagavulin","floor":14.0,"turns":7.0},{"damage":23.0,"enemies":"The Guardian","floor":16.0,"turns":13.0},{"damage":0.0,"enemies":"Chosen","floor":18.0,"turns":3.0},{"damage":3.0,"enemies":"Shell Parasite","floor":20.0,"turns":3.0},{"damage":20.0,"enemies":"Gremlin Leader","floor":24.0,"turns":3.0},{"damage":0.0,"enemies":"3 Cultists","floor":25.0,"turns":2.0},{"damage":21.0,"enemies":"Slavers","floor":27.0,"turns":4.0},{"damage":0.0,"enemies":"Centurion and Healer","floor":28.0,"turns":3.0},{"damage":44.0,"enemies":"Automaton","floor":33.0,"turns":7.0},{"damage":12.0,"enemies":"3 Darklings","floor":35.0,"turns":4.0},{"damage":0.0,"enemies":"3 Shapes","floor":39.0,"turns":3.0},{"damage":1.0,"enemies":"Nemesis","floor":41.0,"turns":5.0},{"damage":15.0,"enemies":"Jaw Worm Horde","floor":42.0,"turns":5.0},{"damage":4.0,"enemies":"Transient","floor":46.0,"turns":5.0},{"damage":15.0,"enemies":"Reptomancer","floor":47.0,"turns":5.0},{"damage":9.0,"enemies":"Sphere and 2 Shapes","floor":48.0,"turns":4.0},{"damage":47.0,"enemies":"Time Eater","floor":50.0,"turns":8.0},{"damage":44.0,"enemies":"Shield and Spear","floor":54.0,"turns":5.0},{"damage":28,"enemies":"The Heart","floor":55,"turns":2}],"seed_played":"-977174609850471808","potions_obtained":[{"floor":5.0,"key":"Explosive Potion"},{"floor":7.0,"key":"BottledMiracle"},{"floor":10.0,"key":"EssenceOfSteel"},{"floor":18.0,"key":"LiquidMemories"},{"floor":24.0,"key":"Strength Potion"},{"floor":25.0,"key":"Swift Potion"},{"floor":36.0,"key":"Ambrosia"},{"floor":42.0,"key":"FearPotion"},{"floor":47.0,"key":"Regen Potion"}],"is_trial":false,"path_per_floor":["M","?","$","M","M","R","E","M","T","M","?","R","T","E","R","B",null,"M","?","M","T","$","R","E","M","T","E","M","R","?","$","R","B",null,"M","?","T","$","M","R","E","M","T","R","?","M","E","M","R","B",null,"R","$","E","B"],"character_chosen":"WATCHER","items_purchased":["TalkToTheHand","Devotion","Finesse+1","Impatience+1"],"campfire_rested":0,"item_purchase_floors":[3,31,38,53],"current_hp_per_floor":[72,72,72,72,72,72,48,43,43,43,43,43,43,32,32,9,72,72,72,69,69,69,69,49,49,49,28,28,40,40,40,52,8,72,60,60,60,60,60,72,71,56,56,68,68,64,49,40,55,22,72,72,72,28,0,0],"gold":51,"neow_bonus":"THREE_ENEMY_KILL","is_daily":false,"chose_seed":false,"campfire_upgraded":9,"win_rate":0.0,"timestamp":1611301823,"path_taken":["M","?","$","M","?","R","E","M","T","M","?","R","?","E","R","BOSS","M","?","M","?","$","R","E","M","T","E","?","R","?","$","R","BOSS","M","?","?","$","?","R","E","M","T","R","?","?","E","M","R","BOSS","R","$","E","BOSS"],"items_purchased_type":["Card","Card","Card","Card"],"build_version":"2020-12-22","purchased_purges":4,"victory":false,"max_hp_per_floor":[72,72,72,72,72,72,72,72,72,72,72,72,72,72,72,72,72,72,72,72,72,72,72,72,72,72,72,72,72,72,72,72,72,72,72,72,72,72,72,72,72,72,72,72,72,72,72,72,72,72,72,72,72,72,72,72],"card_choices":[{"not_picked":["Consecrate","BowlingBash"],"picked":"Indignation","floor":1.0},{"not_picked":["PathToVictory","EmptyFist"],"picked":"EmptyMind","floor":4.0},{"not_picked":["ForeignInfluence","CrushJoints"],"picked":"ClearTheMind","floor":5.0},{"not_picked":["FlyingSleeves","Swivel"],"picked":"Pray","floor":7.0},{"not_picked":["Crescendo","FlyingSleeves","Halt"],"picked":"SKIP","floor":8.0},{"not_picked":["ReachHeaven","EmptyFist"],"picked":"DeusExMachina","floor":10.0},{"not_picked":["ThirdEye","Protect"],"picked":"Tantrum","floor":14.0},{"not_picked":["Devotion","Wish"],"picked":"Brilliance","floor":16.0},{"not_picked":["EmptyBody+1","Evaluate"],"picked":"Fasting2","floor":18.0},{"not_picked":["ThirdEye","CutThroughFate"],"picked":"TalkToTheHand+1","floor":20.0},{"not_picked":["WreathOfFlame+1","BattleHymn","WindmillStrike+1"],"picked":"SKIP","floor":24.0},{"not_picked":["Meditate","WheelKick","WreathOfFlame+1"],"picked":"SKIP","floor":25.0},{"not_picked":["PathToVictory+1","FollowUp"],"picked":"TalkToTheHand","floor":27.0},{"not_picked":["PathToVictory+1","LikeWater+1","CrushJoints+1"],"picked":"SKIP","floor":28.0},{"not_picked":["Judgement+1","Alpha+1"],"picked":"Devotion","floor":33.0},{"not_picked":["WindmillStrike","EmptyFist"],"picked":"EmptyMind+1","floor":35.0},{"not_picked":["Prostrate+1","Meditate+1","SashWhip"],"picked":"SKIP","floor":39.0},{"not_picked":["SignatureMove+1","Nirvana+1","CutThroughFate+1"],"picked":"SKIP","floor":41.0},{"not_picked":["WheelKick+1","Fasting2+1","EmptyFist"],"picked":"SKIP","floor":42.0},{"not_picked":["Conclude+1","ClearTheMind+1"],"picked":"JustLucky+1","floor":46.0},{"not_picked":["Meditate+1","FlyingSleeves+1","ClearTheMind+1"],"picked":"SKIP","floor":47.0},{"not_picked":["Crescendo+1","SpiritShield+1","Meditate+1"],"picked":"SKIP","floor":48.0},{"not_picked":["ThirdEye+1","Vengeance+1"],"picked":"Scrawl+1","floor":54.0}],"player_experience":242049,"relics_obtained":[{"floor":7.0,"key":"Tiny Chest"},{"floor":9.0,"key":"Lantern"},{"floor":14.0,"key":"War Paint"},{"floor":21.0,"key":"Bag of Preparation"},{"floor":24.0,"key":"Eternal Feather"},{"floor":26.0,"key":"Toxic Egg 2"},{"floor":27.0,"key":"Gremlin Horn"},{"floor":37.0,"key":"StrikeDummy"},{"floor":41.0,"key":"Potion Belt"},{"floor":43.0,"key":"HornCleat"},{"floor":47.0,"key":"Kunai"}],"event_choices":[{"damage_healed":0.0,"max_hp_gain":0.0,"max_hp_loss":0.0,"gold_gain":0.0,"event_name":"Accursed Blacksmith","player_choice":"Rummage","floor":2.0,"gold_loss":0.0,"damage_taken":0.0,"relics_obtained":["WarpedTongs"],"cards_obtained":["Pain"]},{"damage_healed":0.0,"max_hp_gain":0.0,"max_hp_loss":0.0,"gold_gain":0.0,"event_name":"Liars Game","player_choice":"Ignored","floor":11.0,"gold_loss":0.0,"damage_taken":0.0},{"damage_healed":0.0,"max_hp_gain":0.0,"max_hp_loss":0.0,"gold_gain":0.0,"event_name":"The Library","player_choice":"Read","floor":19.0,"gold_loss":0.0,"damage_taken":0.0,"cards_obtained":["InnerPeace"]},{"damage_healed":0.0,"max_hp_gain":0.0,"max_hp_loss":0.0,"gold_gain":0.0,"event_name":"Vampires","player_choice":"Ignored","floor":30.0,"gold_loss":0.0,"damage_taken":0.0},{"damage_healed":0.0,"max_hp_gain":0.0,"max_hp_loss":0.0,"gold_gain":0.0,"event_name":"Lab","player_choice":"Got Potions","floor":36.0,"gold_loss":0.0,"damage_taken":0.0},{"damage_healed":0.0,"max_hp_gain":0.0,"max_hp_loss":0.0,"gold_gain":0.0,"event_name":"Upgrade Shrine","player_choice":"Upgraded","floor":45.0,"gold_loss":0.0,"damage_taken":0.0,"cards_upgraded":["TalkToTheHand"]}],"is_beta":false,"boss_relics":[{"not_picked":["Tiny House","Runic Pyramid"],"picked":"HolyWater"},{"not_picked":["SlaversCollar","Coffee Dripper"],"picked":"Astrolabe"}],"items_purged_floors":[3,22,31,53],"is_endless":false,"potions_floor_spawned":[5,7,10,18,24,25,42,47],"killed_by":"The Heart","ascension_level":3}}