{"host":"j4g6ia6asvpyu2b0","time":1611348476,"event":{"mods":["BaseMod","Colored Map","Minty Spire (QoL Compilation)","Permanent Neow","Quick Restart","Relic Stats","StSLib","Unceasing Turn Reminder"],"gold_per_floor":[362,380,161,175,175,175,208,208,208,233,29,43,61,81,81,160,160,180,190,190,105,123,149,163,197,197,197,197],"floor_reached":27,"language":"ENG","playtime":1741,"items_purged":[],"score":451,"play_id":"fe1161ee-d37a-4bfb-8a33-e106f57eb52a","local_time":"20210122134756","is_ascension_mode":true,"campfire_choices":[{"data":"Zap","floor":6.0,"key":"SMITH"},{"data":"Capacitor","floor":8.0,"key":"SMITH"},{"data":"Coolheaded","floor":15,"key":"SMITH"}],"circlet_count":0,"master_deck":["AscendersBane","Strike_B","Strike_B","Strike_B","Defend_B","Defend_B","Defend_B","Defend_B","Zap+1","Dualcast","Capacitor+1","Self Repair","Melter","Glacier","Echo Form","Coolheaded+1","Ball Lightning","Cold Snap","Electrodynamics","Loop","Biased Cognition","Consume","Self Repair","Cold Snap","Creative AI"],"relics":["Cracked Core","Runic Capacitor","Question Card","Happy Flower","Art of War","ClockworkSouvenir","Coffee Dripper","Juzu Bracelet","InkBottle","DataDisk","Matryoshka"],"acts_visited":["Exordium","TheCity"],"potions_floor_usage":[12,13,16,16,19,25],"damage_taken":[{"damage":0.0,"enemies":"Cultist","floor":1.0,"turns":3.0},{"damage":7.0,"enemies":"Jaw Worm","floor":2.0,"turns":2.0},{"damage":13.0,"enemies":"Small Slimes","floor":4.0,"turns":4.0},{"damage":19.0,"enemies":"3 Sentries","floor":7.0,"turns":9.0},{"damage":33.0,"enemies":"Gremlin Nob","floor":10.0,"turns":7.0},{"damage":2,"enemies":"Exordium Wildlife","floor":12,"turns":7},{"damage":12,"enemies":"Lots of Slimes","floor":13,"turns":4},{"damage":2,"enemies":"Large Slime","floor":14,"turns":4},{"damage":4,"enemies":"The Guardian","floor":16,"turns":9},{"damage":16,"enemies":"3 Byrds","floor":18,"turns":4},{"damage":11,"enemies":"2 Thieves","floor":19,"turns":3},{"damage":21,"enemies":"Snake Plant","floor":22,"turns":4},{"damage":35,"enemies":"Slavers","floor":23,"turns":4},{"damage":7,"enemies":"Centurion and Healer","floor":24,"turns":6},{"damage":20,"enemies":"Book of Stabbing","floor":25,"turns":6},{"damage":34,"enemies":"Slavers","floor":27,"turns":1}],"seed_played":"-6925968682903867443","potions_obtained":[{"floor":1.0,"key":"ColorlessPotion"},{"floor":10.0,"key":"SkillPotion"},{"floor":12,"key":"Block Potion"},{"floor":14,"key":"EntropicBrew"},{"floor":19,"key":"Strength Potion"},{"floor":23,"key":"PowerPotion"}],"is_trial":false,"path_per_floor":["M","M","$","M","?","R","E","R","T","E","$","M","M","M","R","B",null,"M","M","?","?","M","E","M","E","T","E"],"character_chosen":"DEFECT","items_purchased":["Runic Capacitor","Melter","Coolheaded","ClockworkSouvenir"],"campfire_rested":0,"item_purchase_floors":[3,3,11,11],"current_hp_per_floor":[64,57,57,51,51,51,39,39,39,13,13,25,20,25,25,35,57,55,51,51,51,44,16,37,31,31,0,0],"gold":197,"neow_bonus":"TWO_FIFTY_GOLD","is_daily":false,"chose_seed":false,"campfire_upgraded":3,"win_rate":0.0,"timestamp":1611348476,"path_taken":["M","?","$","M","?","R","E","R","T","E","$","M","M","M","R","BOSS","M","?","?","?","M","E","M","E","T","E"],"items_purchased_type":["Relic","Card","Card","Relic"],"build_version":"2020-12-22","purchased_purges":0,"victory":false,"max_hp_per_floor":[64,64,64,64,64,64,64,64,64,64,64,64,64,64,64,64,64,64,64,64,64,64,64,64,64,64,64,64],"relic_stats":{"Happy Flower":[19],"counters":[16,77],"Art of War":[12],"Juzu Bracelet":0,"Question Card":11,"obtain_stats":[{"DataDisk":25,"Matryoshka":26,"Happy Flower":9,"Runic Capacitor":3,"Art of War":10,"Coffee Dripper":17,"Juzu Bracelet":21,"Cracked Core":0,"Question Card":7,"InkBottle":23,"ClockworkSouvenir":11},{"DataDisk":15,"Matryoshka":15,"Happy Flower":4,"Runic Capacitor":2,"Art of War":5,"Coffee Dripper":9,"Juzu Bracelet":11,"Cracked Core":0,"Question Card":4,"InkBottle":13,"ClockworkSouvenir":5},{"DataDisk":76,"Matryoshka":76,"Happy Flower":18,"Runic Capacitor":5,"Art of War":25,"Coffee Dripper":49,"Juzu Bracelet":56,"Cracked Core":0,"Question Card":18,"InkBottle":64,"ClockworkSouvenir":25}],"InkBottle":[4]},"card_choices":[{"not_picked":["Reinforced Body","Turbo"],"picked":"Capacitor","floor":1.0},{"not_picked":["Gash","Leap"],"picked":"Self Repair","floor":2.0},{"not_picked":["Gash","Leap"],"picked":"Glacier","floor":4.0},{"not_picked":["Leap","Turbo","Steam"],"picked":"SKIP","floor":7.0},{"not_picked":["Beam Cell","Chill","Defragment"],"picked":"Echo Form","floor":10.0},{"not_picked":["Streamline","Turbo","Steam Power"],"picked":"Ball Lightning","floor":12},{"not_picked":["BootSequence","Turbo","Rebound"],"picked":"Cold Snap","floor":13},{"not_picked":["Rebound","Scrape","Streamline","Leap"],"picked":"SKIP","floor":14},{"not_picked":["All For One","Reboot","Core Surge"],"picked":"Electrodynamics","floor":16},{"not_picked":["Redo","Steam","Go for the Eyes"],"picked":"Loop","floor":18},{"not_picked":["Gash","Double Energy","Blizzard+1"],"picked":"Biased Cognition","floor":19},{"not_picked":["Stack","Cold Snap","Compile Driver"],"picked":"Self Repair","floor":22},{"not_picked":["Redo","Steam","Sweeping Beam","Rip and Tear"],"picked":"SKIP","floor":23},{"not_picked":["Leap+1","Conserve Battery","Stack"],"picked":"Cold Snap","floor":24},{"not_picked":["Hello World","Leap","Seek"],"picked":"Creative AI","floor":25}],"player_experience":932937,"relics_obtained":[{"floor":7.0,"key":"Question Card"},{"floor":9.0,"key":"Happy Flower"},{"floor":10.0,"key":"Art of War"},{"floor":23,"key":"InkBottle"},{"floor":25,"key":"DataDisk"},{"floor":26,"key":"Matryoshka"}],"event_choices":[{"cards_removed":["Strike_B"],"damage_healed":0.0,"max_hp_gain":0.0,"max_hp_loss":0.0,"gold_gain":0.0,"event_name":"Bonfire Elementals","player_choice":"Offered Basic","floor":5.0,"gold_loss":0.0,"damage_taken":0.0},{"damage_healed":0,"gold_gain":0,"player_choice":"Read","damage_taken":0,"max_hp_gain":0,"max_hp_loss":0,"event_name":"The Library","floor":20,"gold_loss":0,"cards_obtained":["Consume"]},{"damage_healed":0,"gold_gain":0,"player_choice":"Obtained Relic","damage_taken":0,"relics_obtained":["Juzu Bracelet"],"max_hp_gain":0,"max_hp_loss":0,"event_name":"Addict","floor":21,"gold_loss":85}],"is_beta":false,"boss_relics":[{"not_picked":["Velvet Choker","Empty Cage"],"picked":"Coffee Dripper"}],"items_purged_floors":[],"is_endless":false,"potions_floor_spawned":[1,10,12,14,19,23,24],"killed_by":"Slavers","ascension_level":14}}