{"host":"e6sgj53qqwx3piqv","time":1611336988,"event":{"mods":["AchievementEnabler","Aspiration","BaseMod","BetterRewards","Colored Powertips","Downfall","Hermit","Highlight Path","Hubris","Infinite Spire","Minty Spire (QoL Compilation)","Quick Restart","Rare Cards Sparkle","Replay The Spire","Shop Mod","StSLib","The Cursed","The Disciple","The Jungle","The Runesmith"],"gold_per_floor":[99,132,18,18,18,18,41,41,41,128,128,203,203,203,203,509,509,667,724,724,7,7,7,34,109,109,109,196,295,195,195,240,540,540,540,591,591,591,591,591,615,71,71,71,71,131,31,666,710,710,710,817,197,197,197,197],"floor_reached":57,"language":"ENG","playtime":1390,"items_purged":[],"score":1527,"play_id":"f8e08f6c-03fa-45bb-84d5-3f96808ca792","local_time":"20210122123628","daily_mods":["Allstar","Colorless Cards","Heirloom","Time Dilation","Flight","downfall:ChampStances","downfall:Lament","Cursed Run","Midas"],"is_ascension_mode":false,"campfire_choices":[{"floor":1,"key":"RECALL"},{"floor":30,"key":"REST"},{"floor":40,"key":"REST"},{"floor":45,"key":"REST"},{"floor":47,"key":"REST"},{"floor":54,"key":"REST"}],"circlet_count":0,"master_deck":["champ:Strike","champ:Strike","champ:Strike","champ:Strike","champ:Defend","champ:Defend","champ:Defend","champ:Defend","champ:Execute","champ:Taunt","Mind Blast","Madness","Deep Breath","Replay:Sssssssssshield","champ:IronFortress","expansioncontent:DashGenerateEvil","champ:StanceDance+1","champ:Haymaker","champ:BringItOn+1","Shame","champ:DancingMaster","Chrysalis","ReplayTheSpireMod:Faulty Equipment","champ:StrikeOfGenius","champ:TornadoPunch","champ:EndlessRage","Chrysalis","champ:EnGarde","Languid","Poisoned Strike+1","hubris:DuctTapeCard","Replay:Bootleg Shield Generator","champ:Shatter+1","hubris:Lust","ReplayUltimateDefense","champ:EndlessRage","Mind Blast","Replay:Bootleg Shield Generator","hubris:Sloth","hubris:Envy","Violence","champ:GladiatorStyle","Flash of Steel","champ:ShieldSlam","hubris:Greed","Crow Ritual","champ:FocusedDefense","hubris:Sloth","champ:FlashCut+1","Pot Of Greed","Pot Of Greed","Pot Of Greed","Pot Of Greed","Pot Of Greed","ReplayUltimateDefense","champ:IronFortress","hubris:Envy","ReplayTheSpireMod:Doomed"],"relics":["Cursed Key","Darkstone Periapt","Du-Vu Doll","champ:ChampStancesModRelic","NeowsBlessing","Pondfish Scales","infinitespire:Lucky Rock","NeowsBlessing","NeowsBlessing","Runesmith:AutoHammer","NeowsBlessing","Replay:Mystery Machine","Toy Ornithopter","SlaversCollar","downfall:HeartBlessingRed","Lizard Tail","Pet Ghost","infinitespire:Magic Flask","Orichalcum","Blue Candle","NeowsBlessing","NeowsBlessing","Replay:Bottled Flurry","hubris:DuctTape","downfall:HeartBlessingGreen","NeowsBlessing","Coffee Dripper","NeowsBlessing","NeowsBlessing","Juzu Bracelet","champ:FightingForDummies","NeowsBlessing","downfall:HeartBlessingBlue","Pen Nib","Grinning Jar","bronze:DonusWashers","Replay:Wax Seal"],"acts_visited":["Exordium","TheCity","TheBeyond","TheEnding"],"potions_floor_usage":[55,55,55],"damage_taken":[{"damage":0,"enemies":"2 Louse","floor":2,"turns":1},{"damage":0,"enemies":"downfall:FleeingMerchant","floor":3,"turns":1},{"damage":0,"enemies":"Lagavulin","floor":10,"turns":1},{"damage":0,"enemies":"3 Sentries","floor":12,"turns":1},{"damage":0,"enemies":"Slime Boss","floor":16,"turns":1},{"damage":0,"enemies":"Chosen","floor":19,"turns":1},{"damage":0,"enemies":"Slavers","floor":25,"turns":1},{"damage":0,"enemies":"Book of Stabbing","floor":28,"turns":1},{"damage":0,"enemies":"Slavers","floor":29,"turns":1},{"damage":0,"enemies":"3 Byrds","floor":32,"turns":1},{"damage":0,"enemies":"SI_MIRROR_ARCHETYPE","floor":33,"turns":1},{"damage":0,"enemies":"3 Darklings","floor":36,"turns":1},{"damage":3,"enemies":"3 Shapes","floor":46,"turns":1},{"damage":0,"enemies":"Writhing Mass","floor":49,"turns":1},{"damage":0,"enemies":"WA_ARCHETYPE_DIVINITY","floor":50,"turns":1},{"damage":0,"enemies":"downfall:CharBossMerchant","floor":52,"turns":1},{"damage":439,"enemies":"downfall:NeowBoss","floor":55,"turns":22},{"damage":0,"enemies":"downfall:NeowBossFinal","floor":56,"turns":1}],"seed_played":"-1449964504298665183","potions_obtained":[{"floor":2,"key":"sneckomod:MuddlingPotion"},{"floor":25,"key":"Guardian:BlockOnCardUsePotion"},{"floor":28,"key":"SteroidPotion"}],"is_trial":true,"path_per_floor":["R","M","$","?","WH","WH","T","WH","?","E","WH","E","WH","WH","WH","B",null,"R","M","WH","$","WH","AVR","T","E","WH","WH","E","E","R","WH","M","B",null,"R","M","?","WH","WH","R","T","$","?","WH","R","M","R","?","M","B",null,"E","$","R","B","B",null],"character_chosen":"THE_CHAMP","items_purchased":["expansioncontent:DashGenerateEvil","champ:StanceDance+1","infinitespire:Lucky Rock","champ:Haymaker","Lizard Tail","champ:EndlessRage","Chrysalis","Pet Ghost","champ:EnGarde","Violence","Juzu Bracelet","champ:FightingForDummies","champ:GladiatorStyle","Grinning Jar","bronze:DonusWashers","Replay:Wax Seal","ReplayUltimateDefense","champ:IronFortress"],"campfire_rested":5,"item_purchase_floors":[3,3,3,3,21,21,21,21,21,42,42,42,42,53,53,53,53,53],"current_hp_per_floor":[90,90,90,90,90,90,96,96,96,96,105,105,115,126,138,144,144,144,144,158,158,173,173,179,179,179,179,179,179,179,179,179,185,185,185,185,191,191,191,191,197,197,197,197,197,194,207,213,213,219,219,219,219,219,30,36],"gold":197,"neow_bonus":"THREE_ENEMY_KILL","is_daily":false,"chose_seed":false,"campfire_upgraded":0,"win_rate":0.0,"timestamp":1611336988,"path_taken":["R","M","$","?","WH","WH","T","WH","?","E","WH","E","WH","WH","WH","BOSS","R","M","WH","$","WH","AVR","T","E","WH","WH","E","E","R","WH","M","BOSS","R","M","?","WH","WH","R","T","$","?","WH","R","M","R","?","M","BOSS","E","$","R","BOSS","BOSS"],"items_purchased_type":["Card","Card","Relic","Card","Relic","Card","Card","Relic","Card","Card","Relic","Relic","Card","Relic","Relic","Relic","Card","Card"],"build_version":"2020-12-22","purchased_purges":0,"victory":true,"max_hp_per_floor":[90,90,90,90,90,90,96,96,96,96,105,105,115,126,138,144,144,144,144,158,158,173,173,179,179,179,179,179,179,179,179,179,185,185,185,185,191,191,191,191,197,197,197,197,197,197,207,213,213,219,219,219,219,219,225,231],"card_choices":[{"not_picked":["champ:BladeFlurry","champ:SetATrap"],"picked":"champ:Encircle","floor":2},{"not_picked":["champ:StanceDance","champ:EnGarde"],"picked":"champ:IronFortress","floor":3},{"not_picked":["champ:RecklessLeap","Impatience"],"picked":"champ:DancingMaster","floor":10},{"not_picked":["champ:Haymaker","champ:FanOfKnives"],"picked":"Chrysalis","floor":12},{"not_picked":["Magnetism","champ:Devastate"],"picked":"champ:StrikeOfGenius","floor":16},{"not_picked":["champ:CrownThrow+1","champ:FancyFootwork"],"picked":"champ:TornadoPunch","floor":19},{"not_picked":["champ:TornadoPunch+1","champ:Haymaker+1"],"picked":"Replay:Bootleg Shield Generator","floor":25},{"not_picked":["champ:StanceDance+1","champ:AdrenalArmor"],"picked":"Poisoned Strike","floor":28},{"not_picked":["champ:Backstep+1","champ:HeartStrike"],"picked":"Replay:Bootleg Shield Generator","floor":29},{"not_picked":["champ:BladeFlurry+1","champ:PerfectedStrike"],"picked":"champ:Shatter+1","floor":32},{"not_picked":["champ:IgnorePain","Thinking Ahead"],"picked":"ReplayUltimateDefense","floor":33},{"not_picked":["champ:StanceDance","champ:Haymaker"],"picked":"champ:EndlessRage","floor":36},{"not_picked":["champ:GutPunch","champ:BladeFlurry"],"picked":"champ:ShieldSlam","floor":46},{"not_picked":["champ:BringItOn","champ:FlashCut"],"picked":"Crow Ritual","floor":48},{"not_picked":["champ:BringItOn+1","champ:PreciseThrust+1"],"picked":"champ:FocusedDefense","floor":49},{"not_picked":["champ:BladeFlurry+1","champ:FaceSlap"],"picked":"champ:FlashCut+1","floor":52}],"player_experience":215034,"relics_obtained":[{"floor":7,"key":"Runesmith:AutoHammer"},{"floor":10,"key":"Replay:Mystery Machine"},{"floor":12,"key":"Toy Ornithopter"},{"floor":24,"key":"Orichalcum"},{"floor":25,"key":"Blue Candle"},{"floor":28,"key":"Replay:Bottled Flurry"},{"floor":29,"key":"hubris:DuctTape"},{"floor":52,"key":"Pen Nib"}],"event_choices":[],"is_beta":false,"boss_relics":[{"not_picked":["Abe\u0027s Treasure","Empty Cage"],"picked":"SlaversCollar"},{"not_picked":["Tiny House","Astrolabe"],"picked":"Coffee Dripper"}],"items_purged_floors":[],"is_endless":false,"potions_floor_spawned":[2,25,28,33,46],"ascension_level":0}}