{"host":"3qkmyeoym75lj4wn","time":1611279381,"event":{"mods":["2.2 Compatiblity","Act Like it!","BaseMod","Bestiary","Block Reminder","Colored Powertips","Highlight Path","Minty Spire (QoL Compilation)","Permanent Neow","Rare Cards Sparkle","Relic Stats","StSLib"],"gold_per_floor":[114,125,125,4,0,0,33,33,33,58,58,72,100,126,126,199,199,218,143,159,159,74,100,100,130,175,206,217,217,250,264,264,336,336,354,370,127,141,158,186,186,206,206,206,222,241,252,208,208,208,208,208,208,45,71,71],"floor_reached":57,"language":"ENG","playtime":3597,"items_purged":["Strike_G"],"score":3080,"play_id":"5da09576-900e-4e68-86d3-5c5817d25995","local_time":"20210122013621","is_ascension_mode":true,"campfire_choices":[{"data":"Footwork","floor":6.0,"key":"SMITH"},{"data":"Malaise","floor":8.0,"key":"SMITH"},{"data":"Leg Sweep","floor":15.0,"key":"SMITH"},{"data":"Noxious Fumes","floor":24.0,"key":"SMITH"},{"data":"Cloak And Dagger","floor":29.0,"key":"SMITH"},{"floor":32.0,"key":"REST"},{"floor":41.0,"key":"RECALL"},{"data":"Infinite Blades","floor":44.0,"key":"SMITH"},{"floor":49.0,"key":"REST"},{"data":"After Image","floor":53.0,"key":"SMITH"}],"circlet_count":0,"master_deck":["AscendersBane","Defend_G","Defend_G","Defend_G+1","Defend_G","Defend_G","Survivor+1","Neutralize+1","Leg Sweep+1","Masterful Stab+1","Backstab","Footwork+1","Malaise+1","Backstab+1","Cloak And Dagger+1","Blade Dance","Dagger Throw+1","All Out Attack+1","Dagger Spray+1","Infinite Blades+1","Noxious Fumes+1","PiercingWail","Backstab","Venomology","After Image+1","Backstab"],"relics":["Ring of the Snake","NeowsBlessing","Dead Branch","War Paint","WingedGreaves","Nunchaku","HornCleat","Tough Bandages","Astrolabe","InkBottle","Whetstone","Meat on the Bone","StrikeDummy","Philosopher\u0027s Stone","Blood Vial","Bag of Preparation","Paper Crane","Oddly Smooth Stone","Vajra"],"acts_visited":["Exordium","TheCity","TheBeyond","TheEnding"],"potions_floor_usage":[56,56],"damage_taken":[{"damage":0.0,"enemies":"2 Louse","floor":1.0,"turns":1.0},{"damage":0.0,"enemies":"Jaw Worm","floor":2.0,"turns":1.0},{"damage":0.0,"enemies":"3 Sentries","floor":7.0,"turns":1.0},{"damage":8.0,"enemies":"Gremlin Nob","floor":10.0,"turns":4.0},{"damage":0.0,"enemies":"Cultist","floor":12.0,"turns":2.0},{"damage":2.0,"enemies":"3 Sentries","floor":13.0,"turns":8.0},{"damage":0.0,"enemies":"Gremlin Nob","floor":14.0,"turns":1.0},{"damage":0.0,"enemies":"The Guardian","floor":16.0,"turns":12.0},{"damage":0.0,"enemies":"Chosen","floor":18.0,"turns":3.0},{"damage":0.0,"enemies":"3 Byrds","floor":20.0,"turns":3.0},{"damage":7.0,"enemies":"Book of Stabbing","floor":23.0,"turns":8.0},{"damage":0.0,"enemies":"Slavers","floor":25.0,"turns":4.0},{"damage":1.0,"enemies":"Book of Stabbing","floor":27.0,"turns":6.0},{"damage":1.0,"enemies":"Centurion and Healer","floor":28.0,"turns":3.0},{"damage":35.0,"enemies":"Slavers","floor":30.0,"turns":6.0},{"damage":0.0,"enemies":"Snake Plant","floor":31.0,"turns":2.0},{"damage":12.0,"enemies":"Champ","floor":33.0,"turns":13.0},{"damage":0.0,"enemies":"3 Darklings","floor":35.0,"turns":2.0},{"damage":0.0,"enemies":"3 Shapes","floor":36.0,"turns":3.0},{"damage":18.0,"enemies":"Spire Growth","floor":38.0,"turns":6.0},{"damage":0.0,"enemies":"Jaw Worm Horde","floor":39.0,"turns":5.0},{"damage":9.0,"enemies":"Nemesis","floor":40.0,"turns":5.0},{"damage":0.0,"enemies":"Sphere and 2 Shapes","floor":42.0,"turns":4.0},{"damage":0.0,"enemies":"Maw","floor":45.0,"turns":5.0},{"damage":0.0,"enemies":"Transient","floor":46.0,"turns":6.0},{"damage":0.0,"enemies":"Spire Growth","floor":47.0,"turns":4.0},{"damage":1.0,"enemies":"Awakened One","floor":50.0,"turns":12.0},{"damage":30.0,"enemies":"Donu and Deca","floor":51.0,"turns":6.0},{"damage":1.0,"enemies":"Shield and Spear","floor":55.0,"turns":8.0},{"damage":70,"enemies":"The Heart","floor":56,"turns":11}],"seed_played":"-6183803974872846883","potions_obtained":[{"floor":1.0,"key":"Swift Potion"},{"floor":7.0,"key":"LiquidBronze"},{"floor":13.0,"key":"AttackPotion"},{"floor":18.0,"key":"SteroidPotion"},{"floor":28.0,"key":"ColorlessPotion"},{"floor":30.0,"key":"Weak Potion"},{"floor":55.0,"key":"Strength Potion"}],"is_trial":false,"path_per_floor":["M","M","?","$","?","R","E","R","T","E","?","M","E","E","R","B",null,"M","?","M","?","$","E","R","E","T","E","M","R","E","M","R","B",null,"M","M","$","M","M","E","R","M","T","R","M","M","M","$","R","B","B",null,"R","$","E","B",null],"character_chosen":"THE_SILENT","items_purchased":["Backstab","Footwork","Noxious Fumes","Blood Vial","Backstab","Oddly Smooth Stone"],"campfire_rested":2,"item_purchase_floors":[4,4,22,37,48,54],"current_hp_per_floor":[59,59,41,41,41,41,41,41,41,33,33,33,31,31,31,31,57,57,57,57,76,76,69,69,69,69,68,67,67,44,44,66,54,71,71,71,71,55,57,50,50,52,52,52,54,56,58,58,76,75,46,69,69,69,70,14],"gold":71,"neow_bonus":"THREE_ENEMY_KILL","is_daily":false,"chose_seed":false,"campfire_upgraded":7,"win_rate":0.0,"timestamp":1611279381,"path_taken":["M","M","?","$","?","R","E","R","T","E","?","M","E","E","R","BOSS","M","?","M","?","$","E","R","E","T","E","M","R","E","?","R","BOSS","M","M","$","M","M","E","R","M","T","R","?","M","M","$","R","BOSS","BOSS","R","$","E","BOSS"],"items_purchased_type":["Card","Card","Card","Relic","Card","Relic"],"build_version":"2020-12-22","purchased_purges":1,"victory":true,"max_hp_per_floor":[66,66,66,66,66,66,66,66,66,66,66,66,66,66,66,66,66,66,66,66,76,76,76,76,76,76,76,76,76,76,76,76,76,76,76,76,76,76,76,76,76,76,76,76,76,76,76,76,76,76,76,76,76,76,76,76],"relic_stats":{"counters":[30,155],"Dead Branch":[533],"Astrolabe":["Dagger Throw","All Out Attack","Dagger Spray"],"Bag of Preparation":[16],"Whetstone":["Backstab","Masterful Stab"],"War Paint":["Defend_G","Survivor"],"Blood Vial":19,"Nunchaku":[63],"Tough Bandages":[567],"obtain_stats":[{"NeowsBlessing":0,"Dead Branch":3,"Astrolabe":17,"Oddly Smooth Stone":54,"Vajra":55,"Bag of Preparation":40,"Whetstone":25,"War Paint":7,"Paper Crane":43,"Blood Vial":37,"Nunchaku":10,"Tough Bandages":14,"HornCleat":13,"Philosopher\u0027s Stone":34,"WingedGreaves":9,"StrikeDummy":30,"InkBottle":23,"Ring of the Snake":0,"Meat on the Bone":27},{"NeowsBlessing":0,"Dead Branch":2,"Astrolabe":8,"Oddly Smooth Stone":28,"Vajra":29,"Bag of Preparation":22,"Whetstone":12,"War Paint":3,"Paper Crane":23,"Blood Vial":19,"Nunchaku":4,"Tough Bandages":7,"HornCleat":6,"Philosopher\u0027s Stone":17,"WingedGreaves":3,"StrikeDummy":15,"InkBottle":11,"Ring of the Snake":0,"Meat on the Bone":13},{"NeowsBlessing":0,"Dead Branch":2,"Astrolabe":30,"Oddly Smooth Stone":136,"Vajra":144,"Bag of Preparation":99,"Whetstone":48,"War Paint":3,"Paper Crane":103,"Blood Vial":83,"Nunchaku":7,"Tough Bandages":18,"HornCleat":17,"Philosopher\u0027s Stone":78,"WingedGreaves":3,"StrikeDummy":63,"InkBottle":44,"Ring of the Snake":0,"Meat on the Bone":54}],"InkBottle":[86],"Ring of the Snake":[60],"Meat on the Bone":24},"card_choices":[{"not_picked":["Acrobatics","Quick Slash"],"picked":"Leg Sweep","floor":1.0},{"not_picked":["Cloak And Dagger","Deadly Poison"],"picked":"Masterful Stab","floor":2.0},{"not_picked":["Backstab","Predator"],"picked":"Malaise","floor":7.0},{"not_picked":["Catalyst","Cloak And Dagger"],"picked":"Backstab","floor":10.0},{"not_picked":["Slice","Quick Slash"],"picked":"Cloak And Dagger","floor":12.0},{"not_picked":["Corpse Explosion","Outmaneuver"],"picked":"Blade Dance","floor":13.0},{"not_picked":["Poisoned Stab","Sucker Punch","Bane"],"picked":"SKIP","floor":14.0},{"not_picked":["Phantasmal Killer","Night Terror"],"picked":"Die Die Die","floor":16.0},{"not_picked":["Outmaneuver","Dagger Throw"],"picked":"Infinite Blades","floor":18.0},{"not_picked":["Caltrops","All Out Attack+1","Acrobatics"],"picked":"SKIP","floor":20.0},{"not_picked":["Acrobatics","Tactician+1","Night Terror"],"picked":"SKIP","floor":23.0},{"not_picked":["Bane","Dash","Leg Sweep"],"picked":"SKIP","floor":25.0},{"not_picked":["Deflect","Tactician"],"picked":"PiercingWail","floor":27.0},{"not_picked":["Choke","Underhanded Strike","Flechettes"],"picked":"SKIP","floor":28.0},{"not_picked":["Flying Knee","Blade Dance","Dagger Spray"],"picked":"SKIP","floor":30.0},{"not_picked":["Deadly Poison","Underhanded Strike"],"picked":"Backstab","floor":31.0},{"not_picked":["After Image","Doppelganger"],"picked":"Venomology","floor":33.0},{"not_picked":["Bane","Flying Knee+1","Bouncing Flask+1"],"picked":"SKIP","floor":35.0},{"not_picked":["Bouncing Flask","Slice","Deflect"],"picked":"SKIP","floor":36.0},{"not_picked":["Catalyst","Riddle With Holes","Outmaneuver"],"picked":"SKIP","floor":38.0},{"not_picked":["Slice","Dodge and Roll+1","Reflex+1"],"picked":"SKIP","floor":39.0},{"not_picked":["Finisher","Sucker Punch+1"],"picked":"After Image","floor":40.0},{"not_picked":["Quick Slash","Outmaneuver","Cloak And Dagger"],"picked":"SKIP","floor":42.0},{"not_picked":["Flying Knee","Bouncing Flask","Prepared+1"],"picked":"SKIP","floor":45.0},{"not_picked":["Prepared+1","Well Laid Plans","Deflect+1"],"picked":"SKIP","floor":46.0},{"not_picked":["Backflip","Deflect","Flechettes+1"],"picked":"SKIP","floor":47.0},{"not_picked":["Acrobatics","Underhanded Strike","Blade Dance"],"picked":"SKIP","floor":55.0}],"player_experience":1691905,"relics_obtained":[{"floor":7.0,"key":"War Paint"},{"floor":9.0,"key":"WingedGreaves"},{"floor":10.0,"key":"Nunchaku"},{"floor":13.0,"key":"HornCleat"},{"floor":14.0,"key":"Tough Bandages"},{"floor":23.0,"key":"InkBottle"},{"floor":25.0,"key":"Whetstone"},{"floor":27.0,"key":"Meat on the Bone"},{"floor":30.0,"key":"StrikeDummy"},{"floor":40.0,"key":"Bag of Preparation"},{"floor":43.0,"key":"Paper Crane"},{"floor":55.0,"key":"Vajra"}],"event_choices":[{"damage_healed":0.0,"max_hp_gain":0.0,"max_hp_loss":0.0,"gold_gain":0.0,"event_name":"Scrap Ooze","player_choice":"Success","floor":3.0,"gold_loss":0.0,"damage_taken":18.0,"relics_obtained":["Dead Branch"]},{"damage_healed":0.0,"max_hp_gain":0.0,"max_hp_loss":0.0,"gold_gain":0.0,"event_name":"World of Goop","player_choice":"Left Gold","floor":5.0,"gold_loss":4.0,"damage_taken":0.0},{"damage_healed":0.0,"max_hp_gain":0.0,"max_hp_loss":0.0,"gold_gain":0.0,"event_name":"Upgrade Shrine","player_choice":"Upgraded","floor":11.0,"gold_loss":0.0,"damage_taken":0.0,"cards_upgraded":["Neutralize"]},{"cards_removed":["Strike_G"],"damage_healed":0.0,"max_hp_gain":0.0,"max_hp_loss":0.0,"gold_gain":0.0,"event_name":"Beggar","player_choice":"Gave Gold","floor":19.0,"gold_loss":75.0,"damage_taken":0.0},{"cards_removed":["Die Die Die"],"damage_healed":9.0,"max_hp_gain":10.0,"max_hp_loss":0.0,"gold_gain":0.0,"event_name":"Bonfire Elementals","player_choice":"Offered Rare","floor":21.0,"gold_loss":0.0,"damage_taken":0.0}],"is_beta":false,"boss_relics":[{"not_picked":["SlaversCollar","SacredBark"],"picked":"Astrolabe"},{"not_picked":["Runic Dome","Velvet Choker"],"picked":"Philosopher\u0027s Stone"}],"items_purged_floors":[37],"is_endless":false,"potions_floor_spawned":[1,7,13,14,18,28,30,35,42,45,47,55],"ascension_level":20}}