{"host":"h77azxdx0evtsxw5","time":1611292764,"event":{"mods":["AchievementEnabler","BaseMod","Better Vampires","Minty Spire (QoL Compilation)","Quick Restart","Rare Cards Sparkle","Relic Stats"],"gold_per_floor":[114,114,133,17,92,123,123,153,153,9,9,29,204,224,224,326,326,345,41,54,54,54],"floor_reached":21,"language":"ENG","playtime":807,"items_purged":["Strike_G"],"score":223,"play_id":"a138c240-1698-4971-be4f-e05a03a07d79","local_time":"20210122001924","is_ascension_mode":true,"campfire_choices":[{"data":"Noxious Fumes","floor":7,"key":"SMITH"},{"data":"Bane","floor":15,"key":"SMITH"}],"circlet_count":0,"master_deck":["Strike_G","Strike_G","Strike_G","Defend_G","Defend_G","Defend_G","Defend_G","Defend_G","Survivor","Neutralize","Endless Agony","Deadly Poison","Concentrate","Noxious Fumes+1","Poisoned Stab+1","Catalyst","Deadly Poison","Bane+1","Doubt"],"relics":["Ring of the Snake","NeowsBlessing","Sundial","FossilizedHelix","Smiling Mask","PreservedInsect","SlaversCollar","Bottled Tornado"],"acts_visited":["Exordium","TheCity"],"potions_floor_usage":[16,16,18],"damage_taken":[{"damage":0,"enemies":"Small Slimes","floor":1,"turns":1},{"damage":0,"enemies":"Cultist","floor":3,"turns":1},{"damage":0,"enemies":"3 Sentries","floor":6,"turns":1},{"damage":24,"enemies":"Gremlin Nob","floor":8,"turns":4},{"damage":0,"enemies":"2 Louse","floor":12,"turns":3},{"damage":0,"enemies":"Large Slime","floor":14,"turns":4},{"damage":3,"enemies":"The Guardian","floor":16,"turns":7},{"damage":9,"enemies":"Shell Parasite","floor":18,"turns":4},{"damage":28,"enemies":"3 Byrds","floor":20,"turns":4},{"damage":33,"enemies":"Shelled Parasite and Fungi","floor":21,"turns":4}],"seed_played":"6772469995655131699","potions_obtained":[{"floor":1,"key":"SpeedPotion"},{"floor":3,"key":"SkillPotion"},{"floor":12,"key":"Dexterity Potion"},{"floor":14,"key":"Poison Potion"},{"floor":16,"key":"AttackPotion"}],"is_trial":false,"path_per_floor":["M","?","M","$","?","E","R","E","T","$","?","M","?","M","R","B",null,"M","$","M","M"],"character_chosen":"THE_SILENT","items_purchased":["Noxious Fumes","Poisoned Stab","PreservedInsect","Bottled Tornado"],"campfire_rested":0,"item_purchase_floors":[4,4,10,19],"current_hp_per_floor":[70,70,70,70,59,59,59,35,35,35,35,35,35,35,35,32,70,61,61,33,0,0],"gold":54,"neow_bonus":"THREE_ENEMY_KILL","is_daily":false,"chose_seed":false,"campfire_upgraded":2,"win_rate":0.0,"timestamp":1611292764,"path_taken":["M","?","M","?","?","E","R","E","T","$","?","?","?","M","R","BOSS","M","$","M","M"],"items_purchased_type":["Card","Card","Relic","Relic"],"build_version":"2020-12-22","purchased_purges":1,"victory":false,"max_hp_per_floor":[70,70,70,70,70,70,70,70,70,70,70,70,70,70,70,70,70,70,70,70,70,70],"relic_stats":{"counters":[10,33],"Sundial":[4],"PreservedInsect":0,"Smiling Mask":25,"obtain_stats":[{"SlaversCollar":17,"NeowsBlessing":0,"Sundial":6,"PreservedInsect":10,"Bottled Tornado":19,"Smiling Mask":9,"FossilizedHelix":8,"Ring of the Snake":0},{"SlaversCollar":7,"NeowsBlessing":0,"Sundial":3,"PreservedInsect":4,"Bottled Tornado":8,"Smiling Mask":4,"FossilizedHelix":4,"Ring of the Snake":0},{"SlaversCollar":21,"NeowsBlessing":0,"Sundial":3,"PreservedInsect":7,"Bottled Tornado":25,"Smiling Mask":7,"FossilizedHelix":7,"Ring of the Snake":0}],"Ring of the Snake":[21]},"card_choices":[{"not_picked":["Outmaneuver","Escape Plan"],"picked":"Endless Agony","floor":1},{"not_picked":["Dodge and Roll","Well Laid Plans"],"picked":"Concentrate","floor":3},{"not_picked":["Sucker Punch","All Out Attack"],"picked":"Catalyst","floor":6},{"not_picked":["Dagger Throw","Footwork"],"picked":"Deadly Poison","floor":8},{"not_picked":["Sucker Punch","Acrobatics"],"picked":"Bane","floor":12},{"not_picked":["Acrobatics","Caltrops","Catalyst"],"picked":"SKIP","floor":14},{"not_picked":["Dagger Spray","Infinite Blades+1","PiercingWail"],"picked":"SKIP","floor":18},{"not_picked":["Setup","Deadly Poison+1","Leg Sweep"],"picked":"SKIP","floor":20}],"player_experience":270438,"relics_obtained":[{"floor":6,"key":"Sundial"},{"floor":8,"key":"FossilizedHelix"},{"floor":9,"key":"Smiling Mask"}],"event_choices":[{"damage_healed":0,"gold_gain":0,"cards_transformed":["Strike_G"],"player_choice":"Transformed","damage_taken":0,"max_hp_gain":0,"max_hp_loss":0,"event_name":"Transmorgrifier","floor":2,"gold_loss":0,"cards_obtained":["Deadly Poison"]},{"damage_healed":0,"gold_gain":75,"player_choice":"Gather Gold","damage_taken":11,"max_hp_gain":0,"max_hp_loss":0,"event_name":"World of Goop","floor":5,"gold_loss":0},{"damage_healed":0,"gold_gain":0,"player_choice":"Forge","damage_taken":0,"max_hp_gain":0,"max_hp_loss":0,"event_name":"Accursed Blacksmith","floor":11,"gold_loss":0,"cards_upgraded":["Poisoned Stab"]},{"damage_healed":0,"gold_gain":175,"player_choice":"AGREE","damage_taken":0,"max_hp_gain":0,"max_hp_loss":0,"event_name":"Liars Game","floor":13,"gold_loss":0,"cards_obtained":["Doubt"]}],"is_beta":false,"boss_relics":[{"not_picked":["SacredBark","Velvet Choker"],"picked":"SlaversCollar"}],"items_purged_floors":[19],"is_endless":false,"potions_floor_spawned":[1,3,12,14,16],"killed_by":"Shelled Parasite and Fungi","ascension_level":1}}