{"host":"c44ey07ufggfw2m8","time":1611303144,"event":{"mods":["2.2 Compatiblity","BaseMod","Colored Map","DeckTracker","Highlight Path","Keyboard Shortcuts","Minty Spire (QoL Compilation)","Permanent Neow","Quick Restart","StSLib","SuperFastMode","UnlockEverythingMod"],"gold_per_floor":[115,133,133,83,101,101,26,26,103,103,103,114,128,139,139,243,243,259,259,259,279,297,297,332,345,345,345,345,345,139,139,139,139,139],"floor_reached":33,"language":"KOR","playtime":1466,"items_purged":["Strike_G","Defend_G"],"score":396,"play_id":"e1fbf44b-5723-485d-9b30-b5b81c9c9663","local_time":"20210122171224","is_ascension_mode":true,"campfire_choices":[{"data":"Blade Dance","floor":6,"key":"SMITH"},{"data":"Cloak And Dagger","floor":8,"key":"SMITH"},{"floor":10,"key":"REST"},{"data":"Prepared","floor":15,"key":"SMITH"},{"data":"Well Laid Plans","floor":23,"key":"SMITH"},{"floor":27,"key":"REST"},{"data":"Ghostly","floor":29,"key":"SMITH"},{"data":"Ghostly","floor":32,"key":"SMITH"}],"circlet_count":0,"master_deck":["Strike_G","Strike_G","Strike_G","Defend_G","Defend_G","Defend_G","Survivor","Neutralize","Escape Plan","Blade Dance+1","Cloak And Dagger+1","Prepared+1","Leg Sweep","Bullet Time","Well Laid Plans+1","Ghostly+1","Ghostly","Ghostly+1","Ghostly","Ghostly","Masterful Stab","Cloak And Dagger+1","Blade Dance+1","Noxious Fumes","Calculated Gamble"],"relics":["Ring of the Snake","StoneCalendar","Gremlin Horn","Tingsha","Philosopher\u0027s Stone","Prayer Wheel","Nunchaku"],"acts_visited":["Exordium","TheCity"],"potions_floor_usage":[16,16,24,31],"damage_taken":[{"damage":5,"enemies":"Cultist","floor":1,"turns":5},{"damage":5,"enemies":"Jaw Worm","floor":2,"turns":7},{"damage":1,"enemies":"Small Slimes","floor":5,"turns":4},{"damage":7,"enemies":"Exordium Thugs","floor":12,"turns":6},{"damage":0,"enemies":"Large Slime","floor":13,"turns":4},{"damage":0,"enemies":"Exordium Wildlife","floor":14,"turns":2},{"damage":2,"enemies":"Hexaghost","floor":16,"turns":11},{"damage":6,"enemies":"Chosen","floor":18,"turns":7},{"damage":0,"enemies":"Spheric Guardian","floor":21,"turns":6},{"damage":12,"enemies":"Snake Plant","floor":22,"turns":7},{"damage":17,"enemies":"Slavers","floor":24,"turns":7},{"damage":0,"enemies":"3 Cultists","floor":25,"turns":7},{"damage":4,"enemies":"Gremlin Leader","floor":31,"turns":6},{"damage":2,"enemies":"Collector","floor":33,"turns":10}],"seed_played":"8195515360512452786","potions_obtained":[{"floor":2,"key":"SkillPotion"},{"floor":5,"key":"EssenceOfSteel"},{"floor":12,"key":"Energy Potion"},{"floor":13,"key":"AttackPotion"},{"floor":21,"key":"EssenceOfSteel"},{"floor":24,"key":"SmokeBomb"}],"is_trial":false,"path_per_floor":["M","M","?","?","M","R","$","R","T","R","?","M","M","M","R","B",null,"M","?","?","M","M","R","E","M","T","R","?","R","$","E","R","B"],"character_chosen":"THE_SILENT","items_purchased":["Noxious Fumes","Calculated Gamble"],"campfire_rested":2,"item_purchase_floors":[30,30],"current_hp_per_floor":[40,35,28,28,27,27,27,27,27,48,48,41,41,41,41,39,62,56,35,35,35,23,23,6,6,6,16,16,16,16,12,12,10,10],"gold":139,"neow_bonus":"ONE_RARE_RELIC","is_daily":false,"chose_seed":false,"campfire_upgraded":6,"win_rate":0.0,"timestamp":1611303144,"path_taken":["M","M","?","?","M","R","?","R","T","R","?","M","M","?","R","BOSS","M","?","?","M","?","R","E","M","T","R","?","R","$","E","R","BOSS"],"items_purchased_type":["Card","Card"],"build_version":"2020-12-22","purchased_purges":2,"victory":false,"max_hp_per_floor":[70,70,70,70,70,70,70,70,70,70,70,70,70,70,70,70,70,70,35,35,35,35,35,35,35,35,35,35,35,35,35,35,35,35],"card_choices":[{"not_picked":["Prepared","Accuracy"],"picked":"Escape Plan","floor":1},{"not_picked":["Deflect","Tools of the Trade"],"picked":"Blade Dance","floor":2},{"not_picked":["Eviscerate","Choke"],"picked":"Cloak And Dagger","floor":5},{"not_picked":["Concentrate","Caltrops"],"picked":"Prepared","floor":12},{"not_picked":["PiercingWail","Underhanded Strike"],"picked":"Leg Sweep","floor":13},{"not_picked":["Heel Hook","Outmaneuver","Catalyst"],"picked":"SKIP","floor":14},{"not_picked":["Tools of the Trade","Malaise"],"picked":"Bullet Time","floor":16},{"not_picked":["Riddle With Holes","Expertise+1"],"picked":"Well Laid Plans","floor":18},{"not_picked":["Riddle With Holes+1","PiercingWail"],"picked":"Masterful Stab","floor":21},{"not_picked":["Slice","Expertise+1","Quick Slash"],"picked":"SKIP","floor":22},{"not_picked":["Caltrops","Outmaneuver"],"picked":"Cloak And Dagger+1","floor":24},{"not_picked":["Calculated Gamble+1","Backflip"],"picked":"Blade Dance","floor":25},{"not_picked":["Prepared","Distraction","Heel Hook"],"picked":"SKIP","floor":25}],"player_experience":51747,"relics_obtained":[{"floor":9,"key":"Gremlin Horn"},{"floor":11,"key":"Tingsha"},{"floor":24,"key":"Prayer Wheel"},{"floor":26,"key":"Nunchaku"}],"event_choices":[{"cards_removed":["Strike_G"],"damage_healed":0,"gold_gain":0,"player_choice":"Card Removal","damage_taken":7,"max_hp_gain":0,"max_hp_loss":0,"event_name":"Golden Wing","floor":3,"gold_loss":0},{"cards_removed":["Defend_G"],"damage_healed":0,"gold_gain":0,"player_choice":"Card Removal","damage_taken":0,"max_hp_gain":0,"max_hp_loss":0,"event_name":"The Cleric","floor":4,"gold_loss":50},{"damage_healed":0,"gold_gain":0,"player_choice":"Relic","damage_taken":0,"max_hp_gain":0,"max_hp_loss":0,"event_name":"Wheel of Change","floor":11,"gold_loss":0},{"damage_healed":0,"gold_gain":0,"player_choice":"Became a Ghost","damage_taken":0,"max_hp_gain":0,"max_hp_loss":35,"event_name":"Ghosts","floor":19,"gold_loss":0,"cards_obtained":["Ghostly","Ghostly","Ghostly","Ghostly","Ghostly"]},{"damage_healed":0,"gold_gain":0,"player_choice":"Full Heal","damage_taken":0,"max_hp_gain":0,"max_hp_loss":0,"event_name":"Wheel of Change","floor":20,"gold_loss":0},{"damage_healed":0,"gold_gain":0,"player_choice":"Upgraded","damage_taken":0,"max_hp_gain":0,"max_hp_loss":0,"event_name":"Upgrade Shrine","floor":28,"gold_loss":0,"cards_upgraded":["Blade Dance"]}],"is_beta":false,"boss_relics":[{"not_picked":["Velvet Choker","Calling Bell"],"picked":"Philosopher\u0027s Stone"}],"items_purged_floors":[7,30],"is_endless":false,"potions_floor_spawned":[2,5,12,13,21,24,31],"killed_by":"Collector","ascension_level":7}}