{"host":"zx8rmvlb08usbkpl","time":1611352922,"event":{"mods":["BaseMod","BetterRewards","Colored Powertips","Dota2Spire","Downfall","GifTheSpireLib","Marisa????????","Minty Spire (QoL Compilation)","Quick Restart","StSLib","Stuff the Spire","The Bug Knight","The Senshi"],"gold_per_floor":[119,137,62,77,77,77,96,111,136,136,136,147,147,147,147,246,246,258,258,258,85,85,112,112,112,112],"floor_reached":25,"language":"ENG","playtime":747,"items_purged":["Strike_R","Entrench"],"score":272,"play_id":"2a75e0ce-f4c8-47d1-836e-22707f223cb4","local_time":"20210122170202","is_ascension_mode":true,"campfire_choices":[{"data":"Anger","floor":6,"key":"SMITH"},{"data":"Wild Strike","floor":10,"key":"SMITH"},{"data":"Sever Soul","floor":15,"key":"SMITH"},{"data":"Barricade","floor":24,"key":"SMITH"}],"circlet_count":0,"master_deck":["Strike_R","Defend_R","Defend_R","Bash","Anger+1","Feel No Pain","Sentinel","Wild Strike+1","Pain","Sever Soul+1","Regret","Barricade+1","Feed+1","Pommel Strike+1","Brutality+1","Clash","Evolve"],"relics":["StuffTheSpire:OccultApparatus","Anchor","WarpedTongs","StuffTheSpire:RedRose","Bag of Preparation","Astrolabe","WingedGreaves"],"acts_visited":["Exordium","TheCity"],"potions_floor_usage":[23,23,25,25,25,25],"damage_taken":[{"damage":7,"enemies":"Small Slimes","floor":1,"turns":3},{"damage":1,"enemies":"Cultist","floor":2,"turns":3},{"damage":1,"enemies":"Jaw Worm","floor":4,"turns":3},{"damage":23,"enemies":"Large Slime","floor":7,"turns":6},{"damage":10,"enemies":"Looter","floor":8,"turns":3},{"damage":8,"enemies":"3 Louse","floor":12,"turns":4},{"damage":7,"enemies":"Slime Boss","floor":16,"turns":6},{"damage":9,"enemies":"Chosen","floor":18,"turns":3},{"damage":33,"enemies":"Book of Stabbing","floor":23,"turns":4},{"damage":63,"enemies":"Gremlin Leader","floor":25,"turns":4}],"seed_played":"6148238560552911131","potions_obtained":[{"floor":7,"key":"EntropicBrew"},{"floor":8,"key":"DuplicationPotion"},{"floor":12,"key":"ElixirPotion"},{"floor":23,"key":"SpeedPotion"}],"is_trial":false,"path_per_floor":["M","M","$","M","?","R","M","M","T","R","?","M","?","?","R","B",null,"M","?","?","$","?","E","R","E"],"character_chosen":"IRONCLAD","items_purchased":["Evolve"],"campfire_rested":0,"item_purchase_floors":[21],"current_hp_per_floor":[87,88,88,88,88,88,71,67,67,67,67,65,65,58,58,57,88,85,85,85,85,85,52,52,0,0],"gold":112,"neow_bonus":"TEN_PERCENT_HP_BONUS","is_daily":false,"chose_seed":false,"campfire_upgraded":4,"win_rate":0.0,"timestamp":1611352922,"path_taken":["M","M","$","M","?","R","M","?","T","R","?","?","?","?","R","BOSS","M","?","?","$","?","E","R","E"],"items_purchased_type":["Card"],"build_version":"2020-12-22","purchased_purges":2,"victory":false,"max_hp_per_floor":[88,88,88,88,88,88,88,88,88,88,88,88,88,88,88,88,88,88,88,88,88,88,88,88,88,88],"card_choices":[{"not_picked":["Wild Strike","Disarm"],"picked":"Anger","floor":1},{"not_picked":["Thunderclap","Perfected Strike"],"picked":"Feel No Pain","floor":2},{"not_picked":["Flex","Battle Trance"],"picked":"Sentinel","floor":4},{"not_picked":["Ghostly Armor","Twin Strike"],"picked":"Wild Strike","floor":7},{"not_picked":["Headbutt","Ghostly Armor","Armaments"],"picked":"SKIP","floor":8},{"not_picked":["Iron Wave","Infernal Blade"],"picked":"Sever Soul","floor":12},{"not_picked":["Limit Break","Berserk"],"picked":"Barricade","floor":16},{"not_picked":["Anger+1","Sword Boomerang+1"],"picked":"Clash","floor":18},{"not_picked":["Flex","Armaments","Body Slam"],"picked":"SKIP","floor":23}],"player_experience":969603,"relics_obtained":[{"floor":9,"key":"Anchor"},{"floor":23,"key":"WingedGreaves"}],"event_choices":[{"damage_healed":0,"gold_gain":0,"cards_transformed":["Strike_R"],"player_choice":"Transformed","damage_taken":0,"max_hp_gain":0,"max_hp_loss":0,"event_name":"Transmorgrifier","floor":5,"gold_loss":0,"cards_obtained":["Entrench"]},{"damage_healed":0,"gold_gain":0,"player_choice":"Rummage","damage_taken":0,"relics_obtained":["WarpedTongs"],"max_hp_gain":0,"max_hp_loss":0,"event_name":"Accursed Blacksmith","floor":11,"gold_loss":0,"cards_obtained":["Pain"]},{"damage_healed":0,"gold_gain":0,"player_choice":"Success","damage_taken":7,"relics_obtained":["Bag of Preparation"],"max_hp_gain":0,"max_hp_loss":0,"event_name":"Scrap Ooze","floor":14,"gold_loss":0},{"cards_removed":["Strike_R"],"damage_healed":0,"gold_gain":0,"player_choice":"Purged","damage_taken":0,"max_hp_gain":0,"max_hp_loss":0,"event_name":"Purifier","floor":22,"gold_loss":0}],"is_beta":false,"boss_relics":[{"not_picked":["Coffee Dripper","SlaversCollar"],"picked":"Astrolabe"}],"items_purged_floors":[3,21],"is_endless":false,"potions_floor_spawned":[7,8,12,23],"killed_by":"Gremlin Leader","ascension_level":1}}