{"host":"neeznpvpgo0qgfkd","time":1611353975,"event":{"mods":["AchievementEnabler","BaseMod","BetterRewards","Colored Map","Colored Powertips","Exacting","Minty Spire (QoL Compilation)","Permanent Neow","Quick Restart","Shop Mod"],"gold_per_floor":[114,189,8,8,80,80,124,158,158,183,183,192,236,294,294,398,398,433,272,317,333,617,655,655,655],"floor_reached":24,"language":"ENG","playtime":1172,"items_purged":[],"score":393,"play_id":"32648bca-e0ee-4e3d-9e26-25c1273a097b","local_time":"20210122171935","is_ascension_mode":true,"campfire_choices":[{"floor":6,"key":"REST"},{"floor":11,"key":"REST"},{"floor":15,"key":"REST"}],"circlet_count":0,"master_deck":["AscendersBane","Defend_G","Defend_G","Defend_G","Defend_G","Survivor","Neutralize","Dash","Noxious Fumes","Accuracy","Dodge and Roll+1","Tools of the Trade","Adrenaline+1","Blade Dance+1","Bite","Bite","Bite","Bite","Bite","Regret","Bouncing Flask+1"],"relics":["Ring of the Snake","Bronze Scales","Nunchaku","CeramicFish","Toxic Egg 2","Singing Bowl","Darkstone Periapt","Mercury Hourglass","Golden Idol","Unceasing Top","MerchantsRug"],"acts_visited":["Exordium","TheCity"],"potions_floor_usage":[7,8,23],"damage_taken":[{"damage":0,"enemies":"Cultist","floor":1,"turns":4},{"damage":5,"enemies":"Lagavulin","floor":7,"turns":8},{"damage":1,"enemies":"Jaw Worm","floor":8,"turns":3},{"damage":15,"enemies":"3 Sentries","floor":10,"turns":9},{"damage":9,"enemies":"Gremlin Nob","floor":13,"turns":5},{"damage":28,"enemies":"The Guardian","floor":16,"turns":12},{"damage":9,"enemies":"3 Byrds","floor":18,"turns":3},{"damage":13,"enemies":"Shell Parasite","floor":21,"turns":4},{"damage":31,"enemies":"Centurion and Healer","floor":23,"turns":6},{"damage":56,"enemies":"Gremlin Leader","floor":24,"turns":4}],"seed_played":"6015354198754567969","potions_obtained":[{"floor":1,"key":"GamblersBrew"},{"floor":7,"key":"AttackPotion"},{"floor":18,"key":"Block Potion"},{"floor":23,"key":"SkillPotion"}],"is_trial":false,"path_per_floor":["M","?","$","?","T","R","E","M","T","E","R","?","E","?","R","B",null,"M","$","?","M","?","M","E"],"character_chosen":"THE_SILENT","items_purchased":["Noxious Fumes","Nunchaku","MerchantsRug","Blade Dance+1"],"campfire_rested":3,"item_purchase_floors":[3,3,19,19],"current_hp_per_floor":[59,48,48,3,3,22,26,25,25,12,32,38,29,29,51,23,61,54,54,53,48,54,45,0,0],"gold":655,"neow_bonus":"RANDOM_COMMON_RELIC","is_daily":false,"chose_seed":false,"campfire_upgraded":0,"win_rate":0.0,"timestamp":1611353975,"path_taken":["M","?","$","?","?","R","E","?","T","E","R","?","E","?","R","BOSS","M","$","?","M","?","?","E"],"items_purchased_type":["Card","Relic","Relic","Card"],"build_version":"2020-12-22","purchased_purges":0,"victory":false,"max_hp_per_floor":[66,66,66,66,66,66,66,66,66,68,68,74,74,74,74,74,74,76,76,53,55,61,61,61,61],"card_choices":[{"not_picked":["Dagger Throw","Choke"],"picked":"Dash","floor":1},{"not_picked":["Backflip+1","Dagger Throw"],"picked":"Accuracy","floor":7},{"not_picked":["PiercingWail+1","Quick Slash"],"picked":"Dodge and Roll+1","floor":8},{"not_picked":["Doppelganger+1","Riddle With Holes","PiercingWail+1"],"picked":"Singing Bowl","floor":10},{"not_picked":["PiercingWail+1","Slice"],"picked":"Tools of the Trade","floor":13},{"not_picked":["Grand Finale","Storm of Steel+1"],"picked":"Adrenaline+1","floor":16},{"not_picked":["PiercingWail+1","Bane","Acrobatics+1"],"picked":"Singing Bowl","floor":18},{"not_picked":["Distraction+1","Acrobatics+1","Expertise+1"],"picked":"Singing Bowl","floor":21},{"not_picked":["Deadly Poison+1","Masterful Stab"],"picked":"Bouncing Flask+1","floor":23}],"player_experience":1904294,"relics_obtained":[{"floor":5,"key":"Toxic Egg 2"},{"floor":7,"key":"Singing Bowl"},{"floor":9,"key":"Darkstone Periapt"},{"floor":10,"key":"Mercury Hourglass"},{"floor":13,"key":"Unceasing Top"}],"event_choices":[{"damage_healed":0,"gold_gain":75,"player_choice":"Gather Gold","damage_taken":11,"max_hp_gain":0,"max_hp_loss":0,"event_name":"World of Goop","floor":2,"gold_loss":0},{"damage_healed":0,"gold_gain":0,"player_choice":"Success","damage_taken":45,"relics_obtained":["CeramicFish"],"max_hp_gain":0,"max_hp_loss":0,"event_name":"Scrap Ooze","floor":4,"gold_loss":0},{"damage_healed":0,"gold_gain":0,"player_choice":"Take Wound","damage_taken":0,"relics_obtained":["Golden Idol"],"max_hp_gain":0,"max_hp_loss":0,"event_name":"Golden Idol","floor":12,"gold_loss":0,"cards_obtained":["Injury"]},{"damage_healed":0,"gold_gain":58,"player_choice":"Gained Gold","damage_taken":0,"max_hp_gain":0,"max_hp_loss":0,"event_name":"Golden Wing","floor":14,"gold_loss":0},{"damage_healed":0,"gold_gain":0,"player_choice":"Became a vampire","damage_taken":0,"max_hp_gain":0,"max_hp_loss":23,"event_name":"Vampires","floor":20,"gold_loss":0,"cards_obtained":["Bite","Bite","Bite","Bite","Bite"]},{"damage_healed":0,"gold_gain":275,"player_choice":"Desecrate","damage_taken":0,"max_hp_gain":0,"max_hp_loss":0,"event_name":"Golden Shrine","floor":22,"gold_loss":0,"cards_obtained":["Regret"]}],"is_beta":false,"boss_relics":[{"not_picked":["Busted Crown","Ectoplasm"],"picked":"Empty Cage"}],"items_purged_floors":[],"is_endless":false,"potions_floor_spawned":[1,7,18,23],"killed_by":"Gremlin Leader","ascension_level":15}}