{"host":"nbmmy2ys5j9alw05","time":1611290822,"event":{"mods":["AchievementEnabler","BaseMod","Bestiary","Better Vampires","Colored Map","Colored Powertips","Googly Eyes","Minty Spire (QoL Compilation)","Quick Restart","StSLib","The Hierophant","The IronCluck","everything is the same but u backflip on backflip"],"gold_per_floor":[210,230,104,104,204,204,227,227,252,152,165,181,112,119,119,193,193,203,78,78,0,20,20,55,55,55,55,85,85,110,120,120,189,189,203,53,49,49,63,63,76,76,76,76,76,99,99,110,110,94],"floor_reached":51,"language":"ENG","playtime":1282,"items_purged":["hierophant:Strike_Hierophant","hierophant:Strike_Hierophant","hierophant:Strike_Hierophant","hierophant:Strike_Hierophant+1"],"score":799,"play_id":"11bcb373-e900-4972-944d-e38871960b6d","local_time":"20210121204702","is_ascension_mode":true,"campfire_choices":[{"data":"hierophant:HolyVerse","floor":6,"key":"SMITH"},{"data":"hierophant:Repentance","floor":8,"key":"SMITH"},{"floor":15,"key":"REST"},{"data":"hierophant:Flagellation","floor":23,"key":"SMITH"},{"floor":32,"key":"REST"},{"data":"hierophant:HolyVerse","floor":40,"key":"SMITH"},{"data":"hierophant:Repentance","floor":42,"key":"SMITH"},{"floor":49,"key":"REST"}],"circlet_count":0,"master_deck":["hierophant:Punish+1","hierophant:Defend_Hierophant+1","hierophant:Defend_Hierophant+1","hierophant:Defend_Hierophant+1","hierophant:Defend_Hierophant+1","hierophant:ChurchCoffers","hierophant:Smite+1","hierophant:MorningPrayer","hierophant:HolyVerse+1","hierophant:Repentance+1","hierophant:MorningPrayer","hierophant:HolyVerse+1","hierophant:Flagellation+1","hierophant:Endure","hierophant:Smite+1","hierophant:Repentance+1","hierophant:AuricForm+1","hierophant:PristineSoul+1","hierophant:Glossolalia+1","Secret Technique"],"relics":["hierophant:PropheticMaskRelic","Peace Pipe","Strawberry","Philosopher\u0027s Stone","PreservedInsect","Thread and Needle","Ice Cream","Frozen Egg 2","Snecko Eye","Eternal Feather","Orichalcum"],"acts_visited":["Exordium","TheCity","TheBeyond"],"potions_floor_usage":[7,16,24,28,28,28,46,50,50,50],"damage_taken":[{"damage":1,"enemies":"Cultist","floor":1,"turns":4},{"damage":0,"enemies":"2 Louse","floor":2,"turns":2},{"damage":24,"enemies":"Lagavulin","floor":7,"turns":4},{"damage":0,"enemies":"Small Slimes","floor":11,"turns":2},{"damage":0,"enemies":"Blue Slaver","floor":12,"turns":2},{"damage":12,"enemies":"Exordium Wildlife","floor":14,"turns":2},{"damage":18,"enemies":"Hexaghost","floor":16,"turns":5},{"damage":0,"enemies":"Spheric Guardian","floor":18,"turns":1},{"damage":1,"enemies":"Shell Parasite","floor":22,"turns":2},{"damage":15,"enemies":"Gremlin Leader","floor":24,"turns":4},{"damage":11,"enemies":"Slavers","floor":28,"turns":2},{"damage":9,"enemies":"Book of Stabbing","floor":30,"turns":3},{"damage":0,"enemies":"Shelled Parasite and Fungi","floor":31,"turns":4},{"damage":24,"enemies":"Automaton","floor":33,"turns":5},{"damage":0,"enemies":"3 Darklings","floor":35,"turns":2},{"damage":0,"enemies":"Orb Walker","floor":37,"turns":2},{"damage":0,"enemies":"3 Darklings","floor":39,"turns":3},{"damage":0,"enemies":"Sphere and 2 Shapes","floor":41,"turns":1},{"damage":33,"enemies":"Nemesis","floor":46,"turns":3},{"damage":18,"enemies":"Maw","floor":48,"turns":7},{"damage":57,"enemies":"Awakened One","floor":50,"turns":5}],"seed_played":"-4573857172906853617","potions_obtained":[{"floor":2,"key":"PowerPotion"},{"floor":14,"key":"Strength Potion"},{"floor":18,"key":"Swift Potion"},{"floor":22,"key":"CultistPotion"},{"floor":24,"key":"EntropicBrew"},{"floor":39,"key":"LiquidMemories"},{"floor":48,"key":"ColorlessPotion"}],"is_trial":false,"path_per_floor":["M","M","$","?","?","R","E","R","T","$","M","M","$","M","R","B",null,"M","$","?","?","M","R","E","$","T","?","E","$","E","M","R","B",null,"M","$","M","$","M","R","M","R","T","$","?","E","?","M","R","B",null],"character_chosen":"HIEROPHANT","items_purchased":["hierophant:HolyVerse","hierophant:Flagellation"],"campfire_rested":3,"item_purchase_floors":[3,13],"current_hp_per_floor":[74,74,74,59,59,59,35,35,42,42,42,42,42,30,54,36,82,82,82,82,82,81,81,66,66,66,66,55,55,46,46,70,46,82,82,82,82,82,82,82,82,82,82,82,82,49,49,31,66,9],"gold":94,"neow_bonus":"HUNDRED_GOLD","is_daily":false,"chose_seed":false,"campfire_upgraded":5,"win_rate":0.0,"timestamp":1611290822,"path_taken":["M","M","?","?","?","R","E","R","T","$","?","M","$","M","R","BOSS","M","$","?","?","M","R","E","?","T","?","E","?","E","M","R","BOSS","M","$","M","$","M","R","M","R","T","$","?","E","?","M","R","BOSS"],"items_purchased_type":["Card","Card"],"build_version":"2020-12-22","purchased_purges":4,"victory":true,"max_hp_per_floor":[75,75,75,75,75,75,75,75,82,82,82,82,82,82,82,82,82,82,82,82,82,82,82,82,82,82,82,82,82,82,82,82,82,82,82,82,82,82,82,82,82,82,82,82,82,82,78,78,78,78],"card_choices":[{"not_picked":["hierophant:Purify","hierophant:ThreeLashes"],"picked":"hierophant:Smite","floor":1},{"not_picked":["hierophant:RepressedViolence","hierophant:HammerAndAnvil"],"picked":"hierophant:MorningPrayer","floor":2},{"not_picked":["hierophant:Embezzle","hierophant:Zeal"],"picked":"hierophant:Repentance","floor":7},{"not_picked":["hierophant:Doubloon","hierophant:HammerAndAnvil"],"picked":"hierophant:MorningPrayer","floor":11},{"not_picked":["hierophant:PassingBell","hierophant:Prophecy"],"picked":"hierophant:HolyVerse","floor":12},{"not_picked":["hierophant:CursedGold","hierophant:Charity"],"picked":"hierophant:Endure","floor":14},{"not_picked":["hierophant:Shelter","hierophant:AuricBeam"],"picked":"hierophant:Smite+1","floor":18},{"not_picked":["hierophant:Sermon","hierophant:ThreeLashes+1","hierophant:SealAway"],"picked":"SKIP","floor":22},{"not_picked":["hierophant:DisplayOfPower","hierophant:Purify","hierophant:RustyCrate"],"picked":"SKIP","floor":24},{"not_picked":["hierophant:PassingBell","hierophant:Racketeering","hierophant:Upheaval+1"],"picked":"SKIP","floor":28},{"not_picked":["hierophant:ArchangelShield+1","hierophant:Glossolalia+1"],"picked":"hierophant:AuricForm+1","floor":30},{"not_picked":["hierophant:Sermon","hierophant:Shelter"],"picked":"hierophant:PristineSoul+1","floor":31},{"not_picked":["hierophant:OrnateJavelin+1","hierophant:PassingBell","hierophant:CursedGold+1"],"picked":"SKIP","floor":35},{"not_picked":["hierophant:ConvertCurrency","hierophant:Blessing","hierophant:Remorse+1"],"picked":"SKIP","floor":37},{"not_picked":["hierophant:Remorse","hierophant:Purify+1"],"picked":"hierophant:Glossolalia+1","floor":39},{"not_picked":["hierophant:Charity+1","hierophant:AuricForm+1","hierophant:Purify"],"picked":"SKIP","floor":41},{"not_picked":["Panache+1","Forethought"],"picked":"Secret Technique","floor":45},{"not_picked":["hierophant:ArchangelShield+1","hierophant:SealAway","hierophant:Sermon+1"],"picked":"SKIP","floor":46},{"not_picked":["hierophant:Sermon+1","hierophant:HammerAndAnvil","hierophant:RustyCrate+1"],"picked":"SKIP","floor":48}],"player_experience":528729,"relics_obtained":[{"floor":7,"key":"Peace Pipe"},{"floor":9,"key":"Strawberry"},{"floor":24,"key":"PreservedInsect"},{"floor":26,"key":"Thread and Needle"},{"floor":28,"key":"Ice Cream"},{"floor":30,"key":"Frozen Egg 2"},{"floor":43,"key":"Eternal Feather"},{"floor":46,"key":"Orichalcum"}],"event_choices":[{"damage_healed":0,"gold_gain":0,"player_choice":"Entered Light","damage_taken":15,"max_hp_gain":0,"max_hp_loss":0,"event_name":"Shining Light","floor":4,"gold_loss":0,"cards_upgraded":["hierophant:Smite","hierophant:Punish"]},{"damage_healed":0,"gold_gain":100,"player_choice":"Gold","damage_taken":0,"max_hp_gain":0,"max_hp_loss":0,"event_name":"Wheel of Change","floor":5,"gold_loss":0},{"damage_healed":0,"gold_gain":0,"player_choice":"Simplicity","damage_taken":0,"max_hp_gain":0,"max_hp_loss":0,"event_name":"Back to Basics","floor":20,"gold_loss":0,"cards_upgraded":["hierophant:Strike_Hierophant","hierophant:Defend_Hierophant","hierophant:Defend_Hierophant","hierophant:Defend_Hierophant","hierophant:Defend_Hierophant"]},{"damage_healed":0,"gold_gain":0,"player_choice":"Paid Fearfully","damage_taken":0,"max_hp_gain":0,"max_hp_loss":0,"event_name":"Masked Bandits","floor":21,"gold_loss":78},{"damage_healed":0,"gold_gain":0,"player_choice":"Read","damage_taken":0,"max_hp_gain":0,"max_hp_loss":0,"event_name":"The Library","floor":27,"gold_loss":0,"cards_obtained":["hierophant:Repentance"]},{"damage_healed":0,"gold_gain":0,"player_choice":"Memory 1","damage_taken":0,"max_hp_gain":0,"max_hp_loss":0,"event_name":"SensoryStone","floor":45,"gold_loss":0},{"damage_healed":0,"gold_gain":0,"player_choice":"Max HP","damage_taken":0,"max_hp_gain":0,"max_hp_loss":4,"event_name":"Winding Halls","floor":47,"gold_loss":0}],"is_beta":false,"boss_relics":[{"not_picked":["Cursed Key","SlaversCollar"],"picked":"Philosopher\u0027s Stone"},{"not_picked":["Coffee Dripper","Runic Dome"],"picked":"Snecko Eye"}],"items_purged_floors":[3,10,19,36],"is_endless":false,"potions_floor_spawned":[2,14,18,22,24,39,48],"ascension_level":2}}