{"host":"c6uvvgqwlxq4k23y","time":1611347239,"event":{"mods":["Arknights The Spire","BaseMod","CapriCore","DeckTracker","Hermit","Minty Spire (QoL Compilation)","StSLib","SuperFastMode","The Cursed"],"gold_per_floor":[113,130,149,149,168,195,195,195,219,294,294,294,324,337,337,337,337],"floor_reached":16,"language":"KOR","playtime":344,"items_purged":[],"score":110,"play_id":"ed7bf08a-21d4-461d-83d9-8824e555dd77","local_time":"20210123052719","is_ascension_mode":false,"campfire_choices":[{"floor":7.0,"key":"REST"},{"data":"ats:True Silver Slash","floor":11.0,"key":"SMITH"},{"floor":15,"key":"REST"}],"circlet_count":0,"master_deck":["ats:Strike C","ats:Strike G","ats:Strike S","ats:Strike V","ats:Armor Crushing Shot","ats:Defend","ats:Defend","ats:Defend","ats:Defend","ats:Emotion Absorption+1","ats:Rapid Magazine","ats:Explosion Area Strengthen","ats:Volcano","ats:True Silver Slash+1","ats:Ignite","ats:Poison Spread","ats:Apocalypse"],"relics":["ats:Sanity","ats:Originium","Smiling Mask","Orichalcum","Bottled Tornado"],"acts_visited":["Exordium"],"potions_floor_usage":[],"damage_taken":[{"damage":7.0,"enemies":"Small Slimes","floor":1.0,"turns":4.0},{"damage":4.0,"enemies":"Cultist","floor":2.0,"turns":4.0},{"damage":9.0,"enemies":"Jaw Worm","floor":3.0,"turns":4.0},{"damage":6.0,"enemies":"2 Fungi Beasts","floor":5.0,"turns":2.0},{"damage":34.0,"enemies":"Lagavulin","floor":6.0,"turns":8.0},{"damage":15.0,"enemies":"Gremlin Nob","floor":13.0,"turns":4.0},{"damage":23,"enemies":"Large Slime","floor":14,"turns":5},{"damage":41,"enemies":"Hexaghost","floor":16,"turns":9}],"seed_played":"-7338962607918438136","potions_obtained":[{"floor":1.0,"key":"DuplicationPotion"},{"floor":2.0,"key":"Dexterity Potion"}],"is_trial":false,"path_per_floor":["M","M","M","?","M","E","R","T","T","?","R","?","E","M","R","B"],"character_chosen":"DOCTOR_CLASS","items_purchased":[],"campfire_rested":2,"item_purchase_floors":[],"current_hp_per_floor":[65,61,52,52,46,12,33,33,33,22,22,46,31,8,29,0,0],"gold":337,"neow_bonus":"UPGRADE_CARD","is_daily":false,"chose_seed":false,"campfire_upgraded":1,"win_rate":0.0,"timestamp":1611347239,"path_taken":["M","M","M","?","?","E","R","?","T","?","R","?","E","M","R","BOSS"],"items_purchased_type":[],"build_version":"2020-12-22","purchased_purges":0,"victory":false,"max_hp_per_floor":[72,72,72,72,72,72,72,72,72,72,72,72,72,72,72,72,72],"card_choices":[{"not_picked":["ats:Support Order","ats:Blood Oath"],"picked":"ats:Rapid Magazine","floor":1.0},{"not_picked":["ats:Thorns","ats:Childhood Dance"],"picked":"ats:Explosion Area Strengthen","floor":2.0},{"not_picked":["ats:Cat Scratch","ats:Very Hot Blade"],"picked":"ats:Volcano","floor":3.0},{"not_picked":["ats:Closed Bolt Burst Fire","ats:Flexible Camouflage"],"picked":"ats:Ignite","floor":5.0},{"not_picked":["ats:Assault Order","ats:Curse Doll"],"picked":"ats:Poison Spread","floor":6.0},{"not_picked":["ats:Steam Pump","ats:Collapsing Strike","ats:Rat Pack"],"picked":"SKIP","floor":13.0},{"not_picked":["ats:Ignite","ats:Shadow Raid"],"picked":"ats:Apocalypse","floor":14}],"player_experience":331852,"relics_obtained":[{"floor":6.0,"key":"ats:Originium"},{"floor":6.0,"key":"Smiling Mask"},{"floor":8.0,"key":"Orichalcum"},{"floor":13.0,"key":"ats:Originium"},{"floor":13.0,"key":"Bottled Tornado"}],"event_choices":[{"damage_healed":0.0,"max_hp_gain":0.0,"max_hp_loss":0.0,"gold_gain":0.0,"event_name":"Match and Keep!","player_choice":"1 cards matched","floor":4.0,"gold_loss":0.0,"damage_taken":0.0,"cards_obtained":["ats:True Silver Slash"]},{"damage_healed":0.0,"max_hp_gain":0.0,"max_hp_loss":0.0,"gold_gain":75.0,"event_name":"World of Goop","player_choice":"Gather Gold","floor":10.0,"gold_loss":0.0,"damage_taken":11.0},{"damage_healed":24.0,"max_hp_gain":0.0,"max_hp_loss":0.0,"gold_gain":0.0,"event_name":"Big Fish","player_choice":"Banana","floor":12.0,"gold_loss":0.0,"damage_taken":0.0}],"is_beta":false,"boss_relics":[],"items_purged_floors":[],"is_endless":false,"potions_floor_spawned":[1,2],"killed_by":"Hexaghost","ascension_level":0}}