{"host":"z5ogtnuuoxgup8y1","time":1611338923,"event":{"mods":["BaseMod","Better Third Choice","BetterRewards","Hermit","Hubris","Jorbs\u0027s Wanderer Trilogy","Minty Spire (QoL Compilation)","Replay The Spire","Spicy Shops","StSLib","The Cursed","The Disciple","The Hierophant","The Jungle","The Runesmith"],"gold_per_floor":[118,118,35,55,72,72,84,84,84,118,118,13,38,38,38,73,73,90,90,90,101,121,136,136],"floor_reached":23,"language":"ENG","playtime":801,"items_purged":[],"score":398,"play_id":"480dfe38-fbd0-4902-8d9d-a518c6aa9c3e","local_time":"20210122180843","is_ascension_mode":true,"campfire_choices":[{"data":"Shockwave","floor":6,"key":"SMITH"},{"data":"Perfected Strike","floor":8,"key":"SMITH"},{"data":"ReplayTheSpireMod:Muscle Training","floor":11,"key":"SMITH"},{"floor":15,"key":"REST"}],"circlet_count":0,"master_deck":["AscendersBane","Strike_R","Strike_R","Strike_R","Strike_R","Strike_R","Defend_R","Defend_R","Defend_R","Defend_R","Bash+1","Perfected Strike+1","Shockwave+1","Pommel Strike","Uppercut","Shrug It Off","ReplayTheSpireMod:Muscle Training+1","Flash of Steel","Pommel Strike","Feed","Wild Strike+1","Amnesia","ReplayTheSpireMod:Limb From Limb","Havoc+1"],"relics":["Burning Blood","Replay:Bottled Flurry","Pear","Juzu Bracelet","hubris:Icosahedron","Sozu","ReplayTheSpireMod:Ring of Exchange","ReplayTheSpireMod:Ring of Challenge"],"acts_visited":["Exordium","TheCity"],"potions_floor_usage":[10,13,16],"damage_taken":[{"damage":7,"enemies":"Small Slimes","floor":1,"turns":4},{"damage":9,"enemies":"Jaw Worm","floor":4,"turns":3},{"damage":1,"enemies":"2 Louse","floor":5,"turns":2},{"damage":3,"enemies":"2 Fungi Beasts","floor":7,"turns":3},{"damage":12,"enemies":"Lagavulin","floor":10,"turns":6},{"damage":51,"enemies":"3 Sentries","floor":13,"turns":10},{"damage":27,"enemies":"Slime Boss","floor":16,"turns":8},{"damage":22,"enemies":"3 Byrds","floor":18,"turns":5},{"damage":17,"enemies":"2 Thieves","floor":21,"turns":3},{"damage":41,"enemies":"Sentry and Sphere","floor":22,"turns":5},{"damage":17,"enemies":"Book of Stabbing","floor":23,"turns":2}],"seed_played":"-3249859155369733540","potions_obtained":[{"floor":1,"key":"FearPotion"},{"floor":5,"key":"FearPotion"},{"floor":13,"key":"LifebloodPotion"}],"is_trial":false,"path_per_floor":["M","?","$","M","M","R","M","R","T","E","R","$","E","?","R","B",null,"M","?","?","M","M","E"],"character_chosen":"IRONCLAD","items_purchased":["Shockwave","Flash of Steel"],"campfire_rested":1,"item_purchase_floors":[3,12],"current_hp_per_floor":[67,67,67,64,69,69,72,72,72,76,76,76,31,31,56,35,73,57,57,57,49,14,0,0],"gold":136,"neow_bonus":"","is_daily":false,"chose_seed":false,"campfire_upgraded":3,"win_rate":0.0,"timestamp":1611338923,"path_taken":["M","?","$","M","M","R","M","R","T","E","R","$","E","?","R","BOSS","M","?","?","M","M","E"],"items_purchased_type":["Card","Card"],"build_version":"2020-12-22","purchased_purges":0,"victory":false,"max_hp_per_floor":[75,75,75,75,75,75,75,75,75,85,85,85,85,85,85,85,85,85,85,85,88,88,88,88],"card_choices":[{"not_picked":["ReplayTheSpireMod:Corrosion Curse","True Grit"],"picked":"Perfected Strike","floor":1},{"not_picked":["Replay:Undeath\u0027s Touch","ReplayTheSpireMod:Strike From Hell"],"picked":"Pommel Strike","floor":4},{"not_picked":["Body Slam","Heavy Blade"],"picked":"Uppercut","floor":5},{"not_picked":["Rage","Warcry"],"picked":"Shrug It Off","floor":7},{"not_picked":["Armaments","Entrench"],"picked":"ReplayTheSpireMod:Muscle Training","floor":10},{"not_picked":["Shrug It Off","hubris:CleavingFinish"],"picked":"Pommel Strike","floor":13},{"not_picked":["Hemogenesis","Berserk"],"picked":"Feed","floor":16},{"not_picked":["Cleave+1","Perfected Strike"],"picked":"Wild Strike+1","floor":18},{"not_picked":["Wild Strike","Armaments"],"picked":"ReplayTheSpireMod:Limb From Limb","floor":21},{"not_picked":["Twin Strike","Anger"],"picked":"Havoc+1","floor":22}],"player_experience":677861,"relics_obtained":[{"floor":9,"key":"Replay:Bottled Flurry"},{"floor":10,"key":"Pear"},{"floor":13,"key":"Juzu Bracelet"},{"floor":20,"key":"ReplayTheSpireMod:Ring of Exchange"},{"floor":20,"key":"ReplayTheSpireMod:Ring of Challenge"}],"event_choices":[{"damage_healed":0,"gold_gain":0,"player_choice":"Grow","damage_taken":0,"max_hp_gain":0,"max_hp_loss":0,"event_name":"Living Wall","floor":2,"gold_loss":0,"cards_upgraded":["Bash"]},{"damage_healed":0,"gold_gain":0,"player_choice":"Ignored","damage_taken":0,"max_hp_gain":0,"max_hp_loss":0,"event_name":"Vampires","floor":19,"gold_loss":0}],"is_beta":false,"boss_relics":[{"not_picked":["Pandora\u0027s Box","Electric Blood"],"picked":"Sozu"}],"items_purged_floors":[],"is_endless":false,"potions_floor_spawned":[1,5,13,22],"killed_by":"Book of Stabbing","ascension_level":20}}