{"host":"sboty77psj7t2cnn","time":1611357192,"event":{"mods":["Aspiration","BaseMod","Better Match","Better Vampires","Colored Map","Conspire","Downfall","Hubris","Infinite Spire","Minty Spire (QoL Compilation)","StSLib","The Problem Sleuth"],"gold_per_floor":[99,119,119,119,131,163,163,63,81,100,113,123,123,151,173,185,185,185],"floor_reached":16,"language":"SPA","playtime":873,"items_purged":[],"score":114,"play_id":"d64cbd81-feff-4349-bf9f-c6f6e5d35d95","local_time":"20210122171312","is_ascension_mode":false,"campfire_choices":[{"data":"bronze:Replicate","floor":1,"key":"SMITH"},{"data":"bronze:OilSpill","floor":8,"key":"SMITH"}],"circlet_count":0,"master_deck":["bronze:Strike","bronze:Strike","bronze:Strike","bronze:Defend","bronze:Defend","bronze:Defend","bronze:Defend","bronze:Replicate+1","bronze:Goto","bronze:OilSpill+1","bronze:Overheat","bronze:Flail","bronze:BronzeOrb","bronze:Shell","bronze:DelayedSlice","bronze:BuggyMess"],"relics":["bronze:BronzeCore","Ginger","Bronze Scales","downfall:HeartBlessingGreen","MawBank"],"acts_visited":["Exordium"],"potions_floor_usage":[14,16],"damage_taken":[{"damage":1,"enemies":"Jaw Worm","floor":2,"turns":4},{"damage":1,"enemies":"Cultist","floor":5,"turns":3},{"damage":20,"enemies":"Gremlin Nob","floor":6,"turns":4},{"damage":2,"enemies":"Small Slimes","floor":9,"turns":3},{"damage":4,"enemies":"Gremlin Gang","floor":10,"turns":3},{"damage":0,"enemies":"3 Louse","floor":11,"turns":2},{"damage":7,"enemies":"Exordium Thugs","floor":12,"turns":3},{"damage":17,"enemies":"Lagavulin","floor":14,"turns":5},{"damage":0,"enemies":"2 Fungi Beasts","floor":15,"turns":2},{"damage":35,"enemies":"SI_SHIV_ARCHETYPE","floor":16,"turns":5}],"seed_played":"3059231885906436170","potions_obtained":[{"floor":2,"key":"SkillPotion"},{"floor":12,"key":"ColorlessPotion"}],"is_trial":false,"path_per_floor":["R","M","?","?","M","E","T","R","M","M","M","M","?","E","M","B"],"character_chosen":"THE_AUTOMATON","items_purchased":[],"campfire_rested":0,"item_purchase_floors":[],"current_hp_per_floor":[77,76,81,82,81,61,61,61,59,55,55,48,48,31,31,0,0,0],"gold":185,"neow_bonus":"TEN_PERCENT_HP_BONUS","is_daily":false,"chose_seed":false,"campfire_upgraded":2,"win_rate":0.0,"timestamp":1611357192,"path_taken":["R","M","?","?","?","E","T","R","M","M","M","M","?","E","M","BOSS"],"items_purchased_type":[],"build_version":"2020-12-22","purchased_purges":0,"victory":false,"max_hp_per_floor":[77,77,82,82,82,82,82,82,82,82,82,82,82,82,82,82,82,82],"card_choices":[{"not_picked":["bronze:BuggyMess","bronze:ItsAFeature"],"picked":"bronze:OilSpill","floor":2},{"not_picked":["bronze:Turbo","bronze:BuggyMess"],"picked":"bronze:Overheat","floor":5},{"not_picked":["bronze:BurnOut","bronze:Overheat"],"picked":"bronze:Flail","floor":6},{"not_picked":["bronze:WhirlingStrike","bronze:Philosophize"],"picked":"bronze:BronzeOrb","floor":9},{"not_picked":["bronze:Iterate","bronze:BitShift","bronze:Invalidate"],"picked":"SKIP","floor":10},{"not_picked":["bronze:Allocate","bronze:DelayedGuard"],"picked":"bronze:Shell","floor":11},{"not_picked":["bronze:Deprecate","bronze:WhirlingStrike"],"picked":"bronze:DelayedSlice","floor":12},{"not_picked":["bronze:ForLoop","bronze:Overheat"],"picked":"bronze:BuggyMess","floor":14},{"not_picked":["bronze:MaxOutput","bronze:Shield","bronze:NullPointer"],"picked":"SKIP","floor":15}],"player_experience":352954,"relics_obtained":[{"floor":6,"key":"Ginger"},{"floor":7,"key":"Bronze Scales"},{"floor":14,"key":"MawBank"}],"event_choices":[{"damage_healed":0,"gold_gain":0,"player_choice":"Donut","damage_taken":0,"max_hp_gain":5,"max_hp_loss":0,"event_name":"Big Fish","floor":3,"gold_loss":0}],"is_beta":false,"boss_relics":[],"items_purged_floors":[],"is_endless":false,"potions_floor_spawned":[2,12],"killed_by":"SI_SHIV_ARCHETYPE","ascension_level":0}}