{"host":"sc0o2qwpf9j16a4i","time":1611275584,"event":{"mods":["AchievementEnabler","BaseMod","BetterRewards","Block Reminder","Colored Map","Colored Powertips","Custom Start","Highlight Path","Minty Spire (QoL Compilation)","Relic Stats"],"gold_per_floor":[110,110,13,23,40,40,56,21,21,21,38,63,80,80,80,159,159,178,195,110,110,122,122,132,132,132],"floor_reached":25,"language":"ENG","playtime":609,"items_purged":[],"score":610,"play_id":"dff4f79b-e752-46d7-9e90-e9290f455bb7","local_time":"20210122023304","is_ascension_mode":true,"campfire_choices":[{"floor":6,"key":"REST"},{"data":"Bash","floor":10,"key":"SMITH"},{"data":"Feel No Pain","floor":15,"key":"SMITH"},{"floor":23,"key":"REST"}],"circlet_count":0,"master_deck":["AscendersBane","Strike_R","Strike_R","Strike_R","Strike_R","Strike_R","Defend_R","Defend_R","Defend_R","Defend_R","Bash+1","Headbutt","Feel No Pain+1","Havoc","Exhume","Infernal Blade","Twin Strike","Offering","Shrug It Off","Corruption","Seeing Red","Inflame","RitualDagger","Havoc","Fiend Fire"],"relics":["Burning Blood","OrangePellets","Oddly Smooth Stone","StrikeDummy","Mercury Hourglass","Question Card","Centennial Puzzle","Philosopher\u0027s Stone","The Courier"],"acts_visited":["Exordium","TheCity"],"potions_floor_usage":[7,16,24,25],"damage_taken":[{"damage":6,"enemies":"Jaw Worm","floor":1,"turns":3},{"damage":2,"enemies":"Small Slimes","floor":4,"turns":3},{"damage":0,"enemies":"2 Louse","floor":5,"turns":2},{"damage":7,"enemies":"Blue Slaver","floor":7,"turns":5},{"damage":0,"enemies":"2 Fungi Beasts","floor":11,"turns":2},{"damage":21,"enemies":"3 Sentries","floor":12,"turns":10},{"damage":5,"enemies":"Looter","floor":13,"turns":2},{"damage":48,"enemies":"The Guardian","floor":16,"turns":8},{"damage":12,"enemies":"2 Thieves","floor":18,"turns":3},{"damage":22,"enemies":"3 Byrds","floor":19,"turns":4},{"damage":18,"enemies":"3 Cultists","floor":22,"turns":4},{"damage":21,"enemies":"Snake Plant","floor":24,"turns":4},{"damage":32,"enemies":"Slavers","floor":25,"turns":2}],"seed_played":"8259560659303109399","potions_obtained":[{"floor":4,"key":"Strength Potion"},{"floor":12,"key":"PowerPotion"},{"floor":16,"key":"FearPotion"},{"floor":24,"key":"FearPotion"}],"is_trial":false,"path_per_floor":["M","?","$","M","M","R","M","?","T","R","M","E","M","?","R","B",null,"M","M","?","?","M","R","M","E"],"character_chosen":"IRONCLAD","items_purchased":["OrangePellets","Oddly Smooth Stone","StrikeDummy","Feel No Pain","SkillPotion"],"campfire_rested":2,"item_purchase_floors":[0,0,0,3,3],"current_hp_per_floor":[44,9,9,13,19,41,40,58,58,58,64,49,50,55,55,13,63,57,41,41,35,23,47,32,0,0],"gold":132,"neow_bonus":"","is_daily":false,"chose_seed":false,"campfire_upgraded":2,"win_rate":0.0,"timestamp":1611275584,"path_taken":["M","?","$","M","M","R","M","?","T","R","M","E","M","?","R","BOSS","M","M","?","?","M","R","M","E"],"items_purchased_type":["Relic","Relic","Relic","Card","Potion"],"build_version":"2020-12-22","purchased_purges":0,"victory":false,"max_hp_per_floor":[75,75,75,75,75,75,75,75,75,75,75,75,75,80,80,80,80,80,80,80,80,80,80,80,80,80],"relic_stats":{"OrangePellets":[0],"Centennial Puzzle":[21],"counters":[42,196],"Question Card":8,"obtain_stats":[{"Gremlin Horn":14,"Ancient Tea Set":0,"Smiling Mask":3,"Burning Blood":0,"ClockworkSouvenir":4,"Dream Catcher":5,"Centennial Puzzle":12,"FaceOfCleric":7,"Gambling Chip":12,"Strawberry":23,"Tiny Chest":0,"Philosopher\u0027s Stone":17,"Potion Belt":19,"Girya":8,"Pear":7,"Oddly Smooth Stone":0,"The Courier":11,"PreservedInsect":9,"Frozen Egg 2":9,"War Paint":8,"Question Card":9,"Mercury Hourglass":2,"SlaversCollar":17,"OrangePellets":0,"Shuriken":10,"StrikeDummy":0,"Pocketwatch":9},{"Gremlin Horn":24,"Ancient Tea Set":8,"Smiling Mask":10,"Burning Blood":0,"ClockworkSouvenir":1,"Dream Catcher":1,"Centennial Puzzle":35,"FaceOfCleric":11,"Gambling Chip":15,"Strawberry":28,"Tiny Chest":17,"Philosopher\u0027s Stone":37,"Potion Belt":26,"Girya":22,"Pear":2,"Oddly Smooth Stone":29,"The Courier":4,"PreservedInsect":12,"Frozen Egg 2":2,"War Paint":12,"Question Card":33,"Mercury Hourglass":30,"SlaversCollar":25,"OrangePellets":29,"Shuriken":23,"StrikeDummy":29,"Pocketwatch":22},{"Gremlin Horn":114,"Ancient Tea Set":38,"Smiling Mask":46,"Burning Blood":0,"ClockworkSouvenir":6,"Dream Catcher":6,"Centennial Puzzle":170,"FaceOfCleric":49,"Gambling Chip":68,"Strawberry":141,"Tiny Chest":86,"Philosopher\u0027s Stone":180,"Potion Belt":133,"Girya":108,"Pear":10,"Oddly Smooth Stone":145,"The Courier":18,"PreservedInsect":57,"Frozen Egg 2":10,"War Paint":57,"Question Card":158,"Mercury Hourglass":148,"SlaversCollar":130,"OrangePellets":145,"Shuriken":111,"StrikeDummy":145,"Pocketwatch":108}],"Burning Blood":228,"Mercury Hourglass":[229]},"card_choices":[{"not_picked":["Iron Wave","Searing Blow"],"picked":"Headbutt","floor":1},{"not_picked":["Anger","Rupture"],"picked":"Havoc","floor":4},{"not_picked":["Anger","Rage"],"picked":"Exhume","floor":5},{"not_picked":["Headbutt","True Grit"],"picked":"Infernal Blade","floor":7},{"not_picked":["Clash","Warcry","Second Wind"],"picked":"Twin Strike","floor":11},{"not_picked":["Sword Boomerang","True Grit","Havoc"],"picked":"Offering","floor":12},{"not_picked":["Clothesline","Wild Strike","Thunderclap"],"picked":"Shrug It Off","floor":13},{"not_picked":["Impervious","Fiend Fire","Feed"],"picked":"Corruption","floor":16},{"not_picked":["Heavy Blade","Clash","Blood for Blood"],"picked":"Seeing Red","floor":18},{"not_picked":["Pummel+1","Headbutt+1","Power Through"],"picked":"Inflame","floor":19},{"not_picked":["Clothesline","Sword Boomerang","Anger"],"picked":"Havoc","floor":22},{"not_picked":["Flex","Entrench","Whirlwind"],"picked":"Fiend Fire","floor":24}],"player_experience":874137,"relics_obtained":[{"floor":9,"key":"Question Card"},{"floor":12,"key":"Centennial Puzzle"}],"event_choices":[{"damage_healed":0,"gold_gain":0,"player_choice":"Success","damage_taken":35,"relics_obtained":["Mercury Hourglass"],"max_hp_gain":0,"max_hp_loss":0,"event_name":"Scrap Ooze","floor":2,"gold_loss":0},{"damage_healed":18,"gold_gain":0,"player_choice":"Healed","damage_taken":0,"max_hp_gain":0,"max_hp_loss":0,"event_name":"The Cleric","floor":8,"gold_loss":35},{"damage_healed":0,"gold_gain":0,"player_choice":"Donut","damage_taken":0,"max_hp_gain":5,"max_hp_loss":0,"event_name":"Big Fish","floor":14,"gold_loss":0},{"damage_healed":0,"gold_gain":0,"player_choice":"Obtained Relic","damage_taken":0,"relics_obtained":["The Courier"],"max_hp_gain":0,"max_hp_loss":0,"event_name":"Addict","floor":20,"gold_loss":85},{"damage_healed":0,"gold_gain":0,"player_choice":"Joined the Cult","damage_taken":6,"max_hp_gain":0,"max_hp_loss":0,"event_name":"Nest","floor":21,"gold_loss":0,"cards_obtained":["RitualDagger"]}],"is_beta":false,"boss_relics":[{"not_picked":["Runic Cube","Black Blood"],"picked":"Philosopher\u0027s Stone"}],"items_purged_floors":[],"is_endless":false,"potions_floor_spawned":[4,5,12,16,19,24],"killed_by":"Slavers","ascension_level":20}}