{"host":"w8xisjf5mgmfjvmt","time":1611314536,"event":{"mods":["BaseMod","BetterRewards","Challenge The Spire","Conspire","Dota2Spire","Energized Spire","Filter the Spire","Minty Spire (QoL Compilation)","Quarter Circle Forward PUNCH!","Quick Restart","Relic Stats","Replay The Spire","Shop Mod","Spicy Shops","StSLib","Starting Relic: Pandora\u0027s Box","¡¾ÒÅÎï¿¨ÅÆ¡¿REMEMod","óô»ðÖ¸ÄÏ"],"gold_per_floor":[113,129,129,145,163,192,192,117,141,156,169,319,48,64,64,137,137,150,150,150,160,173,203,70,98,98,111,123,139,168,187,187,261,261,276,287,304,49,98,132,132,167,217,95,113,128,175,155,155,155,155,155,254,92,126,126,126],"floor_reached":56,"language":"ZHS","playtime":2178,"items_purged":["Entrench","Doubt"],"score":2281,"play_id":"33a90185-5574-47c1-ad68-c74762fb313b","local_time":"20210122192216","is_ascension_mode":true,"campfire_choices":[{"data":"Heavy Blade","floor":7.0,"key":"SMITH"},{"data":"Limit Break","floor":41.0,"key":"SMITH"},{"floor":49.0,"key":"RECALL"}],"circlet_count":0,"master_deck":["AscendersBane","Bash+1","Rampage","ReplayTheSpireMod:Muscle Training","Sentinel","Battle Trance","Heavy Blade+1","Sword Boomerang","CurseOfTheBell","Shrug It Off","Offering","Spot Weakness","Whirlwind","REME_ACTH+1","Warcry+1","Seeing Red+1","Midas Touch","Flash of Steel","Inflame+1","Flex","Burning Pact","Impervious+1","Limit Break+1","Evolve","Second Wind","Exhume","Armaments+1"],"relics":["REME_ComplimentaryCards","Calling Bell","Centennial Puzzle","Meat on the Bone","Replay:Multitool","Dota2Spire:MagicBottle","Bag of Marbles","ClockworkSouvenir","Runic Dome","Blood Vial","ReplayTheSpireMod:ShopPack","Dota2Spire:BladeMail","Paper Frog","Bag of Preparation","energizedSpire:DeadBattery","Guide Book","Gambling Chip","Counterbalance","qcfpunch:School_Backpack","Mango","Lizard Tail","OrangePellets","ReplayFunnel"],"acts_visited":["Exordium","TheCity","TheBeyond","TheEnding"],"potions_floor_usage":[56],"damage_taken":[{"damage":1.0,"enemies":"Cultist","floor":1.0,"turns":3.0},{"damage":7.0,"enemies":"Small Slimes","floor":2.0,"turns":3.0},{"damage":7.0,"enemies":"2 Louse","floor":4.0,"turns":1.0},{"damage":15.0,"enemies":"2 Fungi Beasts","floor":5.0,"turns":3.0},{"damage":8.0,"enemies":"Lagavulin","floor":6.0,"turns":4.0},{"damage":7.0,"enemies":"Exordium Thugs","floor":10.0,"turns":2.0},{"damage":7.0,"enemies":"Lots of Slimes","floor":11.0,"turns":4.0},{"damage":7.0,"enemies":"2 Fungi Beasts","floor":14.0,"turns":1.0},{"damage":27.0,"enemies":"Slime Boss","floor":16.0,"turns":5.0},{"damage":10.0,"enemies":"2 Thieves","floor":18.0,"turns":2.0},{"damage":7.0,"enemies":"Shell Parasite","floor":21.0,"turns":1.0},{"damage":7.0,"enemies":"Centurion and Healer","floor":22.0,"turns":1.0},{"damage":33.0,"enemies":"Gremlin Leader","floor":23.0,"turns":3.0},{"damage":7.0,"enemies":"Book of Stabbing","floor":25.0,"turns":2.0},{"damage":13.0,"enemies":"Shelled Parasite and Fungi","floor":27.0,"turns":2.0},{"damage":6.0,"enemies":"Cultist and Chosen","floor":28.0,"turns":1.0},{"damage":6.0,"enemies":"Snecko","floor":29.0,"turns":1.0},{"damage":13.0,"enemies":"Slavers","floor":30.0,"turns":1.0},{"damage":13.0,"enemies":"3 Cultists","floor":31.0,"turns":1.0},{"damage":22.0,"enemies":"Automaton","floor":33.0,"turns":4.0},{"damage":7.0,"enemies":"3 Shapes","floor":35.0,"turns":2.0},{"damage":7.0,"enemies":"3 Darklings","floor":36.0,"turns":1.0},{"damage":41.0,"enemies":"4 Shapes","floor":37.0,"turns":2.0},{"damage":8.0,"enemies":"2 Orb Walkers","floor":39.0,"turns":2.0},{"damage":38.0,"enemies":"R_Hoarder","floor":40.0,"turns":4.0},{"damage":7.0,"enemies":"Giant Head","floor":42.0,"turns":2.0},{"damage":8.0,"enemies":"Maw","floor":45.0,"turns":2.0},{"damage":8.0,"enemies":"Sphere and 2 Shapes","floor":46.0,"turns":2.0},{"damage":37.0,"enemies":"R_Hoarder","floor":47.0,"turns":3.0},{"damage":46.0,"enemies":"Time Eater","floor":50.0,"turns":5.0},{"damage":27.0,"enemies":"Donu and Deca","floor":51.0,"turns":5.0},{"damage":8.0,"enemies":"Shield and Spear","floor":55.0,"turns":3.0},{"damage":84,"enemies":"The Heart","floor":56,"turns":3}],"seed_played":"2317461401115939619","potions_obtained":[{"floor":1.0,"key":"BlessingOfTheForge"},{"floor":4.0,"key":"Venom Potion"},{"floor":6.0,"key":"EssenceOfSteel"},{"floor":21.0,"key":"Energy Potion"},{"floor":23.0,"key":"Swift Potion"},{"floor":36.0,"key":"Milkshake"},{"floor":37.0,"key":"GamblersBrew"},{"floor":46.0,"key":"Dexterity Potion"}],"is_trial":false,"path_per_floor":["M","M","?","M","M","E","R","$","T","M","M","?","$","M","R","B",null,"M","?","?","M","M","E","R","E","T","M","M","M","E","M","R","B",null,"M","M","M","$","?","E","R","E","T","R","M","M","E","?","R","B","B",null,"R","$","E","B"],"character_chosen":"IRONCLAD","items_purchased":["ClockworkSouvenir","ReplayTheSpireMod:ShopPack","Evolve","Guide Book","Mango","OrangePellets"],"campfire_rested":0,"item_purchase_floors":[13,24,38,38,44,54],"current_hp_per_floor":[67,60,60,53,38,42,42,42,42,47,40,40,40,45,45,33,65,55,34,34,39,44,23,23,30,30,31,39,47,48,49,49,41,70,70,65,38,38,44,23,23,30,30,44,50,56,33,33,33,48,41,81,81,81,75,0,0],"gold":126,"neow_bonus":"BOSS_RELIC","is_daily":false,"chose_seed":false,"campfire_upgraded":2,"win_rate":0.0,"timestamp":1611314536,"path_taken":["M","?","?","M","?","E","R","?","T","M","M","?","$","M","R","BOSS","M","?","?","?","M","E","R","E","T","M","M","M","E","M","R","BOSS","M","M","?","$","?","E","R","E","T","R","M","M","E","?","R","BOSS","BOSS","R","$","E","BOSS"],"items_purchased_type":["Relic","Relic","Card","Relic","Relic","Relic"],"build_version":"2020-12-22","purchased_purges":2,"victory":false,"max_hp_per_floor":[75,75,75,75,75,75,75,75,75,75,75,75,75,75,75,75,75,75,80,80,80,80,80,80,80,80,80,80,80,80,80,80,80,80,80,80,80,80,80,80,80,80,80,94,94,94,94,94,94,94,94,94,94,94,94,94,94],"relic_stats":{"Blood Vial":40,"OrangePellets":[1],"Centennial Puzzle":[99],"Lizard Tail":47,"counters":[33,81],"Gambling Chip":[32],"Bag of Preparation":[30],"obtain_stats":[{"ReplayFunnel":55,"Guide Book":38,"Counterbalance":40,"Mango":44,"Replay:Multitool":0,"Bag of Preparation":30,"energizedSpire:DeadBattery":34,"ClockworkSouvenir":13,"Calling Bell":0,"Dota2Spire:MagicBottle":6,"Blood Vial":23,"Runic Dome":17,"OrangePellets":54,"Centennial Puzzle":0,"Lizard Tail":47,"qcfpunch:School_Backpack":42,"Gambling Chip":39,"Dota2Spire:BladeMail":25,"Pandora\u0027s Box":0,"Bag of Marbles":9,"REME_ComplimentaryCards":0,"Meat on the Bone":0,"ReplayTheSpireMod:ShopPack":24,"Paper Frog":26},{"ReplayFunnel":32,"Guide Book":23,"Counterbalance":25,"Mango":26,"Replay:Multitool":0,"Bag of Preparation":18,"energizedSpire:DeadBattery":20,"ClockworkSouvenir":7,"Calling Bell":0,"Dota2Spire:MagicBottle":5,"Blood Vial":13,"Runic Dome":9,"OrangePellets":31,"Centennial Puzzle":0,"Lizard Tail":29,"qcfpunch:School_Backpack":26,"Gambling Chip":24,"Dota2Spire:BladeMail":14,"Pandora\u0027s Box":0,"Bag of Marbles":5,"REME_ComplimentaryCards":0,"Meat on the Bone":0,"ReplayTheSpireMod:ShopPack":13,"Paper Frog":14},{"ReplayFunnel":78,"Guide Book":50,"Counterbalance":56,"Mango":58,"Replay:Multitool":0,"Bag of Preparation":40,"energizedSpire:DeadBattery":45,"ClockworkSouvenir":20,"Calling Bell":0,"Dota2Spire:MagicBottle":14,"Blood Vial":33,"Runic Dome":26,"OrangePellets":75,"Centennial Puzzle":0,"Lizard Tail":65,"qcfpunch:School_Backpack":58,"Gambling Chip":52,"Dota2Spire:BladeMail":35,"Pandora\u0027s Box":0,"Bag of Marbles":14,"REME_ComplimentaryCards":0,"Meat on the Bone":0,"ReplayTheSpireMod:ShopPack":33,"Paper Frog":35}],"Meat on the Bone":276},"card_choices":[{"not_picked":["Flex","Body Slam"],"picked":"Offering","floor":1.0},{"not_picked":["Havoc","Uppercut"],"picked":"Spot Weakness","floor":2.0},{"not_picked":["Sword Boomerang","Power Through","Thunderclap"],"picked":"SKIP","floor":4.0},{"not_picked":["Run Through","Uppercut","Flame Barrier"],"picked":"SKIP","floor":5.0},{"not_picked":["ReplayTheSpireMod:Strike From Hell","ReplayTheSpireMod:Corrosion Curse"],"picked":"Havoc","floor":6.0},{"not_picked":["Cleave","Iron Wave","Wild Strike"],"picked":"SKIP","floor":10.0},{"not_picked":["Anger","Run Through","Wild Strike"],"picked":"SKIP","floor":11.0},{"not_picked":["Sword Boomerang","ReplayTheSpireMod:Corrosion Curse","Twin Strike"],"picked":"SKIP","floor":14.0},{"not_picked":["Eclipse","Double Tap"],"picked":"REME_ACTH","floor":16.0},{"not_picked":["Twin Strike","Hemokinesis+1"],"picked":"Warcry+1","floor":18.0},{"not_picked":["Dropkick","Shrug It Off"],"picked":"Seeing Red+1","floor":21.0},{"not_picked":["Thunderclap","Abandon","Rupture"],"picked":"SKIP","floor":22.0},{"not_picked":["Anger+1","Uppercut","Warcry"],"picked":"SKIP","floor":23.0},{"not_picked":["The Bomb","REME_WheelOfFate"],"picked":"Midas Touch","floor":24.0},{"not_picked":["Mayhem","Poisoned Strike"],"picked":"Flash of Steel","floor":24.0},{"not_picked":["REME_Cut+1","Shrug It Off"],"picked":"Inflame+1","floor":25.0},{"not_picked":["Anger","Inflame","Replay:Undeath\u0027s Touch"],"picked":"SKIP","floor":27.0},{"not_picked":["Clothesline","Whirlwind","Pommel Strike"],"picked":"SKIP","floor":28.0},{"not_picked":["Body Slam","Replay:Many Hands"],"picked":"Flex","floor":29.0},{"not_picked":["ReplayTheSpireMod:Corrosion Curse","ReplayTheSpireMod:Strike From Hell","Body Slam"],"picked":"SKIP","floor":30.0},{"not_picked":["Wild Strike","Whirlwind"],"picked":"Burning Pact","floor":31.0},{"not_picked":["Demon Form","Corruption"],"picked":"Limit Break","floor":33.0},{"not_picked":["Metallicize","Body Slam","Shockwave"],"picked":"SKIP","floor":35.0},{"not_picked":["Replay:Undeath\u0027s Touch+1","Wild Strike+1","True Grit"],"picked":"SKIP","floor":36.0},{"not_picked":["Twin Strike","True Grit","Sentinel"],"picked":"SKIP","floor":37.0},{"not_picked":["ReplayTheSpireMod:Corrosion Curse","Pommel Strike"],"picked":"Second Wind","floor":39.0},{"not_picked":["Uppercut","Dark Embrace","Abandon"],"picked":"SKIP","floor":40.0},{"not_picked":["Sword Boomerang","REME_FearOfPain","ReplayTheSpireMod:Strike From Hell+1"],"picked":"SKIP","floor":42.0},{"not_picked":["ReplayTheSpireMod:The Works","ReplayTheSpireMod:Necrosis","Draining Mist"],"picked":"SKIP","floor":45.0},{"not_picked":["Intimidate","Heavy Blade","Sword Boomerang"],"picked":"SKIP","floor":45.0},{"not_picked":["Anger","Headbutt+1"],"picked":"Exhume","floor":46.0},{"not_picked":["FTL","Sweeping Beam","Gash+1"],"picked":"SKIP","floor":46.0},{"not_picked":["ReplayReversal","Warcry+1"],"picked":"Armaments+1","floor":47.0},{"not_picked":["Deflect","Deadly Poison","Skewer"],"picked":"SKIP","floor":47.0},{"not_picked":["Hemokinesis","Run Through","Seeing Red"],"picked":"SKIP","floor":55.0}],"player_experience":1216380,"relics_obtained":[{"floor":0.0,"key":"Centennial Puzzle"},{"floor":0.0,"key":"Meat on the Bone"},{"floor":0.0,"key":"Replay:Multitool"},{"floor":6.0,"key":"Dota2Spire:MagicBottle"},{"floor":9.0,"key":"Bag of Marbles"},{"floor":23.0,"key":"Blood Vial"},{"floor":25.0,"key":"Dota2Spire:BladeMail"},{"floor":26.0,"key":"Paper Frog"},{"floor":30.0,"key":"Bag of Preparation"},{"floor":39.0,"key":"Gambling Chip"},{"floor":40.0,"key":"Counterbalance"},{"floor":42.0,"key":"qcfpunch:School_Backpack"},{"floor":47.0,"key":"Lizard Tail"},{"floor":55.0,"key":"ReplayFunnel"}],"event_choices":[{"damage_healed":0.0,"max_hp_gain":0.0,"max_hp_loss":0.0,"gold_gain":0.0,"event_name":"Upgrade Shrine","player_choice":"Upgraded","floor":3.0,"gold_loss":0.0,"damage_taken":0.0,"cards_upgraded":["Bash"]},{"damage_healed":0.0,"max_hp_gain":0.0,"max_hp_loss":0.0,"gold_gain":150.0,"event_name":"Liars Game","player_choice":"AGREE","floor":12.0,"gold_loss":0.0,"damage_taken":0.0,"cards_obtained":["Doubt"]},{"damage_healed":0.0,"max_hp_gain":5.0,"max_hp_loss":0.0,"gold_gain":0.0,"event_name":"Forgotten Altar","player_choice":"Shed Blood","floor":19.0,"gold_loss":0.0,"damage_taken":26.0},{"cards_removed":["Havoc"],"damage_healed":0.0,"max_hp_gain":0.0,"max_hp_loss":0.0,"gold_gain":0.0,"event_name":"Purifier","player_choice":"Purged","floor":20.0,"gold_loss":0.0,"damage_taken":0.0},{"damage_healed":0.0,"max_hp_gain":0.0,"max_hp_loss":0.0,"gold_gain":0.0,"event_name":"Mysterious Sphere","player_choice":"Fight","floor":39.0,"gold_loss":0.0,"damage_taken":0.0},{"damage_healed":0.0,"max_hp_gain":0.0,"max_hp_loss":0.0,"gold_gain":0.0,"event_name":"The Woman in Blue","player_choice":"Bought 1 Potion","floor":48.0,"gold_loss":0.0,"damage_taken":0.0}],"is_beta":false,"boss_relics":[{"not_picked":["Honey Jar","Dota2Spire:Bloodstone"],"picked":"Runic Dome"},{"not_picked":["Snecko Heart","REME_LowDesire"],"picked":"energizedSpire:DeadBattery"}],"items_purged_floors":[8,13],"is_endless":false,"potions_floor_spawned":[1,4,6,21,22,23,27,30,36,37,46,47],"killed_by":"The Heart","ascension_level":20}}