{"host":"7qoz5gmva6til3yp","time":1611310272,"event":{"mods":["AchievementEnabler","BaseMod","Minty Spire (QoL Compilation)","StSLib","SuperFastMode"],"gold_per_floor":[116,126,44,63,156,190,190,201,201,201,231,245,245,265,265,363,363,378,395,395,415,159,190,65,65,65,97,97,115,142,158,158,262,262,276,276,295,295,306,339,353,386,386,386,396,446,446,480,480,480],"floor_reached":51,"language":"KOR","playtime":2557,"items_purged":["Strike_G","Riddle With Holes","Predator"],"score":1018,"play_id":"eac1419d-72b3-4342-b937-d899b5e17221","local_time":"20210122191112","is_ascension_mode":true,"campfire_choices":[{"data":"Phantasmal Killer","floor":7.0,"key":"SMITH"},{"data":"Acrobatics","floor":13.0,"key":"SMITH"},{"floor":15.0,"key":"REST"},{"data":"Prepared","floor":28.0,"key":"SMITH"},{"floor":32.0,"key":"REST"},{"data":"Tactician","floor":44,"key":"SMITH"},{"data":"Calculated Gamble","floor":47,"key":"SMITH"},{"floor":49,"key":"REST"}],"circlet_count":0,"master_deck":["Survivor","Neutralize","The Bomb","Flash of Steel+1","Bouncing Flask","Prepared+1","Phantasmal Killer+1","Grand Finale","Acrobatics+1","Tactician+1","Venomology","Prepared","Cloak And Dagger","Finisher","Deflect","Night Terror","Well Laid Plans+1","Calculated Gamble+1","Backflip","Grand Finale+1","Concentrate+1","Acrobatics"],"relics":["Ring of the Snake","Incense Burner","Bottled Lightning","Tingsha","WingedGreaves","TungstenRod","Pandora\u0027s Box","TheAbacus","StrikeDummy","Nloth\u0027s Gift","HornCleat","Prayer Wheel","Anchor","Cursed Key","Paper Crane","Molten Egg 2","Ornamental Fan","Turnip","FossilizedHelix"],"acts_visited":["Exordium","TheCity","TheBeyond"],"potions_floor_usage":[42,45,50,50],"damage_taken":[{"damage":0.0,"enemies":"Cultist","floor":1.0,"turns":3.0},{"damage":7.0,"enemies":"Small Slimes","floor":2.0,"turns":4.0},{"damage":2.0,"enemies":"Jaw Worm","floor":4.0,"turns":4.0},{"damage":13.0,"enemies":"Lagavulin","floor":6.0,"turns":5.0},{"damage":0.0,"enemies":"Red Slaver","floor":8.0,"turns":3.0},{"damage":7.0,"enemies":"3 Sentries","floor":11.0,"turns":4.0},{"damage":9.0,"enemies":"2 Fungi Beasts","floor":12.0,"turns":3.0},{"damage":10.0,"enemies":"Gremlin Gang","floor":14.0,"turns":3.0},{"damage":11.0,"enemies":"Slime Boss","floor":16.0,"turns":8.0},{"damage":0.0,"enemies":"Chosen","floor":18.0,"turns":3.0},{"damage":0.0,"enemies":"3 Byrds","floor":19.0,"turns":3.0},{"damage":11.0,"enemies":"Centurion and Healer","floor":21.0,"turns":3.0},{"damage":0.0,"enemies":"Gremlin Leader","floor":23.0,"turns":5.0},{"damage":19.0,"enemies":"Slavers","floor":27.0,"turns":3.0},{"damage":0.0,"enemies":"3 Cultists","floor":29.0,"turns":3.0},{"damage":12.0,"enemies":"Gremlin Leader","floor":30.0,"turns":5.0},{"damage":0.0,"enemies":"Sentry and Sphere","floor":31.0,"turns":1.0},{"damage":33.0,"enemies":"Champ","floor":33.0,"turns":8.0},{"damage":0,"enemies":"Orb Walker","floor":35,"turns":2},{"damage":0,"enemies":"3 Shapes","floor":37,"turns":4},{"damage":0,"enemies":"Transient","floor":39,"turns":5},{"damage":27,"enemies":"Giant Head","floor":40,"turns":9},{"damage":10,"enemies":"Writhing Mass","floor":41,"turns":5},{"damage":11,"enemies":"Reptomancer","floor":42,"turns":5},{"damage":0,"enemies":"Jaw Worm Horde","floor":45,"turns":2},{"damage":0,"enemies":"Mind Bloom Boss Battle","floor":46,"turns":3},{"damage":8,"enemies":"Giant Head","floor":48,"turns":6},{"damage":0,"enemies":"Donu and Deca","floor":50,"turns":4}],"seed_played":"4694640306150473017","potions_obtained":[{"floor":2.0,"key":"Swift Potion"},{"floor":4.0,"key":"SkillPotion"},{"floor":11.0,"key":"SkillPotion"},{"floor":14.0,"key":"BlessingOfTheForge"},{"floor":19.0,"key":"EntropicBrew"},{"floor":27.0,"key":"SkillPotion"},{"floor":30.0,"key":"FearPotion"},{"floor":35,"key":"Strength Potion"}],"is_trial":false,"path_per_floor":["M","M","$","M","$","E","R","M","T","T","E","M","R","M","R","B",null,"M","M","?","M","$","E","$","?","T","E","R","M","E","M","R","B",null,"M","?","M","?","M","E","M","E","T","R","M","?","R","E","R","B",null],"character_chosen":"THE_SILENT","items_purchased":["Flash of Steel","Prepared","Phantasmal Killer","Grand Finale","Whetstone","Incense Burner","TheAbacus"],"campfire_rested":3,"item_purchase_floors":[3,5,5,5,5,5,22],"current_hp_per_floor":[63,56,56,54,54,41,41,41,41,41,34,25,25,15,33,22,63,63,63,63,52,52,52,52,52,52,33,33,33,21,21,39,6,63,63,63,63,63,63,36,26,15,15,15,15,15,15,7,25,25],"gold":480,"neow_bonus":"RANDOM_COLORLESS_2","is_daily":false,"chose_seed":false,"campfire_upgraded":5,"win_rate":0.0,"timestamp":1611310272,"path_taken":["M","M","?","M","$","E","R","M","T","?","E","M","R","M","R","BOSS","M","?","?","M","$","E","$","?","T","E","R","M","E","?","R","BOSS","M","?","?","?","M","E","M","E","T","R","?","?","R","E","R","BOSS"],"items_purchased_type":["Card","Card","Card","Card","Relic","Relic","Relic"],"build_version":"2020-12-22","purchased_purges":3,"victory":true,"max_hp_per_floor":[63,63,63,63,63,63,63,63,63,63,63,63,63,63,63,63,63,63,63,63,63,63,63,63,63,63,63,63,63,63,63,63,63,63,63,63,63,63,63,63,63,63,63,63,63,63,63,63,63,63],"card_choices":[{"not_picked":["Secret Weapon","Mayhem"],"picked":"The Bomb","floor":0.0},{"not_picked":["Quick Slash","Dodge and Roll","Deflect"],"picked":"SKIP","floor":1.0},{"not_picked":["Deadly Poison","PiercingWail","Dagger Spray"],"picked":"SKIP","floor":2.0},{"not_picked":["Escape Plan","Dodge and Roll"],"picked":"Bouncing Flask","floor":4.0},{"not_picked":["Deflect","Deadly Poison","Bane"],"picked":"SKIP","floor":6.0},{"not_picked":["Deflect","Deadly Poison","Bane"],"picked":"SKIP","floor":6.0},{"not_picked":["Bullet Time","Cloak And Dagger","Setup"],"picked":"SKIP","floor":8.0},{"not_picked":["Night Terror","Backstab","PiercingWail"],"picked":"SKIP","floor":11.0},{"not_picked":["Prepared","Choke"],"picked":"Acrobatics","floor":12.0},{"not_picked":["Deflect","Flying Knee"],"picked":"Tactician","floor":14.0},{"not_picked":["Phantasmal Killer","Corpse Explosion"],"picked":"Venomology","floor":16.0},{"not_picked":["PiercingWail","Well Laid Plans+1","Prepared+1"],"picked":"SKIP","floor":18.0},{"not_picked":["Masterful Stab","Accuracy","Quick Slash+1"],"picked":"SKIP","floor":19.0},{"not_picked":["PiercingWail","Acrobatics","Tactician"],"picked":"SKIP","floor":21.0},{"not_picked":["Cloak And Dagger+1","Dodge and Roll+1","Flying Knee+1"],"picked":"SKIP","floor":23.0},{"not_picked":["Expertise","Unload","Blade Dance"],"picked":"SKIP","floor":27.0},{"not_picked":["Quick Slash","A Thousand Cuts","Deadly Poison"],"picked":"SKIP","floor":29.0},{"not_picked":["Flying Knee+1","Poisoned Stab+1","Bane"],"picked":"SKIP","floor":29.0},{"not_picked":["Outmaneuver+1","Tactician+1","Acrobatics"],"picked":"SKIP","floor":30.0},{"not_picked":["PiercingWail+1","Quick Slash","Slice+1"],"picked":"SKIP","floor":31.0},{"not_picked":["Dagger Throw","Tactician","Sucker Punch"],"picked":"SKIP","floor":31.0},{"not_picked":["Endless Agony+1","Deadly Poison+1"],"picked":"Well Laid Plans+1","floor":35},{"not_picked":["Prepared","Dagger Spray","Bane"],"picked":"SKIP","floor":35},{"not_picked":["Leg Sweep+1","Poisoned Stab+1"],"picked":"Backflip","floor":37},{"not_picked":["Cloak And Dagger","Bouncing Flask","Prepared"],"picked":"SKIP","floor":37},{"not_picked":["Cloak And Dagger","Bouncing Flask","Prepared"],"picked":"SKIP","floor":37},{"not_picked":["Dagger Throw+1","PiercingWail","Acrobatics"],"picked":"SKIP","floor":39},{"not_picked":["Deflect","Caltrops+1","Leg Sweep+1"],"picked":"SKIP","floor":39},{"not_picked":["Backflip+1","Setup+1"],"picked":"Grand Finale+1","floor":40},{"not_picked":["Infinite Blades+1","Dash+1"],"picked":"Concentrate+1","floor":41},{"not_picked":["Sucker Punch+1","Quick Slash+1"],"picked":"Acrobatics","floor":41},{"not_picked":["Underhanded Strike+1","Bane+1","Unload+1"],"picked":"SKIP","floor":42},{"not_picked":["Outmaneuver+1","Dodge and Roll","Predator+1"],"picked":"SKIP","floor":45},{"not_picked":["Riddle With Holes+1","Outmaneuver+1","Flying Knee+1"],"picked":"SKIP","floor":45},{"not_picked":["Die Die Die+1","Phantasmal Killer","Eviscerate+1"],"picked":"SKIP","floor":48}],"player_experience":410432,"relics_obtained":[{"floor":6.0,"key":"Bottled Lightning"},{"floor":9.0,"key":"Tingsha"},{"floor":10.0,"key":"WingedGreaves"},{"floor":11.0,"key":"TungstenRod"},{"floor":23.0,"key":"StrikeDummy"},{"floor":26.0,"key":"HornCleat"},{"floor":27.0,"key":"Prayer Wheel"},{"floor":30.0,"key":"Anchor"},{"floor":40,"key":"Molten Egg 2"},{"floor":42,"key":"Ornamental Fan"},{"floor":46,"key":"Turnip"},{"floor":48,"key":"FossilizedHelix"}],"event_choices":[{"cards_removed":["Phantasmal Killer"],"damage_healed":0.0,"max_hp_gain":0.0,"max_hp_loss":0.0,"gold_gain":0.0,"event_name":"Back to Basics","player_choice":"Elegance","floor":20.0,"gold_loss":0.0,"damage_taken":0.0},{"damage_healed":0.0,"max_hp_gain":0.0,"max_hp_loss":0.0,"gold_gain":0.0,"event_name":"N\u0027loth","player_choice":"Traded Relic","floor":25.0,"relics_lost":["Whetstone"],"gold_loss":0.0,"damage_taken":0.0,"relics_obtained":["Nloth\u0027s Gift"]},{"damage_healed":0,"gold_gain":0,"cards_transformed":["Setup"],"player_choice":"Transformed","damage_taken":0,"max_hp_gain":0,"max_hp_loss":0,"event_name":"Transmorgrifier","floor":36,"gold_loss":0,"cards_obtained":["Calculated Gamble"]},{"damage_healed":0,"gold_gain":0,"player_choice":"Gave Potion","damage_taken":0,"relics_obtained":["Paper Crane"],"max_hp_gain":0,"max_hp_loss":0,"event_name":"WeMeetAgain","floor":38,"gold_loss":0},{"damage_healed":0,"gold_gain":0,"player_choice":"Fight","damage_taken":0,"max_hp_gain":0,"max_hp_loss":0,"event_name":"MindBloom","floor":46,"gold_loss":0}],"is_beta":false,"boss_relics":[{"not_picked":["Velvet Choker","HoveringKite"],"picked":"Pandora\u0027s Box"},{"not_picked":["Ring of the Serpent","WristBlade"],"picked":"Cursed Key"}],"items_purged_floors":[5,22,24],"is_endless":false,"potions_floor_spawned":[2,4,11,14,19,21,27,30,35,41,46],"ascension_level":2}}