{"host":"7zdktqb5xjtif29d","time":1611319020,"event":{"mods":["AchievementEnabler","BaseMod","Colored Map","Colored Powertips","Dark Map","Highlight Path","Minty Spire (QoL Compilation)","Rare Cards Sparkle","SuperFastMode","Waifu the Spire","everything is the same but u backflip on backflip"],"gold_per_floor":[116,133,34,52,67,98,98,98,98,98,98],"floor_reached":10,"language":"ENG","playtime":349,"items_purged":["Strike_B"],"score":75,"play_id":"6beed530-75da-476e-8705-62c5a80e1f2e","local_time":"20210122123700","is_ascension_mode":true,"campfire_choices":[{"data":"Dualcast","floor":8,"key":"SMITH"}],"circlet_count":0,"master_deck":["Strike_B","Strike_B","Strike_B","Defend_B","Defend_B","Defend_B","Defend_B","Zap","Dualcast+1","Leap","Conserve Battery","Leap","BootSequence","Conserve Battery"],"relics":["Cracked Core","Smiling Mask","Toxic Egg 2","Letter Opener"],"acts_visited":["Exordium"],"potions_floor_usage":[],"damage_taken":[{"damage":1,"enemies":"Cultist","floor":1,"turns":3},{"damage":2,"enemies":"Jaw Worm","floor":2,"turns":4},{"damage":1,"enemies":"2 Louse","floor":4,"turns":3},{"damage":0,"enemies":"Exordium Wildlife","floor":5,"turns":6},{"damage":8,"enemies":"3 Sentries","floor":6,"turns":11},{"damage":76,"enemies":"Gremlin Nob","floor":10,"turns":5}],"seed_played":"-3909736349067805888","potions_obtained":[{"floor":1,"key":"Strength Potion"},{"floor":6,"key":"GamblersBrew"}],"is_trial":false,"path_per_floor":["M","M","$","M","M","E","T","R","T","E"],"character_chosen":"DEFECT","items_purchased":["Conserve Battery"],"campfire_rested":0,"item_purchase_floors":[3],"current_hp_per_floor":[81,79,79,78,78,70,70,70,70,0,0],"gold":98,"neow_bonus":"TEN_PERCENT_HP_BONUS","is_daily":false,"chose_seed":false,"campfire_upgraded":1,"win_rate":0.0,"timestamp":1611319020,"path_taken":["M","M","?","M","M","E","?","R","T","E"],"items_purchased_type":["Card"],"build_version":"2020-12-22","purchased_purges":1,"victory":false,"max_hp_per_floor":[82,82,82,82,82,82,82,82,82,82,82],"card_choices":[{"not_picked":["Chaos","Lockon","Undo"],"picked":"SKIP","floor":1},{"not_picked":["Loop","Turbo"],"picked":"Leap","floor":2},{"not_picked":["FTL","Genetic Algorithm"],"picked":"Leap","floor":4},{"not_picked":["Doom and Gloom","Hologram"],"picked":"BootSequence","floor":5},{"not_picked":["Self Repair","Coolheaded"],"picked":"Conserve Battery","floor":6}],"player_experience":250083,"relics_obtained":[{"floor":6,"key":"Smiling Mask"},{"floor":7,"key":"Toxic Egg 2"},{"floor":9,"key":"Letter Opener"}],"event_choices":[],"is_beta":false,"boss_relics":[],"items_purged_floors":[3],"is_endless":false,"potions_floor_spawned":[1,6],"killed_by":"Gremlin Nob","ascension_level":2}}