{"host":"ugys05tpep779cl6","time":1611305491,"event":{"mods":["AchievementEnabler","Aspiration","BaseMod","Beaked The Cultist","CatGirl Mod","Colored Powertips","HololiveMod","Lobotomy","Minty Spire (QoL Compilation)","Quick Restart","Replay The Spire","Spicy Shops","StSLib","The Druid","vexMod"],"gold_per_floor":[111,111,121,135,153,180,180,212,288,322,332,332,332],"floor_reached":12,"language":"ENG","playtime":622,"items_purged":[],"score":180,"play_id":"31a2c656-7b1b-4913-b2b6-f8c4547199c5","local_time":"20210122095131","is_ascension_mode":true,"campfire_choices":[{"floor":7.0,"key":"REST"}],"circlet_count":0,"master_deck":["AscendersBane","Strike_G","Strike_G","Strike_G","Strike_G","Strike_G","Defend_G","Defend_G","Defend_G","Defend_G","Defend_G","Survivor","Neutralize","Die Die Die","Deadly Poison","Backflip","PiercingWail","Bane","Corpse Explosion","Concentrate","Leg Sweep"],"relics":["Ring of the Snake","MealTicket","Orichalcum","ReplayTheSpireMod:Lightbulb"],"acts_visited":["Exordium"],"potions_floor_usage":[],"damage_taken":[{"damage":0.0,"enemies":"2 Louse","floor":1.0,"turns":3.0},{"damage":0.0,"enemies":"Cultist","floor":3.0,"turns":4.0},{"damage":4.0,"enemies":"Jaw Worm","floor":4.0,"turns":4.0},{"damage":2.0,"enemies":"3 Louse","floor":5.0,"turns":3.0},{"damage":24.0,"enemies":"Lagavulin","floor":6.0,"turns":8.0},{"damage":36.0,"enemies":"3 Sentries","floor":8.0,"turns":7.0},{"damage":2.0,"enemies":"Gremlin Nob","floor":10.0,"turns":3.0},{"damage":3.0,"enemies":"Looter","floor":11.0,"turns":4.0},{"damage":0,"enemies":"3 Sentries","floor":12,"turns":3}],"seed_played":"9034639248202687566","potions_obtained":[{"floor":1.0,"key":"Poison Potion"},{"floor":8.0,"key":"Fire Potion"}],"is_trial":false,"path_per_floor":["M","?","M","M","M","E","R","E","T","E","M","E"],"character_chosen":"THE_SILENT","items_purchased":[],"campfire_rested":1,"item_purchase_floors":[],"current_hp_per_floor":[59,59,59,55,53,29,48,12,12,10,7,7,7],"gold":332,"neow_bonus":"ONE_RANDOM_RARE_CARD","is_daily":false,"chose_seed":false,"campfire_upgraded":0,"win_rate":0.0,"timestamp":1611305491,"path_taken":["M","?","M","?","?","E","R","E","T","E","M","E"],"items_purchased_type":[],"build_version":"2020-12-22","purchased_purges":0,"victory":false,"max_hp_per_floor":[66,66,66,66,66,66,66,66,66,66,66,66,66],"card_choices":[{"not_picked":["Dagger Throw","Blade Dance"],"picked":"Deadly Poison","floor":1.0},{"not_picked":["Cloak And Dagger","Poisoned Stab"],"picked":"Backflip","floor":3.0},{"not_picked":["Sucker Punch","Hidden Blade"],"picked":"PiercingWail","floor":4.0},{"not_picked":["Blade Dance","Finisher"],"picked":"Bane","floor":5.0},{"not_picked":["ReplayTheSpireMod:The Works","Cloak And Dagger"],"picked":"Corpse Explosion","floor":6.0},{"not_picked":["Dodge and Roll","Outmaneuver"],"picked":"Concentrate","floor":8.0},{"not_picked":["Dagger Throw","Dodge and Roll"],"picked":"Leg Sweep","floor":10.0},{"not_picked":["Blade Dance","Hidden Blade","Dagger Spray"],"picked":"SKIP","floor":11.0}],"player_experience":1165525,"relics_obtained":[{"floor":6.0,"key":"MealTicket"},{"floor":8.0,"key":"Orichalcum"},{"floor":10.0,"key":"ReplayTheSpireMod:Lightbulb"}],"event_choices":[{"damage_healed":0.0,"max_hp_gain":0.0,"max_hp_loss":0.0,"gold_gain":0.0,"event_name":"Match and Keep!","player_choice":"0 cards matched","floor":2.0,"gold_loss":0.0,"damage_taken":0.0,"cards_obtained":[]}],"is_beta":false,"boss_relics":[],"items_purged_floors":[],"is_endless":false,"potions_floor_spawned":[1,8],"killed_by":"3 Sentries","ascension_level":16}}