{"host":"skr63qsdfgeey3it","time":1611294213,"event":{"mods":["BaseMod","Colored Map","Hubris","Minty Spire (QoL Compilation)","Replay The Spire","Spicy Shops","StSLib"],"gold_per_floor":[114,114,114,14,14,14,58,58,83,106,106,31,69,93,93,186,186,199,199,9,9,32,32,75,75,75,140,180,192,192],"floor_reached":29,"language":"ENG","playtime":789,"items_purged":["Regret"],"score":482,"play_id":"0f459410-b3e5-46a8-8c2f-bab45b94862e","local_time":"20210121234333","is_ascension_mode":true,"campfire_choices":[{"data":"Storm of Steel","floor":6,"key":"SMITH"},{"data":"Doppelganger","floor":8,"key":"SMITH"},{"data":"Accuracy","floor":11,"key":"SMITH"},{"floor":15,"key":"REST"},{"floor":23,"key":"REST"},{"floor":25,"key":"REST"}],"circlet_count":0,"master_deck":["AscendersBane","Strike_G","Strike_G","Strike_G","Strike_G","Defend_G","Defend_G","Defend_G","Defend_G","Defend_G","Survivor","Neutralize","Storm of Steel+1","Underhanded Strike","Doppelganger+1","Accuracy+1","Infinite Blades","Blade Dance","Infinite Blades","A Thousand Cuts","hubris:Sniper+1","Finisher","Prepared","hubris:Counter"],"relics":["Ring of the Snake","NeowsBlessing","ReplayTheSpireMod:Shallot","Golden Idol","BranchBurnRelic","Replay:Wax Seal","hubris:BottledRain","Philosopher\u0027s Stone","PreservedInsect","Sling","TungstenRod","Anchor","Replay:Bandana","Art of War"],"acts_visited":["Exordium","TheCity"],"potions_floor_usage":[13,16],"damage_taken":[{"damage":0,"enemies":"2 Louse","floor":1,"turns":1},{"damage":0,"enemies":"3 Sentries","floor":7,"turns":1},{"damage":0,"enemies":"Jaw Worm","floor":10,"turns":1},{"damage":31,"enemies":"Gremlin Nob","floor":13,"turns":5},{"damage":0,"enemies":"Small Slimes","floor":14,"turns":2},{"damage":21,"enemies":"Hexaghost","floor":16,"turns":7},{"damage":12,"enemies":"Chosen","floor":18,"turns":4},{"damage":31,"enemies":"2 Thieves","floor":22,"turns":3},{"damage":35,"enemies":"Replay:Snechameleon","floor":24,"turns":4},{"damage":10,"enemies":"Gremlin Leader","floor":27,"turns":4},{"damage":13,"enemies":"Centurion and Healer","floor":28,"turns":4},{"damage":32,"enemies":"Replay:Snechameleon","floor":29,"turns":4}],"seed_played":"6054841703006514757","potions_obtained":[{"floor":10,"key":"Block Potion"},{"floor":14,"key":"Doom Potion"},{"floor":27,"key":"Ancient Potion"}],"is_trial":false,"path_per_floor":["M","?","?","$","?","R","E","R","T","M","R","$","E","M","R","B",null,"M","?","$","?","M","R","E","R","T","E","M","E"],"character_chosen":"THE_SILENT","items_purchased":["Underhanded Strike","Infinite Blades","Finisher","Sling","TungstenRod"],"campfire_rested":3,"item_purchase_floors":[4,12,20,20,20],"current_hp_per_floor":[63,63,63,63,46,46,46,46,46,46,46,46,29,29,50,44,64,52,52,52,52,21,42,19,40,40,42,29,0,0],"gold":192,"neow_bonus":"THREE_ENEMY_KILL","is_daily":false,"chose_seed":false,"campfire_upgraded":3,"win_rate":0.0,"timestamp":1611294213,"path_taken":["M","?","?","$","?","R","E","R","T","M","R","?","E","M","R","BOSS","M","?","$","?","?","R","E","R","T","E","M","E"],"items_purchased_type":["Card","Card","Card","Relic","Relic"],"build_version":"2020-12-22","purchased_purges":1,"victory":false,"max_hp_per_floor":[70,70,70,70,70,70,70,70,70,70,70,70,70,70,70,70,70,70,70,70,70,70,70,70,70,70,70,70,70,70],"card_choices":[{"not_picked":["Outmaneuver","hubris:Counter","Sucker Punch"],"picked":"SKIP","floor":1},{"not_picked":["Poisoned Stab","Dash"],"picked":"Doppelganger","floor":7},{"not_picked":["Reflex","Dagger Spray"],"picked":"Accuracy","floor":10},{"not_picked":["Dagger Spray","hubris:SlightOfHand"],"picked":"Blade Dance","floor":13},{"not_picked":["Prepared","Eviscerate"],"picked":"Infinite Blades","floor":14},{"not_picked":["Storm of Steel","Burst"],"picked":"A Thousand Cuts","floor":16},{"not_picked":["Deadly Poison","Cloak And Dagger"],"picked":"hubris:Sniper+1","floor":18},{"not_picked":["hubris:SlightOfHand+1","Dagger Spray"],"picked":"Prepared","floor":22},{"not_picked":["Draining Mist","Slice","PiercingWail"],"picked":"SKIP","floor":24},{"not_picked":["Grand Finale","Cloak And Dagger"],"picked":"hubris:Counter","floor":27},{"not_picked":["Outmaneuver","Distraction","PiercingWail"],"picked":"SKIP","floor":28}],"player_experience":797830,"relics_obtained":[{"floor":7,"key":"Dead Branch"},{"floor":9,"key":"Replay:Wax Seal"},{"floor":13,"key":"hubris:BottledRain"},{"floor":24,"key":"Anchor"},{"floor":26,"key":"Replay:Bandana"},{"floor":27,"key":"Art of War"}],"event_choices":[{"damage_healed":0,"gold_gain":0,"cards_transformed":["Strike_G"],"player_choice":"Change","damage_taken":0,"max_hp_gain":0,"max_hp_loss":0,"event_name":"Living Wall","floor":2,"gold_loss":0,"cards_obtained":["Storm of Steel"]},{"damage_healed":0,"gold_gain":0,"player_choice":"Box","damage_taken":0,"relics_obtained":["ReplayTheSpireMod:Shallot"],"max_hp_gain":0,"max_hp_loss":0,"event_name":"Big Fish","floor":3,"gold_loss":0,"cards_obtained":["Regret"]},{"damage_healed":0,"gold_gain":0,"player_choice":"Take Damage","damage_taken":17,"relics_obtained":["Golden Idol"],"max_hp_gain":0,"max_hp_loss":0,"event_name":"Golden Idol","floor":5,"gold_loss":0}],"is_beta":false,"boss_relics":[{"not_picked":["Replay:Wanted Poster","Snecko Eye"],"picked":"Philosopher\u0027s Stone"}],"items_purged_floors":[4],"is_endless":false,"potions_floor_spawned":[10,14,27],"killed_by":"Replay:Snechameleon","ascension_level":13}}