{"host":"aqomsbzss4fdoc3i","time":1611359905,"event":{"mods":["AchievementEnabler","BaseMod","Better Altar","Better Skull","Better Third Choice","Colored Powertips","Displayed Cursed Tome","Downfall","Minty Spire (QoL Compilation)","Relic Stats","StSLib","The Hierophant","Waifu the Spire"],"gold_per_floor":[99,115,176,188,207,22,22,36,69,169,201,214,229,2,21,122,172,72,83,93,107,382,11,11,23,23,33,133,33,33,48,63,63,63,63],"floor_reached":33,"language":"ENG","playtime":3212,"items_purged":["Regret"],"score":338,"play_id":"e98af905-f393-49b9-aa2d-0c5f298f086c","local_time":"20210122185825","is_ascension_mode":false,"campfire_choices":[{"data":"champ:Strike","floor":1,"key":"SMITH"},{"floor":18,"key":"RECALL"},{"floor":26,"key":"REST"},{"floor":29,"key":"REST"}],"circlet_count":0,"master_deck":["champ:Strike","champ:Strike","champ:Strike","champ:Strike+1","champ:Defend+1","champ:Defend","champ:Defend","champ:Defend","champ:Execute","champ:Taunt","champ:StanceDance+1","champ:FanOfKnives","champ:PerfectedStrike","champ:BladeFlurry","champ:PreciseThrust","champ:RapidStrikes","champ:Backstep","champ:StanceDance","champ:PerfectedStrike","champ:HoldFirm","champ:BerserkersShout","champ:DefensiveShout","champ:DefensiveShout+1","champ:Shatter","champ:BringItOn","champ:UltimateStance","champ:AdrenalArmor","champ:BringItOn","champ:PerfectedStrike","champ:FocusedBerserking+1","champ:Circumvent","champ:Encircle","champ:DefensiveShout","champ:EnGarde","J.A.X.","champ:DefensiveShout","champ:ShieldWall","champ:CrownThrow","champ:IgnorePain"],"relics":["champ:ChampionCrown","War Paint","Pear","White Beast Statue","CloakClasp","Unceasing Top","Toolbox","Tiny House","downfall:HeartBlessingGreen","Mummified Hand","Bottled Lightning","MutagenicStrength","downfall:HeartBlessingRed","downfall:RedIOU"],"acts_visited":["Exordium","TheCity"],"potions_floor_usage":[10,16,16,27,28,28,28,28,28,32,33,33,33,33,33,33],"damage_taken":[{"damage":14,"enemies":"2 Louse","floor":2,"turns":3},{"damage":45,"enemies":"3 Sentries","floor":3,"turns":8},{"damage":13,"enemies":"Jaw Worm","floor":4,"turns":4},{"damage":10,"enemies":"Cultist","floor":5,"turns":2},{"damage":20,"enemies":"downfall:FleeingMerchant","floor":6,"turns":4},{"damage":15,"enemies":"3 Louse","floor":8,"turns":4},{"damage":22,"enemies":"3 Sentries","floor":9,"turns":7},{"damage":14,"enemies":"3 Sentries","floor":10,"turns":5},{"damage":28,"enemies":"Lagavulin","floor":11,"turns":5},{"damage":15,"enemies":"Blue Slaver","floor":12,"turns":4},{"damage":5,"enemies":"Exordium Wildlife","floor":13,"turns":2},{"damage":10,"enemies":"downfall:FleeingMerchant","floor":14,"turns":4},{"damage":0,"enemies":"3 Louse","floor":15,"turns":2},{"damage":21,"enemies":"SI_SHIV_ARCHETYPE","floor":16,"turns":6},{"damage":18,"enemies":"3 Byrds","floor":19,"turns":7},{"damage":16,"enemies":"Centurion and Healer","floor":20,"turns":6},{"damage":37,"enemies":"Snecko","floor":21,"turns":5},{"damage":15,"enemies":"downfall:FleeingMerchant","floor":23,"turns":4},{"damage":60,"enemies":"Cultist and Chosen","floor":25,"turns":7},{"damage":26,"enemies":"3 Cultists","floor":27,"turns":5},{"damage":20,"enemies":"downfall:Augmenter","floor":28,"turns":5},{"damage":46,"enemies":"Sentry and Sphere","floor":31,"turns":5},{"damage":54,"enemies":"Shelled Parasite and Fungi","floor":32,"turns":5},{"damage":45,"enemies":"IC_MUSHROOM_ARCHETYPE","floor":33,"turns":4}],"seed_played":"-5095259390555862005","potions_obtained":[{"floor":8,"key":"Fire Potion"},{"floor":9,"key":"champ:OpenerPotion"},{"floor":10,"key":"FearPotion"},{"floor":11,"key":"champ:CounterPotion"},{"floor":12,"key":"Block Potion"},{"floor":13,"key":"DuplicationPotion"},{"floor":16,"key":"EssenceOfSteel"},{"floor":17,"key":"champ:UltimateStancePotion"},{"floor":20,"key":"PowerPotion"},{"floor":21,"key":"EntropicBrew"},{"floor":25,"key":"hexamod:SoulburnPotion"},{"floor":27,"key":"Ancient Potion"},{"floor":28,"key":"PowerPotion"},{"floor":31,"key":"EntropicBrew"},{"floor":32,"key":"PowerPotion"}],"is_trial":false,"path_per_floor":["R","M","?","M","M","$","T","M","E","?","E","M","M","$","M","B",null,"R","M","M","M","?","$","T","M","R","M","?","R","?","M","M","B"],"character_chosen":"THE_CHAMP","items_purchased":["Nunchaku","champ:PreciseThrust","Toolbox","champ:DefensiveShout","champ:Shatter","Mummified Hand","champ:Circumvent"],"campfire_rested":2,"item_purchase_floors":[6,6,14,14,14,23,23],"current_hp_per_floor":[99,95,80,77,77,67,77,77,55,46,28,23,18,18,18,7,114,114,106,105,88,88,88,88,48,82,71,51,85,85,64,25,0,0,0],"gold":63,"neow_bonus":"TEN_PERCENT_HP_BONUS","is_daily":false,"chose_seed":false,"campfire_upgraded":1,"win_rate":0.0,"timestamp":1611359905,"path_taken":["R","M","?","M","M","$","T","M","E","?","E","M","M","$","M","BOSS","R","M","M","M","?","$","T","M","R","?","?","R","?","M","M","BOSS"],"items_purchased_type":["Relic","Card","Relic","Card","Card","Relic","Card"],"build_version":"2020-12-22","purchased_purges":1,"victory":false,"max_hp_per_floor":[99,99,99,99,99,99,109,109,109,109,109,109,109,109,109,109,114,114,114,114,114,114,114,114,114,114,114,114,114,114,114,114,114,114,114],"relic_stats":{"counters":[24,113],"Mummified Hand":[6],"CloakClasp":[130],"War Paint":["champ:Defend","champ:StanceDance"],"obtain_stats":[{"Pear":7,"Tiny House":17,"downfall:HeartBlessingRed":29,"champ:ChampionCrown":0,"downfall:HeartBlessingGreen":18,"CloakClasp":10,"War Paint":3,"White Beast Statue":9,"Nunchaku":6,"Mummified Hand":23,"MutagenicStrength":28,"Toolbox":14,"downfall:RedIOU":30,"Bottled Lightning":24,"Unceasing Top":11},{"Pear":5,"Tiny House":14,"downfall:HeartBlessingRed":21,"champ:ChampionCrown":0,"downfall:HeartBlessingGreen":14,"CloakClasp":8,"War Paint":2,"White Beast Statue":7,"Nunchaku":5,"Mummified Hand":18,"MutagenicStrength":21,"Toolbox":12,"downfall:RedIOU":21,"Bottled Lightning":18,"Unceasing Top":9},{"Pear":21,"Tiny House":60,"downfall:HeartBlessingRed":99,"champ:ChampionCrown":0,"downfall:HeartBlessingGreen":60,"CloakClasp":37,"War Paint":11,"White Beast Statue":32,"Nunchaku":21,"Mummified Hand":82,"MutagenicStrength":99,"Toolbox":52,"downfall:RedIOU":99,"Bottled Lightning":82,"Unceasing Top":42}],"Unceasing Top":[10]},"card_choices":[{"not_picked":["champ:Backstep","champ:EnGarde"],"picked":"champ:StanceDance","floor":2},{"not_picked":["champ:GutPunch","champ:AdrenalArmor"],"picked":"champ:FanOfKnives","floor":3},{"not_picked":["champ:GutPunch","champ:CrownThrow"],"picked":"champ:PerfectedStrike","floor":4},{"not_picked":["champ:Shatter","champ:BladeFlurry"],"picked":"champ:HeavySlash","floor":5},{"not_picked":["champ:RisingSlash","champ:FlashCut"],"picked":"champ:BladeFlurry","floor":6},{"not_picked":["champ:BringItOn","champ:GutPunch"],"picked":"champ:RapidStrikes","floor":8},{"not_picked":["champ:PerfectedStrike","champ:FalseCounter"],"picked":"champ:Backstep","floor":9},{"not_picked":["champ:HeartStrike","champ:ShieldSlam"],"picked":"champ:StanceDance","floor":10},{"not_picked":["champ:Haymaker","champ:AdrenalArmor"],"picked":"champ:PerfectedStrike","floor":11},{"not_picked":["champ:Endure","champ:Parry"],"picked":"champ:HoldFirm","floor":12},{"not_picked":["champ:StanceDance","champ:FlashCut"],"picked":"champ:BerserkersShout","floor":13},{"not_picked":["champ:Shatter","champ:RapidStrikes"],"picked":"champ:DefensiveShout","floor":14},{"not_picked":["champ:PreciseThrust","champ:TornadoPunch"],"picked":"champ:BringItOn","floor":15},{"not_picked":["champ:MurderStrike","champ:HeavySlash"],"picked":"champ:UltimateStance","floor":16},{"not_picked":["champ:CalledShot","champ:PerfectedStrike"],"picked":"champ:AdrenalArmor","floor":17},{"not_picked":["champ:Shatter","champ:RisingSlash"],"picked":"champ:BringItOn","floor":19},{"not_picked":["champ:TornadoPunch","champ:ShieldSlam"],"picked":"champ:PerfectedStrike","floor":20},{"not_picked":["champ:HeartStrike","champ:SteelEdge"],"picked":"champ:FocusedBerserking+1","floor":21},{"not_picked":["champ:BerserkersShout","champ:TornadoPunch"],"picked":"champ:EnGarde","floor":23},{"not_picked":["champ:FanOfKnives","champ:PreciseThrust"],"picked":"champ:Encircle","floor":25},{"not_picked":["champ:IronFortress+1","champ:Circumvent"],"picked":"champ:DefensiveShout","floor":27},{"not_picked":[],"picked":"J.A.X.","floor":28},{"not_picked":["champ:RapidStrikes","champ:EndlessRage"],"picked":"champ:DefensiveShout","floor":28},{"not_picked":["champ:FlashCut","champ:Shatter"],"picked":"champ:CrownThrow","floor":31},{"not_picked":["champ:FaceSlap","champ:PreciseThrust"],"picked":"champ:IgnorePain","floor":32}],"player_experience":255477,"relics_obtained":[{"floor":3,"key":"War Paint"},{"floor":7,"key":"Pear"},{"floor":9,"key":"White Beast Statue"},{"floor":10,"key":"CloakClasp"},{"floor":11,"key":"Unceasing Top"},{"floor":24,"key":"Bottled Lightning"},{"floor":28,"key":"MutagenicStrength"}],"event_choices":[],"is_beta":false,"boss_relics":[{"not_picked":["Astrolabe","Cursed Key"],"picked":"Tiny House"}],"items_purged_floors":[23],"is_endless":false,"potions_floor_spawned":[8,9,10,11,12,13,14,15,16,19,20,21,23,25,27,28,31,32],"killed_by":"IC_MUSHROOM_ARCHETYPE","ascension_level":0}}