{"host":"v67gr4iepfhi0qby","time":1611281345,"event":{"mods":["BaseMod","Hermit","Minty Spire (QoL Compilation)","StSLib","The Gatherer","The Hierophant"],"gold_per_floor":[119,133,133,133,133,160,170,170,170,184,214,214,246,74,74,176,176,158,11,31,31,31,57,71,71,116,128,140,172,184,210,222,337,349,373,385,411,383,413,451,163,163,163,183,183,16,16,33,33,33],"floor_reached":51,"language":"ENG","playtime":6269,"items_purged":["Gatherer:Strike_Gatherer","Gatherer:Strike_Gatherer"],"score":778,"play_id":"89edc1fb-2b57-4b44-9ff2-c57606b3ecb3","local_time":"20210121190905","is_ascension_mode":false,"metric_token":401,"campfire_choices":[{"data":"Gatherer:FragileHammer","floor":12,"key":"SMITH"},{"data":"Apotheosis","floor":15,"key":"SMITH"},{"floor":25,"key":"REST"},{"floor":27,"key":"REST"},{"floor":30,"key":"REST"},{"floor":32,"key":"REST"},{"floor":42,"key":"REST"},{"floor":47,"key":"REST"},{"floor":49,"key":"REST"}],"circlet_count":0,"master_deck":["Gatherer:Strike_Gatherer+1","Gatherer:Strike_Gatherer+1","Gatherer:Defend_Gatherer+1","Gatherer:Defend_Gatherer","Gatherer:Defend_Gatherer","Gatherer:Defend_Gatherer","Gatherer:Defend_Gatherer","Gatherer:Centralize+1","Gatherer:FlowerWhip","Gatherer:Snatch","Gatherer:Snatch","Gatherer:FragileHammer+1","Gatherer:FlowerShield","Gatherer:Duality+1","Gatherer:RottenStipe+1","Apotheosis+1","Gatherer:Photoscythe+1","Gatherer:QuickSynthesis","Gatherer:DrugPower+1","Gatherer:BambuSword+1","Gatherer:DrugPower+1","Gatherer:FlowerFalling+1","Gatherer:SealedBomb+1","Gatherer:PotentialSlash+1","Gatherer:FlowerShield+2","Gatherer:FeelingFine+1","Gatherer:PotentialSlash+1","Gatherer:MindSearch+1","Gatherer:ScrollOfWall","Parasite","Gatherer:FruitForce+1","Gatherer:ScherryThrow+1","Gatherer:AlchemyTrial+1","Gatherer:PotentialSlash+1","Dramatic Entrance+1","Gatherer:FruitForce+1","Gatherer:WitheringStrike+1"],"relics":["Gatherer:AlchemyBag","NeowsBlessing","Pear","Molten Egg 2","Dream Catcher","SacredBark","Lantern","Gatherer:Leftovers","MawBank","Cursed Key","Blood Vial","Membership Card","Toy Ornithopter"],"acts_visited":["Exordium","TheCity","TheBeyond"],"potions_floor_usage":[23,33,33,33,39,40,50,50],"damage_taken":[{"damage":0,"enemies":"Jaw Worm","floor":1,"turns":1},{"damage":0,"enemies":"Small Slimes","floor":2,"turns":1},{"damage":0,"enemies":"3 Sentries","floor":6,"turns":2},{"damage":0,"enemies":"2 Louse","floor":7,"turns":2},{"damage":2,"enemies":"Blue Slaver","floor":10,"turns":3},{"damage":6,"enemies":"Gremlin Nob","floor":13,"turns":3},{"damage":0,"enemies":"Hexaghost","floor":16,"turns":9},{"damage":0,"enemies":"2 Thieves","floor":18,"turns":4},{"damage":0,"enemies":"Chosen","floor":20,"turns":4},{"damage":39,"enemies":"Gremlin Leader","floor":23,"turns":3},{"damage":5,"enemies":"Snake Plant","floor":24,"turns":3},{"damage":0,"enemies":"3 Cultists","floor":29,"turns":3},{"damage":0,"enemies":"Snecko","floor":31,"turns":2},{"damage":46,"enemies":"Automaton","floor":33,"turns":8},{"damage":15,"enemies":"Orb Walker","floor":35,"turns":3},{"damage":0,"enemies":"3 Darklings","floor":37,"turns":2},{"damage":39,"enemies":"Writhing Mass","floor":39,"turns":4},{"damage":18,"enemies":"Nemesis","floor":40,"turns":3},{"damage":10,"enemies":"4 Shapes","floor":44,"turns":5},{"damage":0,"enemies":"Sphere and 2 Shapes","floor":48,"turns":2},{"damage":50,"enemies":"Awakened One","floor":50,"turns":12}],"seed_played":"3455429103178169216","potions_obtained":[{"floor":2,"key":"Energy Potion"},{"floor":7,"key":"EntropicBrew"},{"floor":13,"key":"Weak Potion"},{"floor":23,"key":"ColorlessPotion"},{"floor":29,"key":"LiquidBronze"},{"floor":37,"key":"Poison Potion"}],"is_trial":false,"path_per_floor":["M","M","?","?","?","E","M","?","T","M","?","R","E","$","R","B",null,"M","$","M","$","?","E","M","R","T","R","?","M","R","M","R","B",null,"M","?","M","?","M","E","$","R","T","M","?","$","R","M","R","B",null],"character_chosen":"THE_GATHERER","items_purchased":["Apotheosis","Lantern","Membership Card","Gatherer:FruitForce+1","Poison Potion","Poison Potion","Gatherer:ScherryThrow+1","Toy Ornithopter","Dramatic Entrance+1"],"campfire_rested":7,"item_purchase_floors":[14,19,41,41,41,41,41,46,46],"current_hp_per_floor":[72,72,72,72,72,82,82,66,66,64,64,64,58,58,58,58,82,82,82,82,82,82,43,38,62,62,82,82,82,82,82,82,36,82,67,67,67,67,32,14,18,43,43,39,39,39,64,70,90,44],"gold":33,"neow_bonus":"THREE_ENEMY_KILL","is_daily":false,"chose_seed":false,"campfire_upgraded":2,"win_rate":0.0,"timestamp":1611281345,"path_taken":["M","M","?","?","?","E","M","?","T","?","?","R","E","?","R","BOSS","M","$","?","$","?","E","M","R","T","R","?","M","R","M","R","BOSS","M","?","M","?","M","E","$","R","T","?","?","$","R","M","R","BOSS"],"items_purchased_type":["Card","Relic","Relic","Card","Potion","Potion","Card","Relic","Card"],"build_version":"2020-12-22","purchased_purges":2,"victory":true,"max_hp_per_floor":[72,72,72,72,72,82,82,82,82,82,82,82,82,82,82,82,82,82,82,82,82,82,82,82,82,82,82,82,82,82,82,82,82,82,82,82,82,82,82,82,86,86,86,86,86,86,86,90,90,90],"card_choices":[{"not_picked":["Gatherer:SaveValuables","Gatherer:AcidicSpray"],"picked":"Gatherer:Snatch","floor":1},{"not_picked":["Gatherer:Solidify","Gatherer:FeelingFine"],"picked":"Gatherer:Snatch","floor":2},{"not_picked":["Gatherer:Solidify","Gatherer:AlchemyTrial"],"picked":"Gatherer:FragileHammer","floor":6},{"not_picked":["Gatherer:CarefulStrike","Gatherer:EchoOfNature"],"picked":"Gatherer:FlowerShield","floor":7},{"not_picked":["Gatherer:QuickSynthesis","Gatherer:CollectorsShot+1"],"picked":"Gatherer:Duality+1","floor":10},{"not_picked":["Gatherer:VenomBarrier","Gatherer:Uplift"],"picked":"Gatherer:RottenStipe+1","floor":13},{"not_picked":["Gatherer:StoneFence","Gatherer:ColorfulGarden"],"picked":"Gatherer:Photoscythe+1","floor":16},{"not_picked":["Gatherer:TreeGrowth+1","Gatherer:WoolGloves"],"picked":"Gatherer:QuickSynthesis","floor":18},{"not_picked":["Gatherer:SaveValuables","Gatherer:ScherryThrow+1"],"picked":"Gatherer:DrugPower+1","floor":20},{"not_picked":["Gatherer:Herbalism","Gatherer:Frenzy+1"],"picked":"Gatherer:BambuSword+1","floor":23},{"not_picked":["Gatherer:TreeGrowth","Gatherer:Uplift"],"picked":"Gatherer:DrugPower+1","floor":24},{"not_picked":["Gatherer:LuckyClover","Gatherer:GatherMaterial"],"picked":"Gatherer:FlowerFalling+1","floor":25},{"not_picked":["Gatherer:Nutrients","Gatherer:Frenzy+1"],"picked":"Gatherer:SealedBomb+1","floor":27},{"not_picked":["Gatherer:ScherryThrow+1","Gatherer:FragileHammer+1"],"picked":"Gatherer:PotentialSlash+1","floor":29},{"not_picked":["Gatherer:Solidify+1","Gatherer:CollectorsShot+1"],"picked":"Gatherer:FlowerShield+1","floor":30},{"not_picked":["Gatherer:WitheringStrike+1","Gatherer:AlchemyTrial+1"],"picked":"Gatherer:FeelingFine+1","floor":31},{"not_picked":["Gatherer:SaveValuables+1","Gatherer:AromaProtection"],"picked":"Gatherer:PotentialSlash+1","floor":32},{"not_picked":["Gatherer:LuckyClover","Gatherer:StoneFence"],"picked":"Gatherer:MindSearch","floor":33},{"not_picked":["Gatherer:AromaProtection","Gatherer:Convert+1","Gatherer:Frenzy+1"],"picked":"SKIP","floor":35},{"not_picked":["Gatherer:Pollute","Gatherer:FragileHammer+1"],"picked":"Gatherer:ScrollOfWall","floor":37},{"not_picked":["Gatherer:Misfortune+1","Gatherer:Polymorphism+1","Gatherer:DrugPower+1"],"picked":"SKIP","floor":39},{"not_picked":["Gatherer:SaveValuables","Gatherer:WoolGloves+1","Gatherer:GatherMaterial+1"],"picked":"SKIP","floor":40},{"not_picked":["Gatherer:SaveValuables+1","Gatherer:Snatch+1"],"picked":"Gatherer:AlchemyTrial+1","floor":42},{"not_picked":["Gatherer:RecoveryHerb","Gatherer:ColorfulGarden"],"picked":"Gatherer:PotentialSlash+1","floor":44},{"not_picked":["Gatherer:Solidify+1","Gatherer:WoolGloves"],"picked":"Gatherer:FruitForce+1","floor":48},{"not_picked":["Gatherer:ScrollOfWall+1","Gatherer:FragileHammer+1"],"picked":"Gatherer:WitheringStrike+1","floor":49}],"player_experience":0,"relics_obtained":[{"floor":6,"key":"Pear"},{"floor":9,"key":"Molten Egg 2"},{"floor":13,"key":"Dream Catcher"},{"floor":23,"key":"Gatherer:Leftovers"},{"floor":26,"key":"MawBank"},{"floor":40,"key":"Blood Vial"}],"event_choices":[{"damage_healed":0,"gold_gain":0,"player_choice":"Ignored","damage_taken":0,"max_hp_gain":0,"max_hp_loss":0,"event_name":"Golden Wing","floor":3,"gold_loss":0},{"damage_healed":0,"gold_gain":0,"player_choice":"Grow","damage_taken":0,"max_hp_gain":0,"max_hp_loss":0,"event_name":"Living Wall","floor":4,"gold_loss":0,"cards_upgraded":["Gatherer:Centralize"]},{"damage_healed":0,"gold_gain":0,"player_choice":"Fled","damage_taken":0,"max_hp_gain":0,"max_hp_loss":0,"event_name":"Scrap Ooze","floor":5,"gold_loss":0},{"damage_healed":0,"gold_gain":0,"player_choice":"Entered Light","damage_taken":16,"max_hp_gain":0,"max_hp_loss":0,"event_name":"Shining Light","floor":8,"gold_loss":0,"cards_upgraded":["Gatherer:Strike_Gatherer","Gatherer:Defend_Gatherer"]},{"damage_healed":0,"gold_gain":30,"player_choice":"Searched \u00271\u0027 times","damage_taken":0,"max_hp_gain":0,"max_hp_loss":0,"event_name":"Dead Adventurer","floor":11,"gold_loss":0},{"cards_removed":["Gatherer:Strike_Gatherer"],"damage_healed":0,"gold_gain":0,"player_choice":"Elegance","damage_taken":0,"max_hp_gain":0,"max_hp_loss":0,"event_name":"Back to Basics","floor":22,"gold_loss":0},{"damage_healed":0,"gold_gain":0,"player_choice":"Ignored","damage_taken":0,"max_hp_gain":0,"max_hp_loss":0,"event_name":"Vampires","floor":28,"gold_loss":0},{"damage_healed":0,"gold_gain":0,"player_choice":"Ignored","damage_taken":0,"max_hp_gain":0,"max_hp_loss":0,"event_name":"Tomb of Lord Red Mask","floor":36,"gold_loss":0},{"damage_healed":0,"gold_gain":0,"player_choice":"Upgraded Two","damage_taken":0,"max_hp_gain":0,"max_hp_loss":0,"event_name":"Designer","floor":38,"gold_loss":40,"cards_upgraded":["Gatherer:Strike_Gatherer","Gatherer:FlowerShield"]},{"damage_healed":0,"gold_gain":0,"player_choice":"Upgraded","damage_taken":0,"max_hp_gain":0,"max_hp_loss":0,"event_name":"Upgrade Shrine","floor":45,"gold_loss":0,"cards_upgraded":["Gatherer:MindSearch"]}],"is_beta":false,"boss_relics":[{"not_picked":["Calling Bell","Empty Cage"],"picked":"SacredBark"},{"not_picked":["Snecko Eye","Runic Dome"],"picked":"Cursed Key"}],"items_purged_floors":[41,46],"is_endless":false,"potions_floor_spawned":[2,7,13,16,18,23,29,31,33,37,44,48],"ascension_level":0}}