{"host":"ttgbaqegq96hv5uv","time":1611338060,"event":{"mods":["2.2 Compatiblity","AchievementEnabler","Aspiration","BaseMod","Beaked The Cultist","Better Synergies","Better Vampires","BetterRewards","ChefMod","Clawfect","Colored Map","Colored Powertips","Conspire","Defuse TimeMaze Blight","Displayed Cursed Tome","Emptier Cage","Friendly Minions","Gold Saver","GungeonMod","Hermit","Hubris","Infinite Spire","JesterMod","Marked Mod","Minty Spire (QoL Compilation)","Poor People Problems","QueenMod","Relic Stats","Replay The Spire","Robot Space Explorer","Shop Mod","Spicy Shops","StSLib","The Blackbeard","The Bladedancer","The Cursed","The Dragon Tamer","The Factory","The Juggle","The Marked","The Mystic","The Saiyan","TheHero","TheVacant","Unceasing Turn Reminder","egg"],"gold_per_floor":[4040,4040,3349,3369,3386,3386,3461,3461,3533,3533,3545,3545,2993,2993,2993,3089,3089,3104,3104,3118,3118,3118,3118,3136,3136,3159,3159,2731,2731,2731],"floor_reached":29,"language":"ENG","playtime":2335,"items_purged":["Clumsy","jugglermod: Strike"],"score":209,"play_id":"1bf83c69-86f3-488f-9e28-1ff54d1e834f","local_time":"20210122175420","is_ascension_mode":false,"campfire_choices":[{"data":"jugglermod: PortalFist","floor":6,"key":"SMITH"},{"data":"jugglermod: MomentumPump","floor":8,"key":"SMITH"},{"floor":12,"key":"REST"},{"data":"jugglermod: Cascade","floor":15,"key":"SMITH"},{"floor":23,"key":"REST"},{"data":"jugglermod: ShowOff","floor":25,"key":"SMITH"},{"floor":27,"key":"REST"}],"circlet_count":0,"master_deck":["jugglermod: Strike+1","jugglermod: Strike+1","jugglermod: Strike","jugglermod: Defend","jugglermod: Defend","jugglermod: Defend","jugglermod: HighThrow","jugglermod: RightHook+1","jugglermod: HandFlip","jugglermod: PortalFist+1","jugglermod: MomentumPump+1","jugglermod: GummyHands","jugglermod: SpiralWhip","jugglermod: Squeeze","jugglermod: Cascade+1","jugglermod: TripletFlow","jugglermod: BouncingBall+1","jugglermod: ShowOff+1"],"relics":["jugglermod: WetwareUpgrade","NeowsBlessing","Sling","Replay:Baseball","hubris:TinFlute","hubris:Towel","Whetstone","Lee\u0027s Waffle","Pantograph","aspiration:TomeofQuesting","conspire:SpecialSausage","hubris:Icosahedron","MutagenicStrength","Gremlin Food","Bottled Flame","infinitespire:Joker Card"],"acts_visited":["Exordium","TheCity"],"potions_floor_usage":[18,18],"damage_taken":[{"damage":0,"enemies":"2 Louse","floor":1,"turns":1},{"damage":0,"enemies":"conspire:RoseBush","floor":4,"turns":1},{"damage":0,"enemies":"Small Slimes","floor":5,"turns":1},{"damage":8,"enemies":"Looter","floor":11,"turns":3},{"damage":47,"enemies":"Fading Forest","floor":16,"turns":11},{"damage":33,"enemies":"Shell Parasite","floor":18,"turns":6},{"damage":19,"enemies":"Spheric Guardian","floor":20,"turns":4},{"damage":21,"enemies":"Centurion and Healer","floor":24,"turns":5},{"damage":59,"enemies":"Nightmare","floor":29,"turns":7}],"seed_played":"-8610761816866529982","potions_obtained":[{"floor":1,"key":"AttackPotion"},{"floor":11,"key":"Block Potion"},{"floor":16,"key":"SpeedPotion"},{"floor":18,"key":"AttackPotion"},{"floor":20,"key":"DemoMod:LeadSkinPotion"}],"is_trial":false,"path_per_floor":["M","?","$","M","M","R","?","R","T","?","M","R","$","?","R","B",null,"M","?","M","?","?","R","M","R","T","R","$","NM"],"character_chosen":"THE_JUGGLER","items_purchased":["Sling","Replay:Baseball","jugglermod: PortalFist","jugglermod: MomentumPump","jugglermod: GummyHands","Whetstone","Lee\u0027s Waffle","Pantograph","Bottled Flame","infinitespire:Joker Card"],"campfire_rested":3,"item_purchase_floors":[3,3,3,3,3,13,13,13,28,28],"current_hp_per_floor":[75,75,75,75,75,75,64,64,64,64,56,75,82,75,75,35,82,49,49,30,30,30,54,33,33,33,57,57,0,0],"gold":2731,"neow_bonus":"THREE_ENEMY_KILL","is_daily":false,"chose_seed":false,"campfire_upgraded":4,"win_rate":0.0,"timestamp":1611338060,"path_taken":["M","?","$","M","M","R","?","R","T","?","M","R","$","?","R","BOSS","M","?","?","?","?","R","M","R","T","R","$","NM"],"items_purchased_type":["Relic","Relic","Card","Card","Card","Relic","Relic","Relic","Relic","Relic"],"build_version":"2020-12-22","purchased_purges":2,"victory":false,"max_hp_per_floor":[75,75,75,75,75,75,75,75,75,75,75,75,82,82,82,82,82,82,82,82,82,82,82,82,82,82,82,82,82,82],"relic_stats":{"Lee\u0027s Waffle":7,"counters":[9,39],"Pantograph":7,"Whetstone":["jugglermod: Strike","jugglermod: Strike"],"obtain_stats":[{"Gremlin Food":26,"Lee\u0027s Waffle":13,"NeowsBlessing":0,"aspiration:TomeofQuesting":14,"conspire:SpecialSausage":17,"DemoMod:GlassGuonStoneRelic":1,"infinitespire:Joker Card":28,"Whetstone":13,"hubris:Towel":10,"Sling":3,"Replay:Baseball":3,"Bottled Flame":28,"hubris:Icosahedron":21,"Pantograph":13,"MutagenicStrength":22,"jugglermod: WetwareUpgrade":0,"hubris:TinFlute":9},{"Gremlin Food":8,"Lee\u0027s Waffle":4,"NeowsBlessing":0,"aspiration:TomeofQuesting":4,"conspire:SpecialSausage":5,"DemoMod:GlassGuonStoneRelic":1,"infinitespire:Joker Card":8,"Whetstone":4,"hubris:Towel":3,"Sling":1,"Replay:Baseball":1,"Bottled Flame":8,"hubris:Icosahedron":7,"Pantograph":4,"MutagenicStrength":7,"jugglermod: WetwareUpgrade":0,"hubris:TinFlute":3},{"Gremlin Food":32,"Lee\u0027s Waffle":6,"NeowsBlessing":0,"aspiration:TomeofQuesting":6,"conspire:SpecialSausage":17,"DemoMod:GlassGuonStoneRelic":1,"infinitespire:Joker Card":32,"Whetstone":6,"hubris:Towel":3,"Sling":1,"Replay:Baseball":1,"Bottled Flame":32,"hubris:Icosahedron":27,"Pantograph":6,"MutagenicStrength":27,"jugglermod: WetwareUpgrade":0,"hubris:TinFlute":3}]},"card_choices":[{"not_picked":["jugglermod: Butterfly","jugglermod: FloorBounce"],"picked":"jugglermod: HandFlip","floor":1},{"not_picked":["jugglermod: HardPass","jugglermod: BallUp"],"picked":"jugglermod: SpiralWhip","floor":4},{"not_picked":["jugglermod: Uplift","jugglermod: HandFlip"],"picked":"jugglermod: Squeeze","floor":5},{"not_picked":["jugglermod: OrbitFling","jugglermod: Blindside"],"picked":"jugglermod: Cascade","floor":11},{"not_picked":["jugglermod: SolarForm","jugglermod: ApexLegend"],"picked":"jugglermod: TripletFlow","floor":16},{"not_picked":["jugglermod: Uplift","jugglermod: GummyHands"],"picked":"jugglermod: BouncingBall+1","floor":18},{"not_picked":["jugglermod: GummyHands","jugglermod: SandBlast+1","jugglermod: SwitchFeet"],"picked":"SKIP","floor":20},{"not_picked":["jugglermod: Suspend","jugglermod: RushJob"],"picked":"jugglermod: ShowOff","floor":24}],"player_experience":665781,"relics_obtained":[{"floor":9,"key":"hubris:TinFlute"},{"floor":26,"key":"Gremlin Food"}],"event_choices":[{"damage_healed":0,"gold_gain":0,"player_choice":"Ignored","damage_taken":0,"max_hp_gain":0,"max_hp_loss":0,"event_name":"Liars Game","floor":2,"gold_loss":0},{"damage_healed":0,"gold_gain":75,"player_choice":"Gather Gold","damage_taken":11,"max_hp_gain":0,"max_hp_loss":0,"event_name":"World of Goop","floor":7,"gold_loss":0},{"damage_healed":0,"gold_gain":0,"player_choice":"Success","damage_taken":7,"relics_obtained":["aspiration:TomeofQuesting"],"max_hp_gain":0,"max_hp_loss":0,"event_name":"Scrap Ooze","floor":14,"gold_loss":0},{"cards_removed":["jugglermod: Defend"],"damage_healed":0,"gold_gain":0,"player_choice":"Purged","damage_taken":0,"max_hp_gain":0,"max_hp_loss":0,"event_name":"Purifier","floor":19,"gold_loss":0},{"damage_healed":0,"gold_gain":0,"player_choice":"Inject Mutagens","damage_taken":0,"relics_obtained":["MutagenicStrength"],"max_hp_gain":0,"max_hp_loss":0,"event_name":"Drug Dealer","floor":22,"gold_loss":0}],"is_beta":false,"boss_relics":[{"not_picked":["conspire:SeveredTorchhead","beaked:MawFillet"],"picked":"conspire:SpecialSausage"}],"items_purged_floors":[3,3],"is_endless":false,"potions_floor_spawned":[1,11,16,18,20],"killed_by":"Nightmare","ascension_level":0}}