{"host":"fmb9x04chdot191d","time":1611315885,"event":{"mods":["2.2 Compatiblity","AchievementEnabler","BaseMod","BetterRewards","Downfall","Hermit","Highlight Path","Marisa（霧雨　魔理沙）","Minty Spire (QoL Compilation)","Permanent Neow","Quick Restart","Rare Cards Sparkle","StSLib","The Cursed","[IsaacMod]以撒尖塔"],"gold_per_floor":[115,132,132,132,132,164,175,175,175,175,10,10,43,93,93,198,198,210,223,223,223,243,277,277,192,239,268,284,304,304,319,319,414,414,425,444,454,159,170,195,195,213,264,298,344,363,363,413,413,413],"floor_reached":51,"language":"ENG","playtime":2928,"items_purged":[],"score":955,"play_id":"042eedbd-d012-48da-ba23-12fd999f2ac4","local_time":"20210123004445","is_ascension_mode":false,"campfire_choices":[{"data":"Shrug It Off","floor":8,"key":"SMITH"},{"data":"Shrug It Off","floor":10,"key":"SMITH"},{"data":"Fiend Fire","floor":12,"key":"SMITH"},{"floor":15,"key":"REST"},{"data":"Body Slam","floor":24,"key":"SMITH"},{"data":"Juggernaut","floor":30,"key":"SMITH"},{"data":"Bludgeon","floor":32,"key":"SMITH"},{"data":"Juggernaut","floor":41,"key":"SMITH"},{"data":"Blood for Blood","floor":49,"key":"SMITH"}],"circlet_count":0,"master_deck":["Strike_R","Strike_R","Strike_R","Defend_R","Defend_R","Defend_R","Bash+1","Fiend Fire+1","Shrug It Off+1","Shrug It Off+1","Seeing Red+1","Trip+1","Bludgeon+1","Shrug It Off+1","Offering+1","Body Slam+1","Shrug It Off+1","Flex+1","Juggernaut+1","Blood for Blood+1","Body Slam+1","Warcry+1","Flame Barrier+1","Double Tap+1","Impervious+1","Limit Break+1","Pommel Strike+1","Battle Trance+1","Seeing Red+1","Juggernaut+1","Flex+1","Bloodletting+1","Warcry+1"],"relics":["Burning Blood","HushsDoor","DeadEye","HowToJump","Matryoshka","Shuriken","Toxic Egg 2","Eternal Feather","Bottled Lightning","Lantern","MagicMushroom","BookofShadows","Strawberry","Pear","Juzu Bracelet","Self Forming Clay","Empty Cage","Nunchaku","UnicornStump","Orichalcum","Pen Nib","Torii"],"acts_visited":["Exordium","TheCity","TheBeyond"],"potions_floor_usage":[13,14,40],"damage_taken":[{"damage":5,"enemies":"Small Slimes","floor":1,"turns":3},{"damage":0,"enemies":"Cultist","floor":2,"turns":2},{"damage":0,"enemies":"Gremlin Nob","floor":6,"turns":2},{"damage":0,"enemies":"2 Louse","floor":7,"turns":2},{"damage":7,"enemies":"3 Sentries","floor":13,"turns":7},{"damage":36,"enemies":"Hiden Room Battle","floor":14,"turns":5},{"damage":35,"enemies":"Hexaghost","floor":16,"turns":9},{"damage":6,"enemies":"3 Byrds","floor":18,"turns":4},{"damage":4,"enemies":"Shell Parasite","floor":19,"turns":4},{"damage":0,"enemies":"Snecko","floor":22,"turns":3},{"damage":22,"enemies":"Gremlin Leader","floor":23,"turns":3},{"damage":8,"enemies":"Slavers","floor":27,"turns":3},{"damage":6,"enemies":"Cultist and Chosen","floor":28,"turns":2},{"damage":4,"enemies":"Centurion and Healer","floor":29,"turns":3},{"damage":0,"enemies":"Shelled Parasite and Fungi","floor":31,"turns":3},{"damage":32,"enemies":"Collector","floor":33,"turns":6},{"damage":0,"enemies":"Orb Walker","floor":35,"turns":2},{"damage":6,"enemies":"3 Darklings","floor":36,"turns":3},{"damage":6,"enemies":"Writhing Mass","floor":37,"turns":2},{"damage":6,"enemies":"4 Shapes","floor":39,"turns":3},{"damage":6,"enemies":"Giant Head","floor":40,"turns":5},{"damage":6,"enemies":"Transient","floor":42,"turns":5},{"damage":6,"enemies":"Nemesis","floor":44,"turns":3},{"damage":16,"enemies":"2 Orb Walkers","floor":45,"turns":3},{"damage":6,"enemies":"3 Darklings","floor":46,"turns":3},{"damage":9,"enemies":"Mind Bloom Boss Battle","floor":48,"turns":1},{"damage":6,"enemies":"Donu and Deca","floor":50,"turns":6}],"seed_played":"-1674265146449726058","potions_obtained":[{"floor":2,"key":"DistilledChaos"},{"floor":13,"key":"Fruit Juice"},{"floor":14,"key":"HeartOfIron"},{"floor":22,"key":"LiquidBronze"},{"floor":23,"key":"BloodPotion"},{"floor":27,"key":"Guardian:BlockOnCardUsePotion"},{"floor":40,"key":"Fruit Juice"},{"floor":42,"key":"SpeedPotion"}],"is_trial":false,"path_per_floor":["M","M","?","?","?","E","M","R","T","R","$","R","E","?","R","B",null,"M","M","?","?","M","E","R","?","T","E","M","M","R","M","R","B",null,"M","M","M","$","M","E","R","M","T","E","?","M","?","?","R","B",null],"character_chosen":"IRONCLAD","items_purchased":["Seeing Red+1","Trip+1","Impervious+1","Limit Break+1","Juggernaut","Nunchaku"],"campfire_rested":1,"item_purchase_floors":[11,11,34,34,38,38],"current_hp_per_floor":[80,80,65,65,70,76,82,82,82,82,82,82,81,41,77,48,97,97,97,78,78,85,70,82,89,99,98,99,102,114,119,119,93,112,112,112,112,112,112,117,117,117,117,117,107,108,108,105,117,117],"gold":413,"neow_bonus":"UPGRADE_CARD","is_daily":false,"chose_seed":false,"campfire_upgraded":8,"win_rate":0.0,"timestamp":1611315885,"path_taken":["M","M","?","?","?","E","?","R","T","R","?","R","E","?","R","BOSS","M","M","?","?","?","E","R","?","T","E","M","M","R","M","R","BOSS","M","M","M","$","M","E","R","M","T","E","?","M","?","?","R","BOSS"],"items_purchased_type":["Card","Card","Card","Card","Card","Relic"],"build_version":"2020-12-22","purchased_purges":0,"victory":true,"max_hp_per_floor":[80,80,80,80,85,85,85,85,85,85,85,85,85,90,90,90,97,97,97,102,102,102,102,102,109,119,119,119,119,119,119,119,119,112,112,112,112,112,112,117,117,117,117,117,117,117,117,117,117,117],"card_choices":[{"not_picked":["Thunderclap","Dark Embrace","Headbutt"],"picked":"SKIP","floor":1},{"not_picked":["Headbutt","Thunderclap"],"picked":"Fiend Fire","floor":2},{"not_picked":["Clothesline","Uppercut"],"picked":"Shrug It Off","floor":6},{"not_picked":["Clothesline","Spot Weakness"],"picked":"Shrug It Off","floor":7},{"not_picked":["Headbutt","Clash"],"picked":"Bludgeon","floor":13},{"not_picked":["Bomb","Bloodletting+1"],"picked":"Shrug It Off+1","floor":14},{"not_picked":["Reaper","Berserk"],"picked":"Offering+1","floor":16},{"not_picked":["Evolve","Warcry+1"],"picked":"Body Slam","floor":18},{"not_picked":["Clash","Seeing Red+1"],"picked":"Shrug It Off+1","floor":19},{"not_picked":["Armaments+1","Thunderclap+1"],"picked":"Flex+1","floor":22},{"not_picked":["Sword Boomerang","Sever Soul"],"picked":"Juggernaut","floor":23},{"not_picked":["Pommel Strike","Clothesline"],"picked":"Blood for Blood","floor":27},{"not_picked":["Metallicize","Sword Boomerang"],"picked":"Body Slam+1","floor":28},{"not_picked":["Searing Blow","Body Slam"],"picked":"Warcry+1","floor":29},{"not_picked":["True Grit+1","Warcry+1"],"picked":"Flame Barrier+1","floor":31},{"not_picked":["Demon Form","Limit Break+1"],"picked":"Double Tap+1","floor":33},{"not_picked":["Clothesline","Heavy Blade"],"picked":"Pommel Strike+1","floor":35},{"not_picked":["Heavy Blade+1","Reckless Charge"],"picked":"Battle Trance+1","floor":36},{"not_picked":["Heavy Blade","Perfected Strike+1"],"picked":"Seeing Red+1","floor":37},{"not_picked":["Anger+1","Headbutt+1"],"picked":"Flex+1","floor":39},{"not_picked":["Intimidate+1","Disarm+1","Sword Boomerang"],"picked":"SKIP","floor":40},{"not_picked":["Armaments+1","Second Wind+1"],"picked":"Bloodletting+1","floor":42},{"not_picked":["Armaments+1","Wild Strike","Immolate"],"picked":"SKIP","floor":44},{"not_picked":["Pommel Strike","Searing Blow+1"],"picked":"Warcry+1","floor":45},{"not_picked":["Pommel Strike+1","Intimidate+1","Clash"],"picked":"SKIP","floor":46}],"player_experience":23261,"relics_obtained":[{"floor":6,"key":"Matryoshka"},{"floor":9,"key":"Shuriken"},{"floor":9,"key":"Toxic Egg 2"},{"floor":13,"key":"Eternal Feather"},{"floor":14,"key":"Bottled Lightning"},{"floor":14,"key":"Lantern"},{"floor":23,"key":"BookofShadows"},{"floor":26,"key":"Pear"},{"floor":26,"key":"Juzu Bracelet"},{"floor":27,"key":"Self Forming Clay"},{"floor":40,"key":"UnicornStump"},{"floor":43,"key":"Orichalcum"},{"floor":44,"key":"Pen Nib"},{"floor":45,"key":"Torii"}],"event_choices":[{"cards_removed":["Strike_R"],"damage_healed":0,"gold_gain":0,"player_choice":"Forget","damage_taken":0,"max_hp_gain":0,"max_hp_loss":0,"event_name":"Living Wall","floor":4,"gold_loss":0},{"damage_healed":0,"gold_gain":0,"player_choice":"Donut","damage_taken":0,"max_hp_gain":5,"max_hp_loss":0,"event_name":"Big Fish","floor":5,"gold_loss":0},{"damage_healed":0,"gold_gain":0,"player_choice":"Fight","damage_taken":0,"max_hp_gain":0,"max_hp_loss":0,"event_name":"HidenRoomEvent","floor":14,"gold_loss":0},{"damage_healed":0,"gold_gain":0,"player_choice":"Shed Blood","damage_taken":24,"max_hp_gain":5,"max_hp_loss":0,"event_name":"Forgotten Altar","floor":20,"gold_loss":0},{"damage_healed":0,"gold_gain":0,"player_choice":"Ignored","damage_taken":0,"max_hp_gain":0,"max_hp_loss":0,"event_name":"The Mausoleum","floor":21,"gold_loss":0},{"damage_healed":0,"gold_gain":0,"player_choice":"Obtained Relic","damage_taken":0,"relics_obtained":["Strawberry"],"max_hp_gain":0,"max_hp_loss":0,"event_name":"Addict","floor":25,"gold_loss":85},{"damage_healed":0,"gold_gain":0,"player_choice":"Fight","damage_taken":0,"max_hp_gain":0,"max_hp_loss":0,"event_name":"Mysterious Sphere","floor":45,"gold_loss":0},{"damage_healed":0,"gold_gain":0,"player_choice":"Ignored","damage_taken":0,"max_hp_gain":0,"max_hp_loss":0,"event_name":"Transmorgrifier","floor":47,"gold_loss":0},{"damage_healed":0,"gold_gain":0,"player_choice":"Fight","damage_taken":0,"max_hp_gain":0,"max_hp_loss":0,"event_name":"MindBloom","floor":48,"gold_loss":0}],"is_beta":false,"boss_relics":[{"not_picked":["SlaversCollar","Busted Crown"],"picked":"MagicMushroom"},{"not_picked":[]},{"not_picked":["Cursed Key","Fusion Hammer"],"picked":"Empty Cage"},{"not_picked":[]}],"items_purged_floors":[],"is_endless":false,"potions_floor_spawned":[2,13,14,22,23,27,28,31,36,40,42,45],"ascension_level":0}}