{"host":"qekv59dthhdg54sz","time":1611300194,"event":{"mods":["AchievementEnabler","BaseMod","Colored Map","DeckTracker","KOR Keyword Fix","Minty Spire (QoL Compilation)","Rare Cards Sparkle","StSLib","SuperFastMode"],"gold_per_floor":[111,127,42,58,58,58,89,89,142,162,87,87,117,129,141,244,256,282,317,329,354,28,72,72,85,162,162,201,201,216,231,231,327,327,341,136,136,58,58,93,93,107,161,494,494,511,511,530,530,530,530,530],"floor_reached":51,"language":"KOR","playtime":1317,"items_purged":["Strike_P","Strike_P","MasterReality"],"score":1621,"play_id":"8303e379-6496-42a2-9c17-5543e33bad47","local_time":"20210122162314","is_ascension_mode":true,"campfire_choices":[{"data":"Eruption","floor":6.0,"key":"SMITH"},{"data":"TalkToTheHand","floor":8.0,"key":"SMITH"},{"data":"Study","floor":12.0,"key":"SMITH"},{"floor":15.0,"key":"REST"},{"data":"MentalFortress","floor":24.0,"key":"SMITH"},{"data":"Adaptation","floor":27.0,"key":"SMITH"},{"data":"EmptyMind","floor":29.0,"key":"SMITH"},{"data":"InnerPeace","floor":32.0,"key":"SMITH"},{"data":"Adaptation","floor":41,"key":"SMITH"},{"floor":49,"key":"REST"}],"circlet_count":0,"master_deck":["AscendersBane","Eruption+1","Vigilance","TalkToTheHand+1","Tantrum","CarveReality","Study+1","EmptyFist","MentalFortress+1","InnerPeace+1","EmptyMind+1","Adaptation+1","Halt","FearNoEvil","DeusExMachina","FollowUp","Vengeance+1","Perseverance","BattleHymn","PathToVictory","Adaptation+1","Flash of Steel"],"relics":["PureWater","Bag of Marbles","PreservedInsect","MawBank","Philosopher\u0027s Stone","Shuriken","Eternal Feather","Dream Catcher","Pandora\u0027s Box","Bottled Lightning","Anchor","Damaru"],"acts_visited":["Exordium","TheCity","TheBeyond"],"potions_floor_usage":[40,50,51],"damage_taken":[{"damage":0.0,"enemies":"2 Louse","floor":1.0,"turns":3.0},{"damage":2.0,"enemies":"Jaw Worm","floor":2.0,"turns":4.0},{"damage":0.0,"enemies":"Cultist","floor":4.0,"turns":3.0},{"damage":0.0,"enemies":"3 Sentries","floor":7.0,"turns":2.0},{"damage":10.0,"enemies":"3 Louse","floor":10.0,"turns":4.0},{"damage":0.0,"enemies":"Lagavulin","floor":13.0,"turns":2.0},{"damage":19.0,"enemies":"The Guardian","floor":16.0,"turns":11.0},{"damage":0.0,"enemies":"Spheric Guardian","floor":18.0,"turns":2.0},{"damage":0.0,"enemies":"Chosen","floor":19.0,"turns":3.0},{"damage":0.0,"enemies":"Centurion and Healer","floor":21.0,"turns":2.0},{"damage":8.0,"enemies":"Slavers","floor":23.0,"turns":4.0},{"damage":13.0,"enemies":"Snecko","floor":25.0,"turns":4.0},{"damage":4.0,"enemies":"Book of Stabbing","floor":28.0,"turns":3.0},{"damage":16.0,"enemies":"Sentry and Sphere","floor":30.0,"turns":4.0},{"damage":0.0,"enemies":"3 Cultists","floor":31.0,"turns":4.0},{"damage":0.0,"enemies":"Collector","floor":33.0,"turns":7.0},{"damage":22.0,"enemies":"3 Shapes","floor":35.0,"turns":4.0},{"damage":0,"enemies":"Reptomancer","floor":40,"turns":3},{"damage":0,"enemies":"3 Darklings","floor":42,"turns":3},{"damage":13,"enemies":"Jaw Worm Horde","floor":46,"turns":4},{"damage":0,"enemies":"Transient","floor":48,"turns":6},{"damage":27,"enemies":"Donu and Deca","floor":50,"turns":6},{"damage":23,"enemies":"Time Eater","floor":51,"turns":2}],"seed_played":"-7526557686389657209","potions_obtained":[{"floor":2.0,"key":"Fire Potion"},{"floor":4.0,"key":"Fire Potion"},{"floor":10.0,"key":"SkillPotion"},{"floor":18.0,"key":"AttackPotion"},{"floor":23.0,"key":"Weak Potion"},{"floor":25.0,"key":"Explosive Potion"},{"floor":28.0,"key":"BottledMiracle"},{"floor":30.0,"key":"DuplicationPotion"},{"floor":35.0,"key":"ColorlessPotion"},{"floor":48,"key":"Ancient Potion"}],"is_trial":false,"path_per_floor":["M","M","$","M","?","R","E","R","T","M","$","R","E","?","R","B",null,"M","M","?","M","$","E","R","M","T","R","E","R","M","M","R","B",null,"M","$","?","$","T","E","R","M","T","?","?","M","?","M","R","B","B"],"character_chosen":"WATCHER","items_purchased":["Tantrum","MentalFortress","InnerPeace","EmptyMind","BattleHymn","Adaptation"],"campfire_rested":2,"item_purchase_floors":[3,22,22,22,36,38],"current_hp_per_floor":[43,41,41,41,34,34,34,34,34,24,24,24,24,24,42,23,52,52,52,52,52,52,44,44,31,31,40,36,45,29,29,38,38,56,34,34,34,34,34,34,46,46,46,46,36,23,23,23,53,26,3,3],"gold":530,"neow_bonus":"REMOVE_TWO","is_daily":false,"chose_seed":false,"campfire_upgraded":8,"win_rate":0.0,"timestamp":1611300194,"path_taken":["M","M","$","M","?","R","E","R","T","M","$","R","E","?","R","BOSS","M","M","?","M","$","E","R","M","T","R","E","R","M","M","R","BOSS","M","$","?","$","?","E","R","M","T","?","?","M","?","M","R","BOSS","BOSS"],"items_purchased_type":["Card","Card","Card","Card","Card","Card"],"build_version":"2020-12-22","purchased_purges":3,"victory":false,"max_hp_per_floor":[68,68,68,68,68,68,68,68,68,68,68,68,68,62,62,62,62,62,62,62,62,62,62,62,62,62,62,62,62,62,62,62,62,62,62,62,62,62,62,62,62,62,62,62,62,62,62,62,62,62,62,62],"card_choices":[{"not_picked":["ClearTheMind","CrushJoints"],"picked":"BowlingBash","floor":1.0},{"not_picked":["Vengeance","PathToVictory"],"picked":"TalkToTheHand","floor":2.0},{"not_picked":["BowlingBash","JustLucky"],"picked":"CarveReality","floor":4.0},{"not_picked":["Omniscience","PathToVictory","Sanctity"],"picked":"SKIP","floor":7.0},{"not_picked":["SashWhip","FollowUp"],"picked":"Study","floor":10.0},{"not_picked":["Prostrate","DeceiveReality","Indignation"],"picked":"SKIP","floor":13.0},{"not_picked":["Alpha","Devotion"],"picked":"MasterReality","floor":16.0},{"not_picked":["Consecrate","Crescendo"],"picked":"EmptyFist","floor":18.0},{"not_picked":["Wireheading","Prostrate","Consecrate"],"picked":"SKIP","floor":19.0},{"not_picked":["BowlingBash","Crescendo","Conclude"],"picked":"SKIP","floor":21.0},{"not_picked":["Halt","CutThroughFate"],"picked":"Adaptation","floor":23.0},{"not_picked":["WheelKick","Wallop"],"picked":"Halt","floor":25.0},{"not_picked":["Perseverance","Prostrate","Collect"],"picked":"SKIP","floor":28.0},{"not_picked":["SashWhip","Weave","WreathOfFlame"],"picked":"SKIP","floor":30.0},{"not_picked":["SashWhip","FollowUp"],"picked":"FearNoEvil","floor":31.0},{"not_picked":["SpiritShield","Alpha"],"picked":"DeusExMachina","floor":33.0},{"not_picked":["FollowUp","Crescendo","WheelKick"],"picked":"SKIP","floor":35.0},{"not_picked":["Protect+1","Consecrate+1","FollowUp"],"picked":"SKIP","floor":40},{"not_picked":["BowlingBash","Vengeance+1","Wallop"],"picked":"SKIP","floor":42},{"not_picked":["Madness","Enlightenment"],"picked":"Flash of Steel","floor":45},{"not_picked":["EmptyBody","Study","PathToVictory"],"picked":"SKIP","floor":46},{"not_picked":["ClearTheMind","CutThroughFate+1","Perseverance"],"picked":"SKIP","floor":48}],"player_experience":805475,"relics_obtained":[{"floor":7.0,"key":"Bag of Marbles"},{"floor":9.0,"key":"PreservedInsect"},{"floor":13.0,"key":"MawBank"},{"floor":23.0,"key":"Shuriken"},{"floor":26.0,"key":"Eternal Feather"},{"floor":28.0,"key":"Dream Catcher"},{"floor":39.0,"key":"Bottled Lightning"},{"floor":40,"key":"Anchor"},{"floor":43,"key":"Damaru"}],"event_choices":[{"cards_removed":["Strike_P"],"damage_healed":0.0,"max_hp_gain":0.0,"max_hp_loss":0.0,"gold_gain":0.0,"event_name":"Golden Wing","player_choice":"Card Removal","floor":5.0,"gold_loss":0.0,"damage_taken":7.0},{"damage_healed":0.0,"max_hp_gain":0.0,"max_hp_loss":6.0,"gold_gain":0.0,"event_name":"Golden Idol","player_choice":"Lose Max HP","floor":14.0,"gold_loss":0.0,"damage_taken":0.0,"relics_obtained":["Golden Idol"]},{"damage_healed":0.0,"max_hp_gain":0.0,"max_hp_loss":0.0,"gold_gain":0.0,"event_name":"The Mausoleum","player_choice":"Ignored","floor":20.0,"gold_loss":0.0,"damage_taken":0.0},{"damage_healed":0.0,"max_hp_gain":0.0,"max_hp_loss":0.0,"gold_gain":0.0,"cards_transformed":["BowlingBash"],"event_name":"Transmorgrifier","player_choice":"Transformed","floor":37.0,"gold_loss":0.0,"damage_taken":0.0,"cards_obtained":["PathToVictory"]},{"damage_healed":0,"gold_gain":333,"player_choice":"Gave Idol","damage_taken":0,"max_hp_gain":0,"max_hp_loss":0,"event_name":"The Moai Head","floor":44,"relics_lost":["Golden Idol"],"gold_loss":0},{"damage_healed":0,"gold_gain":0,"player_choice":"Memory 3","damage_taken":10,"max_hp_gain":0,"max_hp_loss":0,"event_name":"SensoryStone","floor":45,"gold_loss":0},{"damage_healed":0,"gold_gain":0,"player_choice":"Forge","damage_taken":0,"max_hp_gain":0,"max_hp_loss":0,"event_name":"Accursed Blacksmith","floor":47,"gold_loss":0,"cards_upgraded":["Vengeance"]}],"is_beta":false,"boss_relics":[{"not_picked":["Tiny House","Coffee Dripper"],"picked":"Philosopher\u0027s Stone"},{"not_picked":["Black Star","Velvet Choker"],"picked":"Pandora\u0027s Box"}],"items_purged_floors":[11,22,36],"is_endless":false,"potions_floor_spawned":[2,4,10,18,23,25,28,30,35,48],"killed_by":"Time Eater","ascension_level":20}}