{"host":"5p9hybygolzp0efr","time":1611328326,"event":{"mods":["AchievementEnabler","BaseMod","Bestiary","Colored Map","Minty Spire (QoL Compilation)","Permanent Neow","Relic Stats"],"gold_per_floor":[117,129,103,117,117,117,117,117],"floor_reached":7,"language":"ENG","playtime":204,"items_purged":[],"score":55,"play_id":"51a24946-00be-47be-8f7e-dd5e301cb982","local_time":"20210122231206","is_ascension_mode":true,"campfire_choices":[{"data":"Coolheaded","floor":6,"key":"SMITH"}],"circlet_count":0,"master_deck":["Strike_B","Strike_B","Strike_B","Strike_B","Defend_B","Defend_B","Defend_B","Defend_B","Zap","Dualcast","Gash","Coolheaded+1"],"relics":["Cracked Core","Incense Burner","SsserpentHead"],"acts_visited":["Exordium"],"potions_floor_usage":[],"damage_taken":[{"damage":8,"enemies":"Small Slimes","floor":1,"turns":3},{"damage":4,"enemies":"Jaw Worm","floor":2,"turns":4},{"damage":0,"enemies":"Cultist","floor":4,"turns":3},{"damage":66,"enemies":"Gremlin Nob","floor":7,"turns":5}],"seed_played":"-9138841141648612885","potions_obtained":[{"floor":4,"key":"Dexterity Potion"}],"is_trial":false,"path_per_floor":["M","M","?","M","?","R","E"],"character_chosen":"DEFECT","items_purchased":[],"campfire_rested":0,"item_purchase_floors":[],"current_hp_per_floor":[60,56,56,56,56,56,0,0],"gold":117,"neow_bonus":"ONE_RARE_RELIC","is_daily":false,"chose_seed":false,"campfire_upgraded":1,"win_rate":0.0,"timestamp":1611328326,"path_taken":["M","M","?","M","?","R","E"],"items_purchased_type":[],"build_version":"2020-12-22","purchased_purges":0,"victory":false,"max_hp_per_floor":[68,68,68,68,68,68,68,68],"relic_stats":{"SsserpentHead":0,"counters":[4,15],"obtain_stats":[{"SsserpentHead":5,"Incense Burner":0,"Cracked Core":0},{"SsserpentHead":3,"Incense Burner":0,"Cracked Core":0},{"SsserpentHead":10,"Incense Burner":0,"Cracked Core":0}]},"card_choices":[{"not_picked":["Force Field","Ball Lightning"],"picked":"Gash","floor":1},{"not_picked":["Ball Lightning","Beam Cell"],"picked":"Coolheaded","floor":2},{"not_picked":["Fusion","Leap","Double Energy"],"picked":"SKIP","floor":4}],"player_experience":496876,"relics_obtained":[],"event_choices":[{"damage_healed":0,"gold_gain":0,"player_choice":"Left Gold","damage_taken":0,"max_hp_gain":0,"max_hp_loss":0,"event_name":"World of Goop","floor":3,"gold_loss":26},{"damage_healed":0,"gold_gain":0,"player_choice":"Trade","damage_taken":0,"relics_obtained":["SsserpentHead"],"max_hp_gain":0,"max_hp_loss":0,"event_name":"FaceTrader","floor":5,"gold_loss":0}],"is_beta":false,"boss_relics":[],"items_purged_floors":[],"is_endless":false,"potions_floor_spawned":[4],"killed_by":"Gremlin Nob","ascension_level":7}}