{"host":"iphsb0ccnjx0pfn6","time":1611318679,"event":{"mods":["2.2 Compatiblity","AchievementEnabler","BaseMod","Colored Map","DeckTracker","Keyboard Shortcuts","Minty Spire (QoL Compilation)","Permanent Neow","Quick Restart","Relic Stats","StSLib","SuperFastMode","Uncapped","everything is the same but u backflip on backflip"],"gold_per_floor":[110,110,130,147,160,160,171,171,171,182,182,182,202,213,213,287,287,267,267,267,267,26,61,61,61],"floor_reached":24,"language":"KOR","playtime":873,"items_purged":["Bullet Time"],"score":416,"play_id":"28b7c821-c00d-4940-b895-beb2e9a65fd7","local_time":"20210122213119","is_ascension_mode":true,"campfire_choices":[{"data":"Caltrops","floor":6,"key":"SMITH"},{"data":"Dagger Spray","floor":8,"key":"SMITH"},{"data":"Poisoned Stab","floor":15,"key":"SMITH"}],"circlet_count":0,"master_deck":["AscendersBane","Survivor","Neutralize","Caltrops+1","Poisoned Stab+1","Dagger Spray+1","Dagger Throw","Leg Sweep","Noxious Fumes","Tactician","Masterful Stab","Finisher","Calculated Gamble"],"relics":["Ring of the Snake","Pandora\u0027s Box","Membership Card","Tiny Chest"],"acts_visited":["Exordium","TheCity"],"potions_floor_usage":[16,23,23],"damage_taken":[{"damage":1,"enemies":"Small Slimes","floor":1,"turns":4},{"damage":6,"enemies":"2 Louse","floor":3,"turns":2},{"damage":1,"enemies":"Cultist","floor":4,"turns":4},{"damage":10,"enemies":"Exordium Wildlife","floor":5,"turns":7},{"damage":4,"enemies":"Large Slime","floor":7,"turns":6},{"damage":1,"enemies":"Looter","floor":10,"turns":4},{"damage":0,"enemies":"Red Slaver","floor":13,"turns":4},{"damage":4,"enemies":"Exordium Thugs","floor":14,"turns":4},{"damage":13,"enemies":"Hexaghost","floor":16,"turns":9},{"damage":11,"enemies":"2 Thieves","floor":18,"turns":4},{"damage":40,"enemies":"Slavers","floor":23,"turns":5},{"damage":8,"enemies":"Spheric Guardian","floor":24,"turns":3}],"seed_played":"352911901354145583","potions_obtained":[{"floor":10,"key":"CunningPotion"},{"floor":13,"key":"LiquidBronze"},{"floor":14,"key":"LiquidBronze"},{"floor":16,"key":"BlessingOfTheForge"}],"is_trial":false,"path_per_floor":["M","?","M","M","M","R","M","R","T","M","?","?","M","M","R","B",null,"M","?","?","?","$","E","M"],"character_chosen":"THE_SILENT","items_purchased":["Membership Card","Calculated Gamble"],"campfire_rested":0,"item_purchase_floors":[22,22],"current_hp_per_floor":[58,51,45,44,34,34,30,30,30,29,29,29,29,25,25,12,53,42,42,42,42,42,2,0,0],"gold":61,"neow_bonus":"TRANSFORM_CARD","is_daily":false,"chose_seed":false,"campfire_upgraded":3,"win_rate":0.0,"timestamp":1611318679,"path_taken":["M","?","M","M","M","R","M","R","T","M","?","?","M","?","R","BOSS","M","?","?","?","$","E","?"],"items_purchased_type":["Relic","Card"],"build_version":"2020-12-22","purchased_purges":1,"victory":false,"max_hp_per_floor":[66,66,66,66,66,66,66,66,66,66,66,66,66,66,66,66,66,66,66,66,66,66,66,66,66],"relic_stats":{"counters":[12,56],"Pandora\u0027s Box":["Noxious Fumes","Tactician","Masterful Stab","Finisher","Doppelganger","Sucker Punch"],"Tiny Chest":0,"obtain_stats":[{"Pandora\u0027s Box":17,"Tiny Chest":23,"Membership Card":22,"Ring of the Snake":0},{"Pandora\u0027s Box":9,"Tiny Chest":11,"Membership Card":10,"Ring of the Snake":0},{"Pandora\u0027s Box":44,"Tiny Chest":53,"Membership Card":48,"Ring of the Snake":0}],"Ring of the Snake":[24]},"card_choices":[{"not_picked":["Sucker Punch","Blade Dance"],"picked":"Poisoned Stab","floor":1},{"not_picked":["Cloak And Dagger","Skewer","Outmaneuver"],"picked":"SKIP","floor":3},{"not_picked":["PiercingWail","Deflect"],"picked":"Dagger Spray","floor":4},{"not_picked":["Backflip","Deflect"],"picked":"Dagger Throw","floor":5},{"not_picked":["Sucker Punch","Poisoned Stab","Quick Slash"],"picked":"SKIP","floor":7},{"not_picked":["Deflect","Cloak And Dagger","Blade Dance"],"picked":"SKIP","floor":10},{"not_picked":["Caltrops","Outmaneuver"],"picked":"Leg Sweep","floor":13},{"not_picked":["Endless Agony","Doppelganger","Dagger Spray"],"picked":"SKIP","floor":14},{"not_picked":["Burst","Glass Knife"],"picked":"Bullet Time","floor":16},{"not_picked":["Finisher","Dash","Infinite Blades"],"picked":"SKIP","floor":18},{"not_picked":["Choke","Outmaneuver","Skewer"],"picked":"SKIP","floor":23}],"player_experience":1273720,"relics_obtained":[{"floor":23,"key":"Tiny Chest"}],"event_choices":[{"cards_removed":["Strike_G"],"damage_healed":0,"gold_gain":0,"player_choice":"Card Removal","damage_taken":7,"max_hp_gain":0,"max_hp_loss":0,"event_name":"Golden Wing","floor":2,"gold_loss":0},{"cards_removed":["Strike_G"],"damage_healed":0,"gold_gain":0,"player_choice":"Forget","damage_taken":0,"max_hp_gain":0,"max_hp_loss":0,"event_name":"Living Wall","floor":11,"gold_loss":0},{"cards_removed":["Defend_G"],"damage_healed":0,"gold_gain":0,"player_choice":"Offered Basic","damage_taken":0,"max_hp_gain":0,"max_hp_loss":0,"event_name":"Bonfire Elementals","floor":12,"gold_loss":0},{"damage_healed":0,"gold_gain":0,"player_choice":"Ignored","damage_taken":0,"max_hp_gain":0,"max_hp_loss":0,"event_name":"Vampires","floor":19,"gold_loss":0},{"cards_removed":["Doppelganger"],"damage_healed":0,"gold_gain":0,"player_choice":"Elegance","damage_taken":0,"max_hp_gain":0,"max_hp_loss":0,"event_name":"Back to Basics","floor":20,"gold_loss":0},{"cards_removed":["Sucker Punch"],"damage_healed":0,"gold_gain":0,"player_choice":"Purged","damage_taken":0,"max_hp_gain":0,"max_hp_loss":0,"event_name":"Purifier","floor":21,"gold_loss":0}],"is_beta":false,"boss_relics":[{"not_picked":["Snecko Eye","Philosopher\u0027s Stone"],"picked":"Pandora\u0027s Box"}],"items_purged_floors":[22],"is_endless":false,"potions_floor_spawned":[10,13,14,16],"killed_by":"Spheric Guardian","ascension_level":20}}