{"host":"qm4rv4rkpk76sbxu","time":1611328905,"event":{"mods":["BaseMod","Bestiary","Block Reminder","DeckTracker","Filter the Spire","Keyboard Shortcuts","Minty Spire (QoL Compilation)","MonsterHotkey","Quick Restart","Random Character Button","Relic Stats","Slay-I","StSLib","Unceasing Turn Reminder","ojb\u0027s Better Paths Mod","ojb\u0027s Info Mod"],"gold_per_floor":[110,129,189,189,189,189,227,245,270,270,288,308,333,369,369,497,497,517,517,517,535,634,672,672,693,771,771,790,810,810,827,827,928,928,948,948,967,494,769,769,783,783,783,225,225,259,259,294,294,294,294,294,43,77,77,77],"floor_reached":55,"language":"ENG","playtime":1368,"items_purged":["Normality","Normality","Regret"],"score":869,"play_id":"3656d26e-5e96-42e4-b4b3-1ff6992e3835","local_time":"20210122162145","is_ascension_mode":true,"campfire_choices":[{"data":"Eruption","floor":6,"key":"SMITH"},{"data":"Tantrum","floor":10,"key":"SMITH"},{"data":"WheelKick","floor":15,"key":"SMITH"},{"data":"Fasting2","floor":24,"key":"SMITH"},{"data":"Vault","floor":32,"key":"SMITH"},{"data":"Dramatic Entrance","floor":40,"key":"SMITH"},{"data":"Devotion","floor":45,"key":"SMITH"},{"floor":49,"key":"RECALL"},{"data":"WheelKick","floor":52,"key":"SMITH"}],"circlet_count":0,"master_deck":["Strike_P","Strike_P","Strike_P","Strike_P","Defend_P","Defend_P","Defend_P","Defend_P","Eruption+1","Vigilance","WheelKick","WheelKick+1","Tantrum+1","EmptyFist","FlurryOfBlows","Vault+1","Halt","Fasting2+1","WheelKick+1","BowlingBash","Adaptation+1","DeusExMachina","FlurryOfBlows+1","Madness","Madness","CutThroughFate+1","Dramatic Entrance+1","Devotion+1","ThirdEye","DeceiveReality+1","CutThroughFate","SashWhip","ThirdEye"],"relics":["PureWater","Happy Flower","Bloody Idol","Regal Pillow","Art of War","Ornamental Fan","Cursed Key","MutagenicStrength","Pen Nib","Sundial","Runic Pyramid","HandDrill","Strawberry","Letter Opener","Oddly Smooth Stone","Potion Belt","Bag of Preparation","Juzu Bracelet","Pear","Bird Faced Urn"],"acts_visited":["Exordium","TheCity","TheBeyond","TheEnding"],"potions_floor_usage":[8,11,14,14,23,23,33,41,50,50,55,55],"damage_taken":[{"damage":7,"enemies":"Small Slimes","floor":1,"turns":5},{"damage":3,"enemies":"Jaw Worm","floor":2,"turns":3},{"damage":28,"enemies":"Gremlin Nob","floor":7,"turns":3},{"damage":0,"enemies":"2 Louse","floor":8,"turns":3},{"damage":0,"enemies":"Exordium Wildlife","floor":11,"turns":1},{"damage":0,"enemies":"Looter","floor":12,"turns":1},{"damage":0,"enemies":"2 Fungi Beasts","floor":13,"turns":1},{"damage":0,"enemies":"3 Sentries","floor":14,"turns":3},{"damage":0,"enemies":"Slime Boss","floor":16,"turns":3},{"damage":0,"enemies":"Spheric Guardian","floor":18,"turns":1},{"damage":0,"enemies":"Chosen","floor":21,"turns":1},{"damage":1,"enemies":"Gremlin Leader","floor":23,"turns":2},{"damage":26,"enemies":"Snake Plant","floor":25,"turns":2},{"damage":15,"enemies":"Centurion and Healer","floor":28,"turns":3},{"damage":4,"enemies":"Shelled Parasite and Fungi","floor":29,"turns":3},{"damage":0,"enemies":"Cultist and Chosen","floor":31,"turns":3},{"damage":32,"enemies":"Champ","floor":33,"turns":7},{"damage":12,"enemies":"3 Darklings","floor":35,"turns":3},{"damage":18,"enemies":"Orb Walker","floor":37,"turns":3},{"damage":10,"enemies":"Writhing Mass","floor":41,"turns":3},{"damage":11,"enemies":"Giant Head","floor":46,"turns":5},{"damage":38,"enemies":"Nemesis","floor":48,"turns":4},{"damage":27,"enemies":"Time Eater","floor":50,"turns":6},{"damage":20,"enemies":"Shield and Spear","floor":54,"turns":3},{"damage":141,"enemies":"The Heart","floor":55,"turns":7}],"seed_played":"-3383187685174023473","potions_obtained":[{"floor":0,"key":"EssenceOfSteel"},{"floor":0,"key":"Swift Potion"},{"floor":0,"key":"CultistPotion"},{"floor":8,"key":"SteroidPotion"},{"floor":13,"key":"Swift Potion"},{"floor":14,"key":"Swift Potion"},{"floor":18,"key":"Ancient Potion"},{"floor":21,"key":"Swift Potion"},{"floor":25,"key":"Ambrosia"},{"floor":31,"key":"FairyPotion"},{"floor":37,"key":"Swift Potion"},{"floor":41,"key":"ColorlessPotion"},{"floor":48,"key":"DuplicationPotion"}],"is_trial":false,"path_per_floor":["M","M","?","?","?","R","E","M","T","R","M","M","M","E","R","B",null,"M","?","?","M","?","E","R","M","T","?","M","M","?","M","R","B",null,"M","?","M","$","?","R","M","?","T","$","R","E","?","E","R","B",null,"R","$","E","B"],"character_chosen":"WATCHER","items_purchased":["HandDrill","Strawberry","Dramatic Entrance","Oddly Smooth Stone","Potion Belt","Devotion","ThirdEye","BlessingOfTheForge","CutThroughFate","SashWhip"],"campfire_rested":0,"item_purchase_floors":[38,38,38,44,44,44,44,53,53,53],"current_hp_per_floor":[65,62,62,55,55,55,27,27,27,27,27,27,27,27,27,27,67,67,67,67,67,67,66,66,40,40,40,30,31,31,36,36,9,67,60,52,39,46,51,51,46,46,46,46,46,40,40,17,17,16,84,84,84,69,0,0],"gold":77,"neow_bonus":"THREE_SMALL_POTIONS","is_daily":false,"chose_seed":false,"campfire_upgraded":8,"win_rate":0.0,"timestamp":1611328905,"path_taken":["M","M","?","?","?","R","E","M","T","R","M","M","?","E","R","BOSS","M","?","?","M","?","E","R","?","T","?","M","M","?","M","R","BOSS","M","?","M","$","?","R","?","?","T","?","R","E","?","E","R","BOSS","R","$","E","BOSS"],"items_purchased_type":["Relic","Relic","Card","Relic","Relic","Card","Card","Potion","Card","Card"],"build_version":"2020-12-22","purchased_purges":3,"victory":false,"max_hp_per_floor":[72,72,72,72,67,67,67,67,67,67,67,67,67,67,67,67,67,67,67,67,67,67,67,67,67,67,67,67,67,67,67,67,67,67,67,67,67,74,74,74,74,74,74,74,74,74,74,84,84,84,84,84,84,84,84,84],"relic_stats":{"Regal Pillow":0,"Happy Flower":[23],"counters":[25,79],"Pen Nib":[15],"Bag of Preparation":[8],"Juzu Bracelet":0,"Letter Opener":[55],"Cursed Key":2,"Ornamental Fan":[164],"Sundial":[2],"Bloody Idol":55,"Bird Faced Urn":[6],"Art of War":[2],"HandDrill":[22],"obtain_stats":[{"Potion Belt":44,"Regal Pillow":7,"Pear":48,"Happy Flower":4,"Golden Idol":5,"Oddly Smooth Stone":44,"Pen Nib":23,"Bag of Preparation":46,"Juzu Bracelet":47,"Letter Opener":42,"Cursed Key":17,"Ornamental Fan":14,"Sundial":26,"MutagenicStrength":20,"Bloody Idol":27,"Strawberry":38,"Bird Faced Urn":54,"Art of War":9,"HandDrill":38,"PureWater":0,"Runic Pyramid":34},{"Potion Belt":20,"Regal Pillow":3,"Pear":22,"Happy Flower":2,"Golden Idol":2,"Oddly Smooth Stone":20,"Pen Nib":12,"Bag of Preparation":21,"Juzu Bracelet":21,"Letter Opener":20,"Cursed Key":9,"Ornamental Fan":8,"Sundial":13,"MutagenicStrength":10,"Bloody Idol":13,"Strawberry":19,"Bird Faced Urn":24,"Art of War":4,"HandDrill":19,"PureWater":0,"Runic Pyramid":17},{"Potion Belt":54,"Regal Pillow":11,"Pear":63,"Happy Flower":8,"Golden Idol":8,"Oddly Smooth Stone":54,"Pen Nib":27,"Bag of Preparation":59,"Juzu Bracelet":59,"Letter Opener":54,"Cursed Key":23,"Ornamental Fan":20,"Sundial":29,"MutagenicStrength":24,"Bloody Idol":29,"Strawberry":51,"Bird Faced Urn":72,"Art of War":14,"HandDrill":51,"PureWater":0,"Runic Pyramid":45}]},"card_choices":[{"not_picked":["Evaluate","Crescendo"],"picked":"WheelKick","floor":1},{"not_picked":["Perseverance","CrushJoints"],"picked":"Consecrate","floor":2},{"not_picked":["Consecrate","Perseverance"],"picked":"WheelKick","floor":7},{"not_picked":["Pray","SashWhip"],"picked":"Tantrum","floor":8},{"not_picked":["JustLucky","Evaluate"],"picked":"EmptyFist","floor":11},{"not_picked":["Study","Wireheading"],"picked":"FlurryOfBlows","floor":12},{"not_picked":["ForeignInfluence","Wireheading","InnerPeace"],"picked":"SKIP","floor":13},{"not_picked":["SandsOfTime","Conclude","CrushJoints"],"picked":"SKIP","floor":14},{"not_picked":["Judgement","MasterReality"],"picked":"Vault","floor":16},{"not_picked":["FlurryOfBlows","Prostrate","Study"],"picked":"SKIP","floor":18},{"not_picked":["ThirdEye","WreathOfFlame"],"picked":"Halt","floor":21},{"not_picked":["Scrawl","Pray+1"],"picked":"Fasting2","floor":23},{"not_picked":["Evaluate","Crescendo"],"picked":"WheelKick","floor":25},{"not_picked":["Crescendo","WreathOfFlame"],"picked":"BowlingBash","floor":28},{"not_picked":["EmptyFist","Perseverance+1","ClearTheMind"],"picked":"SKIP","floor":29},{"not_picked":["Collect","Protect"],"picked":"Adaptation+1","floor":31},{"not_picked":["Brilliance","Omniscience"],"picked":"DeusExMachina","floor":33},{"not_picked":["JustLucky+1","PathToVictory+1"],"picked":"FlurryOfBlows+1","floor":35},{"not_picked":["Evaluate","DeceiveReality+1"],"picked":"CutThroughFate+1","floor":37},{"not_picked":["Nirvana+1","PathToVictory","FlurryOfBlows+1"],"picked":"SKIP","floor":41},{"not_picked":["Consecrate","SashWhip","SignatureMove"],"picked":"SKIP","floor":46},{"not_picked":["FlyingSleeves","MasterReality"],"picked":"DeceiveReality+1","floor":48},{"not_picked":["BowlingBash+1","CarveReality+1"],"picked":"ThirdEye","floor":54}],"player_experience":1364211,"relics_obtained":[{"floor":7,"key":"Regal Pillow"},{"floor":9,"key":"Art of War"},{"floor":14,"key":"Ornamental Fan"},{"floor":23,"key":"Pen Nib"},{"floor":26,"key":"Sundial"},{"floor":46,"key":"Bag of Preparation"},{"floor":47,"key":"Juzu Bracelet"},{"floor":48,"key":"Pear"},{"floor":54,"key":"Bird Faced Urn"}],"event_choices":[{"damage_healed":0,"gold_gain":60,"player_choice":"Gained Gold","damage_taken":0,"max_hp_gain":0,"max_hp_loss":0,"event_name":"Golden Wing","floor":3,"gold_loss":0},{"damage_healed":0,"gold_gain":0,"player_choice":"Success","damage_taken":7,"relics_obtained":["Happy Flower"],"max_hp_gain":0,"max_hp_loss":0,"event_name":"Scrap Ooze","floor":4,"gold_loss":0},{"damage_healed":0,"gold_gain":0,"player_choice":"Lose Max HP","damage_taken":0,"relics_obtained":["Golden Idol"],"max_hp_gain":0,"max_hp_loss":5,"event_name":"Golden Idol","floor":5,"gold_loss":0},{"damage_healed":0,"gold_gain":0,"player_choice":"Ignored","damage_taken":0,"max_hp_gain":0,"max_hp_loss":0,"event_name":"Ghosts","floor":19,"gold_loss":0},{"damage_healed":0,"gold_gain":0,"player_choice":"Inject Mutagens","damage_taken":0,"relics_obtained":["MutagenicStrength"],"max_hp_gain":0,"max_hp_loss":0,"event_name":"Drug Dealer","floor":20,"gold_loss":0},{"damage_healed":0,"gold_gain":99,"player_choice":"Stole From Cult","damage_taken":0,"max_hp_gain":0,"max_hp_loss":0,"event_name":"Nest","floor":22,"gold_loss":0},{"damage_healed":0,"gold_gain":0,"player_choice":"Gave Idol","damage_taken":0,"relics_obtained":["Bloody Idol"],"max_hp_gain":0,"max_hp_loss":0,"event_name":"Forgotten Altar","floor":27,"relics_lost":["Golden Idol"],"gold_loss":0},{"damage_healed":0,"gold_gain":0,"player_choice":"Ignored","damage_taken":0,"max_hp_gain":0,"max_hp_loss":0,"event_name":"Vampires","floor":30,"gold_loss":0},{"damage_healed":0,"gold_gain":0,"player_choice":"Embrace Madness","damage_taken":8,"max_hp_gain":0,"max_hp_loss":0,"event_name":"Winding Halls","floor":36,"gold_loss":0,"cards_obtained":["Madness","Madness"]},{"damage_healed":0,"gold_gain":275,"player_choice":"Desecrate","damage_taken":0,"max_hp_gain":0,"max_hp_loss":0,"event_name":"Golden Shrine","floor":39,"gold_loss":0,"cards_obtained":["Regret"]},{"cards_removed":["Consecrate"],"damage_healed":0,"gold_gain":0,"player_choice":"Gave Card","damage_taken":0,"relics_obtained":["Letter Opener"],"max_hp_gain":0,"max_hp_loss":0,"event_name":"WeMeetAgain","floor":42,"gold_loss":0},{"damage_healed":0,"gold_gain":0,"player_choice":"Relic","damage_taken":0,"max_hp_gain":0,"max_hp_loss":0,"event_name":"Wheel of Change","floor":47,"gold_loss":0}],"is_beta":false,"boss_relics":[{"not_picked":["SlaversCollar","Velvet Choker"],"picked":"Cursed Key"},{"not_picked":["Philosopher\u0027s Stone","Empty Cage"],"picked":"Runic Pyramid"}],"items_purged_floors":[38,44,53],"is_endless":false,"potions_floor_spawned":[1,8,13,14,18,21,25,31,37,41,48],"killed_by":"The Heart","ascension_level":1}}