{"host":"50per11302020","time":1611292713,"event":{"mods":["AchievementEnabler","BaseMod","Colored Map","Minty Spire (QoL Compilation)","Relic Stats","StSLib"],"gold_per_floor":[115,115,115,115,129,129,162,182,209,224,224,256,256,272,272,367,367,378,392,302,319,337,337,353,353,380,380,399,415,415,433,433,433,433],"floor_reached":33,"language":"ENG","playtime":2254,"items_purged":[],"score":378,"play_id":"ae8b1fd8-4a40-47cf-b5aa-c92ce8892b0e","local_time":"20210121211833","is_ascension_mode":true,"campfire_choices":[{"data":"Armaments","floor":6.0,"key":"SMITH"},{"floor":11.0,"key":"REST"},{"data":"Bash","floor":13.0,"key":"SMITH"},{"data":"Evolve","floor":15.0,"key":"SMITH"},{"floor":23.0,"key":"REST"},{"floor":27.0,"key":"REST"},{"floor":30,"key":"REST"},{"floor":32,"key":"REST"}],"circlet_count":0,"master_deck":["Strike_R+1","Strike_R","Defend_R","Defend_R","Defend_R","Defend_R","Bash+1","Armaments+1","Thunderclap","Thunderclap","Ghostly Armor","Clash","Evolve+1","Limit Break","CurseOfTheBell","Inflame","Shrug It Off+1","Iron Wave+1","Flame Barrier","Iron Wave+1","Headbutt+1","Cleave+1","Sword Boomerang+1","Bludgeon+1"],"relics":["Velvet Choker","Boot","Strawberry","Art of War","Nunchaku","Calling Bell","Blood Vial","Molten Egg 2","FossilizedHelix","Dream Catcher"],"acts_visited":["Exordium","TheCity"],"potions_floor_usage":[29,29,33],"damage_taken":[{"damage":1.0,"enemies":"Cultist","floor":1.0,"turns":3.0},{"damage":1.0,"enemies":"2 Louse","floor":5.0,"turns":3.0},{"damage":32.0,"enemies":"3 Sentries","floor":7.0,"turns":12.0},{"damage":7.0,"enemies":"Jaw Worm","floor":8.0,"turns":4.0},{"damage":10.0,"enemies":"Gremlin Gang","floor":10.0,"turns":2.0},{"damage":21.0,"enemies":"Lagavulin","floor":12.0,"turns":9.0},{"damage":9.0,"enemies":"Red Slaver","floor":14.0,"turns":2.0},{"damage":39.0,"enemies":"Hexaghost","floor":16.0,"turns":10.0},{"damage":13.0,"enemies":"Chosen","floor":18.0,"turns":5.0},{"damage":13.0,"enemies":"Spheric Guardian","floor":19.0,"turns":5.0},{"damage":33.0,"enemies":"3 Cultists","floor":21.0,"turns":6.0},{"damage":13.0,"enemies":"Snake Plant","floor":22.0,"turns":5.0},{"damage":28.0,"enemies":"Sentry and Sphere","floor":24.0,"turns":7.0},{"damage":23.0,"enemies":"Shelled Parasite and Fungi","floor":28.0,"turns":8.0},{"damage":14,"enemies":"Snecko","floor":29,"turns":8},{"damage":15,"enemies":"3 Cultists","floor":31,"turns":5},{"damage":64,"enemies":"Collector","floor":33,"turns":9}],"seed_played":"-121001310989684947","potions_obtained":[{"floor":5.0,"key":"BloodPotion"},{"floor":8.0,"key":"DuplicationPotion"},{"floor":12.0,"key":"Fruit Juice"},{"floor":16.0,"key":"ElixirPotion"},{"floor":21.0,"key":"HeartOfIron"},{"floor":22.0,"key":"SkillPotion"},{"floor":24.0,"key":"BloodPotion"},{"floor":28.0,"key":"FearPotion"},{"floor":29,"key":"SpeedPotion"}],"is_trial":false,"path_per_floor":["M","T","?","$","M","R","E","M","T","M","R","E","R","M","R","B",null,"M","M","?","M","M","R","M","?","T","R","M","M","R","M","R","B"],"character_chosen":"IRONCLAD","items_purchased":[],"campfire_rested":5,"item_purchase_floors":[],"current_hp_per_floor":[71,71,71,71,70,70,45,38,38,45,71,50,50,41,41,7,71,60,49,49,18,7,34,8,8,8,35,14,20,47,34,61,0,0],"gold":433,"neow_bonus":"BOSS_RELIC","is_daily":false,"chose_seed":false,"campfire_upgraded":3,"win_rate":0.0,"timestamp":1611292713,"path_taken":["M","?","?","$","M","R","E","M","T","?","R","E","R","M","R","BOSS","M","M","?","M","?","R","M","?","T","R","?","M","R","M","R","BOSS"],"items_purchased_type":[],"build_version":"2020-12-18","purchased_purges":0,"victory":false,"max_hp_per_floor":[80,80,80,80,80,80,87,87,87,87,87,87,87,87,87,92,92,92,92,92,92,92,92,92,92,92,92,92,92,92,92,92,92,92],"relic_stats":{"Blood Vial":18,"Nunchaku":[12],"Dream Catcher":3,"counters":[17,103],"Art of War":[6],"Boot":[30],"obtain_stats":[{"Calling Bell":17,"Blood Vial":17,"Nunchaku":12,"Dream Catcher":26,"Strawberry":7,"Velvet Choker":0,"Molten Egg 2":17,"Art of War":9,"Boot":2,"Burning Blood":0,"FossilizedHelix":17},{"Calling Bell":8,"Blood Vial":8,"Nunchaku":6,"Dream Catcher":13,"Strawberry":3,"Velvet Choker":0,"Molten Egg 2":8,"Art of War":4,"Boot":1,"Burning Blood":0,"FossilizedHelix":8},{"Calling Bell":45,"Blood Vial":45,"Nunchaku":33,"Dream Catcher":73,"Strawberry":18,"Velvet Choker":0,"Molten Egg 2":45,"Art of War":22,"Boot":3,"Burning Blood":0,"FossilizedHelix":45}]},"card_choices":[{"not_picked":["Flex","Shrug It Off"],"picked":"Armaments","floor":1.0},{"not_picked":["Havoc","Perfected Strike","Flex"],"picked":"SKIP","floor":5.0},{"not_picked":["Havoc","Shrug It Off"],"picked":"Thunderclap","floor":7.0},{"not_picked":["Anger","Cleave"],"picked":"Thunderclap","floor":8.0},{"not_picked":["Sentinel","Flex"],"picked":"Ghostly Armor","floor":10.0},{"not_picked":["Thunderclap","Corruption"],"picked":"Clash","floor":12.0},{"not_picked":["Burning Pact","Sword Boomerang"],"picked":"Evolve","floor":14.0},{"not_picked":["Exhume","Bludgeon"],"picked":"Limit Break","floor":16.0},{"not_picked":["Shrug It Off","Rupture"],"picked":"Inflame","floor":18.0},{"not_picked":["Clothesline+1","Heavy Blade+1"],"picked":"Shrug It Off+1","floor":19.0},{"not_picked":["Twin Strike+1","Berserk","Rupture"],"picked":"SKIP","floor":21.0},{"not_picked":["Thunderclap+1","Perfected Strike+1"],"picked":"Iron Wave+1","floor":22.0},{"not_picked":["Evolve","Perfected Strike+1","Flex"],"picked":"SKIP","floor":24.0},{"not_picked":["Shrug It Off","Searing Blow+1"],"picked":"Flame Barrier","floor":27.0},{"not_picked":["Twin Strike+1","Disarm"],"picked":"Iron Wave+1","floor":28.0},{"not_picked":["Wild Strike+1","Havoc"],"picked":"Headbutt+1","floor":29},{"not_picked":["Metallicize","Infernal Blade"],"picked":"Cleave+1","floor":30},{"not_picked":["Burning Pact+1","Thunderclap+1"],"picked":"Sword Boomerang+1","floor":31},{"not_picked":["Twin Strike+1","Combust"],"picked":"Bludgeon+1","floor":32}],"player_experience":307379,"relics_obtained":[{"floor":2.0,"key":"Boot"},{"floor":7.0,"key":"Strawberry"},{"floor":9.0,"key":"Art of War"},{"floor":12.0,"key":"Nunchaku"},{"floor":17.0,"key":"Blood Vial"},{"floor":17.0,"key":"Molten Egg 2"},{"floor":17.0,"key":"FossilizedHelix"},{"floor":26.0,"key":"Dream Catcher"}],"event_choices":[{"cards_removed":["Strike_R"],"damage_healed":0.0,"max_hp_gain":0.0,"max_hp_loss":0.0,"gold_gain":0.0,"event_name":"Bonfire Elementals","player_choice":"Offered Basic","floor":3.0,"gold_loss":0.0,"damage_taken":0.0},{"cards_removed":["Strike_R"],"damage_healed":0.0,"max_hp_gain":0.0,"max_hp_loss":0.0,"gold_gain":0.0,"event_name":"Designer","player_choice":"Upgrade and Remove","floor":20.0,"gold_loss":90.0,"damage_taken":0.0,"cards_upgraded":["Strike_R"]},{"cards_removed":["Strike_R"],"damage_healed":0.0,"max_hp_gain":0.0,"max_hp_loss":0.0,"gold_gain":0.0,"event_name":"Purifier","player_choice":"Purged","floor":25.0,"gold_loss":0.0,"damage_taken":0.0}],"is_beta":true,"boss_relics":[{"not_picked":["SlaversCollar","Astrolabe"],"picked":"Calling Bell"}],"items_purged_floors":[],"is_endless":false,"potions_floor_spawned":[5,8,12,16,21,22,24,28,29],"killed_by":"Collector","ascension_level":9}}