{"host":"3azvxbhvx7nk2p5g","time":1611306858,"event":{"mods":["BaseMod","Minty Spire (QoL Compilation)","StSLib","WarShipGirlsR/’ΩΩ¢…Ÿ≈ÆR mod"],"gold_per_floor":[118,138,138,138,108,108,121,10,10,26,40,40,103,53,53,158,158,176,176,190,190,190],"floor_reached":21,"language":"ZHS","playtime":1389,"items_purged":["rmod:strick"],"score":169,"play_id":"da47539b-615f-43f2-8771-42d0cba15849","local_time":"20210122171418","is_ascension_mode":false,"campfire_choices":[{"data":"rmod:steelsupply","floor":6,"key":"SMITH"},{"data":"rmod:salvage","floor":15,"key":"SMITH"}],"circlet_count":0,"master_deck":["rmod:basicallowance","rmod:maingunfire","rmod:steelsupply+1","rmod:luckystar","rmod:gendarmerie","rmod:ammunitionsupply","rmod:salvage+1","rmod:fletcherpendant","rmod:guardianhero","rmod:rockthrower","rmod:unsinkable","rmod:windflower","rmod:ring+1","rmod:secretscript+1","rmod:circuitoustactics+1","rmod:fletcher","rmod:fuelsupply","rmod:rockthrower","rmod:seals","rmod:fletcherpendant+1","rmod:goodsister+1"],"relics":["rmod:firstchargereward","NeowsBlessing","Gremlin Horn","Pantograph","Astrolabe"],"acts_visited":["Exordium","TheCity"],"potions_floor_usage":[],"damage_taken":[{"damage":0,"enemies":"Small Slimes","floor":1,"turns":1},{"damage":0,"enemies":"Jaw Worm","floor":2,"turns":1},{"damage":0,"enemies":"Cultist","floor":7,"turns":1},{"damage":38,"enemies":"Exordium Thugs","floor":10,"turns":7},{"damage":13,"enemies":"Looter","floor":11,"turns":4},{"damage":0,"enemies":"Gremlin Nob","floor":13,"turns":3},{"damage":46,"enemies":"Hexaghost","floor":16,"turns":11},{"damage":26,"enemies":"3 Byrds","floor":18,"turns":9},{"damage":12,"enemies":"Shell Parasite","floor":20,"turns":7},{"damage":43,"enemies":"Chosen and Byrds","floor":21,"turns":8}],"seed_played":"3947017898747240518","potions_obtained":[{"floor":1,"key":"Regen Potion"},{"floor":5,"key":"LiquidMemories"},{"floor":5,"key":"Ancient Potion"}],"is_trial":false,"path_per_floor":["M","M","?","?","?","R","M","$","T","M","M","$","?","?","R","B",null,"M","?","M","M"],"character_chosen":"PRAEFECT","items_purchased":["rmod:salvage"],"campfire_rested":0,"item_purchase_floors":[8],"current_hp_per_floor":[75,75,75,80,80,80,80,80,80,42,29,29,29,29,29,8,80,54,54,42,0,0],"gold":190,"neow_bonus":"THREE_ENEMY_KILL","is_daily":false,"chose_seed":false,"campfire_upgraded":2,"win_rate":0.0,"timestamp":1611306858,"path_taken":["M","M","?","?","?","R","?","?","T","M","M","$","?","?","R","BOSS","M","?","M","M"],"items_purchased_type":["Card"],"build_version":"2020-12-22","purchased_purges":1,"victory":false,"max_hp_per_floor":[75,75,75,80,80,80,80,80,80,80,80,80,80,80,80,80,80,80,80,80,80,80],"card_choices":[{"not_picked":["rmod:unsinkable","rmod:luckystar"],"picked":"rmod:steelsupply","floor":1},{"not_picked":["rmod:capitalist","rmod:punchline"],"picked":"rmod:luckystar","floor":2},{"not_picked":["rmod:intelligenceanalysis","rmod:aluminumsupply"],"picked":"rmod:ammunitionsupply","floor":7},{"not_picked":["rmod:aluminumsupply","rmod:fletcherpendant"],"picked":"rmod:guardianhero","floor":10},{"not_picked":["rmod:steelsupply","rmod:firesupport"],"picked":"rmod:rockthrower","floor":11},{"not_picked":["rmod:fletcherpendant","rmod:steelsupply"],"picked":"rmod:unsinkable","floor":13},{"not_picked":["rmod:supriseattacks","rmod:seals"],"picked":"rmod:windflower","floor":16},{"not_picked":["rmod:selfconfidence","rmod:robin"],"picked":"rmod:fuelsupply","floor":18},{"not_picked":["rmod:wife","rmod:aluminumsupply"],"picked":"rmod:goodsister+1","floor":20}],"player_experience":32612,"relics_obtained":[{"floor":9,"key":"Gremlin Horn"},{"floor":13,"key":"Pantograph"}],"event_choices":[{"damage_healed":0,"gold_gain":0,"cards_transformed":["rmod:strick"],"player_choice":"Change","damage_taken":0,"max_hp_gain":0,"max_hp_loss":0,"event_name":"Living Wall","floor":3,"gold_loss":0,"cards_obtained":["rmod:gendarmerie"]},{"damage_healed":0,"gold_gain":0,"player_choice":"Donut","damage_taken":0,"max_hp_gain":5,"max_hp_loss":0,"event_name":"Big Fish","floor":4,"gold_loss":0},{"damage_healed":0,"gold_gain":0,"player_choice":"Bought 2 Potions","damage_taken":0,"max_hp_gain":0,"max_hp_loss":0,"event_name":"The Woman in Blue","floor":5,"gold_loss":0},{"damage_healed":0,"gold_gain":0,"player_choice":"Searched \u00271\u0027 times","damage_taken":0,"max_hp_gain":0,"max_hp_loss":0,"event_name":"Dead Adventurer","floor":13,"gold_loss":0},{"cards_removed":["rmod:strick"],"damage_healed":0,"gold_gain":0,"player_choice":"Card Removal","damage_taken":0,"max_hp_gain":0,"max_hp_loss":0,"event_name":"The Cleric","floor":14,"gold_loss":50},{"damage_healed":0,"gold_gain":0,"cards_transformed":["rmod:defend","rmod:defend"],"player_choice":"Became Test Subject","damage_taken":0,"max_hp_gain":0,"max_hp_loss":0,"event_name":"Drug Dealer","floor":19,"gold_loss":0,"cards_obtained":["rmod:rockthrower","rmod:seals"]}],"is_beta":false,"boss_relics":[{"not_picked":["Busted Crown","Tiny House"],"picked":"Astrolabe"}],"items_purged_floors":[8],"is_endless":false,"potions_floor_spawned":[1,10,11,18],"killed_by":"Chosen and Byrds","ascension_level":0}}