{"host":"sav7uxregyirlf69","time":1611318540,"event":{"mods":["AchievementEnabler","BaseMod","Colored Map","DeckTracker","Keyboard Shortcuts","Minty Spire (QoL Compilation)","READ ME - Guardian Mod","StSLib","SuperFastMode"],"gold_per_floor":[109,123,123,48,61,61,75,75,125,151,73,73,73,84,84,160,160,179,179,191,191,209,209,209,209],"floor_reached":24,"language":"KOR","playtime":336,"items_purged":["Strike_G"],"score":392,"play_id":"d2753de9-ed1d-47d7-ae53-b9298bf2a541","local_time":"20210122212900","is_ascension_mode":true,"campfire_choices":[{"data":"Bouncing Flask","floor":6.0,"key":"SMITH"},{"floor":8.0,"key":"REST"},{"data":"Catalyst","floor":13.0,"key":"SMITH"},{"data":"Well Laid Plans","floor":15.0,"key":"SMITH"},{"data":"Bullet Time","floor":23,"key":"SMITH"}],"circlet_count":0,"master_deck":["AscendersBane","Strike_G+1","Defend_G","Defend_G","Defend_G","Defend_G","Survivor+1","Neutralize","Flying Knee","Bouncing Flask+1","Dagger Throw","Catalyst+1","Well Laid Plans+1","Bullet Time+1","Setup+1","Poisoned Stab+1","Prepared+1","Leg Sweep"],"relics":["Ring of the Snake","Orichalcum","Happy Flower","MealTicket","Astrolabe"],"acts_visited":["Exordium","TheCity"],"potions_floor_usage":[16,20,24],"damage_taken":[{"damage":5.0,"enemies":"2 Louse","floor":1.0,"turns":5.0},{"damage":9.0,"enemies":"Small Slimes","floor":2.0,"turns":3.0},{"damage":3.0,"enemies":"Jaw Worm","floor":5.0,"turns":2.0},{"damage":2.0,"enemies":"Looter","floor":7.0,"turns":2.0},{"damage":4.0,"enemies":"Lagavulin","floor":10.0,"turns":5.0},{"damage":0.0,"enemies":"3 Louse","floor":14.0,"turns":2.0},{"damage":25,"enemies":"Hexaghost","floor":16,"turns":6},{"damage":13,"enemies":"Chosen","floor":18,"turns":4},{"damage":17,"enemies":"2 Thieves","floor":20,"turns":3},{"damage":20,"enemies":"Snake Plant","floor":22,"turns":3},{"damage":24,"enemies":"Slavers","floor":24,"turns":1}],"seed_played":"7787533548855583102","potions_obtained":[{"floor":1.0,"key":"GamblersBrew"},{"floor":2.0,"key":"Strength Potion"},{"floor":16,"key":"Strength Potion"},{"floor":18,"key":"Poison Potion"}],"is_trial":false,"path_per_floor":["M","M","?","$","M","R","M","R","T","E","$","?","R","M","R","B",null,"M","?","M","?","M","R","E"],"character_chosen":"THE_SILENT","items_purchased":["Well Laid Plans"],"campfire_rested":1,"item_purchase_floors":[11],"current_hp_per_floor":[54,45,25,25,22,22,20,39,39,35,50,55,55,55,55,30,61,48,48,31,31,11,11,0,0],"gold":209,"neow_bonus":"RANDOM_COMMON_RELIC","is_daily":false,"chose_seed":false,"campfire_upgraded":4,"win_rate":0.0,"timestamp":1611318540,"path_taken":["M","M","?","$","M","R","M","R","T","E","$","?","R","M","R","BOSS","M","?","M","?","M","R","E"],"items_purchased_type":["Card"],"build_version":"2020-12-22","purchased_purges":1,"victory":false,"max_hp_per_floor":[66,66,66,66,66,66,66,66,66,66,66,71,71,71,71,71,71,71,71,71,71,71,71,71,71],"card_choices":[{"not_picked":["Flechettes","Well Laid Plans"],"picked":"Flying Knee","floor":1.0},{"not_picked":["Bane","Backflip"],"picked":"Bouncing Flask","floor":2.0},{"not_picked":["Venomology","Leg Sweep"],"picked":"Dagger Throw","floor":5.0},{"not_picked":["Deflect","Choke","Underhanded Strike"],"picked":"SKIP","floor":7.0},{"not_picked":["Sucker Punch","Prepared"],"picked":"Catalyst","floor":10.0},{"not_picked":["Endless Agony","Expertise","Prepared"],"picked":"SKIP","floor":14.0},{"not_picked":["Phantasmal Killer","Tools of the Trade"],"picked":"Bullet Time","floor":16},{"not_picked":["Bane","Concentrate","Blade Dance"],"picked":"SKIP","floor":18},{"not_picked":["Deflect","Finisher"],"picked":"Leg Sweep","floor":20},{"not_picked":["Terror","Blade Dance","Deflect"],"picked":"SKIP","floor":22}],"player_experience":1354426,"relics_obtained":[{"floor":9.0,"key":"Happy Flower"},{"floor":10.0,"key":"MealTicket"}],"event_choices":[{"damage_healed":0.0,"max_hp_gain":0.0,"max_hp_loss":0.0,"gold_gain":0.0,"event_name":"Shining Light","player_choice":"Entered Light","floor":3.0,"gold_loss":0.0,"damage_taken":20.0,"cards_upgraded":["Survivor","Strike_G"]},{"damage_healed":0.0,"max_hp_gain":5.0,"max_hp_loss":0.0,"gold_gain":0.0,"event_name":"Big Fish","player_choice":"Donut","floor":12.0,"gold_loss":0.0,"damage_taken":0.0},{"damage_healed":0,"gold_gain":0,"player_choice":"Ignored","damage_taken":0,"max_hp_gain":0,"max_hp_loss":0,"event_name":"Vampires","floor":19,"gold_loss":0},{"cards_removed":["Defend_G"],"damage_healed":0,"gold_gain":0,"player_choice":"Elegance","damage_taken":0,"max_hp_gain":0,"max_hp_loss":0,"event_name":"Back to Basics","floor":21,"gold_loss":0}],"is_beta":false,"boss_relics":[{"not_picked":["SacredBark","Calling Bell"],"picked":"Astrolabe"}],"items_purged_floors":[4],"is_endless":false,"potions_floor_spawned":[1,2,16,18],"killed_by":"Slavers","ascension_level":20}}