{"host":"2hlhnd4tei6r1t0s","time":1611318402,"event":{"mods":["100% Spire Juice","ATMod(阿瑾Mod)","Act Like it!","Arknights The Spire","Aspiration","Astrologer","Bard","BaseMod","Conspire","Dota2Spire","Energized Spire","Evolution","Gensokyo","Gremlin Mod","Hallownest","HololiveMod","HumanHunterMod(怪物杀人mod)","Jedi Mod","Jorbs\u0027s Wanderer Trilogy","KinomotoSakuraMod(木之本樱)","Koishi","Lobotomy","LobotomyExtend","Luminous","Mari Mod (Legacy)","Mari\u0027s V1 Patch","Minty Spire (QoL Compilation)","MostiFishMod","Pale of the Ancients","Potionbrewer","Prisma Mod","Quick Restart","Reimu（博丽灵梦）","Replay The Spire","Robot Space Explorer","RumiaBox-露米娅的神秘盒子","Spicy Shops","StSLib","TestMod","The Administrix","The Alterego","The Animator","The Blackbeard","The Construct","The Cursed","The Forsaken","The Gatherer","The Hayseed","The Marked","The Mystic","The Runesmith","The Saiyan","The Senshi","The Showman","TheHeartMod","TheWitcher","Uncapped","WarShipGirlsR/战舰少女R mod","Yakumo Yukari mod","Yuyuko","[GremlinLeader]The Maniac","[IsaacMod]以撒尖塔","noobMod","vexMod","【功能Mod】混沌之环修复补丁","【功能Mod】聪明的最终Boss","【遗物卡牌】REMEMod","残留之物"],"gold_per_floor":[111,10000000,9998752,9998765,9998765,9998765,9998795,9998785,9998785,9998087,9998087,9998087,9998087,9997038,9997105,9997129,9997129,9997234,9997234,9997257,9997257,9997257],"floor_reached":21,"language":"ZHS","playtime":3025,"items_purged":["construct:DefenseMode","construct:Defend_Gold","construct:ScrapCannon"],"score":372,"play_id":"08414a5f-07e0-4ccc-bf50-49808e2533ff","local_time":"20210122202642","is_ascension_mode":true,"campfire_choices":[{"data":"Madness","floor":6,"key":"SMITH"},{"data":"AT_EssenceShift","floor":11,"key":"SMITH"},{"floor":17,"key":"DIG"}],"circlet_count":0,"master_deck":["construct:Strike_Gold","construct:Strike_Gold","construct:Strike_Gold","construct:Strike_Gold","construct:Defend_Gold","construct:Defend_Gold","AT_EssenceShift+1","construct:Boost","construct:Backfire+1","construct:QuickAttack","construct:Analyze","Gensokyo:BrilliantDragonBullet","stsjorbsmod:Poultergeist","Riddle With Holes","construct:SweepLaser+1","testmod-RabbitOfFibonacci","construct:QuickAttack+1","construct:Enhance+1","AT_LightSaberMaster+1","theMarked:ChainLightning+1","TheCursedMod:StunningStrike"],"relics":["construct:Cogwheel","EVO:Axolotl","ice","testmod-TestBox","DaveBox","REME_ComplimentaryCards","HushsDoor","AT_ATBox","TuHaoJin","Transparent","testmod-PortableAltar","AT_TrinityForce","REME_ChargedStone","SynthV:TestCard","LetterFromLob","potionbrewer:Torch","AT_BellowingDragoncrestRing","TheBattery","PrismaticShard","Pet Ghost","testmod-Antiphasic","testmod-Maize","ReplayTheSpireMod:Lightbulb","Replay:Bottled Snecko","theForsaken:HumbleEgg","AT_ChloranthyRing","jedi:shrinkray","Diplopia","testmod-Faith","Dota2Spire:PowerTreads","Dota2Spire:MagicBottle","REME_ArchaeologicalTools","potionbrewer:WarMedal","Du-Vu Doll","EasyGame_NEW","ShedSkin_r","Moonlight_r"],"acts_visited":["Exordium","Hallownest:CityofTears"],"potions_floor_usage":[],"damage_taken":[{"damage":46,"enemies":"Jaw Worm","floor":1,"turns":4},{"damage":76,"enemies":"2 Louse","floor":2,"turns":7},{"damage":31,"enemies":"Cultist","floor":4,"turns":3},{"damage":19,"enemies":"Lagavulin","floor":7,"turns":2},{"damage":51,"enemies":"Hiden Room Battle","floor":8,"turns":4},{"damage":44,"enemies":"Exordium Thugs","floor":15,"turns":4},{"damage":31,"enemies":"Blue Slaver","floor":16,"turns":4},{"damage":178,"enemies":"The Guardian","floor":18,"turns":8},{"damage":65,"enemies":"Hallownest:Guard_and_Sentry","floor":20,"turns":6},{"damage":1579,"enemies":"Hallownest:2_Mistakes","floor":21,"turns":4}],"seed_played":"-2541192454109398076","potions_obtained":[{"floor":2,"key":"jedi:StrikingPotion"},{"floor":4,"key":"ZuzhouPotion:ReiMu"},{"floor":18,"key":"potionbrewer:ToxicPotion"}],"is_trial":false,"path_per_floor":["M","M","$","M","?","R","E","?","T","$","R","PTL","PTL","$","M","M","R","B",null,"M","M"],"character_chosen":"THE_CONSTRUCT_MOD","items_purchased":["potionbrewer:Torch","AT_BellowingDragoncrestRing","TheBattery","PrismaticShard","Pet Ghost","testmod-Antiphasic","construct:Backfire+1","construct:QuickAttack","construct:Analyze","AT_ChloranthyRing","jedi:shrinkray","Diplopia","testmod-Faith","construct:SweepLaser+1","Dota2Spire:PowerTreads","Dota2Spire:MagicBottle","REME_ArchaeologicalTools","potionbrewer:WarMedal","testmod-RabbitOfFibonacci","construct:QuickAttack+1","construct:Enhance"],"campfire_rested":0,"item_purchase_floors":[3,3,3,3,3,3,3,3,3,10,10,10,10,10,14,14,14,14,14,14,14],"current_hp_per_floor":[84,83,82,82,73,73,79,72,72,72,72,72,72,72,82,84,83,105,144,146,0,0],"gold":9997257,"neow_bonus":"DOUBLE_BOSS_RELIC","is_daily":false,"chose_seed":false,"campfire_upgraded":2,"win_rate":0.0,"timestamp":1611318402,"path_taken":["M","M","$","M","?","R","E","?","T","?","R","PTL","PTL","$","?","M","R","BOSS","M","M"],"items_purchased_type":["Relic","Relic","Relic","Relic","Relic","Relic","Card","Card","Card","Relic","Relic","Relic","Relic","Card","Relic","Relic","Relic","Relic","Card","Card","Card"],"build_version":"2020-12-22","purchased_purges":3,"victory":false,"max_hp_per_floor":[84,83,82,82,81,80,79,86,85,84,83,82,81,80,82,84,83,145,144,146,935,935],"card_choices":[{"not_picked":["construct:Analyze","construct:GatlingGun"],"picked":"construct:Boost","floor":1},{"not_picked":["construct:FierceBash","construct:Forcefield","construct:Reinforce","construct:Analyze"],"picked":"construct:SuppressiveFire","floor":2},{"not_picked":["maniac:Confront","theSenshi:SaturnsMystery","PrismaMod:IllyaUpgradeOrbs","theForsaken:HymnOfPatience"],"picked":"Gensokyo:BrilliantDragonBullet","floor":4},{"not_picked":["Koishi:ReflexRadar","SnafuTest:PowerEquilibrium","mysticmod:TomeOfSpells","SfantasyHide_purple"],"picked":"stsjorbsmod:Poultergeist","floor":7},{"not_picked":["Mirror_FormAndEmptin_purple","PrismaMod:MiyuEvokeBuffStr","theSenshi:SailorVenusAssists","SnafuTest:BombSamum"],"picked":"Riddle With Holes","floor":8},{"not_picked":["Runesmith:CraftObretio","potionbrewer:ExothermicReaction","theForsaken:QuickAttack+1","animator:Benimaru+1"],"picked":"AT_LightSaberMaster","floor":15},{"not_picked":["theForsaken:PowerUp+1","Gremlin:Erupt","Replay:Undeath\u0027s Touch+1","Saiyan:SaiyanHubris+1"],"picked":"theMarked:ChainLightning+1","floor":16},{"not_picked":["Runesmith:DuctTape","Gremlin:Duplicate","Sadistic Nature","DoctorFetus"],"picked":"TheCursedMod:StunningStrike","floor":18},{"not_picked":["PrismaMod:ChloeExhaustTwo","rmod:slowdown+1","RobotSpaceExplorer:DualCore","MariMod:Mari_Lie_In_Wait+1","animator:ElricEdward+1"],"picked":"SKIP","floor":20}],"player_experience":130190,"relics_obtained":[{"floor":1,"key":"SynthV:TestCard"},{"floor":1,"key":"LetterFromLob"},{"floor":7,"key":"testmod-Maize"},{"floor":8,"key":"ReplayTheSpireMod:Lightbulb"},{"floor":8,"key":"Replay:Bottled Snecko"},{"floor":9,"key":"theForsaken:HumbleEgg"},{"floor":17,"key":"Du-Vu Doll"}],"event_choices":[{"damage_healed":0,"gold_gain":0,"player_choice":"Ignored","damage_taken":8,"max_hp_gain":0,"max_hp_loss":0,"event_name":"恩洛斯的盘子","floor":5,"gold_loss":0},{"damage_healed":0,"gold_gain":0,"player_choice":"Fight","damage_taken":0,"max_hp_gain":0,"max_hp_loss":0,"event_name":"HidenRoomEvent","floor":8,"gold_loss":0}],"is_beta":false,"boss_relics":[{"not_picked":["OneHitWonderSystem","testmod-DreamHouse"],"picked":"EasyGame_NEW"},{"not_picked":[]}],"items_purged_floors":[3,10,14],"is_endless":false,"potions_floor_spawned":[2,4,18],"killed_by":"Hallownest:2_Mistakes","ascension_level":4}}