{"host":"ylxam20yo7j5dy26","time":1611303418,"event":{"mods":["100% Spire Juice","ATMod(°¢èªMod)","Act Like it!","Aspiration","BaseMod","BetterRewards","Conspire","Defuse TimeMaze Blight","Energized Spire","Gensokyo","GungeonMod","Hubris","Infinite Spire","Marisa£¨ìFÓê¡¡Ä§ÀíÉ³£©","Minty Spire (QoL Compilation)","MostiFishMod","Quarter Circle Forward PUNCH!","Quick Restart","Reimu£¨²©ÀöÁéÃÎ£©","Remilia£¨ÀÙÃ×ÀòÑÇ£©","Replay The Spire","Robot Space Explorer","RumiaBox-Â¶Ã×æ«µÄÉñÃØºÐ×Ó","Spicy Shops","StSLib","The Jungle","The Runesmith","vexMod","¡¾¹¦ÄÜMod¡¿»ìãçÖ®»·ÐÞ¸´²¹¶¡","¡¾ÒÅÎï¿¨ÅÆ¡¿REMEMod"],"gold_per_floor":[109,109,109,109,109,143,178,178,205,205,205,234,234,234,234,334,334,346,346,360,360,375,408,441,476,476,476,476,476,476],"floor_reached":29,"language":"ZHS","playtime":1807,"items_purged":[],"score":393,"play_id":"561ce15b-1d64-458d-9ce5-655ea434d107","local_time":"20210122161658","daily_mods":["Diverse","Flight"],"is_ascension_mode":false,"campfire_choices":[{"data":"AT_EssenceShift","floor":11,"key":"SMITH"},{"data":"Runesmith:Grindstone","floor":15,"key":"SMITH"},{"data":"MostiFishMod:Minus","floor":27,"key":"SMITH"}],"circlet_count":0,"master_deck":["Strike_MRS","Strike_MRS+1","Strike_MRS+1","Defend_MRS","Defend_MRS","Defend_MRS","Defend_MRS","MasterSpark","UpSweep","AT_EssenceShift+1","MostiFishMod:Minus+1","Coolheaded","Runesmith:Grindstone+1","Moonworks:LuckyCharm","HeartBreak","LessonLearned","Outmaneuver+1","UnstableMagic+1","BloodRain"],"relics":["MiniHakkero","AT_ATBox","DaveBox","REME_ComplimentaryCards","Chemical X","SynthV:TestCard","Ccalipers","aspiration:SeaSaltIceCream","aspiration:Nostalgia","Moonworks:Homemark","AT_RedTearstoneRing","Frozen Egg 2","NeowsBlessing","energizedSpire:MagnifyingGlass","NeowsBlessing","Gremlin Food","qcfpunch:School_Backpack","infinitespire:FocusingShard","Replay:PocketPolymizer"],"acts_visited":["Exordium","Exordium"],"potions_floor_usage":[25],"damage_taken":[{"damage":11,"enemies":"infinitespire:Voidling","floor":1,"turns":4},{"damage":14,"enemies":"3 Sentries","floor":6,"turns":10},{"damage":33,"enemies":"Gremlin Nob","floor":7,"turns":6},{"damage":40,"enemies":"Lagavulin","floor":12,"turns":9},{"damage":0,"enemies":"Fading Forest","floor":16,"turns":1},{"damage":4,"enemies":"theJungle:MUSHROOMGANG","floor":18,"turns":2},{"damage":0,"enemies":"theJungle:5_Spyders","floor":20,"turns":7},{"damage":0,"enemies":"theJungle:Snecko_Cultist_And_Trap","floor":22,"turns":2},{"damage":0,"enemies":"Nightmare","floor":23,"turns":1},{"damage":0,"enemies":"theJungle:MamaSnecko","floor":24,"turns":2},{"damage":38,"enemies":"theJungle:Cassacara","floor":25,"turns":9}],"seed_played":"-266057337897596898","potions_obtained":[{"floor":6,"key":"SteroidPotion"},{"floor":12,"key":"Energy Potion"},{"floor":16,"key":"CultistPotion"}],"is_trial":true,"path_per_floor":["M","WH","WH","WH","WH","E","E","WH","T","WH","R","E","WH","WH","R","B",null,"M","WH","M","WH","M","NM","E","E","T","R","WH","WH"],"character_chosen":"MARISA","items_purchased":[],"campfire_rested":0,"item_purchase_floors":[],"current_hp_per_floor":[71,78,86,95,104,90,57,67,67,78,78,38,50,50,50,50,141,137,151,151,151,151,151,151,116,116,116,116,116,116],"gold":476,"neow_bonus":"THREE_ENEMY_KILL","is_daily":false,"chose_seed":false,"campfire_upgraded":3,"win_rate":0.0,"timestamp":1611303418,"path_taken":["M","WH","WH","WH","WH","E","E","WH","T","WH","R","E","WH","WH","R","BOSS","M","WH","?","WH","M","NM","E","E","T","R","WH","WH"],"items_purchased_type":[],"build_version":"2020-12-22","purchased_purges":0,"victory":false,"max_hp_per_floor":[75,82,90,99,108,108,108,118,118,129,129,129,141,141,141,141,141,141,155,155,155,155,155,155,155,155,155,155,155,155],"card_choices":[{"not_picked":["RobotSpaceExplorer:SwiftStep","SubAcupoint:ReiMu"],"picked":"Coolheaded","floor":1},{"not_picked":["Runesmith:CraftReservo","SporeBomb","Stack","DemoMod:Ejector"],"picked":"Runesmith:Grindstone","floor":6},{"not_picked":["RobotSpaceExplorer:RigExplosive","RobotSpaceExplorer:PowerCollector","RobotSpaceExplorer:GlueShot","Flying Knee"],"picked":"Moonworks:LuckyCharm","floor":7},{"not_picked":["DemoMod:JK47","Dagger Spray","AT_DrawKnifeCut","WitchOfGreed+1"],"picked":"HeartBreak","floor":12},{"not_picked":["KillingBlow","MostiFishMod:FlyOverUtopia","Unload","StarDustReverie"],"picked":"LessonLearned","floor":16},{"not_picked":["Catalyst","Underhanded Strike","StarOfDavid","Accuracy+1","Ball Lightning"],"picked":"SKIP","floor":18},{"not_picked":["Moonworks:ExtendedPhotonRifle","Feel No Pain+1","REME_CRH","Backflip","ReachHeaven"],"picked":"SKIP","floor":20},{"not_picked":["Runesmith:Accelerate+1","Dagger Spray","BloodHunter","Undo"],"picked":"Outmaneuver","floor":22},{"not_picked":["RobotSpaceExplorer:SlimeMissile","FlurryOfBlows","AsteroidBelt","Warcry","DiffusionOfMisfortune"],"picked":"SKIP","floor":23},{"not_picked":["Carnage+1","HeartBreak","Life Link+1","FavorOfDestiny","Second Wind"],"picked":"SKIP","floor":24},{"not_picked":["Carnage+1","HeartBreak","Life Link+1","FavorOfDestiny","Second Wind"],"picked":"SKIP","floor":24},{"not_picked":["Redo+1","Moonworks:LulusLuckyEgg","ScarletImprint","FearNoEvil"],"picked":"UnstableMagic+1","floor":25},{"not_picked":["Sunder","Redo","Reprogram"],"picked":"SKIP","floor":25}],"player_experience":150600,"relics_obtained":[{"floor":1,"key":"SynthV:TestCard"},{"floor":6,"key":"Ccalipers"},{"floor":7,"key":"aspiration:SeaSaltIceCream"},{"floor":9,"key":"AT_RedTearstoneRing"},{"floor":12,"key":"Frozen Egg 2"},{"floor":23,"key":"Gremlin Food"},{"floor":24,"key":"qcfpunch:School_Backpack"},{"floor":25,"key":"infinitespire:FocusingShard"},{"floor":26,"key":"Replay:PocketPolymizer"}],"event_choices":[],"is_beta":false,"boss_relics":[{"not_picked":["TimeKeys","HereWithMe"],"picked":"energizedSpire:MagnifyingGlass"}],"items_purged_floors":[],"is_endless":true,"potions_floor_spawned":[6,12,16,18,22,23,24],"ascension_level":0}}