{"host":"i50gzlxyjrf5ohl8","time":1611334053,"event":{"mods":["Bartender","BaseMod","Better Note","Better Skull","DeckTracker","Downfall","GifTheSpireLib","Jedi Mod","Minty Spire (QoL Compilation)","Quarter Circle Forward PUNCH!","Quick Restart","StSLib","Stuff the Spire","The Bladedancer","The Cursed","The Forsaken","The Runesmith","Trackpad","vexMod"],"gold_per_floor":[109,109,6,16,28,54,6,39,85,112,112,127,127,154,154,249,249,261,281,281,49,49,79,79,109,158,158,175,185,210,225,225,323,323,342,352,352,252,269,296,306,306,385,419,466,497,514,534,534,534,534,534,86,119,119],"floor_reached":56,"language":"ENG","playtime":3407,"items_purged":["blademaster:Strike","blademaster:Strike","blademaster:Strike"],"score":1560,"play_id":"4082ae17-a98d-407a-8116-2c093eff8dcd","local_time":"20210122104733","is_ascension_mode":true,"campfire_choices":[{"data":"blademaster:RagingBlow","floor":11,"key":"SMITH"},{"floor":15,"key":"REST"},{"data":"blademaster:Blockade","floor":24,"key":"SMITH"},{"data":"blademaster:DaggerAndCloak","floor":27,"key":"SMITH"},{"data":"blademaster:BladeMastery","floor":32,"key":"SMITH"},{"data":"blademaster:Frontflip","floor":42,"key":"SMITH"},{"floor":49,"key":"RECALL"},{"data":"StuffTheSpire:Innocence","floor":52,"key":"SMITH"}],"circlet_count":0,"master_deck":["blademaster:Strike","blademaster:Defend","blademaster:Defend","blademaster:Defend","blademaster:Defend","blademaster:RagingBlow+1","blademaster:HighVoltage+1","blademaster:Blindside+1","blademaster:Flurry+1","blademaster:AspectOfLightning","blademaster:Frontflip+1","blademaster:Safeguard+1","blademaster:ChargingUp","blademaster:DaggerAndCloak+1","blademaster:Blindside+1","blademaster:BladeMastery+1","blademaster:Bloodbath+1","StuffTheSpire:Innocence+1","blademaster:ThreePointStrike+1","blademaster:Blockade+1","blademaster:Bloodbath+1","blademaster:Meditate+1","blademaster:Empower+1","blademaster:EyeOfTheStorm+1","blademaster:SharpBlades+1","blademaster:Meditate+1","blademaster:Breeze+1","blademaster:Havoc"],"relics":["blademaster:DancersAmulet","Bag of Marbles","PreservedInsect","vexMod:BarristanHead","Potion Belt","Du-Vu Doll","SlaversCollar","vexMod:PaidLearning","Frozen Egg 2","Cleaning_Rag","Strawberry","Ornamental Fan","vexMod:ImprovementManual","qcfpunch:Black_Training_Shirt","trackpad:Mousetrap","jedi:kaleidoscope","qcfpunch:Necklace_of_Skulls","jedi:HeartOfTheCards","Anchor"],"acts_visited":["Exordium","TheCity","TheBeyond","TheEnding"],"potions_floor_usage":[29,29,30,33,35,35,40,44,50,55,55,55],"damage_taken":[{"damage":5,"enemies":"Cultist","floor":1,"turns":5},{"damage":0,"enemies":"Small Slimes","floor":4,"turns":2},{"damage":0,"enemies":"2 Louse","floor":5,"turns":2},{"damage":8,"enemies":"Gremlin Nob","floor":6,"turns":3},{"damage":5,"enemies":"3 Sentries","floor":8,"turns":8},{"damage":8,"enemies":"Lagavulin","floor":10,"turns":3},{"damage":0,"enemies":"2 Fungi Beasts","floor":12,"turns":2},{"damage":0,"enemies":"Gremlin Nob","floor":14,"turns":1},{"damage":27,"enemies":"Hexaghost","floor":16,"turns":11},{"damage":3,"enemies":"Shell Parasite","floor":18,"turns":6},{"damage":12,"enemies":"2 Thieves","floor":19,"turns":4},{"damage":23,"enemies":"Book of Stabbing","floor":23,"turns":5},{"damage":7,"enemies":"Gremlin Leader","floor":25,"turns":5},{"damage":15,"enemies":"Shelled Parasite and Fungi","floor":28,"turns":5},{"damage":6,"enemies":"Snake Plant","floor":29,"turns":6},{"damage":0,"enemies":"Slavers","floor":30,"turns":3},{"damage":0,"enemies":"Centurion and Healer","floor":31,"turns":4},{"damage":4,"enemies":"Automaton","floor":33,"turns":9},{"damage":16,"enemies":"3 Darklings","floor":35,"turns":5},{"damage":13,"enemies":"3 Shapes","floor":36,"turns":5},{"damage":0,"enemies":"Writhing Mass","floor":39,"turns":6},{"damage":29,"enemies":"Reptomancer","floor":40,"turns":4},{"damage":12,"enemies":"Spire Growth","floor":41,"turns":4},{"damage":0,"enemies":"Nemesis","floor":44,"turns":5},{"damage":44,"enemies":"2 Orb Walkers","floor":45,"turns":5},{"damage":0,"enemies":"Giant Head","floor":46,"turns":5},{"damage":6,"enemies":"4 Shapes","floor":47,"turns":5},{"damage":0,"enemies":"3 Darklings","floor":48,"turns":3},{"damage":0,"enemies":"Donu and Deca","floor":50,"turns":4},{"damage":0,"enemies":"Shield and Spear","floor":54,"turns":4},{"damage":48,"enemies":"The Heart","floor":55,"turns":6}],"seed_played":"5304605279829795293","potions_obtained":[{"floor":6,"key":"FearPotion"},{"floor":12,"key":"SpeedPotion"},{"floor":16,"key":"BlessingOfTheForge"},{"floor":18,"key":"GamblersBrew"},{"floor":23,"key":"Weak Potion"},{"floor":29,"key":"Weak Potion"},{"floor":31,"key":"GamblersBrew"},{"floor":33,"key":"SkillPotion"},{"floor":39,"key":"hexamod:SoulburnPotion"},{"floor":44,"key":"Regen Potion"},{"floor":46,"key":"sneckomod:MuddlingPotion"},{"floor":47,"key":"PowerPotion"},{"floor":48,"key":"Swift Potion"},{"floor":54,"key":"AttackPotion"}],"is_trial":false,"path_per_floor":["M","?","$","M","M","E","$","E","T","E","R","M","?","E","R","B",null,"M","M","?","$","?","E","R","E","T","R","M","M","E","M","R","B",null,"M","M","?","$","M","E","M","R","T","E","?","E","M","M","R","B",null,"R","$","E","B",null],"character_chosen":"THE_BLADEMASTER","items_purchased":["blademaster:AspectOfLightning","blademaster:Frontflip","blademaster:DaggerAndCloak","vexMod:PaidLearning","jedi:HeartOfTheCards","blademaster:Havoc"],"campfire_rested":1,"item_purchase_floors":[3,3,7,21,53,53],"current_hp_per_floor":[70,70,70,70,70,62,62,57,57,49,49,55,48,48,70,49,75,75,69,69,69,69,52,52,51,58,58,49,49,61,73,73,82,82,82,82,78,78,78,55,58,58,58,73,68,78,78,78,78,78,78,78,78,78,55],"gold":119,"neow_bonus":"THREE_RARE_CARDS","is_daily":false,"chose_seed":false,"campfire_upgraded":6,"win_rate":0.0,"timestamp":1611334053,"path_taken":["M","?","$","M","M","E","$","E","T","E","R","?","?","E","R","BOSS","M","M","?","$","?","E","R","E","T","R","?","?","E","M","R","BOSS","M","M","?","$","M","E","M","R","T","E","?","E","M","M","R","BOSS","R","$","E","BOSS"],"items_purchased_type":["Card","Card","Card","Relic","Relic","Card"],"build_version":"2020-12-22","purchased_purges":3,"victory":true,"max_hp_per_floor":[75,75,75,75,75,75,75,75,75,75,75,75,75,75,75,75,75,75,75,75,75,75,75,75,75,82,82,82,82,82,82,82,82,82,82,82,78,78,78,78,78,78,78,78,78,78,78,78,78,78,78,78,78,78,78],"card_choices":[{"not_picked":["blademaster:FuryOfTheElements","blademaster:RollingTyphoon"],"picked":"blademaster:Blindside","floor":0},{"not_picked":["blademaster:BloodyBlow","blademaster:AirSlash"],"picked":"blademaster:Flurry","floor":1},{"not_picked":["blademaster:WindSlash","blademaster:ThunderingOpener"],"picked":"blademaster:Safeguard","floor":4},{"not_picked":["blademaster:Quickstep","blademaster:AspectOfLightning"],"picked":"blademaster:ChargingUp","floor":5},{"not_picked":["blademaster:LightningCrash","blademaster:Stability","blademaster:AncestralHealing"],"picked":"SKIP","floor":6},{"not_picked":["blademaster:Reversal","blademaster:DeadlyDance"],"picked":"blademaster:Blindside","floor":8},{"not_picked":["blademaster:Flurry","blademaster:ThunderingOpener"],"picked":"blademaster:BladeMastery","floor":10},{"not_picked":["blademaster:Havoc","blademaster:AwakeningStrike"],"picked":"blademaster:Bloodbath","floor":12},{"not_picked":["blademaster:AncestralHealing","blademaster:BladeMastery","blademaster:AwakeningDefend"],"picked":"SKIP","floor":14},{"not_picked":["blademaster:Blindside","blademaster:FlockOfBlades"],"picked":"blademaster:ThreePointStrike","floor":16},{"not_picked":["blademaster:OneTrickPony","blademaster:Safeguard+1","blademaster:AspectOfLightning"],"picked":"SKIP","floor":18},{"not_picked":["blademaster:Rupture","blademaster:SlyStabs"],"picked":"blademaster:Blockade","floor":19},{"not_picked":["blademaster:WindSlash","blademaster:Stability+1","blademaster:AwakeningStrike+1"],"picked":"SKIP","floor":23},{"not_picked":["blademaster:ChargingUp","blademaster:Thrust+1","blademaster:LightningCrash"],"picked":"SKIP","floor":25},{"not_picked":["blademaster:WindSlash","blademaster:AwakeningStrike","blademaster:AspectOfLightning"],"picked":"SKIP","floor":28},{"not_picked":["blademaster:Stability+1","blademaster:ChargingUp"],"picked":"blademaster:Meditate+1","floor":29},{"not_picked":["blademaster:LeechingStrike","blademaster:BladeMastery","blademaster:WindSlash"],"picked":"SKIP","floor":30},{"not_picked":["blademaster:Safeguard","blademaster:AspectOfLightning","blademaster:AwakeningDefend"],"picked":"SKIP","floor":31},{"not_picked":["blademaster:RagingBlow","blademaster:ThreePointStrike"],"picked":"blademaster:Empower","floor":33},{"not_picked":["blademaster:Quickstep+1","blademaster:FuriousStrike+1","blademaster:Safeguard"],"picked":"SKIP","floor":35},{"not_picked":["blademaster:BloodyBlow+1","blademaster:AncestralHealing+1"],"picked":"blademaster:EyeOfTheStorm+1","floor":36},{"not_picked":["blademaster:DeadlyDance+1","blademaster:Discharge+1"],"picked":"blademaster:SharpBlades+1","floor":39},{"not_picked":["blademaster:FuriousStrike","blademaster:FlockOfBlades+1"],"picked":"blademaster:Meditate+1","floor":40},{"not_picked":["blademaster:SlyStabs+1","blademaster:FuriousStrike+1","blademaster:Cut+1"],"picked":"SKIP","floor":41},{"not_picked":["blademaster:Rupture+1","blademaster:AwakeningStrike","blademaster:DragonStrike"],"picked":"SKIP","floor":44},{"not_picked":["blademaster:DancingEdge+1","blademaster:Gust"],"picked":"blademaster:Breeze+1","floor":46},{"not_picked":["blademaster:BladeCross+1","blademaster:AwakeningStrike","blademaster:Slice"],"picked":"SKIP","floor":47},{"not_picked":["blademaster:ThunderSlash","blademaster:Safeguard","blademaster:LeechingStrike+1"],"picked":"SKIP","floor":48},{"not_picked":["blademaster:AwakeningDefend","blademaster:Sharpen+1","blademaster:AspectOfWind+1"],"picked":"SKIP","floor":54}],"player_experience":852206,"relics_obtained":[{"floor":6,"key":"Bag of Marbles"},{"floor":6,"key":"blademaster:LightningChargePerk"},{"floor":8,"key":"PreservedInsect"},{"floor":8,"key":"blademaster:BleedingMoreDamagePerk"},{"floor":9,"key":"vexMod:BarristanHead"},{"floor":10,"key":"Potion Belt"},{"floor":10,"key":"blademaster:StanceHealPerk"},{"floor":14,"key":"Du-Vu Doll"},{"floor":14,"key":"blademaster:WindChargePerk"},{"floor":23,"key":"Frozen Egg 2"},{"floor":23,"key":"blademaster:ComboEveryTurnPerk"},{"floor":25,"key":"Cleaning_Rag"},{"floor":25,"key":"blademaster:BleedingLaceratePerk"},{"floor":26,"key":"Strawberry"},{"floor":30,"key":"Ornamental Fan"},{"floor":30,"key":"blademaster:DextrousPerk"},{"floor":40,"key":"qcfpunch:Black_Training_Shirt"},{"floor":40,"key":"blademaster:OnAttackedChargePerk"},{"floor":44,"key":"trackpad:Mousetrap"},{"floor":44,"key":"blademaster:FuryEveryTurnPerk"},{"floor":45,"key":"jedi:kaleidoscope"},{"floor":45,"key":"blademaster:BonusComboPerk"},{"floor":46,"key":"qcfpunch:Necklace_of_Skulls"},{"floor":46,"key":"blademaster:BonusFuryPerk"},{"floor":54,"key":"Anchor"},{"floor":54,"key":"blademaster:RandomBladePerk"}],"event_choices":[{"cards_removed":["Regret"],"damage_healed":0,"gold_gain":0,"player_choice":"Purged","damage_taken":0,"max_hp_gain":0,"max_hp_loss":0,"event_name":"Purifier","floor":2,"gold_loss":0},{"damage_healed":0,"gold_gain":0,"player_choice":"0 cards matched","damage_taken":0,"max_hp_gain":0,"max_hp_loss":0,"event_name":"Match and Keep!","floor":20,"gold_loss":0,"cards_obtained":[]},{"damage_healed":0,"gold_gain":0,"player_choice":"Copied","damage_taken":0,"max_hp_gain":0,"max_hp_loss":0,"event_name":"Duplicator","floor":22,"gold_loss":0,"cards_obtained":["blademaster:Bloodbath"]},{"damage_healed":0,"gold_gain":0,"player_choice":"Max HP","damage_taken":0,"max_hp_gain":0,"max_hp_loss":4,"event_name":"Winding Halls","floor":37,"gold_loss":0},{"damage_healed":0,"gold_gain":0,"player_choice":"Fight","damage_taken":0,"max_hp_gain":0,"max_hp_loss":0,"event_name":"Mysterious Sphere","floor":45,"gold_loss":0}],"is_beta":false,"boss_relics":[{"not_picked":["Runic Dome","vexMod:NewClearReactor"],"picked":"SlaversCollar"},{"not_picked":["Runesmith:UraniumAnvil","Coffee Dripper"],"picked":"vexMod:ImprovementManual"}],"items_purged_floors":[21,38,53],"is_endless":false,"potions_floor_spawned":[6,12,16,18,23,29,31,33,39,44,46,47,48,54],"ascension_level":1}}