{"host":"s5d39dhq0ddhxhke","time":1611319584,"event":{"mods":["AchievementEnabler","BaseMod","Colored Map","Minty Spire (QoL Compilation)","SuperFastMode"],"gold_per_floor":[110,130,80,80,97,129,141,187,199,211,239,251,263,308,320,332,332],"floor_reached":16,"language":"ENG","playtime":519,"items_purged":[],"score":201,"play_id":"6676502a-a83f-4ffd-a543-d52af9dccd92","local_time":"20210122144624","is_ascension_mode":true,"campfire_choices":[{"data":"Bash","floor":7,"key":"SMITH"},{"floor":10,"key":"REST"},{"data":"Fire Breathing","floor":12,"key":"SMITH"},{"floor":15,"key":"REST"}],"circlet_count":0,"master_deck":["AscendersBane","Strike_R","Strike_R","Strike_R","Strike_R","Defend_R","Defend_R","Defend_R","Defend_R","Bash+1","Fire Breathing+1"],"relics":["Burning Blood","MawBank","Bird Faced Urn","StrikeDummy","Sundial"],"acts_visited":["Exordium"],"potions_floor_usage":[6,8,8,16],"damage_taken":[{"damage":13,"enemies":"2 Louse","floor":1,"turns":3},{"damage":1,"enemies":"Cultist","floor":2,"turns":4},{"damage":10,"enemies":"Jaw Worm","floor":5,"turns":6},{"damage":20,"enemies":"Gremlin Nob","floor":6,"turns":4},{"damage":46,"enemies":"Lagavulin","floor":8,"turns":7},{"damage":7,"enemies":"Looter","floor":11,"turns":3},{"damage":32,"enemies":"Gremlin Nob","floor":14,"turns":4},{"damage":60,"enemies":"The Guardian","floor":16,"turns":10}],"seed_played":"6870815383063663080","potions_obtained":[{"floor":1,"key":"Fire Potion"},{"floor":4,"key":"SmokeBomb"},{"floor":4,"key":"DuplicationPotion"},{"floor":6,"key":"Block Potion"},{"floor":11,"key":"BloodPotion"}],"is_trial":false,"path_per_floor":["M","M","?","?","M","E","R","E","T","R","M","R","$","E","R","B"],"character_chosen":"IRONCLAD","items_purchased":[],"campfire_rested":2,"item_purchase_floors":[],"current_hp_per_floor":[68,73,73,73,69,55,55,15,15,39,38,38,38,14,38,0,0],"gold":332,"neow_bonus":"TEN_PERCENT_HP_BONUS","is_daily":false,"chose_seed":false,"campfire_upgraded":2,"win_rate":0.0,"timestamp":1611319584,"path_taken":["M","M","?","?","?","E","R","E","T","R","M","R","$","E","R","BOSS"],"items_purchased_type":[],"build_version":"2020-12-22","purchased_purges":0,"victory":false,"max_hp_per_floor":[82,82,82,82,82,82,82,82,82,82,82,82,82,82,82,82,82],"card_choices":[{"not_picked":["Reckless Charge","Armaments","Thunderclap"],"picked":"SKIP","floor":1},{"not_picked":["Anger","Iron Wave","Feel No Pain"],"picked":"SKIP","floor":2},{"not_picked":["Dark Embrace","Searing Blow","Twin Strike"],"picked":"SKIP","floor":5},{"not_picked":["Twin Strike","Clash","Heavy Blade"],"picked":"SKIP","floor":6},{"not_picked":["Juggernaut","Shrug It Off"],"picked":"Fire Breathing","floor":8},{"not_picked":["Thunderclap","Body Slam","Iron Wave"],"picked":"SKIP","floor":11},{"not_picked":["Dark Embrace","Intimidate","Rupture"],"picked":"SKIP","floor":14}],"player_experience":455860,"relics_obtained":[{"floor":6,"key":"MawBank"},{"floor":8,"key":"Bird Faced Urn"},{"floor":9,"key":"StrikeDummy"},{"floor":14,"key":"Sundial"}],"event_choices":[{"cards_removed":["Strike_R"],"damage_healed":0,"gold_gain":0,"player_choice":"Card Removal","damage_taken":0,"max_hp_gain":0,"max_hp_loss":0,"event_name":"The Cleric","floor":3,"gold_loss":50},{"damage_healed":0,"gold_gain":0,"player_choice":"Got Potions","damage_taken":0,"max_hp_gain":0,"max_hp_loss":0,"event_name":"Lab","floor":4,"gold_loss":0}],"is_beta":false,"boss_relics":[],"items_purged_floors":[],"is_endless":false,"potions_floor_spawned":[1,6,11],"killed_by":"The Guardian","ascension_level":14}}