{"host":"dpbezu80jg8zk7un","time":1611285883,"event":{"mods":["BaseMod","Colored Map","Colored Powertips","Custom Start","DeckTracker","Minty Spire (QoL Compilation)","Quick Restart","StSLib","SuperFastMode"],"gold_per_floor":[113,113,113,131,141,141,66,66,66,97,97,172,200,274,286,298,298],"floor_reached":16,"language":"KOR","playtime":323,"items_purged":["Strike_P"],"score":212,"play_id":"3c4706ed-47a5-4cb0-b9a1-1c12d89da940","local_time":"20210122122443","is_ascension_mode":true,"campfire_choices":[{"data":"Eruption","floor":6,"key":"SMITH"},{"data":"FlurryOfBlows","floor":8,"key":"SMITH"},{"floor":11,"key":"REST"},{"data":"Adaptation","floor":15,"key":"SMITH"}],"circlet_count":0,"master_deck":["AscendersBane","Strike_P","Strike_P","Strike_P","Defend_P","Defend_P","Defend_P","Eruption+1","Vigilance","Judgement","FlurryOfBlows+1","EmptyBody","FearNoEvil","Adaptation+1","InnerPeace"],"relics":["PureWater","GoldenEye","Question Card","Anchor","MawBank","Sundial"],"acts_visited":["Exordium"],"potions_floor_usage":[14],"damage_taken":[{"damage":2,"enemies":"2 Louse","floor":1,"turns":3},{"damage":0,"enemies":"Jaw Worm","floor":4,"turns":1},{"damage":0,"enemies":"Small Slimes","floor":5,"turns":1},{"damage":22,"enemies":"3 Sentries","floor":10,"turns":11},{"damage":12,"enemies":"Lagavulin","floor":13,"turns":5},{"damage":4,"enemies":"Gremlin Nob","floor":14,"turns":3},{"damage":15,"enemies":"Slime Boss","floor":16,"turns":5}],"seed_played":"-5588112496380700694","potions_obtained":[{"floor":10,"key":"LiquidBronze"},{"floor":13,"key":"SteroidPotion"}],"is_trial":false,"path_per_floor":["M","?","?","M","M","R","$","R","T","E","R","?","E","?","R","B"],"character_chosen":"WATCHER","items_purchased":[],"campfire_rested":1,"item_purchase_floors":[],"current_hp_per_floor":[59,48,41,41,41,41,41,41,41,19,37,26,14,10,10,0,0],"gold":298,"neow_bonus":"THREE_RARE_CARDS","is_daily":false,"chose_seed":false,"campfire_upgraded":3,"win_rate":0.0,"timestamp":1611285883,"path_taken":["M","?","?","M","?","R","$","R","T","E","R","?","E","?","R","BOSS"],"items_purchased_type":[],"build_version":"2020-12-22","purchased_purges":1,"victory":false,"max_hp_per_floor":[62,62,62,62,62,62,62,62,62,62,62,62,62,62,62,62,62],"card_choices":[{"not_picked":["Alpha","SpiritShield"],"picked":"Judgement","floor":0},{"not_picked":["JustLucky","Evaluate","Prostrate"],"picked":"SKIP","floor":1},{"not_picked":["ReachHeaven","CutThroughFate"],"picked":"FlurryOfBlows","floor":4},{"not_picked":["FlurryOfBlows","TalkToTheHand"],"picked":"EmptyBody","floor":5},{"not_picked":["Prostrate","EmptyFist","FlurryOfBlows"],"picked":"FearNoEvil","floor":10},{"not_picked":["Halt","Collect","ThirdEye"],"picked":"Adaptation","floor":13},{"not_picked":["Prostrate","Halt","EmptyFist"],"picked":"InnerPeace","floor":14}],"player_experience":2915016,"relics_obtained":[{"floor":9,"key":"Question Card"},{"floor":10,"key":"Anchor"},{"floor":13,"key":"MawBank"},{"floor":14,"key":"Sundial"}],"event_choices":[{"damage_healed":0,"gold_gain":0,"player_choice":"Success","damage_taken":11,"relics_obtained":["GoldenEye"],"max_hp_gain":0,"max_hp_loss":0,"event_name":"Scrap Ooze","floor":2,"gold_loss":0},{"cards_removed":["Defend_P"],"damage_healed":0,"gold_gain":0,"player_choice":"Card Removal","damage_taken":7,"max_hp_gain":0,"max_hp_loss":0,"event_name":"Golden Wing","floor":3,"gold_loss":0},{"damage_healed":0,"gold_gain":75,"player_choice":"Gather Gold","damage_taken":11,"max_hp_gain":0,"max_hp_loss":0,"event_name":"World of Goop","floor":12,"gold_loss":0},{"damage_healed":0,"gold_gain":30,"player_choice":"Searched \u00272\u0027 times","damage_taken":0,"max_hp_gain":0,"max_hp_loss":0,"event_name":"Dead Adventurer","floor":14,"gold_loss":0}],"is_beta":false,"boss_relics":[],"items_purged_floors":[7],"is_endless":false,"potions_floor_spawned":[10,13],"killed_by":"Slime Boss","ascension_level":20}}