{"host":"6h0diz2ap0m56grs","time":1611342488,"event":{"mods":["2.2 Compatiblity","BaseMod","Colored Map","Marisa????????","Minty Spire (QoL Compilation)","Quick Restart","Replay The Spire","Shop Mod","StSLib","The Servant 0.9.4"],"gold_per_floor":[110,120,120,120,120,154,185,185,185,510,510,542,575,604,604,604,604],"floor_reached":16,"language":"ENG","playtime":488,"items_purged":[],"score":309,"play_id":"e3e48f25-5493-480e-856a-c88a7675b9e0","local_time":"20210122130808","daily_mods":["SealedDeck","Heirloom","Time Dilation","Flight"],"is_ascension_mode":true,"campfire_choices":[{"data":"Wallop","floor":8,"key":"SMITH"},{"data":"SandsOfTime","floor":11,"key":"SMITH"},{"data":"Protect","floor":15,"key":"SMITH"}],"circlet_count":0,"master_deck":["CrushJoints","ThirdEye","ThirdEye","CarveReality","SashWhip","ReachHeaven","SandsOfTime+1","WheelKick","Protect+1","Wallop+1","SandsOfTime+1","Meditate+1"],"relics":["Snecko Eye","Ring of Chaos","replay:Trail_Library","Calipers","Toxic Egg 2","Iron Hammer","Divine Protection","Old Coin","Replay:Towering Pillar of Hats","Replay:Wax Seal","Counterbalance"],"acts_visited":["Exordium"],"potions_floor_usage":[],"damage_taken":[{"damage":0,"enemies":"Cultist","floor":1,"turns":2},{"damage":0,"enemies":"2 Louse","floor":2,"turns":2},{"damage":0,"enemies":"Lagavulin","floor":6,"turns":3},{"damage":0,"enemies":"Replay:BlueRogue","floor":7,"turns":2},{"damage":0,"enemies":"Gremlin Nob","floor":10,"turns":2},{"damage":0,"enemies":"Replay:BlueRogue","floor":12,"turns":2},{"damage":0,"enemies":"Lagavulin","floor":13,"turns":2},{"damage":0,"enemies":"Gremlin Nob","floor":14,"turns":2},{"damage":0,"enemies":"Fading Forest","floor":16,"turns":4}],"seed_played":"-2482886516332714886","potions_obtained":[{"floor":2,"key":"Ancient Potion"},{"floor":6,"key":"Fire Potion"},{"floor":12,"key":"LifebloodPotion"}],"is_trial":true,"path_per_floor":["M","M","?","?","$","E","E","R","T","E","R","E","E","E","R","B"],"character_chosen":"WATCHER","items_purchased":[],"campfire_rested":0,"item_purchase_floors":[],"current_hp_per_floor":[72,72,72,72,72,72,72,72,72,72,72,72,72,72,72,72,72],"gold":604,"neow_bonus":"","is_daily":false,"chose_seed":false,"campfire_upgraded":3,"win_rate":0.0,"timestamp":1611342488,"path_taken":["M","M","?","?","$","E","E","R","T","E","R","E","E","E","R","BOSS"],"items_purchased_type":[],"build_version":"2020-12-22","purchased_purges":0,"victory":false,"max_hp_per_floor":[72,72,72,72,72,72,72,72,72,72,72,72,72,72,72,72,72],"card_choices":[{"not_picked":["Replay:AtTheReady","Consecrate","Fasting2"],"picked":"SKIP","floor":1},{"not_picked":["CutThroughFate","Crescendo","MentalFortress"],"picked":"SKIP","floor":2},{"not_picked":["Perseverance+1","ClearTheMind+1","FollowUp"],"picked":"SKIP","floor":6},{"not_picked":["JustLucky","SignatureMove","SashWhip"],"picked":"SKIP","floor":7},{"not_picked":["Consecrate","CutThroughFate","Vengeance+1"],"picked":"SKIP","floor":10},{"not_picked":["EmptyMind+1","Crescendo+1","ThirdEye+1"],"picked":"SKIP","floor":12},{"not_picked":["DeceiveReality+1","LessonLearned","Sanctity+1"],"picked":"SKIP","floor":13},{"not_picked":["ForeignInfluence+1","Crescendo+1"],"picked":"Meditate+1","floor":14}],"player_experience":234900,"relics_obtained":[{"floor":6,"key":"Toxic Egg 2"},{"floor":7,"key":"Iron Hammer"},{"floor":9,"key":"Divine Protection"},{"floor":10,"key":"Old Coin"},{"floor":12,"key":"Replay:Towering Pillar of Hats"},{"floor":13,"key":"Replay:Wax Seal"},{"floor":14,"key":"Counterbalance"}],"event_choices":[{"damage_healed":0,"gold_gain":0,"player_choice":"Grow","damage_taken":0,"max_hp_gain":0,"max_hp_loss":0,"event_name":"Living Wall","floor":4,"gold_loss":0,"cards_upgraded":["SandsOfTime"]}],"is_beta":false,"boss_relics":[],"items_purged_floors":[],"is_endless":false,"potions_floor_spawned":[2,6,12,14],"killed_by":"Fading Forest","ascension_level":1}}