{"host":"15dd7v8o90xso62x","time":1611313795,"event":{"mods":["BaseMod","Minty Spire (QoL Compilation)","Quick Restart","StSLib","SuperFastMode"],"gold_per_floor":[116,116,266,278,37,37,69,69,69,102,15,30,30,49,49,126,126,141,161,61,77,77,77],"floor_reached":22,"language":"KOR","playtime":793,"items_purged":["Doubt","Strike_G"],"score":438,"play_id":"2a912c39-c5df-4b02-aa36-7b37dcc21489","local_time":"20210122200955","is_ascension_mode":true,"campfire_choices":[{"data":"Neutralize","floor":6.0,"key":"SMITH"},{"data":"Grand Finale","floor":8.0,"key":"SMITH"},{"data":"Prepared","floor":15.0,"key":"SMITH"}],"circlet_count":0,"master_deck":["AscendersBane","Strike_G","Strike_G","Strike_G","Defend_G","Defend_G","Defend_G","Defend_G","Defend_G","Survivor","Neutralize+1","Predator","Grand Finale+1","Dagger Throw","Burst","Calculated Gamble","Prepared+1","Footwork","PiercingWail","Backflip"],"relics":["Ring of the Snake","NeowsBlessing","Meat on the Bone","Orrery","Blue Candle","Prayer Wheel","Shovel"],"acts_visited":["Exordium","TheCity"],"potions_floor_usage":[22],"damage_taken":[{"damage":0.0,"enemies":"Cultist","floor":1.0,"turns":1.0},{"damage":0.0,"enemies":"Jaw Worm","floor":4.0,"turns":1.0},{"damage":0.0,"enemies":"Gremlin Nob","floor":7.0,"turns":1.0},{"damage":42.0,"enemies":"3 Sentries","floor":10.0,"turns":12.0},{"damage":1.0,"enemies":"Small Slimes","floor":12.0,"turns":3.0},{"damage":7.0,"enemies":"Gremlin Gang","floor":14.0,"turns":4.0},{"damage":40.0,"enemies":"The Guardian","floor":16.0,"turns":13.0},{"damage":19.0,"enemies":"Chosen","floor":18.0,"turns":7.0},{"damage":0.0,"enemies":"3 Byrds","floor":19.0,"turns":2.0},{"damage":8.0,"enemies":"Snake Plant","floor":21.0,"turns":4.0},{"damage":16,"enemies":"3 Cultists","floor":22,"turns":3}],"seed_played":"-4051036990769854418","potions_obtained":[{"floor":12.0,"key":"AttackPotion"},{"floor":14.0,"key":"SteroidPotion"},{"floor":16.0,"key":"Strength Potion"},{"floor":18.0,"key":"SteroidPotion"}],"is_trial":false,"path_per_floor":["M","T","?","M","$","R","E","R","T","E","$","M","?","M","R","B",null,"M","M","$","M","M"],"character_chosen":"THE_SILENT","items_purchased":["Orrery","Calculated Gamble"],"campfire_rested":0,"item_purchase_floors":[5,11],"current_hp_per_floor":[59,59,59,59,59,59,59,59,59,29,29,40,40,45,45,17,54,35,35,35,39,23,23],"gold":77,"neow_bonus":"THREE_ENEMY_KILL","is_daily":false,"chose_seed":false,"campfire_upgraded":3,"win_rate":0.0,"timestamp":1611313795,"path_taken":["M","?","?","M","$","R","E","R","T","E","$","M","?","M","R","BOSS","M","M","$","M","M"],"items_purchased_type":["Relic","Card"],"build_version":"2020-12-22","purchased_purges":2,"victory":false,"max_hp_per_floor":[66,66,66,66,66,66,66,66,66,66,66,66,66,66,66,66,66,66,66,66,66,66,66],"card_choices":[{"not_picked":["Poisoned Stab","Deflect"],"picked":"Predator","floor":1.0},{"not_picked":["Outmaneuver","Quick Slash","Backflip"],"picked":"SKIP","floor":4.0},{"not_picked":["A Thousand Cuts","Terror"],"picked":"Grand Finale","floor":5.0},{"not_picked":["Underhanded Strike","Dodge and Roll"],"picked":"Dagger Throw","floor":5.0},{"not_picked":["Poisoned Stab","Quick Slash","Setup"],"picked":"SKIP","floor":7.0},{"not_picked":["Riddle With Holes","Footwork"],"picked":"Burst","floor":10.0},{"not_picked":["Bane","Dagger Spray"],"picked":"Prepared","floor":12.0},{"not_picked":["Underhanded Strike","Masterful Stab","Poisoned Stab"],"picked":"SKIP","floor":12.0},{"not_picked":["Quick Slash","Backstab","Underhanded Strike"],"picked":"SKIP","floor":14.0},{"not_picked":["Flying Knee","Prepared","Noxious Fumes"],"picked":"SKIP","floor":14.0},{"not_picked":["PiercingWail","Slice+1"],"picked":"Footwork","floor":18.0},{"not_picked":["Flying Knee","Outmaneuver"],"picked":"PiercingWail","floor":18.0},{"not_picked":["Calculated Gamble","Deflect","Footwork"],"picked":"SKIP","floor":19.0},{"not_picked":["Quick Slash","Masterful Stab","Dagger Spray"],"picked":"SKIP","floor":19.0},{"not_picked":["Storm of Steel","Dagger Throw"],"picked":"Backflip","floor":21.0},{"not_picked":["Backstab","Underhanded Strike","Deflect+1"],"picked":"SKIP","floor":21.0}],"player_experience":1061462,"relics_obtained":[{"floor":2.0,"key":"Meat on the Bone"},{"floor":7.0,"key":"Blue Candle"},{"floor":9.0,"key":"Prayer Wheel"},{"floor":10.0,"key":"Shovel"}],"event_choices":[{"damage_healed":0.0,"max_hp_gain":0.0,"max_hp_loss":0.0,"gold_gain":150.0,"event_name":"Liars Game","player_choice":"AGREE","floor":3.0,"gold_loss":0.0,"damage_taken":0.0,"cards_obtained":["Doubt"]},{"cards_removed":["Strike_G"],"damage_healed":0.0,"max_hp_gain":0.0,"max_hp_loss":0.0,"gold_gain":0.0,"event_name":"Bonfire Elementals","player_choice":"Offered Basic","floor":13.0,"gold_loss":0.0,"damage_taken":0.0}],"is_beta":false,"boss_relics":[{"not_picked":["Philosopher\u0027s Stone","Runic Dome","Coffee Dripper"]}],"items_purged_floors":[5,20],"is_endless":false,"potions_floor_spawned":[12,14,16,18],"killed_by":"3 Cultists","ascension_level":20}}