{"host":"8fuipfsvjht9cgcs","time":1611353889,"event":{"mods":["AchievementEnabler","BaseMod","Colored Map","Colored Powertips","DeckTracker","Friendly Minions","Kiyohime£¨?ýï£©","Marisa£¨Ùöéë¡¡Øª×âÞÞ£©","Minty Spire (QoL Compilation)","Prisma Mod","StSLib","SuperFastMode","The Cursed","The Gatherer"],"gold_per_floor":[111,111,140,152,176,188,228,258,270,299,324,336,363,386,398,515,527,556,568,795,825,936,982,1011,1023,1035,820,820,835,835,847,847,952,952,971,981,856,876,888,917,917,936,936,936,956,966,992,321,321,321],"floor_reached":51,"language":"KOR","playtime":7957,"items_purged":["TheCursedMod:Defend_TheCursed","TheCursedMod:Defend_TheCursed","TheCursedMod:Defend_TheCursed"],"score":760,"play_id":"1e28e6e4-6d2a-459b-ac5b-ca84ad2996db","local_time":"20210123111809","is_ascension_mode":false,"campfire_choices":[{"data":"TheCursedMod:CollectTribute","floor":6,"key":"SMITH"},{"floor":12,"key":"REST"},{"data":"TheCursedMod:ShockAndAwe","floor":15,"key":"SMITH"},{"data":"TheCursedMod:DemonicPact","floor":30,"key":"SMITH"},{"data":"TheCursedMod:VoidForm","floor":32,"key":"SMITH"},{"data":"TheCursedMod:ManaCirculation","floor":44,"key":"SMITH"},{"data":"TheCursedMod:SpitefulPray","floor":49,"key":"SMITH"}],"circlet_count":0,"master_deck":["TheCursedMod:Strike_TheCursed","TheCursedMod:Strike_TheCursed","TheCursedMod:Defend_TheCursed","TheCursedMod:CursedWand","TheCursedMod:CleanUpWorkshop","TheCursedMod:Dregs","TheCursedMod:CollectTribute+1","TheCursedMod:CursedMace","TheCursedMod:RapidMovement","TheCursedMod:SurpriseAttack","TheCursedMod:Obscuration","TheCursedMod:SurpriseAttack","TheCursedMod:RapidMovement","TheCursedMod:ShockAndAwe+1","TheCursedMod:LuckyCharm","TheCursedMod:DemonicPact+1","TheCursedMod:Obscuration+1","TheCursedMod:SpitefulPray+1","TheCursedMod:BlessingInDisguise","TheCursedMod:AshesToAshes+1","TheCursedMod:VoidForm+1","TheCursedMod:ManaCirculation+1","TheCursedMod:RavingStaff+1","TheCursedMod:SurpriseAttack","TheCursedMod:CursedShiv+1","TheCursedMod:SurpriseAttack+1","TheCursedMod:AntiAging","TheCursedMod:SmokeScreen+1","TheCursedMod:PrepareRite","TheCursedMod:SurpriseAttack+1","TheCursedMod:SurpriseAttack+1","TheCursedMod:LuckyCharm"],"relics":["TheCursedMod:BlackMagicAdvanced","MawBank","TheCursedMod:CrystalBall","Question Card","Old Coin","Meat on the Bone","Eternal Feather","Ice Cream","ClockworkSouvenir","CaptainsWheel","Sozu","Bronze Scales","Pear","Smiling Mask","Pen Nib","Lee\u0027s Waffle","Blue Candle"],"acts_visited":["Exordium","TheCity","TheBeyond"],"potions_floor_usage":[10,23,23,33],"damage_taken":[{"damage":10,"enemies":"2 Louse","floor":1,"turns":4},{"damage":2,"enemies":"Cultist","floor":3,"turns":4},{"damage":0,"enemies":"Small Slimes","floor":5,"turns":2},{"damage":47,"enemies":"3 Sentries","floor":7,"turns":11},{"damage":0,"enemies":"Blue Slaver","floor":8,"turns":3},{"damage":7,"enemies":"Exordium Thugs","floor":10,"turns":5},{"damage":3,"enemies":"Gremlin Gang","floor":11,"turns":4},{"damage":0,"enemies":"Looter","floor":13,"turns":2},{"damage":0,"enemies":"Lots of Slimes","floor":14,"turns":3},{"damage":10,"enemies":"Slime Boss","floor":16,"turns":10},{"damage":11,"enemies":"2 Thieves","floor":18,"turns":4},{"damage":1,"enemies":"Chosen","floor":21,"turns":4},{"damage":15,"enemies":"Gremlin Leader","floor":23,"turns":6},{"damage":29,"enemies":"Sentry and Sphere","floor":24,"turns":8},{"damage":0,"enemies":"Chosen and Byrds","floor":29,"turns":5},{"damage":3,"enemies":"Centurion and Healer","floor":31,"turns":7},{"damage":45,"enemies":"Automaton","floor":33,"turns":8},{"damage":9,"enemies":"3 Darklings","floor":35,"turns":5},{"damage":7,"enemies":"3 Shapes","floor":36,"turns":4},{"damage":12,"enemies":"Maw","floor":38,"turns":5},{"damage":12,"enemies":"3 Darklings","floor":39,"turns":4},{"damage":13,"enemies":"Giant Head","floor":40,"turns":5},{"damage":14,"enemies":"Spire Growth","floor":42,"turns":4},{"damage":19,"enemies":"Sphere and 2 Shapes","floor":45,"turns":5},{"damage":14,"enemies":"4 Shapes","floor":46,"turns":4},{"damage":33,"enemies":"Nemesis","floor":47,"turns":5},{"damage":34,"enemies":"Time Eater","floor":50,"turns":5}],"seed_played":"-1044065368418467424","potions_obtained":[{"floor":3,"key":"Energy Potion"},{"floor":5,"key":"FairyPotion"},{"floor":13,"key":"Weak Potion"},{"floor":14,"key":"SkillPotion"},{"floor":23,"key":"SpeedPotion"},{"floor":24,"key":"AttackPotion"},{"floor":33,"key":"BlessingOfTheForge"}],"is_trial":false,"path_per_floor":["M","?","M","?","M","R","E","M","T","M","M","R","M","M","R","B",null,"M","?","?","M","?","E","M","T","T","$","T","M","R","M","R","B",null,"M","M","$","M","M","E","?","M","T","R","M","M","E","$","R","B",null],"character_chosen":"THE_CURSED","items_purchased":["ClockworkSouvenir","TheCursedMod:SurpriseAttack","Pen Nib","Lee\u0027s Waffle","Blue Candle","TheCursedMod:LuckyCharm"],"campfire_rested":1,"item_purchase_floors":[27,37,48,48,48,48],"current_hp_per_floor":[44,41,39,39,39,39,14,14,14,7,4,26,26,26,26,16,75,64,64,64,63,63,48,31,31,31,31,31,43,55,52,64,31,75,66,59,59,47,47,46,46,46,56,71,54,52,31,96,96,64],"gold":321,"neow_bonus":"THREE_RARE_CARDS","is_daily":false,"chose_seed":false,"campfire_upgraded":6,"win_rate":0.0,"timestamp":1611353889,"path_taken":["M","?","M","?","M","R","E","M","T","M","M","R","?","M","R","BOSS","M","?","?","M","?","E","?","?","T","$","?","M","R","M","R","BOSS","M","M","$","?","M","E","?","M","T","R","M","M","E","$","R","BOSS"],"items_purchased_type":["Relic","Card","Relic","Relic","Relic","Card"],"build_version":"2020-12-22","purchased_purges":3,"victory":true,"max_hp_per_floor":[75,75,75,75,75,75,75,75,75,75,75,75,75,75,75,75,75,75,75,75,75,75,75,75,75,75,75,75,75,75,75,75,75,75,75,75,75,75,75,75,75,77,87,87,89,89,89,96,96,98],"card_choices":[{"not_picked":["TheCursedMod:OutForBlood","TheCursedMod:DemonicPact"],"picked":"TheCursedMod:CollectTribute","floor":0},{"not_picked":["TheCursedMod:CursedSpellbook","TheCursedMod:Wield"],"picked":"TheCursedMod:CursedMace","floor":1},{"not_picked":["TheCursedMod:FleshFromBone","TheCursedMod:SmokeScreen"],"picked":"TheCursedMod:RapidMovement","floor":3},{"not_picked":["TheCursedMod:EmpowerCircles","TheCursedMod:WearCloak"],"picked":"TheCursedMod:SurpriseAttack","floor":5},{"not_picked":["TheCursedMod:RapidMovement","TheCursedMod:StingEye"],"picked":"TheCursedMod:Obscuration","floor":7},{"not_picked":["TheCursedMod:Obscuration","TheCursedMod:RavingStaff"],"picked":"TheCursedMod:SurpriseAttack","floor":8},{"not_picked":["TheCursedMod:FuryStrike","TheCursedMod:CursedAmulet","TheCursedMod:SpitefulPray"],"picked":"TheCursedMod:RapidMovement","floor":10},{"not_picked":["TheCursedMod:Obscuration","TheCursedMod:ManaBullet","TheCursedMod:PrepareRite","TheCursedMod:Stretching"],"picked":"SKIP","floor":11},{"not_picked":["TheCursedMod:CursedBlade","TheCursedMod:Obscuration","TheCursedMod:ReleasedKnowledge"],"picked":"TheCursedMod:ShockAndAwe","floor":13},{"not_picked":["TheCursedMod:SaltUponWound","TheCursedMod:CursedShiv","TheCursedMod:CursedMace"],"picked":"TheCursedMod:LuckyCharm","floor":14},{"not_picked":["TheCursedMod:UltimatePain","TheCursedMod:AntiAging","TheCursedMod:VoidForm"],"picked":"TheCursedMod:DemonicPact","floor":16},{"not_picked":["TheCursedMod:CircleOfCorruption","TheCursedMod:Mangle","TheCursedMod:CircleOfFlame"],"picked":"TheCursedMod:Obscuration+1","floor":18},{"not_picked":["TheCursedMod:HellfireBreathing","TheCursedMod:SmokeScreen","TheCursedMod:Obscuration+1"],"picked":"TheCursedMod:SpitefulPray","floor":21},{"not_picked":["TheCursedMod:Torture","TheCursedMod:HellsGateOpen","TheCursedMod:CursedMace+1","TheCursedMod:RapidMovement"],"picked":"SKIP","floor":23},{"not_picked":["TheCursedMod:Obscuration","TheCursedMod:RapidMovement","TheCursedMod:DoubleShield+1"],"picked":"TheCursedMod:BlessingInDisguise","floor":24},{"not_picked":["TheCursedMod:Stretching","TheCursedMod:SpitefulStrike","TheCursedMod:Grudge"],"picked":"TheCursedMod:AshesToAshes+1","floor":29},{"not_picked":["TheCursedMod:ManaBullet","TheCursedMod:Hemoplague","TheCursedMod:CursedStaff"],"picked":"TheCursedMod:VoidForm","floor":31},{"not_picked":["TheCursedMod:NeowsMight","TheCursedMod:ShockAndAwe","TheCursedMod:DemonSword"],"picked":"TheCursedMod:ManaCirculation","floor":33},{"not_picked":["TheCursedMod:SurpriseAttack","TheCursedMod:CursedAmulet+1","TheCursedMod:Wield"],"picked":"TheCursedMod:RavingStaff+1","floor":35},{"not_picked":["TheCursedMod:EmpowerCircles","TheCursedMod:CursedMace","TheCursedMod:FleshFromBone+1","TheCursedMod:BlessingInDisguise+1"],"picked":"SKIP","floor":36},{"not_picked":["TheCursedMod:BloodBarrier+1","TheCursedMod:EmpowerCircles+1","TheCursedMod:CircleOfBlood+1"],"picked":"TheCursedMod:CursedShiv+1","floor":38},{"not_picked":["TheCursedMod:CursedShiv+1","TheCursedMod:WearCloak+1","TheCursedMod:Grudge+1","TheCursedMod:TroublousMinions+1"],"picked":"SKIP","floor":39},{"not_picked":["TheCursedMod:AshesToAshes","TheCursedMod:RapidMovement+1","TheCursedMod:ShockAndAwe"],"picked":"TheCursedMod:SurpriseAttack+1","floor":40},{"not_picked":["TheCursedMod:EmpowerCircles+1","TheCursedMod:FuryStrike+1","TheCursedMod:CircleOfBlood"],"picked":"TheCursedMod:SmokeScreen+1","floor":42},{"not_picked":["TheCursedMod:CursedBlade","TheCursedMod:WearCloak","TheCursedMod:SmokeScreen+1"],"picked":"TheCursedMod:PrepareRite","floor":45},{"not_picked":["TheCursedMod:RapidMovement","TheCursedMod:AntiAging","TheCursedMod:CursedBlade"],"picked":"TheCursedMod:SurpriseAttack+1","floor":46},{"not_picked":["TheCursedMod:SpreadPlague+1","TheCursedMod:BlessingInDisguise+1","TheCursedMod:RavingStaff+1"],"picked":"TheCursedMod:SurpriseAttack+1","floor":47}],"player_experience":442925,"relics_obtained":[{"floor":7,"key":"TheCursedMod:CrystalBall"},{"floor":9,"key":"Question Card"},{"floor":23,"key":"Meat on the Bone"},{"floor":25,"key":"Eternal Feather"},{"floor":26,"key":"Ice Cream"},{"floor":28,"key":"CaptainsWheel"},{"floor":40,"key":"Bronze Scales"},{"floor":43,"key":"Pear"},{"floor":47,"key":"Smiling Mask"}],"event_choices":[{"damage_healed":0,"gold_gain":0,"player_choice":"Success","damage_taken":3,"relics_obtained":["MawBank"],"max_hp_gain":0,"max_hp_loss":0,"event_name":"Scrap Ooze","floor":2,"gold_loss":0},{"cards_removed":["TheCursedMod:Strike_TheCursed"],"damage_healed":0,"gold_gain":0,"player_choice":"Purged","damage_taken":0,"max_hp_gain":0,"max_hp_loss":0,"event_name":"Purifier","floor":4,"gold_loss":0},{"damage_healed":0,"gold_gain":0,"player_choice":"Ignored","damage_taken":0,"max_hp_gain":0,"max_hp_loss":0,"event_name":"Ghosts","floor":19,"gold_loss":0},{"damage_healed":0,"gold_gain":0,"player_choice":"Obtained Relic","damage_taken":0,"relics_obtained":["Old Coin"],"max_hp_gain":0,"max_hp_loss":0,"event_name":"Addict","floor":20,"gold_loss":85},{"damage_healed":0,"gold_gain":99,"player_choice":"Stole From Cult","damage_taken":0,"max_hp_gain":0,"max_hp_loss":0,"event_name":"Nest","floor":22,"gold_loss":0},{"damage_healed":0,"gold_gain":0,"cards_transformed":["TheCursedMod:Strike_TheCursed"],"player_choice":"Transformed","damage_taken":0,"max_hp_gain":0,"max_hp_loss":0,"event_name":"Transmorgrifier","floor":41,"gold_loss":0,"cards_obtained":["TheCursedMod:AntiAging"]}],"is_beta":false,"boss_relics":[{"not_picked":["Tiny House","SlaversCollar"],"picked":"TheCursedMod:BlackMagicAdvanced"},{"not_picked":["Runic Dome","Runic Pyramid"],"picked":"Sozu"}],"items_purged_floors":[27,37,48],"is_endless":false,"potions_floor_spawned":[3,5,13,14,23,24,33,35,36,38,42,46],"ascension_level":0}}