{"host":"rn4c402gwd40h2z6","time":1611339557,"event":{"mods":["100% Spire Juice","Act Like it!","Alarm Clock","Arknights The Spire","BaseMod","CapriCore","Challenge The Spire","Data Control","Downfall","Gensokyo","Good Game Mod","Hallownest","KinomotoSakuraMod(Ä¾Ö®±¾Ó£)","Koishi","Lobotomy","LobotomyExtend","Luminous","Marisa£¨ìFÓê¡¡Ä§ÀíÉ³£©","Minty Spire (QoL Compilation)","Pale of the Ancients","Quick Restart","Reimu£¨²©ÀöÁéÃÎ£©","Remilia£¨ÀÙÃ×ÀòÑÇ£©","Replay The Spire","RumiaBox-Â¶Ã×æ«µÄÉñÃØºÐ×Ó","StSLib","Td1madao Mod","The Alterego","The Bug Knight","The Cursed","The Hierophant","The Immortal","The Poker Player","The Saiyan","The Senshi","Yakumo Yukari mod","Youmu£¨»êÆÇÑýÃÎ£©","Yuyuko","vexMod","¡¾¹¦ÄÜMod¡¿»ìãçÖ®»·ÐÞ¸´²¹¶¡"],"gold_per_floor":[10014,9999,10018,9999,9999,10033,9999,10029,9999,9999,9999,10009,9999,10016,9999,9999,9999,10016,9999,10010,15641,9999,9999,9999,9999,9999,9999,9999,9999,10015,10032,10032,9133,9133,9235,9235,9235],"floor_reached":36,"language":"ZHS","playtime":2410,"items_purged":["Spreading Infection","Moonworks:Dinner","Moonworks:SweetBattle","Moonworks:Defend"],"score":543,"play_id":"805ac98d-7c82-4b73-b740-f619f1536df7","local_time":"20210123021917","is_ascension_mode":false,"campfire_choices":[{"floor":10.0,"key":"RECALL"},{"data":"Moonworks:Strike","floor":13.0,"key":"SMITH"},{"data":"Moonworks:Strike","floor":15.0,"key":"SMITH"},{"data":"Moonworks:Ambush","floor":23.0,"key":"SMITH"},{"data":"Moonworks:NicePresent","floor":32.0,"key":"SMITH"},{"data":"Moonworks:EvilMastermind","floor":34.0,"key":"SMITH"}],"circlet_count":0,"master_deck":["Moonworks:Strike+1","Moonworks:Strike+1","Moonworks:Strike+1","Moonworks:Strike+1","Moonworks:Defend","Moonworks:Defend","Moonworks:Ambush+1","Moonworks:LongDistanceShot","Moonworks:SakisCookie","Moonworks:NicePresent+1","Moonworks:Assault","Moonworks:IndiscriminateFireSupport","Moonworks:LulusLuckyEgg","Flechettes","Moonworks:EvilMastermind+1","Moonworks:LulusLuckyEgg","Moonworks:JonathanRush","Moonworks:LeapThroughSpace","Moonworks:MeltingMemories","Moonworks:IndiscriminateFireSupport+1","Moonworks:FullSpeedAlicianrone"],"relics":["Moonworks:BrokenBomb","Moonworks:Homemark","REME:ComplimentaryCards","LetterFromLob","Baka2","Ring of Peace","PureWhite:ReiMu","GodSword1","Replay:PocketPolymizer","CrazyTorch:ReiMu","vexMod:GhostlyGear","Empty Cage","Dream Catcher","HollowMod:PaleOreRelic","Chemical X","Hallownest:StagBellRelic1","Replay:WaspNest","Matryoshka","Ancient Tea Set","vexMod:Cooldron","Du-Vu Doll","Prayer Wheel","Lee\u0027s Waffle","RedMistMask"],"acts_visited":["Exordium","Hallownest:CityofTears"],"potions_floor_usage":[],"damage_taken":[{"damage":3.0,"enemies":"Small Slimes","floor":1.0,"turns":2.0},{"damage":0.0,"enemies":"Jaw Worm","floor":3.0,"turns":1.0},{"damage":0.0,"enemies":"3 Sentries","floor":6.0,"turns":2.0},{"damage":0.0,"enemies":"Gremlin Nob","floor":8.0,"turns":2.0},{"damage":0.0,"enemies":"2 Louse","floor":12.0,"turns":2.0},{"damage":0.0,"enemies":"Exordium Wildlife","floor":14.0,"turns":1.0},{"damage":43.0,"enemies":"Fading Forest","floor":16.0,"turns":8.0},{"damage":12.0,"enemies":"Hallownest:Flukemon_and_Top","floor":18.0,"turns":3.0},{"damage":0.0,"enemies":"Hallownest:2_Mistakes","floor":20.0,"turns":2.0},{"damage":0.0,"enemies":"Hallownest:monsterMisterMushroom","floor":21.0,"turns":1.0},{"damage":0.0,"enemies":"Hallownest:monsterShrumalOgre","floor":30.0,"turns":1.0},{"damage":0.0,"enemies":"Hallownest:2_Husk_Sentries","floor":31.0,"turns":2.0},{"damage":0.0,"enemies":"Hallownest:BossMantisLord","floor":35.0,"turns":1.0}],"seed_played":"-7388551374976674740","potions_obtained":[{"floor":3.0,"key":"Adrenaline Potion"},{"floor":8.0,"key":"ZuzhouPotion:ReiMu"},{"floor":12.0,"key":"Fire Potion"}],"is_trial":false,"path_per_floor":["M","?","M","?","?","E","$","E","T","R","?","M","R","M","R","B",null,"M","$","M","M","?","R","?","?","PTL","PTL","T","$","M","M","R","$","R","B"],"character_chosen":"THE_STARBREAKER","items_purchased":["Replay:PocketPolymizer","CrazyTorch:ReiMu","vexMod:GhostlyGear","Dream Catcher","HollowMod:PaleOreRelic","Chemical X","Matryoshka","Ancient Tea Set","vexMod:Cooldron","Moonworks:FullSpeedAlicianrone","Du-Vu Doll","Prayer Wheel","Lee\u0027s Waffle"],"campfire_rested":0,"item_purchase_floors":[7,7,7,19,19,19,29,29,29,29,33,33,33],"current_hp_per_floor":[57,57,57,57,57,60,60,60,60,60,54,54,54,54,54,28,59,47,47,51,51,62,62,62,62,62,62,62,62,62,62,62,69,69,69,69,69],"gold":9235,"neow_bonus":"UPGRADE_CARD","is_daily":false,"chose_seed":false,"campfire_upgraded":5,"win_rate":0.0,"timestamp":1611339557,"path_taken":["M","?","M","?","?","E","?","E","T","R","?","?","R","M","R","BOSS","M","$","M","M","?","R","?","?","PTL","PTL","T","$","M","M","R","?","R","BOSS"],"items_purchased_type":["Relic","Relic","Relic","Relic","Relic","Relic","Relic","Relic","Relic","Card","Relic","Relic","Relic"],"build_version":"2020-12-22","purchased_purges":4,"victory":false,"max_hp_per_floor":[60,60,60,60,60,60,60,60,60,60,60,60,60,60,60,59,59,62,62,62,62,62,62,62,62,62,62,62,62,62,62,62,69,69,69,69,69],"card_choices":[{"not_picked":["Moonworks:ImOnFire","Moonworks:JonathanRush"],"picked":"Moonworks:SweetBattle","floor":1.0},{"not_picked":["Moonworks:CloudOfSeagulls","Moonworks:Assault"],"picked":"Moonworks:LulusLuckyEgg","floor":3.0},{"not_picked":["Moonworks:Bloodlust","Moonworks:JonathanRush"],"picked":"Moonworks:EvilMastermind","floor":6.0},{"not_picked":["Moonworks:EvilSpyWorkPreparation","Moonworks:Dinner","Moonworks:BigMagnum"],"picked":"SKIP","floor":8.0},{"not_picked":["Moonworks:CompletionReward","Moonworks:Assault"],"picked":"Moonworks:LulusLuckyEgg","floor":12.0},{"not_picked":["Moonworks:Assault","Moonworks:CloudOfSeagulls"],"picked":"Moonworks:LeapThroughSpace","floor":14.0},{"not_picked":["Moonworks:PlushieMaster","Moonworks:MetallicMonocoque"],"picked":"Moonworks:MeltingMemories","floor":16.0},{"not_picked":["Moonworks:Heat300Percent+1","Moonworks:BeyondHell","Moonworks:EvilSpyWorkPreparation"],"picked":"SKIP","floor":18.0},{"not_picked":["Moonworks:Bloodlust","Moonworks:BigMagnum+1"],"picked":"Moonworks:IndiscriminateFireSupport+1","floor":20.0},{"not_picked":["Moonworks:BigMagnum+1","Moonworks:CompletionReward+1","Moonworks:RagingMadness"],"picked":"SKIP","floor":21.0},{"not_picked":["Moonworks:EvilSpyWorkPreparation","Moonworks:SakisCookie","Moonworks:JonathanRush"],"picked":"SKIP","floor":30.0},{"not_picked":["Moonworks:ImOnFire","Moonworks:RedAndBlue+1","Moonworks:Assault"],"picked":"SKIP","floor":31.0}],"player_experience":19173,"relics_obtained":[{"floor":1.0,"key":"LetterFromLob"},{"floor":1.0,"key":"Baka"},{"floor":3.0,"key":"Baka2"},{"floor":4.0,"key":"Ring of Peace"},{"floor":5.0,"key":"PureWhite:ReiMu"},{"floor":6.0,"key":"GodSword1"},{"floor":28.0,"key":"Replay:WaspNest"},{"floor":35.0,"key":"RedMistMask"}],"event_choices":[{"damage_healed":0.0,"max_hp_gain":0.0,"max_hp_loss":0.0,"gold_gain":0.0,"event_name":"Wheel of Change","player_choice":"Damaged","floor":11.0,"gold_loss":0.0,"damage_taken":6.0}],"is_beta":false,"boss_relics":[{"not_picked":["vexMod:MegatonBomb","ChewingGum"],"picked":"Empty Cage"}],"items_purged_floors":[7,19,29,33],"is_endless":false,"potions_floor_spawned":[3,8,12,20,35],"ascension_level":0}}