{"host":"70zhvo5nwrhp1mbg","time":1611292197,"event":{"mods":["BaseMod","Colored Map","Colored Powertips","Filter the Spire","Highlight Path","Minty Spire (QoL Compilation)","Rare Cards Sparkle","StSLib"],"gold_per_floor":[211,238,252,272,272,303,303,328,328,346,346,377,387,405,405,502,502,514,514,542,542,555,555,580,40,67,67,13,38,38,51,51,156,206,223,234,234,18,18,18,46,46,46,58,78,78,112,42,42,42,42],"floor_reached":50,"language":"ENG","playtime":2175,"items_purged":["Decay"],"score":798,"play_id":"af1c2f04-f776-4d1b-9445-868ceb4c45d8","local_time":"20210122000957","is_ascension_mode":true,"campfire_choices":[{"floor":7,"key":"REST"},{"floor":11,"key":"REST"},{"floor":15,"key":"REST"},{"floor":23,"key":"REST"},{"data":"Perfected Strike","floor":27,"key":"SMITH"},{"data":"Double Tap","floor":30,"key":"SMITH"},{"data":"Heavy Blade","floor":32,"key":"SMITH"},{"data":"Fiend Fire","floor":40,"key":"SMITH"},{"floor":42,"key":"REST"},{"data":"Heavy Blade","floor":46,"key":"SMITH"},{"floor":49,"key":"REST"}],"circlet_count":0,"master_deck":["Strike_R","Strike_R","Strike_R+1","Strike_R","Defend_R","Defend_R","Defend_R+1","Bash","Thunderclap","Clothesline","Inflame","Perfected Strike","Anger","Perfected Strike","Shrug It Off","Anger","Headbutt","Double Tap+1","Heavy Blade+1","Power Through","Perfected Strike+1","Feed","Uppercut","Clothesline","Perfected Strike","Fiend Fire+1","Disarm+1","Anger","Uppercut+1","Carnage","Power Through","Heavy Blade","Blood for Blood+1","Heavy Blade+1","Perfected Strike+1","Ghostly Armor"],"relics":["Burning Blood","Bag of Marbles","Lantern","Lizard Tail","Self Forming Clay","PreservedInsect","Snecko Eye","Red Mask","MutagenicStrength","Letter Opener","War Paint","Gremlin Horn","Strawberry","Singing Bowl","Tiny House","Blood Vial","Orichalcum","Gambling Chip","Bag of Preparation"],"acts_visited":["Exordium","TheCity","TheBeyond"],"potions_floor_usage":[6,16,16,20,31,35,47,47,47,47,50,50],"damage_taken":[{"damage":1,"enemies":"Cultist","floor":1,"turns":4},{"damage":8,"enemies":"2 Louse","floor":3,"turns":2},{"damage":5,"enemies":"Small Slimes","floor":4,"turns":4},{"damage":36,"enemies":"3 Sentries","floor":6,"turns":9},{"damage":35,"enemies":"Lagavulin","floor":8,"turns":5},{"damage":8,"enemies":"2 Fungi Beasts","floor":10,"turns":4},{"damage":6,"enemies":"Gremlin Nob","floor":12,"turns":3},{"damage":4,"enemies":"Blue Slaver","floor":13,"turns":3},{"damage":34,"enemies":"Gremlin Gang","floor":14,"turns":4},{"damage":47,"enemies":"Hexaghost","floor":16,"turns":8},{"damage":5,"enemies":"Shell Parasite","floor":18,"turns":2},{"damage":51,"enemies":"Masked Bandits","floor":20,"turns":5},{"damage":6,"enemies":"Spheric Guardian","floor":22,"turns":3},{"damage":11,"enemies":"Slavers","floor":24,"turns":4},{"damage":7,"enemies":"Gremlin Leader","floor":29,"turns":2},{"damage":8,"enemies":"Cultist and Chosen","floor":31,"turns":2},{"damage":122,"enemies":"Champ","floor":33,"turns":9},{"damage":6,"enemies":"3 Darklings","floor":35,"turns":2},{"damage":16,"enemies":"3 Shapes","floor":36,"turns":2},{"damage":18,"enemies":"Nemesis","floor":41,"turns":5},{"damage":11,"enemies":"Transient","floor":44,"turns":5},{"damage":15,"enemies":"3 Darklings","floor":45,"turns":4},{"damage":57,"enemies":"Reptomancer","floor":47,"turns":3},{"damage":65,"enemies":"Time Eater","floor":50,"turns":5}],"seed_played":"566040874190989460","potions_obtained":[{"floor":3,"key":"Weak Potion"},{"floor":6,"key":"GamblersBrew"},{"floor":12,"key":"FearPotion"},{"floor":13,"key":"PowerPotion"},{"floor":16,"key":"BloodPotion"},{"floor":24,"key":"FearPotion"},{"floor":29,"key":"FearPotion"},{"floor":33,"key":"Explosive Potion"},{"floor":34,"key":"EntropicBrew"},{"floor":36,"key":"Dexterity Potion"},{"floor":47,"key":"LiquidMemories"}],"is_trial":false,"path_per_floor":["M","T","M","M","?","E","R","E","T","M","R","E","M","M","R","B",null,"M","?","?","?","M","R","E","$","T","R","$","E","R","M","R","B",null,"M","M","?","$","?","R","E","R","T","M","M","R","E","$","R","B"],"character_chosen":"IRONCLAD","items_purchased":["War Paint","Gremlin Horn","Uppercut","Clothesline","Blood Vial","Carnage","Ghostly Armor"],"campfire_rested":6,"item_purchase_floors":[25,25,25,28,38,38,48],"current_hp_per_floor":[77,77,75,76,81,51,76,47,47,45,70,70,72,44,69,28,71,72,72,44,44,44,69,64,64,71,71,71,70,70,70,70,19,80,80,70,70,70,70,70,60,89,89,86,79,79,30,30,59,0,0],"gold":42,"neow_bonus":"HUNDRED_GOLD","is_daily":false,"chose_seed":false,"campfire_upgraded":5,"win_rate":0.0,"timestamp":1611292197,"path_taken":["M","?","?","M","?","E","R","E","T","M","R","E","M","M","R","BOSS","M","?","?","?","M","R","E","?","T","R","$","E","R","M","R","BOSS","M","?","?","$","?","R","E","R","T","?","M","R","E","$","R","BOSS"],"items_purchased_type":["Relic","Relic","Card","Card","Relic","Card","Card"],"build_version":"2020-12-22","purchased_purges":1,"victory":false,"max_hp_per_floor":[80,80,80,80,85,85,85,85,85,85,85,85,85,85,85,85,85,85,85,85,85,85,85,85,85,92,92,92,92,92,94,94,94,99,99,99,99,99,99,99,99,99,99,99,99,99,99,99,99,99,99],"card_choices":[{"not_picked":["Pummel","Body Slam"],"picked":"Thunderclap","floor":1},{"not_picked":["Burning Pact","Berserk"],"picked":"Clothesline","floor":3},{"not_picked":["Second Wind","Warcry"],"picked":"Inflame","floor":4},{"not_picked":["True Grit","Flex"],"picked":"Perfected Strike","floor":6},{"not_picked":["Inflame","Pummel"],"picked":"Anger","floor":8},{"not_picked":["Armaments","Offering"],"picked":"Perfected Strike","floor":10},{"not_picked":["Perfected Strike","Headbutt"],"picked":"Shrug It Off","floor":12},{"not_picked":["Twin Strike","Shrug It Off"],"picked":"Anger","floor":13},{"not_picked":["Shrug It Off","Wild Strike"],"picked":"Headbutt","floor":14},{"not_picked":["Corruption","Offering"],"picked":"Double Tap","floor":16},{"not_picked":["Rage","Fire Breathing"],"picked":"Heavy Blade","floor":18},{"not_picked":["Wild Strike+1","True Grit"],"picked":"Power Through","floor":20},{"not_picked":["Clash","Warcry+1"],"picked":"Perfected Strike","floor":22},{"not_picked":["Shrug It Off","Evolve"],"picked":"Feed","floor":24},{"not_picked":["Clothesline","Armaments+1"],"picked":"Perfected Strike","floor":29},{"not_picked":["Thunderclap","Havoc+1","Second Wind"],"picked":"Singing Bowl","floor":31},{"not_picked":["Juggernaut","Double Tap"],"picked":"Fiend Fire","floor":33},{"not_picked":["Sentinel","Pommel Strike+1"],"picked":"Disarm+1","floor":34},{"not_picked":["Hemokinesis+1","True Grit+1"],"picked":"Anger","floor":35},{"not_picked":["Wild Strike","Metallicize"],"picked":"Uppercut+1","floor":36},{"not_picked":["Sever Soul","Seeing Red"],"picked":"Heavy Blade","floor":41},{"not_picked":["Battle Trance","Warcry"],"picked":"Blood for Blood+1","floor":44},{"not_picked":["Shrug It Off+1","Dual Wield+1"],"picked":"Heavy Blade","floor":45},{"not_picked":["Rupture","Sword Boomerang"],"picked":"Perfected Strike+1","floor":47}],"player_experience":438807,"relics_obtained":[{"floor":2,"key":"Bag of Marbles"},{"floor":6,"key":"Lantern"},{"floor":8,"key":"Lizard Tail"},{"floor":9,"key":"Self Forming Clay"},{"floor":12,"key":"PreservedInsect"},{"floor":20,"key":"Red Mask"},{"floor":24,"key":"Letter Opener"},{"floor":26,"key":"Strawberry"},{"floor":29,"key":"Singing Bowl"},{"floor":41,"key":"Orichalcum"},{"floor":43,"key":"Gambling Chip"},{"floor":47,"key":"Bag of Preparation"}],"event_choices":[{"damage_healed":0,"gold_gain":0,"player_choice":"Donut","damage_taken":0,"max_hp_gain":5,"max_hp_loss":0,"event_name":"Big Fish","floor":5,"gold_loss":0},{"damage_healed":0,"gold_gain":0,"player_choice":"Smashed Altar","damage_taken":0,"max_hp_gain":0,"max_hp_loss":0,"event_name":"Forgotten Altar","floor":19,"gold_loss":0,"cards_obtained":["Decay"]},{"damage_healed":0,"gold_gain":0,"player_choice":"Fought Bandits","damage_taken":0,"max_hp_gain":0,"max_hp_loss":0,"event_name":"Masked Bandits","floor":20,"gold_loss":0},{"damage_healed":0,"gold_gain":0,"player_choice":"Inject Mutagens","damage_taken":0,"relics_obtained":["MutagenicStrength"],"max_hp_gain":0,"max_hp_loss":0,"event_name":"Drug Dealer","floor":21,"gold_loss":0},{"cards_removed":["Defend_R"],"damage_healed":0,"gold_gain":0,"player_choice":"Removed Skill","damage_taken":0,"max_hp_gain":0,"max_hp_loss":0,"event_name":"Falling","floor":37,"gold_loss":0},{"damage_healed":0,"gold_gain":0,"cards_transformed":["Strike_R"],"player_choice":"Transformed","damage_taken":0,"max_hp_gain":0,"max_hp_loss":0,"event_name":"Transmorgrifier","floor":39,"gold_loss":0,"cards_obtained":["Power Through"]}],"is_beta":false,"boss_relics":[{"not_picked":["Velvet Choker","Sozu"],"picked":"Snecko Eye"},{"not_picked":["Runic Cube","Mark of Pain"],"picked":"Tiny House"}],"items_purged_floors":[25],"is_endless":false,"potions_floor_spawned":[3,6,12,13,16,24,29,33,36,47],"killed_by":"Time Eater","ascension_level":6}}