{"host":"80x1ozqd5wpd4nvo","time":1611352498,"event":{"mods":["2.2 Compatiblity","Aspiration","BaseMod","Better Altar","Better Match","Better Note","Better Sensory Stone","Better Skull","Better Third Choice","BetterRewards","Card Forge","Custom Start","DNKmod","Defuse TimeMaze Blight","Dota2Spire","Duelist Mod","Energized Spire","Friendly Minions","GifTheSpireLib","Hubris","Infinite Spire","Minty Spire (QoL Compilation)","Permanent Neow","Poor People Problems","Shop Mod","Spicy Shops","StS++","StSLib","The Blue Laboratory","??????REMEMod"],"gold_per_floor":[1220,1220,1232,1232,1250,1282,729,729,753,763,380,406,420,434,434,537,537,557,557,570,87,139,139,218,218,218,233,262,280,300,320,320,416,416,435,455,224,448,458,458,489,540,540,557,571,605,620,639,639,639,639,639,240,271,271],"floor_reached":56,"language":"ENG","playtime":3856,"items_purged":["theDuelist:AttackMetronome","theDuelist:Metronome"],"score":1810,"play_id":"decfc376-c29b-4fd6-8a1f-5204d6deaa04","local_time":"20210122225458","is_ascension_mode":true,"campfire_choices":[{"data":"theDuelist:PowerMetronome","floor":8,"key":"SMITH"},{"floor":15,"key":"REST"},{"floor":23,"key":"REST"},{"floor":32,"key":"REST"},{"data":"infinitespire:Collect","floor":40,"key":"SMITH"},{"floor":49,"key":"RECALL"},{"data":"theDuelist:TimeSeal","floor":52,"key":"SMITH"}],"circlet_count":0,"master_deck":["theDuelist:TidalMetronome","theDuelist:SpellcasterMetronome","theDuelist:PowerMetronome+1","theDuelist:UndeadMetronome","theDuelist:BlockMetronome","theDuelist:AttackMetronome","theDuelist:PowerMetronome+1","theDuelist:MachineMonsterMetronome","theDuelist:PotMetronome","theDuelist:PowerMetronome+1","theDuelist:OrbMetronome","theDuelist:MillenniumGolem","theDuelist:SkillMetronome","theDuelist:TrapMetronome","infinitespire:Gouge","theDuelist:PotMetronome","theDuelist:Metronome","theDuelist:GaiaMidNightSun","theDuelist:AttackMetronome","theDuelist:MegatypeMetronome","theDuelist:ArcaneMonsterMetronome","theDuelist:BlockMetronome","theDuelist:Nameless:War:SpiralSpearStrike","theDuelist:BlockMetronome","theDuelist:TrapMetronome","theDuelist:SolemnStrike","theDuelist:Raigeki+1","theDuelist:TrapMetronome+1","theDuelist:AttackTrapMetronome","theDuelist:PowerMetronome+1","theDuelist:CombatMetronome","theDuelist:AttackMetronome","infinitespire:Collect+1","theDuelist:BlockMetronome","theDuelist:UncommonAttackMetronome","theDuelist:TimeSeal+1","theDuelist:RareDragonMetronome","theDuelist:WyrmMetronome","theDuelist:SkillMetronome","Finesse","theDuelist:BattleFootballer","theDuelist:MillenniumShield","theDuelist:MagicCylinder+1","theDuelist:RarePowerMetronome+1","theDuelist:MaliciousMetronome","theDuelist:ArcaneMetronome","theDuelist:SummoningCurse","theDuelist:DarkFactory+1","theDuelist:ShiranuiMetronome+1","theDuelist:SolemnStrike","theDuelist:GiantSoldierSteel+1","hubris:StunningStrike"],"relics":["theDuelist:MillenniumPuzzle","theDuelist:CardPoolRelic","theDuelist:CardPoolBasicRelic","theDuelist:BoosterPackPoolRelic","theDuelist:CardPoolAddRelic","theDuelist:CardPoolMinusRelic","theDuelist:CardPoolSaveRelic","theDuelist:CardPoolOptionsRelic","Hammer of Thor","Seething Fire","Anvil of the Gods","REME_ComplimentaryCards","hubris:TenFootPole","theDuelist:ZoneToken","Frozen Egg 2","Mango","Happy Flower","MealTicket","theDuelist:DuelistOrichalcum","hubris:HollowSoul","Membership Card","StSpp:TwinEgg","infinitespire:Golems Mask","aspiration:DSix","Prayer Wheel","Dota2Spire:Satanic","hubris:PeanutButter","infinitespire:PuzzleCube","Du-Vu Doll","Dota2Spire:OrchidMalevolence","theDuelist:GamblerChip","theDuelist:WhiteBowlRelic","REME_CardOfGreed","infinitespire:Lucky Rock","StSpp:XCola","Dota2Spire:Mjollnir","Pocketwatch","theDuelist:MonsterEggRelic","Gambling Chip","infinitespire:Satchel","hubris:DisguiseKit","theDuelist:PointPass","hubris:CrystalStatue"],"acts_visited":["Exordium","TheCity","TheBeyond","TheEnding"],"potions_floor_usage":[12,12,20,20,28,45,48,50,54,55,55],"damage_taken":[{"damage":3,"enemies":"Jaw Worm","floor":1,"turns":2},{"damage":0,"enemies":"Cultist","floor":3,"turns":1},{"damage":0,"enemies":"Small Slimes","floor":5,"turns":1},{"damage":0,"enemies":"Lagavulin","floor":6,"turns":5},{"damage":13,"enemies":"Red Slaver","floor":10,"turns":2},{"damage":83,"enemies":"Gremlin Nob","floor":12,"turns":5},{"damage":0,"enemies":"Large Slime","floor":13,"turns":2},{"damage":0,"enemies":"Looter","floor":14,"turns":3},{"damage":31,"enemies":"The Guardian","floor":16,"turns":8},{"damage":8,"enemies":"Shell Parasite","floor":18,"turns":4},{"damage":56,"enemies":"2 Thieves","floor":20,"turns":4},{"damage":25,"enemies":"2 Thieves","floor":22,"turns":7},{"damage":0,"enemies":"Nightmare","floor":24,"turns":8},{"damage":0,"enemies":"Cultist and Chosen","floor":27,"turns":5},{"damage":0,"enemies":"Book of Stabbing","floor":28,"turns":3},{"damage":21,"enemies":"Shelled Parasite and Fungi","floor":29,"turns":4},{"damage":0,"enemies":"Snecko","floor":30,"turns":3},{"damage":0,"enemies":"3 Cultists","floor":31,"turns":3},{"damage":0,"enemies":"hubris:MusketHawk","floor":33,"turns":7},{"damage":21,"enemies":"3 Shapes","floor":35,"turns":3},{"damage":0,"enemies":"Orb Walker","floor":36,"turns":3},{"damage":6,"enemies":"4 Shapes","floor":39,"turns":3},{"damage":14,"enemies":"Reptomancer","floor":41,"turns":4},{"damage":0,"enemies":"Reptomancer","floor":42,"turns":4},{"damage":0,"enemies":"Maw","floor":44,"turns":5},{"damage":0,"enemies":"Transient","floor":45,"turns":5},{"damage":13,"enemies":"Nemesis","floor":46,"turns":3},{"damage":0,"enemies":"Jaw Worm Horde","floor":47,"turns":2},{"damage":0,"enemies":"Spire Growth","floor":48,"turns":3},{"damage":5,"enemies":"infinitespire:MassOfShapes","floor":50,"turns":5},{"damage":5,"enemies":"Shield and Spear","floor":54,"turns":5},{"damage":68,"enemies":"The Heart","floor":55,"turns":8}],"seed_played":"-5287809215497420266","potions_obtained":[{"floor":3,"key":"Dota2Spire:HealingSalve"},{"floor":5,"key":"theDuelist:CoolBottle"},{"floor":6,"key":"theDuelist:SealedPackC"},{"floor":14,"key":"Swift Potion"},{"floor":16,"key":"theDuelist:OrbBottle"},{"floor":18,"key":"Regen Potion"},{"floor":22,"key":"theDuelist:FusionPotion"},{"floor":24,"key":"SmokeBomb"},{"floor":31,"key":"theDuelist:ElectricBrew"},{"floor":41,"key":"theDuelist:MegaupgradePotion"},{"floor":47,"key":"theDuelist:MegaupgradePotion"},{"floor":48,"key":"REME_GoldPotion"},{"floor":54,"key":"theDuelist:CoolBottle"}],"is_trial":false,"path_per_floor":["M","?","M","?","M","E","$","R","T","M","$","E","M","M","R","B",null,"M","?","M","$","?","R","NM","AVR","T","M","E","M","M","M","R","B",null,"M","M","$","?","M","R","E","?","T","M","M","E","M","M","R","B",null,"R","$","E","B",null],"character_chosen":"THE_DUELIST","items_purchased":["theDuelist:ZoneToken","Frozen Egg 2","Mango","theDuelist:PowerMetronome+1","Finesse","MealTicket","Membership Card","StSpp:TwinEgg","infinitespire:Golems Mask","theDuelist:GaiaMidNightSun","theDuelist:WhiteBowlRelic","REME_CardOfGreed","Gambling Chip","theDuelist:SolemnStrike","infinitespire:Satchel","hubris:DisguiseKit","theDuelist:PointPass","Swift Potion","AttackPotion"],"campfire_rested":3,"item_purchase_floors":[7,7,7,11,11,11,21,21,21,21,37,37,53,53,53,53,53,53,53],"current_hp_per_floor":[97,97,97,87,87,87,101,101,101,88,88,14,14,14,48,17,90,82,82,38,53,28,62,62,62,62,68,68,47,47,47,81,81,104,83,83,98,98,92,92,78,78,78,78,78,65,65,65,65,78,94,94,99,94,26],"gold":271,"neow_bonus":"ONE_RANDOM_RARE_CARD","is_daily":false,"chose_seed":false,"campfire_upgraded":3,"win_rate":0.0,"timestamp":1611352498,"path_taken":["M","?","?","?","?","E","$","R","T","M","$","E","M","M","R","BOSS","M","?","M","$","?","R","NM","AVR","T","M","E","M","?","?","R","BOSS","M","M","$","?","?","R","E","?","T","?","M","E","M","M","R","BOSS","R","$","E","BOSS"],"items_purchased_type":["Relic","Relic","Relic","Card","Card","Relic","Relic","Relic","Relic","Card","Relic","Relic","Relic","Card","Relic","Relic","Relic","Potion","Potion"],"build_version":"2020-12-22","purchased_purges":2,"victory":true,"max_hp_per_floor":[100,100,100,100,100,100,114,114,114,114,114,114,114,114,114,114,114,114,114,114,114,114,114,114,114,114,114,114,114,114,114,114,111,111,108,105,105,105,102,102,99,99,99,99,99,99,99,99,99,99,99,99,99,99,99],"card_choices":[{"not_picked":["theDuelist:ZombieMetronome","theDuelist:UncommonMetronome","theDuelist:ThalassicMetronome","theDuelist:MagnetMetronome"],"picked":"theDuelist:MachineMonsterMetronome","floor":1},{"not_picked":["theDuelist:LabyrinthNightmareMetronome","theDuelist:PlantMetronome"],"picked":"theDuelist:PotMetronome","floor":1},{"not_picked":["theDuelist:UncommonSpireMetronome","theDuelist:SpiderMetronome","theDuelist:GemKnightMetronome","theDuelist:CyberMetronome"],"picked":"theDuelist:MegatypeMetronome","floor":3},{"not_picked":["theDuelist:StartingDeckMetronome","theDuelist:MachineMetronome"],"picked":"theDuelist:CombatMetronome","floor":3},{"not_picked":["theDuelist:SpellcasterMetronome","theDuelist:PlantMetronome","theDuelist:OverflowMetronome","theDuelist:AquaMetronome"],"picked":"theDuelist:SuperheavyMetronome","floor":5},{"not_picked":["theDuelist:GhostrickMetronome","theDuelist:OverflowMetronome"],"picked":"theDuelist:PotMetronome","floor":5},{"not_picked":["theDuelist:TokenMetronome","theDuelist:RockMetronome","theDuelist:MachineMonsterMetronome","theDuelist:FiendMetronome"],"picked":"theDuelist:WyrmMetronome","floor":6},{"not_picked":["theDuelist:DeskbotMetronome","theDuelist:NaturiaMetronome","theDuelist:CommonSpireMetronome"],"picked":"SKIP","floor":6},{"not_picked":["theDuelist:CombatMetronome","theDuelist:ArcaneMetronome"],"picked":"theDuelist:OrbMetronome","floor":10},{"not_picked":["theDuelist:GauntletWarrior","theDuelist:MillenniumGolem","theDuelist:GolemSentry","theDuelist:WormBarses","theDuelist:BigKoala"],"picked":"SKIP","floor":10},{"not_picked":["theDuelist:MagnetMetronome","theDuelist:SuperheavyMetronome"],"picked":"theDuelist:TidalMetronome","floor":12},{"not_picked":["theDuelist:RoseMetronome","theDuelist:Metronome","theDuelist:CyberMetronome","theDuelist:BugMetronome"],"picked":"theDuelist:PowerMetronome+1","floor":12},{"not_picked":["theDuelist:RareSkillMetronome","theDuelist:RarePowerMetronome+1","theDuelist:BugMetronome","theDuelist:AttackTrapMetronome"],"picked":"theDuelist:AncientMetronome","floor":13},{"not_picked":["theDuelist:WyrmMetronome","theDuelist:BlockMetronome"],"picked":"theDuelist:SpellcasterMetronome","floor":13},{"not_picked":["theDuelist:BattleOx","theDuelist:BigFire","theDuelist:Sangan","theDuelist:Blockman","theDuelist:Raigeki"],"picked":"SKIP","floor":14},{"not_picked":["theDuelist:PowerMetronome+1","theDuelist:StartingDeckMetronome","theDuelist:DinosaurMetronome"],"picked":"SKIP","floor":14},{"not_picked":["theDuelist:MagnetMetronome","theDuelist:MegatypeMetronome"],"picked":"theDuelist:UndeadMetronome","floor":16},{"not_picked":["theDuelist:BigFire","theDuelist:EarthquakeGiant","theDuelist:FuryFire","theDuelist:ForbiddenLance"],"picked":"theDuelist:SolemnStrike","floor":18},{"not_picked":["theDuelist:ThalassicMetronome+1","theDuelist:SpellcasterMetronome","theDuelist:InsectMetronome+1"],"picked":"SKIP","floor":18},{"not_picked":["theDuelist:StartingDeckMetronome","theDuelist:RockMetronome","theDuelist:MegatypeMetronome","theDuelist:GemKnightMetronome+1","theDuelist:DeskbotMetronome"],"picked":"SKIP","floor":20},{"not_picked":["theDuelist:Metronome","theDuelist:PelagicMetronome+1","theDuelist:TidalMetronome"],"picked":"SKIP","floor":20},{"not_picked":["theDuelist:StartingDeckMetronome","theDuelist:RockMetronome","theDuelist:MegatypeMetronome","theDuelist:GemKnightMetronome+1","theDuelist:DeskbotMetronome"],"picked":"SKIP","floor":20},{"not_picked":["theDuelist:Metronome","theDuelist:PelagicMetronome+1","theDuelist:TidalMetronome"],"picked":"SKIP","floor":20},{"not_picked":["theDuelist:GauntletWarrior","theDuelist:AttackTheMoon","theDuelist:WormApocalypse","theDuelist:WeepingIdol"],"picked":"theDuelist:MagicHoleGolem","floor":22},{"not_picked":["theDuelist:BattleOx","theDuelist:DestroyerGolem+1","theDuelist:AttackTheMoon+1","theDuelist:PurplePainOni"],"picked":"theDuelist:TimeSeal","floor":24},{"not_picked":["theDuelist:EvilswarmHeliotrope","theDuelist:FuryFire","theDuelist:HarpieFeather","theDuelist:Wiseman","theDuelist:BigEye"],"picked":"SKIP","floor":24},{"not_picked":["theDuelist:RockMetronome","theDuelist:UncommonAttackMetronome","theDuelist:TokenMetronome"],"picked":"SKIP","floor":24},{"not_picked":["theDuelist:EvilswarmHeliotrope","theDuelist:FuryFire","theDuelist:HarpieFeather","theDuelist:Wiseman","theDuelist:BigEye"],"picked":"SKIP","floor":24},{"not_picked":["theDuelist:RockMetronome","theDuelist:UncommonAttackMetronome","theDuelist:TokenMetronome"],"picked":"SKIP","floor":24},{"not_picked":["theDuelist:GaiaMidNightSun","theDuelist:GraniteLoyalist","theDuelist:WormKing","theDuelist:BigFire+1"],"picked":"theDuelist:MillenniumGolem","floor":27},{"not_picked":["theDuelist:ThalassicMetronome","theDuelist:RockMetronome"],"picked":"theDuelist:ArcaneMonsterMetronome","floor":27},{"not_picked":["theDuelist:BattleOx","theDuelist:DestroyerGolem+1","theDuelist:EarthquakeGiant","theDuelist:MillenniumGolem","theDuelist:WormKing+1"],"picked":"SKIP","floor":27},{"not_picked":["theDuelist:UncommonAttackMetronome","theDuelist:PotMetronome+1","theDuelist:UndeadMetronome"],"picked":"SKIP","floor":27},{"not_picked":["theDuelist:WormKing+1","theDuelist:BigEye","theDuelist:YamiForm+1","theDuelist:YellowBelliedOni+1"],"picked":"theDuelist:Raigeki+1","floor":28},{"not_picked":["theDuelist:BattleguardKing","theDuelist:AttackTheMoon","theDuelist:Wiseman","theDuelist:EarthEffigy+1"],"picked":"theDuelist:BattleFootballer","floor":28},{"not_picked":["theDuelist:RareMetronome","theDuelist:ZombieMetronome","theDuelist:SpellMetronome"],"picked":"SKIP","floor":28},{"not_picked":["theDuelist:SuperheavyMetronome+1","theDuelist:RareSkillMetronome+1","theDuelist:PowerMetronome+1","theDuelist:LegendBlueEyesMetronome"],"picked":"theDuelist:AttackTrapMetronome","floor":29},{"not_picked":["theDuelist:SpireMetronome+1","theDuelist:RareNatureMetronome","theDuelist:PelagicMetronome+1","theDuelist:NaturiaMetronome","theDuelist:BugMetronome"],"picked":"SKIP","floor":29},{"not_picked":["theDuelist:CyberMetronome","theDuelist:OverflowMetronome","theDuelist:UncommonMonsterMetronome+1"],"picked":"SKIP","floor":29},{"not_picked":["theDuelist:DinosaurMetronome","theDuelist:PelagicMetronome","theDuelist:PotMetronome"],"picked":"SKIP","floor":29},{"not_picked":["theDuelist:GaiaMidNightSun","theDuelist:ClearKuriboh","theDuelist:FuryFire+1","theDuelist:EvilswarmHeliotrope","theDuelist:GauntletWarrior"],"picked":"SKIP","floor":30},{"not_picked":["theDuelist:AttackTheMoon","theDuelist:ForbiddenLance+1","theDuelist:FuryFire+1","theDuelist:Sangan","theDuelist:SolemnStrike"],"picked":"SKIP","floor":30},{"not_picked":["theDuelist:SpellMetronome","theDuelist:CyberMetronome","theDuelist:RockMetronome+1"],"picked":"SKIP","floor":30},{"not_picked":["theDuelist:LabyrinthNightmareMetronome","theDuelist:PotMetronome","theDuelist:MaliciousMetronome"],"picked":"SKIP","floor":30},{"not_picked":["theDuelist:UncommonSpireMetronome","theDuelist:UncommonMonsterMetronome","theDuelist:RoseMetronome","theDuelist:GhostrickMetronome"],"picked":"theDuelist:TrapMetronome+1","floor":31},{"not_picked":["theDuelist:AquaMetronome+1","theDuelist:SpellcasterMetronome"],"picked":"theDuelist:PowerMetronome+1","floor":31},{"not_picked":["theDuelist:InsectMetronome","theDuelist:AncientMetronome+1"],"picked":"theDuelist:TrapMetronome","floor":31},{"not_picked":["theDuelist:UndeadMetronome","theDuelist:RareDragonMetronome","theDuelist:MonsterMetronome","theDuelist:LegendBlueEyesMetronome","theDuelist:InsectMetronome+1"],"picked":"SKIP","floor":31},{"not_picked":["theDuelist:ClearKuriboh+1","theDuelist:GemArmadillo+1","theDuelist:MagicCylinder+1","theDuelist:YellowBelliedOni+1"],"picked":"theDuelist:MillenniumShield","floor":33},{"not_picked":["theDuelist:WormWarlord","theDuelist:GemElephant+1","theDuelist:MillenniumShield","theDuelist:YamiForm+1"],"picked":"theDuelist:MagicCylinder+1","floor":33},{"not_picked":["theDuelist:RareMetronome","theDuelist:UndeadMetronome"],"picked":"theDuelist:RarePowerMetronome+1","floor":33},{"not_picked":["theDuelist:NaturiaMetronome","theDuelist:SpireMetronome+1"],"picked":"theDuelist:MaliciousMetronome","floor":35},{"not_picked":["theDuelist:BattleOx","theDuelist:BigFire","theDuelist:EvilswarmHeliotrope","theDuelist:MillenniumGolem+1","theDuelist:Raigeki"],"picked":"SKIP","floor":35},{"not_picked":["theDuelist:GauntletWarrior+1","theDuelist:MillenniumGolem","theDuelist:GraniteLoyalist","theDuelist:Sangan+1","theDuelist:SolemnStrike"],"picked":"SKIP","floor":35},{"not_picked":["theDuelist:BlockSpellMetronome","theDuelist:OverflowMetronome+1","theDuelist:DinosaurMetronome"],"picked":"SKIP","floor":35},{"not_picked":["theDuelist:BattleOx","theDuelist:BigFire","theDuelist:EvilswarmHeliotrope","theDuelist:MillenniumGolem+1","theDuelist:Raigeki"],"picked":"SKIP","floor":35},{"not_picked":["theDuelist:GauntletWarrior+1","theDuelist:MillenniumGolem","theDuelist:GraniteLoyalist","theDuelist:Sangan+1","theDuelist:SolemnStrike"],"picked":"SKIP","floor":35},{"not_picked":["theDuelist:BlockSpellMetronome","theDuelist:OverflowMetronome+1","theDuelist:DinosaurMetronome"],"picked":"SKIP","floor":35},{"not_picked":["theDuelist:InsectMetronome+1","theDuelist:BlockMetronome+1"],"picked":"theDuelist:ArcaneMetronome","floor":36},{"not_picked":["theDuelist:EvilswarmHeliotrope","theDuelist:MillenniumGolem+1","theDuelist:ClearKuriboh","theDuelist:WormWarlord+1","theDuelist:FuryFire+2"],"picked":"SKIP","floor":36},{"not_picked":["theDuelist:GraniteLoyalist+1","theDuelist:WormWarlord","theDuelist:GolemSentry+1","theDuelist:HaneHane","theDuelist:EarthGiant+1"],"picked":"SKIP","floor":36},{"not_picked":["theDuelist:ArcaneSpellMetronome","theDuelist:DeskbotMetronome+1","theDuelist:SpireMetronome"],"picked":"SKIP","floor":36},{"not_picked":["theDuelist:WyrmMetronome+1","theDuelist:VampireMetronome+1","theDuelist:TokenMetronome+1","theDuelist:PlantMetronome+1","theDuelist:MachineMetronome+1"],"picked":"SKIP","floor":39},{"not_picked":["theDuelist:DestroyerGolem+1","theDuelist:MillenniumGolem","theDuelist:GraniteLoyalist","theDuelist:GaiaMidNightSun+1","theDuelist:Sangan"],"picked":"SKIP","floor":39},{"not_picked":["theDuelist:StartingDeckMetronome+1","theDuelist:RockMetronome+1","theDuelist:MetalRaidersMetronome"],"picked":"SKIP","floor":39},{"not_picked":["theDuelist:TrapMetronome","theDuelist:SpiderMetronome","theDuelist:CyberMetronome+1"],"picked":"SKIP","floor":39},{"not_picked":["theDuelist:EvilswarmHeliotrope+1","theDuelist:GaiaMidNightSun+1","theDuelist:BigKoala","theDuelist:TimeSeal","theDuelist:GemArmadillo+1"],"picked":"SKIP","floor":41},{"not_picked":["theDuelist:WyrmMetronome","theDuelist:UndeadMetronome","theDuelist:SpiderMetronome+1","theDuelist:RareSpireMetronome","theDuelist:RareDragonMetronome"],"picked":"SKIP","floor":41},{"not_picked":["theDuelist:PredaplantMetronome","theDuelist:StartingDeckMetronome","theDuelist:RareSkillMetronome"],"picked":"SKIP","floor":41},{"not_picked":["theDuelist:DestroyerGolem","theDuelist:AttackTheMoon+1","theDuelist:HaneHane+1","theDuelist:BigEye+1"],"picked":"theDuelist:DarkFactory+1","floor":44},{"not_picked":["theDuelist:GaiaMidNightSun+1","theDuelist:ClearKuriboh","theDuelist:GraniteLoyalist+1","theDuelist:Blockman","theDuelist:GauntletWarrior+1"],"picked":"SKIP","floor":44},{"not_picked":["theDuelist:SkillMetronome","theDuelist:MonsterMetronome","theDuelist:RareSkillMetronome"],"picked":"SKIP","floor":44},{"not_picked":["theDuelist:PelagicMetronome+1","theDuelist:ArcaneMonsterMetronome+1","theDuelist:MachineMetronome"],"picked":"SKIP","floor":44},{"not_picked":["theDuelist:TokenMetronome","theDuelist:SpellMetronome","theDuelist:RareDragonMetronome","theDuelist:MegatypeMetronome"],"picked":"theDuelist:ShiranuiMetronome+1","floor":45},{"not_picked":["theDuelist:WarriorMetronome+1","theDuelist:SpiderMetronome","theDuelist:ShiranuiMetronome+1","theDuelist:LegendBlueEyesMetronome","theDuelist:ArcaneSpellMetronome"],"picked":"SKIP","floor":45},{"not_picked":["theDuelist:ArcaneMonsterMetronome","theDuelist:UncommonAttackMetronome","theDuelist:BugMetronome+1"],"picked":"SKIP","floor":45},{"not_picked":["theDuelist:DinosaurMetronome","theDuelist:SkillMetronome+1","theDuelist:PotMetronome+1"],"picked":"SKIP","floor":45},{"not_picked":["theDuelist:ThalassicMetronome","theDuelist:RareBlockMetronome","theDuelist:FieldMetronome+1","theDuelist:AttackTrapMetronome+1","theDuelist:AquaMetronome"],"picked":"SKIP","floor":46},{"not_picked":["theDuelist:Blockman+1","theDuelist:GaiaMidNightSun","theDuelist:GauntletWarrior+1","theDuelist:ForbiddenLance","theDuelist:Raigeki+1"],"picked":"SKIP","floor":46},{"not_picked":["theDuelist:BugMetronome","theDuelist:ThalassicMetronome","theDuelist:StartingDeckMetronome+1"],"picked":"SKIP","floor":46},{"not_picked":["theDuelist:ThalassicMetronome","theDuelist:RareBlockMetronome","theDuelist:FieldMetronome+1","theDuelist:AttackTrapMetronome+1","theDuelist:AquaMetronome"],"picked":"SKIP","floor":46},{"not_picked":["theDuelist:Blockman+1","theDuelist:GaiaMidNightSun","theDuelist:GauntletWarrior+1","theDuelist:ForbiddenLance","theDuelist:Raigeki+1"],"picked":"SKIP","floor":46},{"not_picked":["theDuelist:BugMetronome","theDuelist:ThalassicMetronome","theDuelist:StartingDeckMetronome+1"],"picked":"SKIP","floor":46},{"not_picked":["theDuelist:SpellMetronome+1","theDuelist:VampireMetronome+1"],"picked":"theDuelist:ArcaneMetronome+1","floor":47},{"not_picked":["theDuelist:SpellMetronome","theDuelist:RareNatureMetronome","theDuelist:Metronome","theDuelist:MachineMonsterMetronome+1","theDuelist:LegendBlueEyesMetronome"],"picked":"SKIP","floor":47},{"not_picked":["theDuelist:BattleguardKing","theDuelist:GauntletWarrior+1","theDuelist:PreventRat","theDuelist:WormBarses","theDuelist:DarkFactory+1"],"picked":"SKIP","floor":47},{"not_picked":["theDuelist:RareAttackMetronome","theDuelist:WyrmMetronome+1","theDuelist:WarriorMetronome"],"picked":"SKIP","floor":47},{"not_picked":["theDuelist:BattleOx+1","theDuelist:MillenniumShield","theDuelist:ForbiddenLance+1","theDuelist:Raigeki"],"picked":"theDuelist:RedMedicine+1","floor":48},{"not_picked":["theDuelist:GauntletWarrior+1","theDuelist:AttackTheMoon+1","theDuelist:GreenGraveOni","theDuelist:DestructPotion","theDuelist:GolemSentry"],"picked":"SKIP","floor":48},{"not_picked":["theDuelist:LabyrinthNightmareMetronome","theDuelist:OjamaMetronome+1","theDuelist:ZombieMetronome"],"picked":"SKIP","floor":48},{"not_picked":["theDuelist:TokenMetronome+1","theDuelist:TrapMetronome+1","theDuelist:AttackTrapMetronome+1"],"picked":"SKIP","floor":48},{"not_picked":["theDuelist:BattleguardKing+1","theDuelist:GauntletWarrior+1","theDuelist:GolemSentry+1","theDuelist:EarthquakeGiant+1"],"picked":"theDuelist:GiantSoldierSteel+1","floor":54},{"not_picked":["theDuelist:CombatMetronome+1","theDuelist:OjamaMetronome","theDuelist:WarriorMetronome"],"picked":"hubris:StunningStrike","floor":54},{"not_picked":["theDuelist:SuperheavyMetronome+1","theDuelist:StartingDeckMetronome+1","theDuelist:RareMonsterMetronome+1","theDuelist:MagnetMetronome+1","theDuelist:InsectMetronome+1"],"picked":"SKIP","floor":54}],"player_experience":390457,"relics_obtained":[{"floor":6,"key":"hubris:TenFootPole"},{"floor":9,"key":"Happy Flower"},{"floor":12,"key":"theDuelist:DuelistOrichalcum"},{"floor":22,"key":"aspiration:DSix"},{"floor":22,"key":"Prayer Wheel"},{"floor":22,"key":"Dota2Spire:Satanic"},{"floor":24,"key":"hubris:PeanutButter"},{"floor":26,"key":"Du-Vu Doll"},{"floor":28,"key":"Dota2Spire:OrchidMalevolence"},{"floor":41,"key":"infinitespire:Lucky Rock"},{"floor":42,"key":"StSpp:XCola"},{"floor":42,"key":"Dota2Spire:Mjollnir"},{"floor":42,"key":"Pocketwatch"},{"floor":46,"key":"theDuelist:MonsterEggRelic"},{"floor":54,"key":"hubris:CrystalStatue"}],"event_choices":[{"damage_healed":0,"gold_gain":0,"player_choice":"Leave","duelist":true,"damage_taken":0,"max_hp_gain":0,"max_hp_loss":0,"event_name":"Relic Duplicator","floor":2,"gold_loss":0},{"damage_healed":0,"gold_gain":0,"player_choice":"Damaged","damage_taken":10,"max_hp_gain":0,"max_hp_loss":0,"event_name":"Wheel of Change","floor":4,"gold_loss":0},{"damage_healed":0,"gold_gain":0,"player_choice":"Traded Ancient Metronome for Spiral Spear Strike","duelist":true,"damage_taken":0,"max_hp_gain":0,"max_hp_loss":0,"event_name":"Card Trader","floor":19,"gold_loss":0},{"damage_healed":0,"gold_gain":0,"player_choice":"Fight","duelist":true,"damage_taken":0,"max_hp_gain":0,"max_hp_loss":0,"event_name":"Battle City","floor":22,"gold_loss":0},{"damage_healed":0,"gold_gain":0,"player_choice":"Enrich - 2x gold","duelist":true,"damage_taken":0,"max_hp_gain":0,"max_hp_loss":0,"event_name":"Aknamkanon\u0027s Tomb","floor":38,"gold_loss":0},{"damage_healed":0,"gold_gain":0,"player_choice":"Fight","duelist":true,"damage_taken":0,"max_hp_gain":0,"max_hp_loss":0,"event_name":"Battle City","floor":42,"gold_loss":0}],"is_beta":false,"boss_relics":[{"not_picked":["Sozu","energizedSpire:RedRose"],"picked":"hubris:HollowSoul"},{"not_picked":["aspiration:RitualDagger","theDuelist:HauntedRelic"],"picked":"theDuelist:GamblerChip"}],"items_purged_floors":[7,53],"is_endless":false,"potions_floor_spawned":[3,5,6,14,16,18,22,24,31,36,41,42,47,48,54],"ascension_level":5}}