{"host":"17eltwdkyvydzbrm","time":1611301727,"event":{"mods":["BaseMod","Better Vampires","Dota2Spire","Downfall","Minty Spire (QoL Compilation)","Robot Space Explorer","StSLib","noobMod"],"gold_per_floor":[99,109,123,123,133,133,209,7,7,40,53,38,72,87,103,204,204,204,217,237,251,11,40,40,40,54,54,79,93,93,193,209,310,310,310,327,347,70,107,136,136,155,155,169,199,17,36,70,89,89],"floor_reached":51,"language":"ZHS","playtime":5034,"items_purged":[],"score":993,"play_id":"69f6e7fe-1474-4f74-be7a-7b591a3c042a","local_time":"20210122154847","is_ascension_mode":false,"campfire_choices":[{"data":"Slimebound:CorrosiveSpit","floor":1,"key":"SMITH"},{"data":"Slimebound:OneTwoCombo","floor":9,"key":"SMITH"},{"data":"Slimebound:MassRepurpose","floor":18,"key":"SMITH"},{"data":"Pride","floor":27,"key":"PURGE"},{"data":"downfall:Bewildered","floor":35,"key":"PURGE"}],"circlet_count":0,"master_deck":["Slimebound:Strike_Slimebound","Slimebound:Strike_Slimebound","Slimebound:Tackle","Slimebound:Defend_Slimebound","Slimebound:Defend_Slimebound","Slimebound:Split","Slimebound:CorrosiveSpit+1","Slimebound:Dissolve","Slimebound:Prepare","Slimebound:SlimeSpikes","Slimebound:OneTwoCombo+1","Slimebound:SplitMire","expansioncontent:InvincibleStrength","Slimebound:RejuvenatingLick","Slimebound:Schlurp","Slimebound:AcidTongue","Slimebound:RainOfGoop","Slimebound:LivingWall","Slimebound:LevelUp","Slimebound:SplitBruiser","Slimebound:MassRepurpose+1","Slimebound:SplitAcid","Slimebound:AcidTongue+1","Slimebound:RollThrough","Slimebound:Teamwork","expansioncontent:StudyTheSpire","Slimebound:ProtectTheBoss+1","Slimebound:SplitLeeching+1","Slimebound:Replication","Slimebound:LeechEnergy+1","Slimebound:SlimeBrawl","HandOfGreed","Slimebound:SamplingLick","Slimebound:SpikyOuterGoop+1","Slimebound:PrepareCrush","Slimebound:MegaLick","Slimebound:Gluttony+1","Slimebound:LeadByExample+1","Slimebound:LivingWall","expansioncontent:StudyTheSpire","Slimebound:GoopSpray+1","Slimebound:FinishingTackle+1","Slimebound:RainOfGoop","Slimebound:TongueLash","Slimebound:SlimeTap+1","expansioncontent:DashGenerateEvil","Slimebound:Repurpose","Panacea","Slimebound:RollThrough+1","Slimebound:SlimeSlap","Slimebound:HauntingLick"],"relics":["Slimebound:AbsorbEndCombat","ice","Blue Candle","Pantograph","Slimebound:MaxSlimesRelic","Dota2Spire:BladeMail","bronze:MakeshiftBattery","Peace Pipe","Mummified Hand","Strawberry","Eternal Feather","sneckomod:BabySnecko","MutagenicStrength","Dota2Spire:RefresherOrb","Kunai","Membership Card","Dota2Spire:PhaseBoots","Blood Vial","Dota2Spire:MagicBottle","Dota2Spire:CrimsonGuard"],"acts_visited":["Exordium","TheCity","TheBeyond"],"potions_floor_usage":[13,13,22,23,23,28,33,33,36,47,50,50],"damage_taken":[{"damage":3,"enemies":"Small Slimes","floor":2,"turns":3},{"damage":5,"enemies":"2 Louse","floor":3,"turns":2},{"damage":6,"enemies":"Jaw Worm","floor":5,"turns":3},{"damage":4,"enemies":"downfall:FleeingMerchant","floor":8,"turns":4},{"damage":14,"enemies":"Lagavulin","floor":10,"turns":5},{"damage":0,"enemies":"Large Slime","floor":11,"turns":5},{"damage":2,"enemies":"downfall:FleeingMerchant","floor":12,"turns":4},{"damage":22,"enemies":"3 Sentries","floor":13,"turns":6},{"damage":6,"enemies":"2 Fungi Beasts","floor":14,"turns":4},{"damage":18,"enemies":"Exordium Thugs","floor":15,"turns":5},{"damage":8,"enemies":"SI_SHIV_ARCHETYPE","floor":16,"turns":5},{"damage":7,"enemies":"Spheric Guardian","floor":19,"turns":4},{"damage":17,"enemies":"3 Byrds","floor":20,"turns":3},{"damage":0,"enemies":"Snecko","floor":21,"turns":4},{"damage":17,"enemies":"downfall:FleeingMerchant","floor":22,"turns":4},{"damage":57,"enemies":"Slavers","floor":23,"turns":6},{"damage":21,"enemies":"Sentry and Sphere","floor":26,"turns":4},{"damage":10,"enemies":"Gremlin Leader","floor":28,"turns":5},{"damage":14,"enemies":"Centurion and Healer","floor":29,"turns":6},{"damage":1,"enemies":"downfall:Augmenter","floor":31,"turns":5},{"damage":0,"enemies":"Snecko","floor":32,"turns":4},{"damage":0,"enemies":"WA_ARCHETYPE_CALM","floor":33,"turns":5},{"damage":18,"enemies":"3 Shapes","floor":36,"turns":4},{"damage":0,"enemies":"Orb Walker","floor":37,"turns":4},{"damage":0,"enemies":"downfall:FleeingMerchant","floor":38,"turns":1},{"damage":4,"enemies":"3 Darklings","floor":39,"turns":5},{"damage":19,"enemies":"Reptomancer","floor":40,"turns":5},{"damage":0,"enemies":"Spire Growth","floor":42,"turns":2},{"damage":10,"enemies":"4 Shapes","floor":44,"turns":4},{"damage":0,"enemies":"Giant Head","floor":45,"turns":5},{"damage":0,"enemies":"Transient","floor":47,"turns":5},{"damage":9,"enemies":"Reptomancer","floor":48,"turns":5},{"damage":0,"enemies":"3 Darklings","floor":49,"turns":3},{"damage":52,"enemies":"DF_ARCHETYPE_ORBS","floor":50,"turns":5}],"seed_played":"833778640924311501","potions_obtained":[{"floor":2,"key":"AttackPotion"},{"floor":5,"key":"EntropicBrew"},{"floor":10,"key":"FearPotion"},{"floor":15,"key":"GamblersBrew"},{"floor":21,"key":"LiquidBronze"},{"floor":23,"key":"SteroidPotion"},{"floor":26,"key":"SteroidPotion"},{"floor":28,"key":"Block Potion"},{"floor":40,"key":"DistilledChaos"},{"floor":47,"key":"Fire Potion"}],"is_trial":false,"path_per_floor":["R","M","M","?","M","?","T","$","R","E","M","$","E","M","M","B",null,"R","M","M","M","$","E","T","?","M","R","E","M","?","?","M","B",null,"R","M","M","$","M","E","T","M","?","M","E","$","M","E","M","B",null],"character_chosen":"SLIMEBOUND","items_purchased":["Slimebound:SplitMire","expansioncontent:InvincibleStrength","Slimebound:RejuvenatingLick","expansioncontent:StudyTheSpire","Fire Potion","Slimebound:LivingWall","expansioncontent:StudyTheSpire","Kunai","Membership Card","expansioncontent:DashGenerateEvil","Slimebound:Repurpose","Panacea"],"campfire_rested":0,"item_purchase_floors":[8,8,8,22,22,38,38,38,38,46,46,46],"current_hp_per_floor":[71,68,65,65,61,56,56,58,58,52,60,66,52,50,38,59,71,71,64,53,59,50,71,71,78,59,59,55,49,49,52,58,85,102,102,88,90,90,94,83,83,89,89,89,99,99,109,110,120,106],"gold":89,"neow_bonus":"TEN_PERCENT_HP_BONUS","is_daily":false,"chose_seed":false,"campfire_upgraded":3,"win_rate":0.0,"timestamp":1611301727,"path_taken":["R","M","M","?","M","?","T","$","R","E","M","?","E","M","M","BOSS","R","M","M","M","$","E","T","?","M","R","E","M","?","?","M","BOSS","R","M","M","$","M","E","T","M","?","M","E","$","M","E","M","BOSS"],"items_purchased_type":["Card","Card","Card","Card","Potion","Card","Card","Relic","Relic","Card","Card","Card"],"build_version":"2020-12-22","purchased_purges":0,"victory":true,"max_hp_per_floor":[71,71,71,71,71,71,71,71,71,71,71,71,71,71,71,71,71,71,71,71,71,71,71,71,78,82,82,89,93,93,97,99,102,102,102,106,109,109,118,128,128,128,128,133,135,135,140,146,150,159],"card_choices":[{"not_picked":["Slimebound:TongueLash","Slimebound:SlimeBarrage"],"picked":"Slimebound:Dissolve","floor":2},{"not_picked":["Slimebound:SlimeTap","Slimebound:Dissolve"],"picked":"Slimebound:Prepare","floor":3},{"not_picked":["Slimebound:Replication","Slimebound:Gluttony"],"picked":"Slimebound:SlimeSpikes","floor":5},{"not_picked":["Slimebound:PressTheAttack","Slimebound:Prepare"],"picked":"Slimebound:OneTwoCombo","floor":8},{"not_picked":["Slimebound:SlimeTap","Slimebound:HauntingLick"],"picked":"Slimebound:Schlurp","floor":10},{"not_picked":["Slimebound:Equalize","Slimebound:Prepare"],"picked":"Slimebound:AcidTongue","floor":11},{"not_picked":["Slimebound:SplitMire","Slimebound:MegaLick"],"picked":"Slimebound:RainOfGoop","floor":12},{"not_picked":["Slimebound:SelfFormingGoo","Slimebound:Schlurp"],"picked":"Slimebound:LivingWall","floor":13},{"not_picked":["Slimebound:HauntingLick","Slimebound:ViciousTackle"],"picked":"Slimebound:LevelUp","floor":14},{"not_picked":["Slimebound:ComboTackle","Slimebound:RejuvenatingLick"],"picked":"Slimebound:SplitBruiser","floor":15},{"not_picked":["Slimebound:DouseInSlime","Slimebound:Teamwork"],"picked":"Slimebound:MassRepurpose","floor":16},{"not_picked":["Slimebound:ItLooksTasty","Slimebound:Chomp"],"picked":"Slimebound:SplitAcid","floor":19},{"not_picked":["Slimebound:LivingWall","Slimebound:LeechingTouch"],"picked":"Slimebound:AcidTongue+1","floor":20},{"not_picked":["Slimebound:ViciousTackle","Slimebound:GoopTackle"],"picked":"Slimebound:RollThrough","floor":21},{"not_picked":["Slimebound:SlimeSpikes","Slimebound:AcidTongue"],"picked":"Slimebound:Teamwork","floor":22},{"not_picked":["Slimebound:Chomp","Slimebound:FinishingTackle+1"],"picked":"Slimebound:ProtectTheBoss+1","floor":23},{"not_picked":["Slimebound:Grow","Slimebound:GoopTackle+1"],"picked":"Slimebound:SplitLeeching+1","floor":26},{"not_picked":["Slimebound:SplitBruiser","Slimebound:FinishingTackle"],"picked":"Slimebound:Replication","floor":28},{"not_picked":["Slimebound:Equalize","Slimebound:SplitBruiser+1"],"picked":"Slimebound:LeechEnergy+1","floor":29},{"not_picked":[],"picked":"J.A.X.","floor":31},{"not_picked":["Slimebound:FinishingTackle","Slimebound:Teamwork"],"picked":"Slimebound:SamplingLick","floor":31},{"not_picked":["Slimebound:SplitBruiser","Slimebound:SlimeBrawl"],"picked":"Slimebound:SpikyOuterGoop+1","floor":32},{"not_picked":["Slimebound:OozeBath","Slimebound:DouseInSlime"],"picked":"Slimebound:PrepareCrush","floor":33},{"not_picked":["Slimebound:ComboTackle","Slimebound:LeadByExample+1"],"picked":"Slimebound:MegaLick","floor":36},{"not_picked":["Slimebound:ItLooksTasty+1","Slimebound:SplitBruiser"],"picked":"Slimebound:Gluttony+1","floor":37},{"not_picked":["Slimebound:TongueLash+1","Slimebound:SplitAcid+1"],"picked":"Slimebound:LeadByExample+1","floor":38},{"not_picked":["Slimebound:ItLooksTasty+1","Slimebound:LeechEnergy"],"picked":"Slimebound:GoopSpray+1","floor":39},{"not_picked":["Slimebound:SplitBruiser","Slimebound:LeadByExample"],"picked":"Slimebound:FinishingTackle+1","floor":40},{"not_picked":["Slimebound:Dissolve+1","Slimebound:Grow+1"],"picked":"Slimebound:RainOfGoop","floor":42},{"not_picked":["Slimebound:LivingWall","Slimebound:LeechEnergy"],"picked":"Slimebound:TongueLash","floor":44},{"not_picked":["Slimebound:GrowthPunch","Slimebound:MegaLick"],"picked":"Slimebound:SlimeTap+1","floor":45},{"not_picked":["Slimebound:SplitBruiser+1","Slimebound:LivingWall"],"picked":"Slimebound:RollThrough+1","floor":47},{"not_picked":["Slimebound:WasteNot","Slimebound:ViciousTackle"],"picked":"Slimebound:SlimeSlap","floor":48},{"not_picked":["Slimebound:LivingWall","Slimebound:SplitBruiser+1"],"picked":"Slimebound:HauntingLick","floor":49}],"player_experience":7999,"relics_obtained":[{"floor":7,"key":"Pantograph"},{"floor":10,"key":"Slimebound:MaxSlimesRelic"},{"floor":13,"key":"Dota2Spire:BladeMail"},{"floor":23,"key":"Peace Pipe"},{"floor":24,"key":"Mummified Hand"},{"floor":28,"key":"Eternal Feather"},{"floor":31,"key":"MutagenicStrength"},{"floor":40,"key":"Dota2Spire:PhaseBoots"},{"floor":41,"key":"Blood Vial"},{"floor":45,"key":"Dota2Spire:MagicBottle"},{"floor":48,"key":"Dota2Spire:CrimsonGuard"}],"event_choices":[{"cards_removed":["Slimebound:Defend_Slimebound"],"damage_healed":0,"gold_gain":0,"player_choice":"Card Removal","damage_taken":0,"max_hp_gain":0,"max_hp_loss":0,"event_name":"The Cleric","floor":4,"gold_loss":0},{"damage_healed":0,"gold_gain":0,"player_choice":"Stole Relic","damage_taken":0,"relics_obtained":["Strawberry"],"max_hp_gain":0,"max_hp_loss":0,"event_name":"Addict","floor":25,"gold_loss":0,"cards_obtained":["Pride"]},{"cards_removed":["Slimebound:Defend_Slimebound"],"damage_healed":0,"gold_gain":0,"player_choice":"Card Removal","damage_taken":0,"max_hp_gain":0,"max_hp_loss":0,"event_name":"Wheel of Change","floor":43,"gold_loss":0}],"is_beta":false,"boss_relics":[{"not_picked":["SacredBark","Cursed Key"],"picked":"bronze:MakeshiftBattery"},{"not_picked":["Dota2Spire:Bloodstone","Runic Dome"],"picked":"Dota2Spire:RefresherOrb"}],"items_purged_floors":[],"is_endless":false,"potions_floor_spawned":[2,5,10,11,15,21,23,26,28,39,40,44,47,48,49],"ascension_level":0}}