{"host":"qy1e0kd24tpj3i2m","time":1611315349,"event":{"mods":["Act Like it!","Alarm Clock","BaseMod","Better Skull","Better Vampires","Colored Map","Colored Powertips","Custom Start","Faster Ascension Climbing","Friendly Minions","GifTheSpireLib","Gremlin Skip","Highlight Path","Minty Spire (QoL Compilation)","Permanent Neow","Poor People Problems","Quick Restart","Red Circlet Mod","Relic Sorter","Reorder Act Four","SacredBarkPlus","Shop Mod","StSLib","SuperFastMode","Transform Curses","没有小屋子和绿帽子啦"],"gold_per_floor":[360,72,222,62,72,72,72,72],"floor_reached":7,"language":"ZHS","playtime":176,"items_purged":[],"score":78,"play_id":"4ab54803-8695-4eda-abc7-b7709592d817","local_time":"20210122203549","is_ascension_mode":true,"campfire_choices":[{"data":"Rage","floor":6,"key":"SMITH"}],"circlet_count":0,"master_deck":["AscendersBane","Strike_R","Strike_R","Strike_R","Strike_R","Strike_R","Defend_R","Defend_R","Defend_R","Defend_R","Bash","Rage+1","Doubt","Power Through"],"relics":["Burning Blood","Meat on the Bone","Bronze Scales"],"acts_visited":["Exordium"],"potions_floor_usage":[7],"damage_taken":[{"damage":2.0,"enemies":"Jaw Worm","floor":1.0,"turns":6.0},{"damage":3,"enemies":"2 Louse","floor":5,"turns":3},{"damage":32,"enemies":"Lagavulin","floor":7,"turns":6}],"seed_played":"5665611559749950358","potions_obtained":[{"floor":5,"key":"GamblersBrew"}],"is_trial":false,"path_per_floor":["M","$","?","$","M","R","E"],"character_chosen":"IRONCLAD","items_purchased":["Meat on the Bone","Bronze Scales"],"campfire_rested":0,"item_purchase_floors":[2,4],"current_hp_per_floor":[54,54,54,54,57,57,25,25],"gold":72,"neow_bonus":"TWO_FIFTY_GOLD","is_daily":false,"chose_seed":false,"campfire_upgraded":1,"win_rate":0.0,"timestamp":1611315349,"path_taken":["M","$","?","$","M","R","E"],"items_purchased_type":["Relic","Relic"],"build_version":"2020-12-22","purchased_purges":0,"victory":false,"max_hp_per_floor":[75,75,75,75,75,75,75,75],"card_choices":[{"not_picked":["Body Slam","True Grit"],"picked":"Rage","floor":1.0},{"not_picked":["Clothesline","Entrench"],"picked":"Power Through","floor":5}],"player_experience":919795,"relics_obtained":[],"event_choices":[{"damage_healed":0.0,"max_hp_gain":0.0,"max_hp_loss":0.0,"gold_gain":150.0,"event_name":"Liars Game","player_choice":"AGREE","floor":3.0,"gold_loss":0.0,"damage_taken":0.0,"cards_obtained":["Doubt"]}],"is_beta":false,"boss_relics":[],"items_purged_floors":[],"is_endless":false,"potions_floor_spawned":[5],"killed_by":"Lagavulin","ascension_level":20}}