{"host":"gg","time":1611295778,"event":{"mods":["BaseMod","Colored Map","Googly Eyes","Minty Spire (QoL Compilation)","Permanent Neow","Relic Stats","The IronCluck"],"gold_per_floor":[109,109,122,122,138,170,170,170,170],"floor_reached":8,"language":"ENG","playtime":410,"items_purged":[],"score":112,"play_id":"4898ec84-5638-4f77-8b37-d8bc056290b5","local_time":"20210121220938","is_ascension_mode":true,"campfire_choices":[{"data":"Fission","floor":7,"key":"SMITH"}],"circlet_count":0,"master_deck":["AscendersBane","Strike_B","Strike_B","Defend_B","Defend_B","Defend_B","Defend_B","Zap","Dualcast","Compile Driver","Leap","Fission+1","White Noise","Consume"],"relics":["Busted Crown","Calipers"],"acts_visited":["Exordium"],"potions_floor_usage":[6,8],"damage_taken":[{"damage":6,"enemies":"Cultist","floor":1,"turns":4},{"damage":1,"enemies":"Small Slimes","floor":3,"turns":3},{"damage":5,"enemies":"Jaw Worm","floor":5,"turns":6},{"damage":17,"enemies":"3 Sentries","floor":6,"turns":9},{"damage":74,"enemies":"Gremlin Nob","floor":8,"turns":4}],"seed_played":"-8404110200684241551","potions_obtained":[{"floor":3,"key":"CultistPotion"},{"floor":5,"key":"Explosive Potion"},{"floor":6,"key":"SneckoOil"}],"is_trial":false,"path_per_floor":["M","?","M","?","M","E","R","E"],"character_chosen":"DEFECT","items_purchased":[],"campfire_rested":0,"item_purchase_floors":[],"current_hp_per_floor":[58,58,57,57,52,35,35,0,0],"gold":170,"neow_bonus":"BOSS_RELIC","is_daily":false,"chose_seed":false,"campfire_upgraded":1,"win_rate":0.0,"timestamp":1611295778,"path_taken":["M","?","?","?","M","E","R","E"],"items_purchased_type":[],"build_version":"2020-12-18","purchased_purges":0,"victory":false,"max_hp_per_floor":[71,71,71,71,71,71,71,71,71],"relic_stats":{"Busted Crown":8,"counters":[5,26],"obtain_stats":[{"Busted Crown":0,"Calipers":6,"Cracked Core":0},{"Busted Crown":0,"Calipers":4,"Cracked Core":0},{"Busted Crown":0,"Calipers":22,"Cracked Core":0}]},"card_choices":[{"not_picked":[],"picked":"Compile Driver","floor":1},{"not_picked":[],"picked":"Leap","floor":3},{"not_picked":[],"picked":"White Noise","floor":5},{"not_picked":[],"picked":"Consume","floor":6}],"player_experience":1253478,"relics_obtained":[{"floor":6,"key":"Calipers"}],"event_choices":[{"cards_removed":["Strike_B"],"damage_healed":0,"gold_gain":0,"player_choice":"Offered Basic","damage_taken":0,"max_hp_gain":0,"max_hp_loss":0,"event_name":"Bonfire Elementals","floor":2,"gold_loss":0},{"damage_healed":0,"gold_gain":0,"cards_transformed":["Strike_B"],"player_choice":"Change","damage_taken":0,"max_hp_gain":0,"max_hp_loss":0,"event_name":"Living Wall","floor":4,"gold_loss":0,"cards_obtained":["Fission"]}],"is_beta":true,"boss_relics":[],"items_purged_floors":[],"is_endless":false,"potions_floor_spawned":[3,5,6],"killed_by":"Gremlin Nob","ascension_level":20}}