{"host":"tbpnry8ml8g8pell","time":1611351080,"event":{"mods":["2.2 Compatiblity","Arknights The Spire","BaseMod","Better Skull","Better Third Choice","BetterRewards","Colored Map","Colored Powertips","Downfall","Ekko","Friendly Minions","GifTheSpireLib","Hermit","Highlight Path","Infinite Spire","Lobotomy","Minty Spire (QoL Compilation)","Rare Cards Sparkle","Replay The Spire","Shop Mod","Spicy Shops","StSLib","Stuff the Spire","vexMod"],"gold_per_floor":[109,123,133,133,133,133,108,108,131,149,149,94,112,128,128,232,232,204,204,204,220,110,110,145,163,244,256,271,271,271],"floor_reached":29,"language":"ENG","playtime":1904,"items_purged":[],"score":187,"play_id":"7c1b04d9-0aac-4960-bd7e-94e38c81f443","local_time":"20210122163120","is_ascension_mode":false,"campfire_choices":[{"data":"ats:Revitalization","floor":6,"key":"SMITH"},{"floor":8,"key":"REST"},{"data":"ats:Poison Spread","floor":11,"key":"SMITH"},{"floor":15,"key":"REST"},{"floor":23,"key":"REST"}],"circlet_count":0,"master_deck":["ats:Strike C","ats:Strike G","ats:Strike S","ats:Strike V","ats:Armor Crushing Shot","ats:Defend","ats:Defend","ats:Defend+1","ats:Defend","ats:Emotion Absorption","ats:Consecutive Shot Auto","ats:Revitalization+1","ats:Poison Spread+1","ats:Flexible Camouflage","ats:Neurotoxin","Amnesia","ats:Closed Bolt Burst Fire","ats:Closed Bolt Burst Fire","ats:Rapid Magazine","ats:Flexible Camouflage","ats:Healing Strengthening","ats:Leaping Hammer+1","ats:Explosion Area Strengthen+1","StuffTheSpire:Ambrosia","ats:Mental Burst","ats:Ignite+1","ats:Revitalization+1","ats:Neurotoxin"],"relics":["ats:Sanity","ReplayTheSpireMod:Lightbulb","ReplayTheSpireMod:CursedCoin","Replay:Wax Seal","Black Star","Enchiridion","Replay:Rubber Ducky","ats:Originium","Replay:Bottled Steam","ats:Emergency Defibrillator","Golden Egg"],"acts_visited":["Exordium","TheCity"],"potions_floor_usage":[16,16,27,27,28],"damage_taken":[{"damage":8,"enemies":"Cultist","floor":1,"turns":5},{"damage":1,"enemies":"Jaw Worm","floor":2,"turns":4},{"damage":9,"enemies":"2 Louse","floor":3,"turns":3},{"damage":8,"enemies":"Gremlin Gang","floor":10,"turns":4},{"damage":15,"enemies":"Looter","floor":13,"turns":3},{"damage":6,"enemies":"3 Louse","floor":14,"turns":4},{"damage":0,"enemies":"Hexaghost","floor":16,"turns":2},{"damage":58,"enemies":"2 Thieves","floor":18,"turns":5},{"damage":10,"enemies":"3 Byrds","floor":21,"turns":6},{"damage":62,"enemies":"Slavers","floor":24,"turns":6},{"damage":12,"enemies":"Centurion and Healer","floor":25,"turns":3},{"damage":16,"enemies":"Sentry and Sphere","floor":27,"turns":4},{"damage":10,"enemies":"Chosen and Byrds","floor":28,"turns":3},{"damage":11,"enemies":"Snake Plant","floor":29,"turns":1}],"seed_played":"-6461036457881040756","potions_obtained":[{"floor":1,"key":"hexamod:SoulburnPotion"},{"floor":2,"key":"sneckomod:MuddlingPotion"},{"floor":5,"key":"FairyPotion"},{"floor":5,"key":"infinitespire:BlackPotion"},{"floor":21,"key":"sneckomod:MuddlingPotion"},{"floor":25,"key":"Adrenaline Potion"},{"floor":27,"key":"Death Potion"}],"is_trial":false,"path_per_floor":["M","M","M","$","?","R","$","R","T","M","R","$","M","M","R","B",null,"M","?","?","M","?","R","E","M","T","M","M","M"],"character_chosen":"DOCTOR_CLASS","items_purchased":["ats:Flexible Camouflage","ReplayTheSpireMod:CursedCoin","Replay:Wax Seal","ats:Closed Bolt Burst Fire","ats:Rapid Magazine"],"campfire_rested":3,"item_purchase_floors":[7,12,12,12,12],"current_hp_per_floor":[64,63,59,59,59,59,59,72,72,72,72,72,57,55,72,72,72,23,7,7,27,27,48,30,19,19,9,8,0,0],"gold":271,"neow_bonus":"RANDOM_EVENT","is_daily":false,"chose_seed":false,"campfire_upgraded":2,"win_rate":0.0,"timestamp":1611351080,"path_taken":["M","?","M","$","?","R","?","R","T","M","R","$","M","M","R","BOSS","M","?","?","?","?","R","E","M","T","M","M","M"],"items_purchased_type":["Card","Relic","Relic","Card","Card"],"build_version":"2020-12-22","purchased_purges":0,"victory":false,"max_hp_per_floor":[72,72,72,72,72,72,72,72,72,72,72,72,72,72,72,72,72,72,72,72,72,72,72,73,74,74,75,76,77,77],"card_choices":[{"not_picked":["ats:Flexible Camouflage","ats:Ignite"],"picked":"ats:Consecutive Shot Auto","floor":1},{"not_picked":["ats:Powerful Strike","ats:Collapsing Strike"],"picked":"ats:Revitalization","floor":2},{"not_picked":["ats:Sunburst","ats:Leaping Hammer"],"picked":"ats:Poison Spread","floor":3},{"not_picked":["ats:Composite Medical Shells","ats:Apocalypse"],"picked":"ats:Neurotoxin","floor":10},{"not_picked":["ats:Durian","ats:Hammer On"],"picked":"ats:Flexible Camouflage","floor":13},{"not_picked":["ats:Healing Drone","ats:Cat Scratch"],"picked":"ats:Healing Strengthening","floor":14},{"not_picked":["ats:Durian","ats:Roar Of Ursus"],"picked":"ats:Rat Pack","floor":16},{"not_picked":["ats:Curse Doll","ats:Hammer On"],"picked":"ats:Leaping Hammer+1","floor":18},{"not_picked":["ats:Consecutive Shot Auto","ats:Sword Rain"],"picked":"ats:Explosion Area Strengthen+1","floor":21},{"not_picked":["ats:Hammer On","ats:Explosion Area Strengthen"],"picked":"ats:Mental Burst","floor":24},{"not_picked":["ats:Curse Doll","ats:Rat Pack"],"picked":"ats:Ignite+1","floor":25},{"not_picked":["ats:Ignite+1","ats:Cat Scratch"],"picked":"ats:Revitalization+1","floor":27},{"not_picked":["ats:Soul Absorption","ats:Guardian Obelisk+1"],"picked":"ats:Neurotoxin","floor":28}],"player_experience":117351,"relics_obtained":[{"floor":9,"key":"ReplayTheSpireMod:Lightbulb"},{"floor":19,"key":"Enchiridion"},{"floor":24,"key":"ats:Originium"},{"floor":24,"key":"Replay:Bottled Steam"},{"floor":24,"key":"ats:Emergency Defibrillator"},{"floor":26,"key":"Golden Egg"}],"event_choices":[{"damage_healed":0,"gold_gain":0,"player_choice":"Got Potions","damage_taken":0,"max_hp_gain":0,"max_hp_loss":0,"event_name":"Lab","floor":5,"gold_loss":0},{"damage_healed":0,"gold_gain":0,"player_choice":"Obtained Book","damage_taken":16,"max_hp_gain":0,"max_hp_loss":0,"event_name":"Cursed Tome","floor":19,"gold_loss":0},{"cards_removed":["ats:Rat Pack"],"damage_healed":0,"gold_gain":0,"player_choice":"Gave Card","damage_taken":0,"relics_obtained":["Replay:Rubber Ducky"],"max_hp_gain":0,"max_hp_loss":0,"event_name":"WeMeetAgain","floor":20,"gold_loss":0}],"is_beta":false,"boss_relics":[{"not_picked":["StuffTheSpire:Kangaroo","ReplayTheSpireMod:DimensionalGlitch"],"picked":"Black Star"}],"items_purged_floors":[],"is_endless":false,"potions_floor_spawned":[1,2,13,21,25,27],"killed_by":"Snake Plant","ascension_level":0}}