{"host":"b96hyfeqj1peltkw","time":1611327006,"event":{"mods":["AchievementEnabler","Act Like it!","BaseMod","Block Reminder","Duelist Mod","Gensokyo","Hermit","Marisa（霧雨　魔理沙）","Minty Spire (QoL Compilation)","Practice Mode","Reimu（博丽灵梦）","StSLib"],"gold_per_floor":[118,49,129,146,4,4,23,36,60,60,73,73,122,137,137,236,236,253,273,273,292,292,292,242,242,269,288,288,307,307,104,104,203,203,216,216,141,141,155,155,175,206,206,232,232,251,251,267,267,267],"floor_reached":51,"language":"ZHS","playtime":2153,"items_purged":["hermit:CalledShot+1"],"score":747,"play_id":"3e24c5f3-f8e7-4d75-a3fb-59379cb6b949","local_time":"20210122225006","is_ascension_mode":false,"campfire_choices":[{"data":"hermit:GoldenBullet","floor":6,"key":"SMITH"},{"data":"hermit:Manifest","floor":12,"key":"SMITH"},{"data":"hermit:Snapshot","floor":15,"key":"SMITH"},{"data":"hermit:EternalForm","floor":23,"key":"SMITH"},{"data":"hermit:Headshot","floor":25,"key":"SMITH"},{"data":"Gensokyo:LochNessMonster","floor":32,"key":"SMITH"},{"data":"hermit:TakeCover","floor":40,"key":"SMITH"},{"data":"hermit:BodyArmor","floor":47,"key":"SMITH"},{"data":"hermit:Roughhouse","floor":49,"key":"SMITH"}],"circlet_count":0,"master_deck":["hermit:Snapshot+1","hermit:Covet","hermit:FlashPowder","hermit:GoldenBullet+1","hermit:Headshot+1","hermit:Manifest+1","hermit:EternalForm+1","hermit:LuckOfTheDraw","hermit:Snipe","Gensokyo:LochNessMonster+1","Gensokyo:ShootingStar","hermit:Roughhouse+1","hermit:Snipe+1","hermit:BodyArmor+1","hermit:TakeCover+1"],"relics":["hermit:Momento","hermit:PetGhost","RuthlessExorcism:ReiMu","Gensokyo:Mercy","RedLine:ReiMu","Blood Vial","Gensokyo:RedStar","Astrolabe","Gensokyo:DualWield","Nunchaku","CrazyTorch:ReiMu","Mastiff:ReiMu"],"acts_visited":["Gensokyo:Gensokyo","Gensokyo:Gensokyoer","Gensokyo:Gensokyoest"],"potions_floor_usage":[16,21,33,50],"damage_taken":[{"damage":0,"enemies":"Gensokyo:Python","floor":1,"turns":2},{"damage":7,"enemies":"Gensokyo:Gryphon","floor":4,"turns":3},{"damage":0,"enemies":"Gensokyo:2_Kodama","floor":7,"turns":3},{"damage":11,"enemies":"Gensokyo:Gryphon_and_Rabbit","floor":8,"turns":4},{"damage":5,"enemies":"Gensokyo:CorruptedTreant","floor":11,"turns":3},{"damage":0,"enemies":"Gensokyo:Python_and_Kodama","floor":14,"turns":3},{"damage":8,"enemies":"Gensokyo:Yukari","floor":16,"turns":11},{"damage":0,"enemies":"Gensokyo:AngelMirror","floor":18,"turns":2},{"damage":0,"enemies":"Gensokyo:Chomper","floor":19,"turns":3},{"damage":8,"enemies":"Gensokyo:Slime_Group","floor":21,"turns":7},{"damage":9,"enemies":"Gensokyo:3_Gloops","floor":27,"turns":5},{"damage":0,"enemies":"Gensokyo:Monolith_and_Dog","floor":29,"turns":3},{"damage":30,"enemies":"Gensokyo:Kaguya","floor":33,"turns":8},{"damage":0,"enemies":"Gensokyo:3_Bats","floor":35,"turns":2},{"damage":0,"enemies":"Gensokyo:3_Boulders","floor":39,"turns":1},{"damage":0,"enemies":"Gensokyo:SeedOfUnknown","floor":41,"turns":3},{"damage":0,"enemies":"Gensokyo:Marisa","floor":42,"turns":3},{"damage":14,"enemies":"Gensokyo:Doremy","floor":44,"turns":6},{"damage":0,"enemies":"Gensokyo:AtlasGolem","floor":46,"turns":3},{"damage":0,"enemies":"Gensokyo:Dusk_and_Dawn","floor":48,"turns":2},{"damage":14,"enemies":"Gensokyo:Shinki","floor":50,"turns":7}],"seed_played":"6812050473739517360","potions_obtained":[{"floor":4,"key":"SkillPotion"},{"floor":11,"key":"Fire Potion"},{"floor":14,"key":"EssenceOfSteel"},{"floor":21,"key":"hermit:BlackBile"},{"floor":29,"key":"SpeedPotion"},{"floor":35,"key":"GrandPatriotsElixir:ReiMu"}],"is_trial":false,"path_per_floor":["M","$","?","M","COS","R","M","M","T","?","M","R","T","M","R","B",null,"M","M","?","M","?","R","?","R","T","M","?","M","?","COS","R","B",null,"M","?","$","?","M","R","M","E","T","E","COS","M","R","M","R","B",null],"character_chosen":"HERMIT","items_purchased":["hermit:GoldenBullet"],"campfire_rested":0,"item_purchase_floors":[2],"current_hp_per_floor":[54,54,54,47,47,47,47,36,36,36,31,31,31,31,31,23,75,75,75,75,67,67,67,74,74,74,67,67,69,69,69,69,52,82,82,82,82,82,82,82,82,82,82,68,68,70,70,72,72,60],"gold":267,"neow_bonus":"REMOVE_TWO","is_daily":false,"chose_seed":false,"campfire_upgraded":9,"win_rate":0.0,"timestamp":1611327006,"path_taken":["M","?","?","?","COS","R","M","M","T","?","M","R","?","M","R","BOSS","M","?","?","M","?","R","?","R","T","?","?","M","?","COS","R","BOSS","M","?","$","?","?","R","M","E","T","E","COS","M","R","?","R","BOSS"],"items_purchased_type":["Card"],"build_version":"2020-12-22","purchased_purges":1,"victory":true,"max_hp_per_floor":[75,75,75,75,75,75,75,75,75,75,75,75,75,75,75,75,75,75,75,75,75,75,75,82,82,82,82,82,82,82,82,82,82,82,82,82,82,82,82,82,82,82,82,82,82,82,82,82,82,82],"card_choices":[{"not_picked":["hermit:Glare","hermit:LoneWolf"],"picked":"hermit:FlashPowder","floor":1},{"not_picked":["hermit:Brawl","hermit:BigShot"],"picked":"hermit:Headshot","floor":4},{"not_picked":["hermit:Headshot","hermit:TrackingShot"],"picked":"hermit:ItchyTrigger","floor":7},{"not_picked":["hermit:Deadeye","hermit:BodyArmor"],"picked":"hermit:WideOpen","floor":8},{"not_picked":["hermit:LoneWolf","hermit:Cheat"],"picked":"hermit:Manifest","floor":11},{"not_picked":["hermit:LoneWolf","hermit:TakeAim","hermit:NoHoldsBarred"],"picked":"SKIP","floor":14},{"not_picked":["hermit:RoundhouseKick","hermit:DeadOrAlive"],"picked":"hermit:EternalForm","floor":16},{"not_picked":["hermit:CalledShot","hermit:CursedWeapon"],"picked":"hermit:LuckOfTheDraw","floor":18},{"not_picked":["hermit:BodyArmor+1","hermit:Horror+1"],"picked":"hermit:Snipe","floor":19},{"not_picked":["hermit:Ricochet","hermit:Vantage"],"picked":"hermit:Quickdraw","floor":21},{"not_picked":["hermit:EternalForm","hermit:Snipe","hermit:Determination"],"picked":"SKIP","floor":27},{"not_picked":["hermit:Horror","hermit:Showdown+1","hermit:LowProfile"],"picked":"SKIP","floor":29},{"not_picked":[],"picked":"Gensokyo:ShootingStar","floor":33},{"not_picked":["hermit:EternalForm","hermit:Reprieve"],"picked":"hermit:Roughhouse","floor":33},{"not_picked":["hermit:Ricochet","hermit:SprayPray"],"picked":"hermit:BodyArmor","floor":35},{"not_picked":["hermit:WideOpen","hermit:Feint"],"picked":"hermit:TakeCover","floor":39},{"not_picked":["hermit:Ricochet","hermit:HoleUp","hermit:Coalescence+1"],"picked":"SKIP","floor":41},{"not_picked":["hermit:HoleUp+1","hermit:Grudge","hermit:FullyLoaded"],"picked":"SKIP","floor":42},{"not_picked":["hermit:WideOpen+1","hermit:Feint+1","hermit:Dissolve"],"picked":"SKIP","floor":44},{"not_picked":["hermit:TakeCover+1","hermit:HoleUp","hermit:SprayPray+1"],"picked":"SKIP","floor":46},{"not_picked":["hermit:Coalescence+1","hermit:Snipe+1","hermit:Glare"],"picked":"SKIP","floor":48}],"player_experience":1410820,"relics_obtained":[{"floor":9,"key":"RuthlessExorcism:ReiMu"},{"floor":13,"key":"PreservedInsect"},{"floor":26,"key":"Blood Vial"},{"floor":42,"key":"Nunchaku"},{"floor":43,"key":"CrazyTorch:ReiMu"},{"floor":44,"key":"Mastiff:ReiMu"}],"event_choices":[],"is_beta":false,"boss_relics":[{"not_picked":["Runic Pyramid","Busted Crown"],"picked":"RedLine:ReiMu"},{"not_picked":["Fusion Hammer","Philosopher\u0027s Stone"],"picked":"Astrolabe"}],"items_purged_floors":[37],"is_endless":false,"potions_floor_spawned":[4,11,14,21,29,35,46],"ascension_level":0}}