{"host":"3jpwrwmmgyabjceh","time":1611352374,"event":{"mods":["AchievementEnabler","BaseMod","Colored Map","Colored Powertips","Highlight Path","Minty Spire (QoL Compilation)","Quick Restart","Relic Stats","StSLib","SuperFastMode"],"gold_per_floor":[116,116,116,130,95,95,129,146,146,146,146,73,100,74,74,179,179,194,194,213,213,231,265,265,300,300,330,330,330,245,265,265,368,368,383,401,169,169,519,519,519],"floor_reached":40,"language":"ENG","playtime":1231,"items_purged":["Defend_R"],"score":650,"play_id":"25b39096-365f-4b98-806e-653033ce8f67","local_time":"20210123005254","is_ascension_mode":true,"campfire_choices":[{"data":"Bash","floor":6.0,"key":"SMITH"},{"floor":10.0,"key":"REST"},{"floor":15.0,"key":"REST"},{"data":"Inflame","floor":24.0,"key":"SMITH"},{"data":"Whirlwind","floor":29.0,"key":"SMITH"},{"data":"Combust","floor":32.0,"key":"SMITH"}],"circlet_count":0,"master_deck":["Defend_R+1","Defend_R","Defend_R","Bash+1","Combust+1","True Grit","Clothesline","Inflame+1","Reaper","Reaper","Shrug It Off+1","Bite","Bite","Bite","Bite","Bite","Whirlwind+1","Intimidate+1","True Grit+1","Reaper","Heavy Blade+1","Inflame+1","Feed","Shrug It Off+1","Heavy Blade+1","Dramatic Entrance","Finesse+1"],"relics":["SlaversCollar","Gremlin Horn","Incense Burner","Shuriken","Toxic Egg 2","Cursed Key","InkBottle","HornCleat","Matryoshka","MutagenicStrength","Frozen Egg 2","Sozu","Frozen Eye","Old Coin"],"acts_visited":["Exordium","TheCity","TheBeyond"],"potions_floor_usage":[33,33],"damage_taken":[{"damage":3.0,"enemies":"Jaw Worm","floor":1.0,"turns":4.0},{"damage":8.0,"enemies":"2 Louse","floor":4.0,"turns":3.0},{"damage":28.0,"enemies":"3 Sentries","floor":7.0,"turns":6.0},{"damage":0.0,"enemies":"Small Slimes","floor":8.0,"turns":4.0},{"damage":1.0,"enemies":"Gremlin Nob","floor":13.0,"turns":3.0},{"damage":35.0,"enemies":"Exordium Thugs","floor":14.0,"turns":5.0},{"damage":5.0,"enemies":"Slime Boss","floor":16.0,"turns":7.0},{"damage":20.0,"enemies":"3 Byrds","floor":18.0,"turns":7.0},{"damage":11.0,"enemies":"Shell Parasite","floor":20.0,"turns":7.0},{"damage":28.0,"enemies":"Snake Plant","floor":22.0,"turns":6.0},{"damage":44.0,"enemies":"Slavers","floor":23.0,"turns":6.0},{"damage":22.0,"enemies":"Gremlin Leader","floor":25.0,"turns":6.0},{"damage":23.0,"enemies":"Book of Stabbing","floor":27.0,"turns":5.0},{"damage":13.0,"enemies":"Chosen and Byrds","floor":31.0,"turns":6.0},{"damage":56,"enemies":"Collector","floor":33,"turns":8},{"damage":15,"enemies":"3 Darklings","floor":35,"turns":5},{"damage":20,"enemies":"3 Shapes","floor":36,"turns":4},{"damage":0,"enemies":"Mind Bloom Boss Battle","floor":39,"turns":6},{"damage":71,"enemies":"Giant Head","floor":40,"turns":7}],"seed_played":"-1403597340192911067","potions_obtained":[{"floor":7.0,"key":"HeartOfIron"},{"floor":13.0,"key":"Ancient Potion"},{"floor":22.0,"key":"Weak Potion"},{"floor":25.0,"key":"Swift Potion"},{"floor":27.0,"key":"SkillPotion"}],"is_trial":false,"path_per_floor":["M","?","?","M","?","R","E","M","T","R","?","$","E","M","R","B",null,"M","?","M","?","M","E","R","E","T","E","?","R","?","M","R","B",null,"M","M","$","?","?","E"],"character_chosen":"IRONCLAD","items_purchased":["Inflame","Frozen Eye"],"campfire_rested":2,"item_purchase_floors":[12,37],"current_hp_per_floor":[77,44,44,36,56,56,28,28,28,52,36,36,35,12,36,46,72,65,56,55,55,40,42,42,55,55,45,45,45,45,56,56,33,50,55,45,45,35,59,0,0],"gold":519,"neow_bonus":"BOSS_RELIC","is_daily":false,"chose_seed":false,"campfire_upgraded":4,"win_rate":0.0,"timestamp":1611352374,"path_taken":["M","?","?","M","?","R","E","M","T","R","?","$","E","M","R","BOSS","M","?","M","?","M","E","R","E","T","E","?","R","?","M","R","BOSS","M","M","$","?","?","E"],"items_purchased_type":["Card","Relic"],"build_version":"2020-12-22","purchased_purges":1,"victory":false,"max_hp_per_floor":[80,80,80,80,80,80,80,80,80,80,80,80,80,80,80,80,80,80,56,56,56,56,56,56,56,56,56,56,56,56,56,56,56,56,56,59,59,59,59,59,59],"relic_stats":{"Sozu":2,"Gremlin Horn":[25,25],"counters":[19,105],"Shuriken":[24],"Cursed Key":0,"obtain_stats":[{"Gremlin Horn":2,"Incense Burner":7,"Frozen Egg 2":30,"Cursed Key":17,"Burning Blood":0,"Old Coin":39,"Sozu":34,"SlaversCollar":0,"Frozen Eye":37,"HornCleat":25,"Matryoshka":27,"Shuriken":9,"MutagenicStrength":28,"Toxic Egg 2":13,"InkBottle":23},{"Gremlin Horn":1,"Incense Burner":3,"Frozen Egg 2":13,"Cursed Key":7,"Burning Blood":0,"Old Coin":18,"Sozu":15,"SlaversCollar":0,"Frozen Eye":17,"HornCleat":12,"Matryoshka":13,"Shuriken":4,"MutagenicStrength":13,"Toxic Egg 2":5,"InkBottle":11},{"Gremlin Horn":4,"Incense Burner":13,"Frozen Egg 2":69,"Cursed Key":32,"Burning Blood":0,"Old Coin":98,"Sozu":83,"SlaversCollar":0,"Frozen Eye":92,"HornCleat":64,"Matryoshka":69,"Shuriken":17,"MutagenicStrength":69,"Toxic Egg 2":20,"InkBottle":58}],"InkBottle":[16]},"card_choices":[{"not_picked":["Armaments","Flex"],"picked":"Combust","floor":1.0},{"not_picked":["Sword Boomerang","Bloodletting"],"picked":"True Grit","floor":4.0},{"not_picked":["Anger","True Grit"],"picked":"Clothesline","floor":7.0},{"not_picked":["Clash","Flex","Metallicize"],"picked":"SKIP","floor":8.0},{"not_picked":["Havoc+1","Exhume+1"],"picked":"Reaper","floor":13.0},{"not_picked":["Sentinel+1","Headbutt","Infernal Blade+1"],"picked":"SKIP","floor":14.0},{"not_picked":["Demon Form","Impervious+1"],"picked":"Reaper","floor":16.0},{"not_picked":["Pummel","Wild Strike"],"picked":"Shrug It Off+1","floor":18.0},{"not_picked":["Flex+1","Rampage"],"picked":"Whirlwind","floor":20.0},{"not_picked":["Headbutt","Dual Wield+1"],"picked":"True Grit+1","floor":22.0},{"not_picked":["Anger","Bloodletting+1"],"picked":"Reaper","floor":23.0},{"not_picked":["Headbutt","Warcry+1"],"picked":"Heavy Blade+1","floor":25.0},{"not_picked":["Flex+1","Iron Wave","Rupture"],"picked":"SKIP","floor":27.0},{"not_picked":["Pommel Strike+1","Carnage"],"picked":"Inflame+1","floor":31.0},{"not_picked":["Demon Form+1","Immolate"],"picked":"Feed","floor":33},{"not_picked":["Seeing Red+1","Armaments+1"],"picked":"Shrug It Off+1","floor":35},{"not_picked":["Searing Blow+1","Pummel+1"],"picked":"Heavy Blade+1","floor":36},{"not_picked":["Good Instincts+1","Blind+1"],"picked":"Dramatic Entrance","floor":38},{"not_picked":["Forethought+1","Impatience+1"],"picked":"Finesse+1","floor":38}],"player_experience":260324,"relics_obtained":[{"floor":7.0,"key":"Incense Burner"},{"floor":9.0,"key":"Shuriken"},{"floor":13.0,"key":"Toxic Egg 2"},{"floor":23.0,"key":"InkBottle"},{"floor":25.0,"key":"HornCleat"},{"floor":27.0,"key":"Matryoshka"},{"floor":39,"key":"Old Coin"}],"event_choices":[{"damage_healed":0.0,"max_hp_gain":0.0,"max_hp_loss":0.0,"gold_gain":0.0,"event_name":"Scrap Ooze","player_choice":"Success","floor":2.0,"gold_loss":0.0,"damage_taken":33.0,"relics_obtained":["Gremlin Horn"]},{"damage_healed":0.0,"max_hp_gain":0.0,"max_hp_loss":0.0,"gold_gain":0.0,"event_name":"Liars Game","player_choice":"Ignored","floor":3.0,"gold_loss":0.0,"damage_taken":0.0},{"damage_healed":20.0,"max_hp_gain":0.0,"max_hp_loss":0.0,"gold_gain":0.0,"event_name":"The Cleric","player_choice":"Healed","floor":5.0,"gold_loss":35.0,"damage_taken":0.0},{"damage_healed":0.0,"max_hp_gain":0.0,"max_hp_loss":0.0,"gold_gain":0.0,"event_name":"Shining Light","player_choice":"Entered Light","floor":11.0,"gold_loss":0.0,"damage_taken":16.0,"cards_upgraded":["Defend_R","Strike_R"]},{"damage_healed":0.0,"max_hp_gain":0.0,"max_hp_loss":24.0,"gold_gain":0.0,"event_name":"Vampires","player_choice":"Became a vampire","floor":19.0,"gold_loss":0.0,"damage_taken":0.0,"cards_obtained":["Bite","Bite","Bite","Bite","Bite"]},{"damage_healed":0.0,"max_hp_gain":0.0,"max_hp_loss":0.0,"gold_gain":0.0,"event_name":"The Library","player_choice":"Read","floor":21.0,"gold_loss":0.0,"damage_taken":0.0,"cards_obtained":["Intimidate"]},{"damage_healed":0.0,"max_hp_gain":0.0,"max_hp_loss":0.0,"gold_gain":0.0,"event_name":"Drug Dealer","player_choice":"Inject Mutagens","floor":28.0,"gold_loss":0.0,"damage_taken":0.0,"relics_obtained":["MutagenicStrength"]},{"damage_healed":0.0,"max_hp_gain":0.0,"max_hp_loss":0.0,"gold_gain":0.0,"event_name":"Addict","player_choice":"Obtained Relic","floor":30.0,"gold_loss":85.0,"damage_taken":0.0,"relics_obtained":["Frozen Egg 2"]},{"damage_healed":0,"gold_gain":0,"player_choice":"Memory 3","damage_taken":10,"max_hp_gain":0,"max_hp_loss":0,"event_name":"SensoryStone","floor":38,"gold_loss":0},{"damage_healed":0,"gold_gain":0,"player_choice":"Fight","damage_taken":0,"max_hp_gain":0,"max_hp_loss":0,"event_name":"MindBloom","floor":39,"gold_loss":0}],"is_beta":false,"boss_relics":[{"not_picked":["Velvet Choker","Tiny House"],"picked":"Cursed Key"},{"not_picked":["Runic Cube","Snecko Eye"],"picked":"Sozu"}],"items_purged_floors":[37],"is_endless":false,"potions_floor_spawned":[7,13,22,25,27,36,39],"killed_by":"Giant Head","ascension_level":5}}