{"host":"2fgwwnzqc97k7iys","time":1611353944,"event":{"mods":["BaseMod","Colored Map","Minty Spire (QoL Compilation)","Quick Restart","Relic Stats"],"gold_per_floor":[118,133,147,164,164,164,164,199,199,199,215,242,242,256,256,256,256],"floor_reached":16,"language":"ENG","playtime":11760,"items_purged":[],"score":162,"play_id":"bf9a906d-ab8a-4f87-81ca-ecbe7922dd62","local_time":"20210122161904","is_ascension_mode":true,"campfire_choices":[{"data":"Whirlwind","floor":6,"key":"SMITH"},{"data":"Bash","floor":10,"key":"SMITH"},{"data":"Pommel Strike","floor":15,"key":"SMITH"}],"circlet_count":0,"master_deck":["Strike_R","Strike_R","Strike_R","Strike_R","Strike_R","Defend_R+1","Defend_R","Defend_R","Defend_R+1","Bash+1","Anger","Pommel Strike+1","Whirlwind+1","Ghostly Armor","Flex","True Grit","Headbutt"],"relics":["Burning Blood","Centennial Puzzle","Turnip","Ornamental Fan","Juzu Bracelet"],"acts_visited":["Exordium"],"potions_floor_usage":[16],"damage_taken":[{"damage":9,"enemies":"2 Louse","floor":1,"turns":4},{"damage":7,"enemies":"Jaw Worm","floor":2,"turns":3},{"damage":1,"enemies":"Cultist","floor":3,"turns":3},{"damage":0,"enemies":"Large Slime","floor":4,"turns":4},{"damage":20,"enemies":"3 Sentries","floor":8,"turns":5},{"damage":10,"enemies":"Exordium Thugs","floor":11,"turns":5},{"damage":21,"enemies":"Lagavulin","floor":12,"turns":7},{"damage":0,"enemies":"Red Slaver","floor":14,"turns":4},{"damage":14,"enemies":"The Guardian","floor":16,"turns":7}],"seed_played":"3919511485045570653","potions_obtained":[{"floor":4,"key":"Dexterity Potion"},{"floor":8,"key":"DistilledChaos"},{"floor":11,"key":"SteroidPotion"},{"floor":12,"key":"Block Potion"}],"is_trial":false,"path_per_floor":["M","M","M","M","?","R","?","E","T","R","M","E","?","M","R","B"],"character_chosen":"IRONCLAD","items_purchased":[],"campfire_rested":0,"item_purchase_floors":[],"current_hp_per_floor":[69,68,73,79,79,79,79,65,65,65,61,46,30,36,36,22,22],"gold":256,"neow_bonus":"THREE_CARDS","is_daily":false,"chose_seed":false,"campfire_upgraded":3,"win_rate":0.0,"timestamp":1611353944,"path_taken":["M","M","M","M","?","R","?","E","T","R","?","E","?","M","R","BOSS"],"items_purchased_type":[],"build_version":"2020-12-22","purchased_purges":0,"victory":false,"max_hp_per_floor":[80,80,80,80,80,80,80,80,80,80,80,80,80,80,80,80,80],"relic_stats":{"Centennial Puzzle":[12],"counters":[9,42],"Ornamental Fan":[32],"Turnip":[0],"Juzu Bracelet":0,"obtain_stats":[{"Centennial Puzzle":7,"Ornamental Fan":9,"Turnip":8,"Juzu Bracelet":12,"Burning Blood":0},{"Centennial Puzzle":4,"Ornamental Fan":5,"Turnip":5,"Juzu Bracelet":7,"Burning Blood":0},{"Centennial Puzzle":14,"Ornamental Fan":19,"Turnip":19,"Juzu Bracelet":31,"Burning Blood":0}],"Burning Blood":48},"card_choices":[{"not_picked":["Rage","Metallicize"],"picked":"Anger","floor":0},{"not_picked":["Sword Boomerang","Havoc"],"picked":"Pommel Strike","floor":1},{"not_picked":["Power Through","Body Slam"],"picked":"Whirlwind","floor":2},{"not_picked":["Twin Strike","Dark Embrace"],"picked":"Ghostly Armor","floor":3},{"not_picked":["Fire Breathing","Dual Wield"],"picked":"Flex","floor":4},{"not_picked":["Thunderclap","Shockwave","Cleave"],"picked":"SKIP","floor":8},{"not_picked":["Sentinel","Flex"],"picked":"True Grit","floor":11},{"not_picked":["Rupture","Flame Barrier","Double Tap"],"picked":"SKIP","floor":12},{"not_picked":["Rupture","Inflame"],"picked":"Headbutt","floor":14}],"player_experience":485427,"relics_obtained":[{"floor":8,"key":"Turnip"},{"floor":9,"key":"Ornamental Fan"},{"floor":12,"key":"Juzu Bracelet"}],"event_choices":[{"damage_healed":0,"gold_gain":0,"player_choice":"Ignored","damage_taken":0,"max_hp_gain":0,"max_hp_loss":0,"event_name":"Liars Game","floor":5,"gold_loss":0},{"damage_healed":0,"gold_gain":0,"player_choice":"Gave Potion","damage_taken":0,"relics_obtained":["Centennial Puzzle"],"max_hp_gain":0,"max_hp_loss":0,"event_name":"WeMeetAgain","floor":7,"gold_loss":0},{"damage_healed":0,"gold_gain":0,"player_choice":"Entered Light","damage_taken":16,"max_hp_gain":0,"max_hp_loss":0,"event_name":"Shining Light","floor":13,"gold_loss":0,"cards_upgraded":["Defend_R","Defend_R"]}],"is_beta":false,"boss_relics":[],"items_purged_floors":[],"is_endless":false,"potions_floor_spawned":[4,8,11,12],"killed_by":"The Guardian","ascension_level":9}}