{"host":"kh6fvhxn285ncg0o","time":1611357412,"event":{"mods":["Act Like it!","BaseMod","Colored Map","Friendly Minions","Keyboard Shortcuts","Minty Spire (QoL Compilation)","Quick Restart","Relic Stats","StSLib","SuperFastMode"],"gold_per_floor":[109,123,138,138,138,171,171,200,223,223,223,66,85,120,120,120,120],"floor_reached":16,"language":"KOR","playtime":315,"items_purged":[],"score":236,"play_id":"a1de7961-1a86-4b2d-abc5-6420abc9adba","local_time":"20210123081652","is_ascension_mode":true,"campfire_choices":[{"floor":7,"key":"REST"},{"floor":11,"key":"REST"},{"data":"Apotheosis","floor":15,"key":"SMITH"}],"circlet_count":0,"master_deck":["AscendersBane","Strike_B","Strike_B","Strike_B","Defend_B","Defend_B","Defend_B","Defend_B","Zap","Dualcast","Apotheosis+1","Coolheaded","Ball Lightning","Doom and Gloom","Turbo","Go for the Eyes","Glacier"],"relics":["Cracked Core","PreservedInsect","Blood Vial","Happy Flower","Girya","OrangePellets","Meat on the Bone"],"acts_visited":["Exordium"],"potions_floor_usage":[6,8],"damage_taken":[{"damage":0,"enemies":"Cultist","floor":1,"turns":4},{"damage":2,"enemies":"Small Slimes","floor":2,"turns":3},{"damage":7,"enemies":"Jaw Worm","floor":3,"turns":4},{"damage":36,"enemies":"Gremlin Nob","floor":6,"turns":4},{"damage":10,"enemies":"3 Sentries","floor":8,"turns":3},{"damage":4,"enemies":"Exordium Wildlife","floor":13,"turns":4},{"damage":5,"enemies":"Lagavulin","floor":14,"turns":5},{"damage":19,"enemies":"Hexaghost","floor":16,"turns":9}],"seed_played":"-2646595639681614516","potions_obtained":[{"floor":3,"key":"ColorlessPotion"},{"floor":6,"key":"SteroidPotion"},{"floor":14,"key":"SteroidPotion"}],"is_trial":false,"path_per_floor":["M","M","M","?","?","E","R","E","T","?","R","$","M","E","R","B"],"character_chosen":"DEFECT","items_purchased":["OrangePellets"],"campfire_rested":2,"item_purchase_floors":[12],"current_hp_per_floor":[64,62,55,48,53,17,37,27,27,1,21,21,19,16,16,0,0],"gold":120,"neow_bonus":"RANDOM_COLORLESS_2","is_daily":false,"chose_seed":false,"campfire_upgraded":1,"win_rate":0.0,"timestamp":1611357412,"path_taken":["M","?","M","?","?","E","R","E","T","?","R","?","?","E","R","BOSS"],"items_purchased_type":["Relic"],"build_version":"2020-12-22","purchased_purges":0,"victory":false,"max_hp_per_floor":[64,64,64,64,69,69,69,69,69,69,69,69,69,69,69,69,69],"relic_stats":{"Blood Vial":6,"OrangePellets":[0],"Happy Flower":[6],"counters":[8,36],"PreservedInsect":61,"obtain_stats":[{"Blood Vial":8,"Girya":10,"OrangePellets":12,"Happy Flower":9,"PreservedInsect":6,"Cracked Core":0,"Meat on the Bone":14},{"Blood Vial":5,"Girya":5,"OrangePellets":5,"Happy Flower":5,"PreservedInsect":4,"Cracked Core":0,"Meat on the Bone":7},{"Blood Vial":18,"Girya":18,"OrangePellets":18,"Happy Flower":18,"PreservedInsect":15,"Cracked Core":0,"Meat on the Bone":27}],"Meat on the Bone":0},"card_choices":[{"not_picked":["Transmutation","Metamorphosis"],"picked":"Apotheosis","floor":0},{"not_picked":["Reinforced Body","Sunder"],"picked":"Coolheaded","floor":1},{"not_picked":["Self Repair","Conserve Battery"],"picked":"Ball Lightning","floor":3},{"not_picked":["Gash","Streamline"],"picked":"Doom and Gloom","floor":6},{"not_picked":["Streamline","Ball Lightning"],"picked":"Turbo","floor":8},{"not_picked":["Reprogram","Fusion"],"picked":"Go for the Eyes","floor":13},{"not_picked":["Amplify","Aggregate"],"picked":"Glacier","floor":14}],"player_experience":1264153,"relics_obtained":[{"floor":6,"key":"PreservedInsect"},{"floor":8,"key":"Blood Vial"},{"floor":9,"key":"Happy Flower"},{"floor":14,"key":"Meat on the Bone"}],"event_choices":[{"cards_removed":["Strike_B"],"damage_healed":0,"gold_gain":0,"player_choice":"Card Removal","damage_taken":7,"max_hp_gain":0,"max_hp_loss":0,"event_name":"Golden Wing","floor":4,"gold_loss":0},{"damage_healed":0,"gold_gain":0,"player_choice":"Donut","damage_taken":0,"max_hp_gain":5,"max_hp_loss":0,"event_name":"Big Fish","floor":5,"gold_loss":0},{"damage_healed":0,"gold_gain":0,"player_choice":"Success","damage_taken":26,"relics_obtained":["Girya"],"max_hp_gain":0,"max_hp_loss":0,"event_name":"Scrap Ooze","floor":10,"gold_loss":0}],"is_beta":false,"boss_relics":[],"items_purged_floors":[],"is_endless":false,"potions_floor_spawned":[3,6,14],"killed_by":"Hexaghost","ascension_level":20}}