{"host":"vrsxkkch9ccrec7k","time":1611356706,"event":{"mods":["Act Like it!","BaseMod","Bestiary","Better Altar","Better Match","Better Note","Better Sensory Stone","Better Skull","Better Third Choice","Better Vampires","Downfall","Minty Spire (QoL Compilation)","Permanent Neow","Relic Stats","Spicy Shops","StSLib"],"gold_per_floor":[99,112,132,132,147,147,171,204,19,19,30,64,79,97,113,217,217,117,131,148,160,9,9,9,21,36,36,63,83,101,101,118,217,217,217,231,231,245,331,351,351,365,399,57,74,104,104,114,126,126],"floor_reached":51,"language":"ENG","playtime":6825,"items_purged":["bronze:Strike","Shame","bronze:Strike+1"],"score":1061,"play_id":"edce9177-7825-46ef-96e3-c106acbec9ab","local_time":"20210122180506","is_ascension_mode":true,"campfire_choices":[{"data":"bronze:SpaghettiCode","floor":1.0,"key":"SMITH"},{"floor":6.0,"key":"REST"},{"data":"Blind","floor":18.0,"key":"SMITH"},{"data":"bronze:Goto","floor":23.0,"key":"SMITH"},{"floor":27.0,"key":"REST"},{"data":"bronze:Terminator","floor":35.0,"key":"SMITH"},{"floor":47.0,"key":"REST"}],"circlet_count":0,"master_deck":["bronze:Defend","bronze:Defend","bronze:Defend","bronze:Defend","bronze:Replicate+1","bronze:Goto+1","bronze:ChildClass","bronze:Optimize","bronze:FollowUp","bronze:BronzeOrb","Blind+1","bronze:Constructor","bronze:InfiniteBeams","bronze:WhirlingStrike+1","bronze:Terminator+1","bronze:Branch+1","bronze:ClassDefault","bronze:FunctionCard","bronze:DigitalCarnage+1","bronze:CloningBeam+1","bronze:DigitalCarnage+1","bronze:InfiniteBeams+1","bronze:Fortify+1","bronze:Shell+1","bronze:Library+1","AscendersBane","Panacea","bronze:Fortify+1","bronze:BitShift+1","Clumsy","bronze:Repulsor+1","bronze:Flail+1","bronze:Shell","bronze:ForceShield+1","Parasite","bronze:TinkerersToolbox","bronze:BronzeArmor+1"],"relics":["bronze:BronzeCore","Whetstone","Bag of Marbles","Molten Egg 2","Empty Cage","downfall:HeartBlessingGreen","Frozen Egg 2","Matryoshka","Ancient Tea Set","Cursed Key","Centennial Puzzle","Nunchaku","Mummified Hand","bronze:SilverBullet","Vajra","The Courier"],"acts_visited":["Exordium","TheCity","TheBeyond"],"potions_floor_usage":[50],"damage_taken":[{"damage":3.0,"enemies":"Small Slimes","floor":2.0,"turns":2.0},{"damage":0.0,"enemies":"Cultist","floor":3.0,"turns":3.0},{"damage":7.0,"enemies":"Jaw Worm","floor":5.0,"turns":3.0},{"damage":1.0,"enemies":"3 Sentries","floor":8.0,"turns":7.0},{"damage":0.0,"enemies":"downfall:FleeingMerchant","floor":9.0,"turns":4.0},{"damage":0.0,"enemies":"3 Louse","floor":11.0,"turns":2.0},{"damage":0.0,"enemies":"Gremlin Nob","floor":12.0,"turns":2.0},{"damage":0.0,"enemies":"Blue Slaver","floor":13.0,"turns":3.0},{"damage":0.0,"enemies":"Exordium Wildlife","floor":14.0,"turns":1.0},{"damage":0.0,"enemies":"Large Slime","floor":15.0,"turns":3.0},{"damage":1.0,"enemies":"IC_STATUS_ARCHETYPE","floor":16.0,"turns":6.0},{"damage":10.0,"enemies":"Spheric Guardian","floor":19.0,"turns":8.0},{"damage":25.0,"enemies":"Chosen and Byrds","floor":20.0,"turns":12.0},{"damage":7.0,"enemies":"Snake Plant","floor":21.0,"turns":4.0},{"damage":0.0,"enemies":"downfall:FleeingMerchant","floor":22.0,"turns":4.0},{"damage":6.0,"enemies":"Centurion and Healer","floor":25.0,"turns":7.0},{"damage":10.0,"enemies":"3 Cultists","floor":26.0,"turns":5.0},{"damage":20.0,"enemies":"Book of Stabbing","floor":28.0,"turns":5.0},{"damage":1.0,"enemies":"Chosen and Byrds","floor":29.0,"turns":4.0},{"damage":5.0,"enemies":"Centurion and Healer","floor":30.0,"turns":2.0},{"damage":6.0,"enemies":"Snake Plant","floor":32.0,"turns":4.0},{"damage":51.0,"enemies":"SI_MIRROR_ARCHETYPE","floor":33.0,"turns":15.0},{"damage":0.0,"enemies":"3 Darklings","floor":36.0,"turns":5.0},{"damage":9.0,"enemies":"3 Shapes","floor":38.0,"turns":1.0},{"damage":0.0,"enemies":"downfall:FleeingMerchant","floor":39.0,"turns":4.0},{"damage":20.0,"enemies":"Writhing Mass","floor":40.0,"turns":13.0},{"damage":2.0,"enemies":"Sphere and 2 Shapes","floor":42.0,"turns":3.0},{"damage":6.0,"enemies":"Giant Head","floor":43.0,"turns":5.0},{"damage":6.0,"enemies":"Spire Growth","floor":45.0,"turns":2.0},{"damage":0.0,"enemies":"Reptomancer","floor":46.0,"turns":3.0},{"damage":5.0,"enemies":"Writhing Mass","floor":48.0,"turns":9.0},{"damage":8.0,"enemies":"4 Shapes","floor":49.0,"turns":4.0},{"damage":6,"enemies":"WA_ARCHETYPE_DIVINITY","floor":50,"turns":31}],"seed_played":"-5171215760317792184","potions_obtained":[{"floor":4.0,"key":"GamblersBrew"},{"floor":4.0,"key":"Weak Potion"},{"floor":4.0,"key":"DuplicationPotion"},{"floor":5.0,"key":"champ:CounterPotion"},{"floor":8.0,"key":"Block Potion"},{"floor":15.0,"key":"LiquidBronze"},{"floor":20.0,"key":"Regen Potion"},{"floor":25.0,"key":"LiquidBronze"},{"floor":26.0,"key":"FearPotion"},{"floor":30.0,"key":"sneckomod:MuddlingPotion"},{"floor":32.0,"key":"Fire Potion"},{"floor":40.0,"key":"Dexterity Potion"},{"floor":42.0,"key":"Weak Potion"},{"floor":46.0,"key":"Weak Potion"},{"floor":48.0,"key":"sneckomod:MuddlingPotion"}],"is_trial":false,"path_per_floor":["R","M","M","?","M","R","T","E","$","?","M","E","M","M","M","B",null,"R","M","M","M","$","R","T","M","M","R","E","M","M","?","M","B",null,"R","M","?","M","$","M","T","M","E","$","M","E","R","M","M","B",null],"character_chosen":"THE_AUTOMATON","items_purchased":["Blind","Frozen Egg 2","bronze:DigitalCarnage+1","Centennial Puzzle","Vajra","bronze:Flail+1"],"campfire_rested":3,"item_purchase_floors":[9,22,22,39,44,44],"current_hp_per_floor":[45,42,42,42,35,56,56,55,55,55,55,55,55,55,55,54,66,66,56,31,36,36,36,36,30,20,41,21,20,15,80,74,23,66,66,66,66,57,57,37,37,35,29,29,23,23,47,42,34,28],"gold":126,"neow_bonus":"THREE_RARE_CARDS","is_daily":false,"chose_seed":false,"campfire_upgraded":4,"win_rate":0.0,"timestamp":1611356706,"path_taken":["R","M","M","?","?","R","T","E","$","?","M","E","M","M","M","BOSS","R","M","M","M","$","R","T","M","M","R","E","M","M","?","M","BOSS","R","M","?","M","$","M","T","M","E","$","M","E","R","M","M","BOSS"],"items_purchased_type":["Card","Relic","Card","Relic","Relic","Card"],"build_version":"2020-12-22","purchased_purges":3,"victory":true,"max_hp_per_floor":[70,70,70,70,70,70,70,70,70,70,70,70,70,70,70,70,70,70,70,70,70,70,70,70,70,70,70,70,70,70,80,80,80,80,80,80,80,80,80,80,80,80,80,80,80,80,80,80,80,80],"relic_stats":{"Centennial Puzzle":[36],"Nunchaku":[15],"counters":[20,122],"Mummified Hand":[25],"Whetstone":["bronze:Replicate","bronze:Strike"],"Cursed Key":1,"obtain_stats":[{"bronze:BronzeCore":0,"Dead Branch":8,"Guardian:GemstoneGun":14,"Vajra":44,"downfall:HeartBlessingGreen":0,"The Courier":46,"Whetstone":0,"Frozen Egg 2":0,"Empty Cage":0,"Ancient Tea Set":0,"Cursed Key":0,"Anchor":0,"Centennial Puzzle":6,"Nunchaku":41,"Matryoshka":0,"Mummified Hand":41,"Molten Egg 2":0,"Slimebound:PreparedRelic":7,"Art of War":10,"Bag of Marbles":0,"hexamod:BolsterEngine":6,"bronze:SilverBullet":43},{"bronze:BronzeCore":0,"Dead Branch":4,"Guardian:GemstoneGun":8,"Vajra":15,"downfall:HeartBlessingGreen":0,"The Courier":17,"Whetstone":0,"Frozen Egg 2":0,"Empty Cage":0,"Ancient Tea Set":0,"Cursed Key":0,"Anchor":0,"Centennial Puzzle":3,"Nunchaku":13,"Matryoshka":0,"Mummified Hand":13,"Molten Egg 2":0,"Slimebound:PreparedRelic":3,"Art of War":6,"Bag of Marbles":0,"hexamod:BolsterEngine":3,"bronze:SilverBullet":15},{"bronze:BronzeCore":0,"Dead Branch":12,"Guardian:GemstoneGun":29,"Vajra":73,"downfall:HeartBlessingGreen":0,"The Courier":78,"Whetstone":0,"Frozen Egg 2":0,"Empty Cage":0,"Ancient Tea Set":0,"Cursed Key":0,"Anchor":0,"Centennial Puzzle":9,"Nunchaku":65,"Matryoshka":0,"Mummified Hand":65,"Molten Egg 2":0,"Slimebound:PreparedRelic":9,"Art of War":23,"Bag of Marbles":0,"hexamod:BolsterEngine":9,"bronze:SilverBullet":73}]},"card_choices":[{"not_picked":["bronze:BurnOut","bronze:TinkerersToolbox"],"picked":"bronze:SpaghettiCode","floor":0.0},{"not_picked":["bronze:Deprecate","bronze:FollowUp"],"picked":"bronze:ChildClass","floor":2.0},{"not_picked":["bronze:BugBarrage","bronze:Turbo"],"picked":"bronze:Optimize","floor":3.0},{"not_picked":["bronze:CloningBeam","bronze:DigitalCarnage"],"picked":"bronze:FollowUp","floor":5.0},{"not_picked":["bronze:WildBeam","bronze:Shell"],"picked":"bronze:BronzeOrb","floor":8.0},{"not_picked":["bronze:DelayedGuard","bronze:FineTuning","bronze:Separator"],"picked":"SKIP","floor":9.0},{"not_picked":["bronze:FineTuning","bronze:Invalidate"],"picked":"bronze:Constructor","floor":11.0},{"not_picked":["bronze:Turbo","bronze:Break+1"],"picked":"bronze:InfiniteBeams","floor":12.0},{"not_picked":["bronze:DelayedSlice+1","bronze:OilSpill+1"],"picked":"bronze:WhirlingStrike+1","floor":13.0},{"not_picked":["bronze:Iterate+1","bronze:Constructor"],"picked":"bronze:Terminator","floor":14.0},{"not_picked":["bronze:Boost","bronze:WhirlingStrike+1"],"picked":"bronze:Branch+1","floor":15.0},{"not_picked":["bronze:Mutator","bronze:ShipIt+1"],"picked":"bronze:Hardcode","floor":16.0},{"not_picked":["bronze:Separator+1","bronze:Shield"],"picked":"bronze:ClassDefault","floor":19.0},{"not_picked":["bronze:Overload","bronze:Shield+1"],"picked":"bronze:DigitalCarnage+1","floor":20.0},{"not_picked":["bronze:Constructor+1","bronze:BronzeArmor"],"picked":"bronze:CloningBeam+1","floor":21.0},{"not_picked":["bronze:Break+1","bronze:WildBeam+1","bronze:GetLatest"],"picked":"SKIP","floor":22.0},{"not_picked":["bronze:Allocate","bronze:WhirlingStrike+1","bronze:OilSpill+1"],"picked":"SKIP","floor":25.0},{"not_picked":["bronze:Shield","bronze:ForceShield+1"],"picked":"bronze:InfiniteBeams+1","floor":26.0},{"not_picked":["bronze:Branch+1","bronze:Hardcode+1"],"picked":"bronze:Fortify+1","floor":28.0},{"not_picked":["bronze:BronzeArmor","bronze:Constructor","bronze:Return"],"picked":"SKIP","floor":29.0},{"not_picked":["bronze:Refactor","bronze:BugBarrage+1","bronze:OilSpill+1"],"picked":"SKIP","floor":30.0},{"not_picked":["bronze:BuggyMess","bronze:Optimize+1"],"picked":"bronze:Shell+1","floor":32.0},{"not_picked":["bronze:Hardcode+1","bronze:Verify+1"],"picked":"bronze:Library+1","floor":33.0},{"not_picked":["bronze:WildBeam+1","bronze:Invalidate","bronze:BuggyMess+1"],"picked":"SKIP","floor":36.0},{"not_picked":["bronze:Turbo+1","bronze:MaxOutput+1"],"picked":"bronze:Fortify+1","floor":38.0},{"not_picked":["bronze:Constructor+1","bronze:Allocate"],"picked":"bronze:BitShift+1","floor":39.0},{"not_picked":["bronze:WildBeam+1","bronze:DarkDash+1","bronze:Separator+1"],"picked":"SKIP","floor":40.0},{"not_picked":["bronze:ClassDefault+1","bronze:InfiniteBeams+1"],"picked":"bronze:Repulsor+1","floor":42.0},{"not_picked":["bronze:CloningBeam+1","bronze:GetLatest","bronze:CutThrough+1"],"picked":"SKIP","floor":43.0},{"not_picked":["bronze:DelayedGuard","bronze:CutThrough+1"],"picked":"bronze:Shell","floor":45.0},{"not_picked":["bronze:ClassDefault+1","bronze:BuggyMess"],"picked":"bronze:ForceShield+1","floor":46.0},{"not_picked":["bronze:GetLatest+1","bronze:Philosophize"],"picked":"bronze:TinkerersToolbox","floor":48.0},{"not_picked":["bronze:Overload+1","bronze:Allocate"],"picked":"bronze:BronzeArmor+1","floor":49.0}],"player_experience":1684632,"relics_obtained":[{"floor":7.0,"key":"Whetstone"},{"floor":8.0,"key":"Bag of Marbles"},{"floor":12.0,"key":"Molten Egg 2"},{"floor":24.0,"key":"Matryoshka"},{"floor":28.0,"key":"Ancient Tea Set"},{"floor":41.0,"key":"Nunchaku"},{"floor":41.0,"key":"Mummified Hand"},{"floor":43.0,"key":"bronze:SilverBullet"},{"floor":46.0,"key":"The Courier"}],"event_choices":[{"damage_healed":0.0,"max_hp_gain":0.0,"max_hp_loss":0.0,"gold_gain":0.0,"event_name":"Lab","player_choice":"Got Potions","floor":4.0,"gold_loss":0.0,"damage_taken":0.0},{"damage_healed":0.0,"max_hp_gain":0.0,"max_hp_loss":0.0,"gold_gain":3.0,"event_name":"betterStone:BetterStone","player_choice":"3","floor":37.0,"gold_loss":0.0,"damage_taken":0.0,"cards_obtained":["Panacea"]}],"is_beta":false,"boss_relics":[{"not_picked":["bronze:MakeshiftBattery","Calling Bell"],"picked":"Empty Cage"},{"not_picked":["Black Star","Tiny House"],"picked":"Cursed Key"}],"items_purged_floors":[9,39,44],"is_endless":false,"potions_floor_spawned":[5,8,15,16,20,25,26,30,32,40,42,46,48],"ascension_level":7}}