{"host":"da4a6z8aof69aasy","time":1611334619,"event":{"mods":["AchievementEnabler","BaseMod","Block Reminder","Colored Powertips","DeckTracker","Highlight Path","Minty Spire (QoL Compilation)","Permanent Neow","Relic Stats","StSLib"],"gold_per_floor":[109,109,127,138,138,138,169,179,179,212,224,240,267,281,281,352,352,370,384,209,219,234,234,259,259,310,335,335,346,356,386,386,460,460,479,491,507,507,507,542,542,576,624,651,668,693,740,203,203,203,203,203,5,37,37],"floor_reached":56,"language":"ENG","playtime":8757,"items_purged":["Anger","Strike_R+1","Strike_R+1"],"score":2136,"play_id":"f40dfb3a-66e5-4d9d-8eb4-aa90a52023ab","local_time":"20210122185659","is_ascension_mode":true,"campfire_choices":[{"data":"Uppercut","floor":6,"key":"SMITH"},{"floor":15,"key":"REST"},{"data":"Fiend Fire","floor":23,"key":"SMITH"},{"data":"True Grit","floor":25,"key":"SMITH"},{"data":"Inflame","floor":32,"key":"SMITH"},{"floor":49,"key":"RECALL"},{"data":"1","floor":52,"key":"LIFT"}],"circlet_count":0,"master_deck":["AscendersBane","Strike_R+1","Strike_R+1","Strike_R+1","Defend_R+1","Defend_R+1","Defend_R+1","Bash","Uppercut+1","Carnage","Flame Barrier","Offering+1","True Grit+1","Feel No Pain","Metallicize","Reaper+1","Ghostly Armor+1","Inflame+1","Dark Embrace","Shrug It Off","Fiend Fire+1","Disarm+1","Heavy Blade","Bludgeon+1","Dual Wield+1","Juggernaut","True Grit","Spot Weakness+1","Impervious","Juggernaut","Shrug It Off","Burning Pact","Corruption","Armaments+1"],"relics":["Black Star","NlothsMask","Lizard Tail","Magic Flower","Pear","Boot","Question Card","Bottled Tornado","Snecko Eye","StoneCalendar","Centennial Puzzle","Oddly Smooth Stone","Vajra","Self Forming Clay","War Paint","Fusion Hammer","Du-Vu Doll","Champion Belt","Gremlin Horn","Akabeko","Toy Ornithopter","Omamori","Girya","Dead Branch","Gambling Chip","Blood Vial","Whetstone"],"acts_visited":["Exordium","TheCity","TheBeyond","TheEnding"],"potions_floor_usage":[10,13,16,48,50,55,55],"damage_taken":[{"damage":0,"enemies":"Small Slimes","floor":1,"turns":3},{"damage":1,"enemies":"Cultist","floor":3,"turns":4},{"damage":5,"enemies":"2 Louse","floor":4,"turns":3},{"damage":20,"enemies":"Lagavulin","floor":7,"turns":5},{"damage":0,"enemies":"2 Fungi Beasts","floor":8,"turns":3},{"damage":28,"enemies":"3 Sentries","floor":10,"turns":10},{"damage":11,"enemies":"Blue Slaver","floor":11,"turns":3},{"damage":1,"enemies":"Looter","floor":12,"turns":3},{"damage":25,"enemies":"Lagavulin","floor":13,"turns":6},{"damage":2,"enemies":"3 Louse","floor":14,"turns":5},{"damage":24,"enemies":"Slime Boss","floor":16,"turns":14},{"damage":10,"enemies":"Spheric Guardian","floor":18,"turns":5},{"damage":23,"enemies":"2 Thieves","floor":19,"turns":4},{"damage":15,"enemies":"Snecko","floor":21,"turns":6},{"damage":5,"enemies":"Shelled Parasite and Fungi","floor":22,"turns":7},{"damage":0,"enemies":"Book of Stabbing","floor":24,"turns":4},{"damage":0,"enemies":"3 Cultists","floor":29,"turns":6},{"damage":0,"enemies":"Sentry and Sphere","floor":30,"turns":4},{"damage":14,"enemies":"Slavers","floor":31,"turns":5},{"damage":13,"enemies":"Automaton","floor":33,"turns":5},{"damage":5,"enemies":"Orb Walker","floor":35,"turns":2},{"damage":9,"enemies":"3 Shapes","floor":36,"turns":4},{"damage":15,"enemies":"Jaw Worm Horde","floor":37,"turns":3},{"damage":6,"enemies":"Nemesis","floor":40,"turns":7},{"damage":11,"enemies":"Giant Head","floor":42,"turns":7},{"damage":26,"enemies":"Reptomancer","floor":44,"turns":6},{"damage":37,"enemies":"Transient","floor":45,"turns":5},{"damage":0,"enemies":"Mind Bloom Boss Battle","floor":46,"turns":4},{"damage":11,"enemies":"2 Orb Walkers","floor":47,"turns":4},{"damage":63,"enemies":"Time Eater","floor":50,"turns":7},{"damage":6,"enemies":"Shield and Spear","floor":54,"turns":2},{"damage":20,"enemies":"The Heart","floor":55,"turns":5}],"seed_played":"-2501647827205755539","potions_obtained":[{"floor":1,"key":"GamblersBrew"},{"floor":8,"key":"Regen Potion"},{"floor":10,"key":"DistilledChaos"},{"floor":14,"key":"SkillPotion"},{"floor":16,"key":"Swift Potion"},{"floor":30,"key":"LiquidMemories"},{"floor":37,"key":"CultistPotion"},{"floor":47,"key":"Fruit Juice"}],"is_trial":false,"path_per_floor":["M","?","M","M","?","R","E","M","T","E","M","M","E","M","R","B",null,"M","M","$","M","M","R","E","R","T","T","?","M","M","E","R","B",null,"M","M","M","?","?","E","?","E","T","E","M","?","?","$","R","B",null,"R","$","E","B",null],"character_chosen":"IRONCLAD","items_purchased":["Dark Embrace","Shrug It Off","Corruption","Gambling Chip","Weak Potion","DistilledChaos"],"campfire_rested":1,"item_purchase_floors":[20,20,48,48,48,53],"current_hp_per_floor":[68,73,72,67,67,67,47,47,47,53,42,41,16,14,41,17,72,62,56,56,55,50,50,64,64,64,64,64,85,90,88,88,90,90,85,85,90,85,85,85,85,85,85,73,48,85,83,90,90,90,90,90,90,90,90],"gold":37,"neow_bonus":"BOSS_RELIC","is_daily":false,"chose_seed":false,"campfire_upgraded":4,"win_rate":0.0,"timestamp":1611334619,"path_taken":["M","?","M","M","?","R","E","M","T","E","M","M","E","M","R","BOSS","M","M","$","?","M","R","E","R","T","?","?","M","M","E","R","BOSS","M","M","M","?","?","E","?","E","T","E","?","?","?","$","R","BOSS","R","$","E","BOSS"],"items_purchased_type":["Card","Card","Card","Relic","Potion","Potion"],"build_version":"2020-12-22","purchased_purges":3,"victory":true,"max_hp_per_floor":[75,80,80,80,80,80,80,80,80,90,90,90,90,90,90,90,90,90,90,90,90,90,90,90,90,90,90,90,90,90,90,90,90,90,90,90,90,85,85,85,85,85,85,85,85,85,85,90,90,90,90,90,90,90,90],"relic_stats":{"Gremlin Horn":[8,8],"counters":[32,161],"Self Forming Clay":[84],"Dead Branch":[60],"Magic Flower":[65],"StoneCalendar":[0],"Whetstone":["Bludgeon","Reaper"],"War Paint":["Dual Wield","Offering"],"Boot":[63],"Question Card":21,"Blood Vial":0,"Lizard Tail":0,"Centennial Puzzle":[39],"Gambling Chip":[15],"Snecko Eye":[242,206,215,187],"Black Star":9,"Champion Belt":[16],"obtain_stats":[{"Gremlin Horn":42,"Magic Flower":7,"Vajra":27,"StoneCalendar":24,"Whetstone":54,"Bottled Tornado":13,"Boot":10,"Burning Blood":0,"Blood Vial":54,"Lizard Tail":7,"Centennial Puzzle":24,"Gambling Chip":48,"Fusion Hammer":34,"Girya":46,"Pear":10,"Self Forming Clay":31,"Dead Branch":47,"Oddly Smooth Stone":26,"Omamori":44,"War Paint":31,"Question Card":13,"Akabeko":42,"Du-Vu Doll":40,"Snecko Eye":17,"Black Star":0,"Champion Belt":40,"Toy Ornithopter":44,"NlothsMask":5},{"Gremlin Horn":25,"Magic Flower":4,"Vajra":16,"StoneCalendar":16,"Whetstone":31,"Bottled Tornado":9,"Boot":6,"Burning Blood":0,"Blood Vial":31,"Lizard Tail":4,"Centennial Puzzle":16,"Gambling Chip":29,"Fusion Hammer":20,"Girya":28,"Pear":6,"Self Forming Clay":19,"Dead Branch":29,"Oddly Smooth Stone":16,"Omamori":26,"War Paint":19,"Question Card":9,"Akabeko":25,"Du-Vu Doll":24,"Snecko Eye":11,"Black Star":0,"Champion Belt":24,"Toy Ornithopter":26,"NlothsMask":3},{"Gremlin Horn":128,"Magic Flower":15,"Vajra":85,"StoneCalendar":85,"Whetstone":156,"Bottled Tornado":40,"Boot":28,"Burning Blood":0,"Blood Vial":156,"Lizard Tail":15,"Centennial Puzzle":85,"Gambling Chip":147,"Fusion Hammer":105,"Girya":143,"Pear":28,"Self Forming Clay":100,"Dead Branch":147,"Oddly Smooth Stone":85,"Omamori":134,"War Paint":100,"Question Card":40,"Akabeko":128,"Du-Vu Doll":121,"Snecko Eye":59,"Black Star":0,"Champion Belt":121,"Toy Ornithopter":134,"NlothsMask":10}],"Toy Ornithopter":18},"card_choices":[{"not_picked":["Iron Wave","Clothesline"],"picked":"Uppercut","floor":1},{"not_picked":["Perfected Strike","Dark Embrace"],"picked":"Anger","floor":3},{"not_picked":["Pummel","Dark Embrace"],"picked":"Carnage","floor":4},{"not_picked":["Clothesline","Shrug It Off"],"picked":"Flame Barrier","floor":7},{"not_picked":["Cleave","Body Slam","Sentinel"],"picked":"SKIP","floor":8},{"not_picked":["Evolve","Rage"],"picked":"Offering","floor":10},{"not_picked":["Wild Strike","Dark Embrace"],"picked":"True Grit","floor":11},{"not_picked":["Rampage","Heavy Blade"],"picked":"Feel No Pain","floor":12},{"not_picked":["Twin Strike","Clothesline"],"picked":"Metallicize","floor":13},{"not_picked":["Headbutt","Whirlwind","Iron Wave","Sword Boomerang"],"picked":"SKIP","floor":14},{"not_picked":["Juggernaut","Barricade","Offering"],"picked":"Reaper","floor":16},{"not_picked":["Thunderclap","Intimidate","Blood for Blood"],"picked":"Ghostly Armor+1","floor":18},{"not_picked":["Anger","Armaments","Pummel"],"picked":"Inflame","floor":19},{"not_picked":["Twin Strike","Spot Weakness","Shrug It Off"],"picked":"Fiend Fire","floor":21},{"not_picked":["Intimidate","Twin Strike","Cleave"],"picked":"Disarm+1","floor":22},{"not_picked":["Dropkick","Intimidate","Flex","Entrench"],"picked":"SKIP","floor":24},{"not_picked":["Dropkick","Intimidate","Flex","Entrench"],"picked":"SKIP","floor":24},{"not_picked":["Intimidate","Sever Soul","Thunderclap"],"picked":"Heavy Blade","floor":29},{"not_picked":["Armaments","Warcry","Second Wind"],"picked":"Bludgeon","floor":30},{"not_picked":["Anger","Pummel","True Grit"],"picked":"Dual Wield","floor":31},{"not_picked":["Barricade","Demon Form","Offering"],"picked":"Juggernaut","floor":33},{"not_picked":["Iron Wave+1","Wild Strike","Evolve"],"picked":"True Grit","floor":35},{"not_picked":["Anger","Sword Boomerang","Heavy Blade","Thunderclap"],"picked":"SKIP","floor":36},{"not_picked":["Warcry","Pommel Strike","Pummel"],"picked":"Spot Weakness+1","floor":37},{"not_picked":["Armaments","Perfected Strike+1","True Grit"],"picked":"Impervious","floor":40},{"not_picked":["Infernal Blade","Seeing Red","Metallicize","Evolve"],"picked":"SKIP","floor":42},{"not_picked":["Flame Barrier","Heavy Blade","Immolate"],"picked":"Juggernaut","floor":44},{"not_picked":["Warcry","Anger","Flex"],"picked":"Shrug It Off","floor":45},{"not_picked":["True Grit","Metallicize","Body Slam+1"],"picked":"Burning Pact","floor":46},{"not_picked":["Inflame+1","Dropkick","Reckless Charge+1"],"picked":"Armaments+1","floor":54}],"player_experience":2090418,"relics_obtained":[{"floor":7,"key":"Lizard Tail"},{"floor":7,"key":"Magic Flower"},{"floor":10,"key":"Pear"},{"floor":10,"key":"Boot"},{"floor":13,"key":"Question Card"},{"floor":13,"key":"Bottled Tornado"},{"floor":24,"key":"StoneCalendar"},{"floor":24,"key":"Centennial Puzzle"},{"floor":26,"key":"Oddly Smooth Stone"},{"floor":27,"key":"Vajra"},{"floor":31,"key":"Self Forming Clay"},{"floor":31,"key":"War Paint"},{"floor":40,"key":"Du-Vu Doll"},{"floor":40,"key":"Champion Belt"},{"floor":42,"key":"Gremlin Horn"},{"floor":42,"key":"Akabeko"},{"floor":44,"key":"Toy Ornithopter"},{"floor":44,"key":"Omamori"},{"floor":46,"key":"Girya"},{"floor":47,"key":"Dead Branch"},{"floor":54,"key":"Blood Vial"},{"floor":54,"key":"Whetstone"}],"event_choices":[{"damage_healed":0,"gold_gain":0,"player_choice":"Donut","damage_taken":0,"max_hp_gain":5,"max_hp_loss":0,"event_name":"Big Fish","floor":2,"gold_loss":0},{"damage_healed":0,"gold_gain":0,"player_choice":"Trade","damage_taken":0,"relics_obtained":["NlothsMask"],"max_hp_gain":0,"max_hp_loss":0,"event_name":"FaceTrader","floor":5,"gold_loss":0},{"damage_healed":0,"gold_gain":0,"player_choice":"Simplicity","damage_taken":0,"max_hp_gain":0,"max_hp_loss":0,"event_name":"Back to Basics","floor":28,"gold_loss":0,"cards_upgraded":["Strike_R","Strike_R","Strike_R","Strike_R","Strike_R","Defend_R","Defend_R","Defend_R","Defend_R"]},{"damage_healed":0,"gold_gain":0,"player_choice":"Max HP","damage_taken":0,"max_hp_gain":0,"max_hp_loss":5,"event_name":"Winding Halls","floor":38,"gold_loss":0},{"damage_healed":0,"gold_gain":0,"player_choice":"Ignored","damage_taken":0,"max_hp_gain":0,"max_hp_loss":0,"event_name":"Tomb of Lord Red Mask","floor":39,"gold_loss":0},{"cards_removed":["Defend_R"],"damage_healed":0,"gold_gain":0,"player_choice":"Removed Skill","damage_taken":0,"max_hp_gain":0,"max_hp_loss":0,"event_name":"Falling","floor":41,"gold_loss":0},{"damage_healed":0,"gold_gain":0,"player_choice":"Fight","damage_taken":0,"max_hp_gain":0,"max_hp_loss":0,"event_name":"MindBloom","floor":46,"gold_loss":0},{"damage_healed":0,"gold_gain":0,"player_choice":"Fight","damage_taken":0,"max_hp_gain":0,"max_hp_loss":0,"event_name":"Mysterious Sphere","floor":47,"gold_loss":0}],"is_beta":false,"boss_relics":[{"not_picked":["Astrolabe","Velvet Choker"],"picked":"Snecko Eye"},{"not_picked":["SacredBark","Runic Cube"],"picked":"Fusion Hammer"}],"items_purged_floors":[20,48,53],"is_endless":false,"potions_floor_spawned":[1,8,10,11,14,16,19,21,24,30,31,35,36,37,40,47,54],"ascension_level":15}}