{"host":"3asmp5aovk69ekg9","time":1611285236,"event":{"mods":["100% Spire Juice","BaseMod","BetterRewards","Colored Map","Colored Powertips","Dark Map","Hermit","Koishi","Magitek Elite","Minty Spire (QoL Compilation)","Permanent Neow","Remove Card Discount Mod","Shade Mod","StSLib","The Alterego","The Cursed","The Death Knight","The Fake Hero","The IronCluck","The Marked","The Senshi","The Wild Card"],"gold_per_floor":[140,1,37,76,151,226,226,287,311,365,391,407,444,820,820,945,995,1060,1060,1060,752,772,772,825,825,825,825,883,218,218,233,233,338,338,357,224,224,274,36,69,85,118,143,143,158,190,190,217,217,217,217,217,59,92,92],"floor_reached":56,"language":"ENG","playtime":9328,"items_purged":["TheCursedMod:Defend_TheCursed","TheCursedMod:Defend_TheCursed","TheCursedMod:Strike_TheCursed","TheCursedMod:Strike_TheCursed","TheCursedMod:Strike_TheCursed","TheCursedMod:Strike_TheCursed","TheCursedMod:Defend_TheCursed","TheCursedMod:Defend_TheCursed","TheCursedMod:TroublousMinions","Swift Strike+1","TheCursedMod:ReleasedStrength+1","TheCursedMod:ShockAndAwe+1","HandOfGreed+1","TheCursedMod:DemonSword+1","TheCursedMod:DemonSword+1"],"score":2187,"play_id":"54fee8e7-1313-40e8-9873-a3a465a21cfb","local_time":"20210121191356","is_ascension_mode":true,"campfire_choices":[{"floor":7.0,"key":"REST"},{"floor":15.0,"key":"REST"},{"data":"TheCursedMod:LuckyCharm","floor":23.0,"key":"SMITH"},{"data":"TheCursedMod:LuckyCharm","floor":30.0,"key":"SMITH"},{"data":"TheCursedMod:VoidForm","floor":32.0,"key":"SMITH"},{"floor":49,"key":"RECALL"},{"data":"TheCursedMod:SpitefulPlan","floor":52,"key":"SMITH"}],"circlet_count":0,"master_deck":["TheCursedMod:CursedWand","TheCursedMod:CleanUpWorkshop+1","TheCursedMod:Dregs","TheCursedMod:LuckyCharm+1","TheCursedMod:RapidMovement","TheCursedMod:Obscuration","TheCursedMod:CursedStaff+1","TheCursedMod:SpitefulPray","TheCursedMod:TacticalStrike+1","TheCursedMod:SpitefulPray","TheCursedMod:CursedMace+1","TheCursedMod:WearCloak","TheCursedMod:SmokeScreen","TheCursedMod:CursedSpellbook+1","TheCursedMod:LuckyCharm+1","TheCursedMod:AshesToAshes","TheCursedMod:SpitefulStrike+1","TheCursedMod:CursedBoomerang+1","TheCursedMod:CursedArmor","TheCursedMod:VoidForm+1","TheCursedMod:CleanUpWorkshop","TheCursedMod:VoidForm+1","TheCursedMod:CursedBlade+1","TheCursedMod:SpitefulPray+1","TheCursedMod:CursedBoomerang+1","TheCursedMod:HellfireBreathing","TheCursedMod:RapidMovement","TheCursedMod:Neurasthenia","TheCursedMod:LuckyCharm+1","TheCursedMod:CursedShiv+1","TheCursedMod:CursedAmulet+1","TheCursedMod:SpitefulPlan+1","TheCursedMod:WearCloak+1","Pain","Writhe","TheCursedMod:CursedSpellbook","TheCursedMod:RapidMovement","TheCursedMod:HellsGateOpen"],"relics":["TheCursedMod:BlackMagic101","TheCursedMod:CrystalBall","Oddly Smooth Stone","Potion Belt","Molten Egg 2","MealTicket","Art of War","Old Coin","Tiny House","Ancient Tea Set","DollysMirror","Tintinnabulum","Incense Burner","Eternal Feather","Turnip","ClockworkSouvenir","Vajra","War Paint","TheCursedMod:FourLeafCloverCharm","Ice Cream","Toy Ornithopter","Juzu Bracelet","Orichalcum","Blood Vial","WarpedTongs","Pocketwatch","Nunchaku","Pear"],"acts_visited":["Exordium","TheCity","TheBeyond","TheEnding"],"potions_floor_usage":[35,35,45,54,55,55,55,55],"damage_taken":[{"damage":0.0,"enemies":"Jaw Worm","floor":1.0,"turns":2.0},{"damage":0.0,"enemies":"2 Louse","floor":3.0,"turns":3.0},{"damage":1.0,"enemies":"Small Slimes","floor":4.0,"turns":3.0},{"damage":6.0,"enemies":"3 Sentries","floor":6.0,"turns":4.0},{"damage":0.0,"enemies":"Exordium Wildlife","floor":8.0,"turns":3.0},{"damage":0.0,"enemies":"Gremlin Nob","floor":11.0,"turns":3.0},{"damage":0.0,"enemies":"Red Slaver","floor":12.0,"turns":1.0},{"damage":5.0,"enemies":"Blue Slaver","floor":13.0,"turns":5.0},{"damage":10.0,"enemies":"3 Sentries","floor":14.0,"turns":5.0},{"damage":10.0,"enemies":"Hexaghost","floor":16.0,"turns":5.0},{"damage":0.0,"enemies":"2 Thieves","floor":18.0,"turns":4.0},{"damage":7.0,"enemies":"Shell Parasite","floor":22.0,"turns":3.0},{"damage":27.0,"enemies":"Book of Stabbing","floor":24.0,"turns":5.0},{"damage":41.0,"enemies":"Slavers","floor":28.0,"turns":5.0},{"damage":0.0,"enemies":"Sentry and Sphere","floor":31.0,"turns":3.0},{"damage":32.0,"enemies":"Collector","floor":33.0,"turns":6.0},{"damage":9,"enemies":"Orb Walker","floor":35,"turns":3},{"damage":18,"enemies":"Mind Bloom Boss Battle","floor":38,"turns":4},{"damage":5,"enemies":"Giant Head","floor":40,"turns":5},{"damage":4,"enemies":"3 Darklings","floor":41,"turns":5},{"damage":3,"enemies":"Reptomancer","floor":42,"turns":6},{"damage":16,"enemies":"Maw","floor":45,"turns":5},{"damage":10,"enemies":"Giant Head","floor":46,"turns":6},{"damage":2,"enemies":"Nemesis","floor":48,"turns":5},{"damage":9,"enemies":"Time Eater","floor":50,"turns":7},{"damage":30,"enemies":"Shield and Spear","floor":54,"turns":5},{"damage":33,"enemies":"The Heart","floor":55,"turns":9}],"seed_played":"-1788290175558168582","potions_obtained":[{"floor":3.0,"key":"Strength Potion"},{"floor":8.0,"key":"Weak Potion"},{"floor":12.0,"key":"Block Potion"},{"floor":14.0,"key":"BlessingOfTheForge"},{"floor":17.0,"key":"Block Potion"},{"floor":18.0,"key":"AttackPotion"},{"floor":22.0,"key":"Swift Potion"},{"floor":28.0,"key":"Weak Potion"},{"floor":33.0,"key":"SkillPotion"},{"floor":35,"key":"Dexterity Potion"},{"floor":40,"key":"DeathKnight:RimePotion"},{"floor":42,"key":"Ancient Potion"},{"floor":45,"key":"Explosive Potion"},{"floor":46,"key":"EssenceOfSteel"}],"is_trial":false,"path_per_floor":["M","$","M","M","?","E","R","M","T","?","E","M","M","E","R","B",null,"M","?","?","$","M","R","E","?","T","?","E","$","R","M","R","B",null,"M","$","?","?","$","E","M","E","T","?","M","E","?","E","R","B",null,"R","$","E","B",null],"character_chosen":"THE_CURSED","items_purchased":["TheCursedMod:CrystalBall","Oddly Smooth Stone","Potion Belt","TheCursedMod:LuckyCharm","TheCursedMod:RapidMovement","Molten Egg 2","TheCursedMod:Obscuration","TheCursedMod:CursedStaff+1","TheCursedMod:SpitefulPray","HandOfGreed+1","Swift Strike+1","TheCursedMod:TacticalStrike+1","TheCursedMod:CursedMace+1","TheCursedMod:WearCloak","TheCursedMod:SmokeScreen","Ancient Tea Set","DollysMirror","TheCursedMod:HellfireBreathing","ClockworkSouvenir","Vajra","War Paint","TheCursedMod:RapidMovement","Ancient Potion","TheCursedMod:LuckyCharm","TheCursedMod:CursedShiv+1","TheCursedMod:SpitefulPlan","Toy Ornithopter","TheCursedMod:RapidMovement","TheCursedMod:HellsGateOpen","BlessingOfTheForge"],"campfire_rested":2,"item_purchase_floors":[0,0,0,0,0,0,0,0,0,0,0,0,2,2,2,21,21,29,29,29,29,29,29,36,36,39,39,53,53,53],"current_hp_per_floor":[21,21,21,20,9,3,25,25,25,25,25,25,20,10,32,22,67,67,67,67,80,73,73,46,47,48,49,9,25,44,45,64,33,69,61,77,54,37,53,49,46,44,45,46,38,31,52,53,75,69,78,80,80,65,55],"gold":92,"neow_bonus":"","is_daily":false,"chose_seed":false,"campfire_upgraded":4,"win_rate":0.0,"timestamp":1611285236,"path_taken":["M","$","M","M","?","E","R","M","T","?","E","M","M","E","R","BOSS","M","?","?","$","?","R","E","?","T","?","E","$","R","M","R","BOSS","M","$","?","?","$","E","M","E","T","?","M","E","?","E","R","BOSS","R","$","E","BOSS"],"items_purchased_type":["Relic","Relic","Relic","Card","Card","Relic","Card","Card","Card","Card","Card","Card","Card","Card","Card","Relic","Relic","Card","Relic","Relic","Relic","Card","Potion","Card","Card","Card","Relic","Card","Card","Potion"],"build_version":"2020-12-22","purchased_purges":15,"victory":true,"max_hp_per_floor":[75,75,75,75,75,75,75,75,75,75,75,75,75,75,75,75,80,80,80,80,80,80,80,80,80,80,80,80,80,80,80,80,80,80,80,80,80,80,80,80,80,80,80,80,80,80,80,80,80,80,80,80,80,90,90],"card_choices":[{"not_picked":["TheCursedMod:Stigma+1","TheCursedMod:StingEye+1"],"picked":"TheCursedMod:SpitefulPray","floor":1.0},{"not_picked":["TheCursedMod:SmokeScreen","TheCursedMod:BloodBarrier"],"picked":"TheCursedMod:CursedSpellbook","floor":3.0},{"not_picked":["TheCursedMod:Stigma+1","TheCursedMod:RapidMovement"],"picked":"TheCursedMod:LuckyCharm","floor":4.0},{"not_picked":["TheCursedMod:CircleOfCorruption","TheCursedMod:CircleOfAmplification"],"picked":"TheCursedMod:ShockAndAwe+1","floor":6.0},{"not_picked":["TheCursedMod:CircleOfBlood","TheCursedMod:Stigma+1"],"picked":"TheCursedMod:AshesToAshes","floor":8.0},{"not_picked":["TheCursedMod:SurpriseAttack+1","TheCursedMod:CursedShiv+1"],"picked":"TheCursedMod:ReleasedStrength","floor":11.0},{"not_picked":["TheCursedMod:PrepareRite","TheCursedMod:TacticalStrike+1","TheCursedMod:CircleOfFlame"],"picked":"SKIP","floor":12.0},{"not_picked":["TheCursedMod:ManaBullet+1","TheCursedMod:RapidMovement"],"picked":"TheCursedMod:SpitefulStrike+1","floor":13.0},{"not_picked":["TheCursedMod:UltimatePain","TheCursedMod:CircleOfBlood"],"picked":"TheCursedMod:CursedBoomerang+1","floor":14.0},{"not_picked":["TheCursedMod:DarkBarrier","TheCursedMod:NeowsMight"],"picked":"TheCursedMod:DemonSword+1","floor":16.0},{"not_picked":["TheCursedMod:RavingStaff+1","TheCursedMod:TacticalStrike+1"],"picked":"TheCursedMod:CursedArmor","floor":17.0},{"not_picked":["TheCursedMod:CursedMace+1","TheCursedMod:Hemoplague"],"picked":"TheCursedMod:TroublousMinions","floor":18.0},{"not_picked":["TheCursedMod:WearCloak+1","TheCursedMod:DoubleShield"],"picked":"TheCursedMod:CursedBlade+1","floor":22.0},{"not_picked":["TheCursedMod:SmokeScreen","TheCursedMod:SoulReap+1"],"picked":"TheCursedMod:DemonSword+1","floor":24.0},{"not_picked":["TheCursedMod:CircleOfFlame","TheCursedMod:CursedArmor"],"picked":"TheCursedMod:CursedBoomerang+1","floor":28.0},{"not_picked":["TheCursedMod:Evocation","TheCursedMod:RavingStaff+1","TheCursedMod:CircleOfFlame+1"],"picked":"SKIP","floor":31.0},{"not_picked":["TheCursedMod:VoidForm","TheCursedMod:ParallelWorld"],"picked":"TheCursedMod:Neurasthenia","floor":33.0},{"not_picked":["TheCursedMod:ReleasedStrength+1","TheCursedMod:Torture","TheCursedMod:CursedBlade+1"],"picked":"SKIP","floor":35},{"not_picked":["TheCursedMod:BlessingInDisguise+1","TheCursedMod:WearCloak"],"picked":"TheCursedMod:CursedAmulet+1","floor":38},{"not_picked":["TheCursedMod:Stretching","TheCursedMod:FleshFromBone"],"picked":"TheCursedMod:WearCloak+1","floor":40},{"not_picked":["TheCursedMod:CursedBlade+1","TheCursedMod:VitalStrike+1","TheCursedMod:Obscuration"],"picked":"SKIP","floor":41},{"not_picked":["TheCursedMod:StunningStrike+1","TheCursedMod:Stigma+1","TheCursedMod:Wield+1"],"picked":"SKIP","floor":42},{"not_picked":["TheCursedMod:SoulReap+1","TheCursedMod:Grudge","TheCursedMod:CursedBoomerang+1"],"picked":"SKIP","floor":45},{"not_picked":["TheCursedMod:CircleOfFocus","TheCursedMod:RavingStaff+1","TheCursedMod:StingEye+1"],"picked":"SKIP","floor":46},{"not_picked":["TheCursedMod:RavingStaff+1","TheCursedMod:BlessingInDisguise"],"picked":"TheCursedMod:CursedSpellbook","floor":48},{"not_picked":["TheCursedMod:CursedMace+1","TheCursedMod:AbyssShockwave+1","TheCursedMod:Stigma+1"],"picked":"SKIP","floor":54}],"player_experience":1223524,"relics_obtained":[{"floor":6.0,"key":"MealTicket"},{"floor":11.0,"key":"Art of War"},{"floor":14.0,"key":"Old Coin"},{"floor":24.0,"key":"Tintinnabulum"},{"floor":26.0,"key":"Incense Burner"},{"floor":28.0,"key":"Turnip"},{"floor":38,"key":"Ice Cream"},{"floor":40,"key":"Juzu Bracelet"},{"floor":42,"key":"Orichalcum"},{"floor":43,"key":"Blood Vial"},{"floor":46,"key":"Pocketwatch"},{"floor":48,"key":"Nunchaku"},{"floor":54,"key":"Pear"}],"event_choices":[{"damage_healed":0.0,"max_hp_gain":0.0,"max_hp_loss":0.0,"gold_gain":75.0,"event_name":"World of Goop","player_choice":"Gather Gold","floor":5.0,"gold_loss":0.0,"damage_taken":11.0},{"damage_healed":0.0,"max_hp_gain":0.0,"max_hp_loss":0.0,"gold_gain":54.0,"event_name":"Golden Wing","player_choice":"Gained Gold","floor":10.0,"gold_loss":0.0,"damage_taken":0.0},{"damage_healed":0.0,"max_hp_gain":0.0,"max_hp_loss":0.0,"gold_gain":0.0,"event_name":"Ghosts","player_choice":"Ignored","floor":19.0,"gold_loss":0.0,"damage_taken":0.0},{"damage_healed":0.0,"max_hp_gain":0.0,"max_hp_loss":0.0,"gold_gain":0.0,"event_name":"Match and Keep!","player_choice":"3 cards matched","floor":20.0,"gold_loss":0.0,"damage_taken":0.0,"cards_obtained":["TheCursedMod:VoidForm","TheCursedMod:CleanUpWorkshop","Deep Breath"]},{"damage_healed":0.0,"max_hp_gain":0.0,"max_hp_loss":0.0,"gold_gain":0.0,"event_name":"The Library","player_choice":"Read","floor":25.0,"gold_loss":0.0,"damage_taken":0.0,"cards_obtained":["TheCursedMod:SpitefulPray"]},{"cards_removed":["Deep Breath"],"damage_healed":0.0,"max_hp_gain":0.0,"max_hp_loss":0.0,"gold_gain":0.0,"event_name":"WeMeetAgain","player_choice":"Gave Card","floor":27.0,"gold_loss":0.0,"damage_taken":0.0,"relics_obtained":["Eternal Feather"]},{"damage_healed":0,"gold_gain":0,"player_choice":"Fight","damage_taken":0,"max_hp_gain":0,"max_hp_loss":0,"event_name":"MindBloom","floor":38,"gold_loss":0},{"damage_healed":0,"gold_gain":0,"player_choice":"Rummage","damage_taken":0,"relics_obtained":["WarpedTongs"],"max_hp_gain":0,"max_hp_loss":0,"event_name":"Accursed Blacksmith","floor":44,"gold_loss":0,"cards_obtained":["Pain"]},{"damage_healed":20,"gold_gain":0,"player_choice":"Writhe","damage_taken":0,"max_hp_gain":0,"max_hp_loss":0,"event_name":"Winding Halls","floor":47,"gold_loss":0,"cards_obtained":["Writhe"]}],"is_beta":false,"boss_relics":[{"not_picked":["Fusion Hammer","Velvet Choker"],"picked":"Tiny House"},{"not_picked":["Sozu","Golden_Hairpin"],"picked":"TheCursedMod:FourLeafCloverCharm"}],"items_purged_floors":[0,0,0,0,0,2,2,2,21,36,36,36,36,53,53],"is_endless":false,"potions_floor_spawned":[3,8,12,14,18,22,28,33,35,40,42,45,46],"ascension_level":8}}