{"host":"sum4dy402bbv9y4o","time":1611276280,"event":{"mods":["Aspiration","BaseMod","Conspire","Highlight Path","Minty Spire (QoL Compilation)","StSLib"],"gold_per_floor":[109,109,109,109,129,129,154,154,200,12,27,127,141,174,174,174,174],"floor_reached":16,"language":"ENG","playtime":394,"items_purged":["Strike_P"],"score":316,"play_id":"70dfe1df-e4f3-4825-8e27-88910221a632","local_time":"20210122034440","is_ascension_mode":true,"campfire_choices":[{"data":"FearNoEvil","floor":6,"key":"SMITH"},{"data":"Conclude","floor":8,"key":"SMITH"},{"data":"MentalFortress","floor":15,"key":"SMITH"}],"circlet_count":0,"master_deck":["AscendersBane","Strike_P","Strike_P","Defend_P","Defend_P+1","Defend_P","Defend_P+1","Eruption+1","Vigilance","Consecrate","FearNoEvil+1","Conclude+1","BowlingBash","Halt","MentalFortress+1","Halt"],"relics":["PureWater","NeowsBlessing","Orichalcum","PreservedInsect","War Paint","Smiling Mask"],"acts_visited":["Exordium"],"potions_floor_usage":[13,16],"damage_taken":[{"damage":0,"enemies":"2 Louse","floor":1,"turns":1},{"damage":0,"enemies":"Small Slimes","floor":5,"turns":2},{"damage":0,"enemies":"3 Sentries","floor":7,"turns":1},{"damage":4,"enemies":"Jaw Worm","floor":11,"turns":2},{"damage":2,"enemies":"Red Slaver","floor":13,"turns":3},{"damage":0,"enemies":"Gremlin Nob","floor":14,"turns":3},{"damage":74,"enemies":"Hexaghost","floor":16,"turns":15}],"seed_played":"1292908511268861204","potions_obtained":[{"floor":1,"key":"ColorlessPotion"},{"floor":13,"key":"FairyPotion"}],"is_trial":false,"path_per_floor":["M","?","?","?","M","R","E","R","T","$","M","?","M","E","R","B"],"character_chosen":"WATCHER","items_purchased":["BowlingBash","Block Potion"],"campfire_rested":0,"item_purchase_floors":[10,10],"current_hp_per_floor":[61,61,56,56,56,56,56,56,56,56,52,52,50,50,50,0,0],"gold":174,"neow_bonus":"THREE_ENEMY_KILL","is_daily":false,"chose_seed":false,"campfire_upgraded":3,"win_rate":0.0,"timestamp":1611276280,"path_taken":["M","?","?","?","?","R","E","R","T","$","M","?","?","E","R","BOSS"],"items_purchased_type":["Card","Potion"],"build_version":"2020-12-22","purchased_purges":1,"victory":false,"max_hp_per_floor":[68,68,68,68,68,68,68,68,68,68,68,68,68,68,68,68,68],"card_choices":[{"not_picked":["CrushJoints","Perseverance"],"picked":"Consecrate","floor":1},{"not_picked":["SashWhip","CrushJoints"],"picked":"FearNoEvil","floor":5},{"not_picked":["Evaluate","Wireheading"],"picked":"Conclude","floor":7},{"not_picked":["WaveOfTheHand","Indignation"],"picked":"Halt","floor":11},{"not_picked":["CrushJoints","EmptyBody"],"picked":"MentalFortress","floor":13},{"not_picked":["CutThroughFate","Collect"],"picked":"Halt","floor":14}],"player_experience":2956123,"relics_obtained":[{"floor":7,"key":"PreservedInsect"},{"floor":9,"key":"War Paint"},{"floor":14,"key":"Smiling Mask"}],"event_choices":[{"damage_healed":0,"gold_gain":0,"player_choice":"Grow","damage_taken":0,"max_hp_gain":0,"max_hp_loss":0,"event_name":"Living Wall","floor":2,"gold_loss":0,"cards_upgraded":["Eruption"]},{"damage_healed":0,"gold_gain":0,"player_choice":"Success","damage_taken":5,"relics_obtained":["Orichalcum"],"max_hp_gain":0,"max_hp_loss":0,"event_name":"Scrap Ooze","floor":3,"gold_loss":0},{"cards_removed":["Strike_P"],"damage_healed":0,"gold_gain":0,"player_choice":"Offered Basic","damage_taken":0,"max_hp_gain":0,"max_hp_loss":0,"event_name":"Bonfire Elementals","floor":4,"gold_loss":0},{"damage_healed":0,"gold_gain":100,"player_choice":"Gold","damage_taken":0,"max_hp_gain":0,"max_hp_loss":0,"event_name":"Wheel of Change","floor":12,"gold_loss":0}],"is_beta":false,"boss_relics":[],"items_purged_floors":[10],"is_endless":false,"potions_floor_spawned":[1,11,13,14],"killed_by":"Hexaghost","ascension_level":20}}