{"host":"yciysiy0jlorh0h5","time":1611346872,"event":{"mods":["2.2 Compatiblity","Act Like it!","BaseMod","Bestiary","Better Match","BetterRewards","Curses Come First","Downfall","Elementarium","Friendly Minions","Hallownest","Hermit","Hubris","Infinite Spire","Minty Spire (QoL Compilation)","Rare Cards Sparkle","Shade Mod","StSLib","The Alterego","The Construct","The Cursed","The Hierophant","The Judge","The Mystic","The Runesmith","The Servant 0.9.4","Wandering Minibosses","vexMod"],"gold_per_floor":[99,15,115,130,130,41,41,41,55,88,88,33,51,51,69,174,840,740,766,766,778,886,909,989,889,889,889,889],"floor_reached":26,"language":"ENG","playtime":9413,"items_purged":[],"score":254,"play_id":"75937de7-e561-4c3f-b611-65c6077de48d","local_time":"20210122142112","is_ascension_mode":false,"campfire_choices":[{"data":"hexamod:Sear","floor":1.0,"key":"SMITH"},{"data":"hexamod:RainOfEmbers","floor":18.0,"key":"SMITH"},{"floor":25,"key":"RECALL"}],"circlet_count":0,"master_deck":["hexamod:Strike","hexamod:Strike","hexamod:Strike","hexamod:Defend","hexamod:Defend","hexamod:Defend","hexamod:Sear+1","hexamod:Float+1","hexamod:SoulSteal","hexamod:RainOfEmbers+1","hexamod:ShieldOfDarkness","hexamod:GhostflameBarrier","hexamod:NightmareStrike","hexamod:NightmareGuise","hexamod:Haunt","hexamod:TimeWarp","hexamod:ThirdSeal","hexamod:FirstSeal","hexamod:SecondSeal","hexamod:Hexaguard","hexamod:HauntingEcho","hexamod:FifthSeal","hexamod:GhostflameInferno","hexamod:SixthSeal","hexamod:BurningTouch+1","infinitespire:Starlight+1","infinitespire:FutureSight","hexamod:ThermalTransfer","hexamod:ParanormalForm","hexamod:BurningTouch","J.A.X.+1","hexamod:SixthSeal","hexamod:HeatMetal+1","hexamod:GhostOfSpireFuture+1","hexamod:RadiantFlame"],"relics":["hexamod:SpiritBrand","MealTicket","infinitespire:ShieldingShard","vexMod:Dragonfruit","Orichalcum","vexMod:RockOfEvil","downfall:HeartBlessingGreen","MutagenicStrength","downfall:HeartBlessingBlue"],"acts_visited":["Exordium","TheCity"],"potions_floor_usage":[26],"damage_taken":[{"damage":0.0,"enemies":"downfall:FleeingMerchant","floor":2.0,"turns":4.0},{"damage":8.0,"enemies":"Jaw Worm","floor":4.0,"turns":3.0},{"damage":0.0,"enemies":"downfall:FleeingMerchant","floor":6.0,"turns":4.0},{"damage":0.0,"enemies":"Cultist","floor":9.0,"turns":3.0},{"damage":31.0,"enemies":"Lagavulin","floor":10.0,"turns":6.0},{"damage":0.0,"enemies":"downfall:FleeingMerchant","floor":12.0,"turns":4.0},{"damage":0.0,"enemies":"2 Louse","floor":13.0,"turns":3.0},{"damage":5.0,"enemies":"Exordium Wildlife","floor":15.0,"turns":3.0},{"damage":62.0,"enemies":"WA_ARCHETYPE_RETAIN","floor":16.0,"turns":10.0},{"damage":4.0,"enemies":"3 Byrds","floor":19.0,"turns":8.0},{"damage":0.0,"enemies":"Centurion and Healer","floor":21.0,"turns":1.0},{"damage":30.0,"enemies":"downfall:Augmenter","floor":22.0,"turns":7.0},{"damage":10,"enemies":"Sentry and Sphere","floor":23,"turns":6},{"damage":45,"enemies":"3 Cultists","floor":26,"turns":5}],"seed_played":"-4786624786110725602","potions_obtained":[{"floor":13.0,"key":"SteroidPotion"},{"floor":16.0,"key":"SkillPotion"},{"floor":21.0,"key":"SteroidPotion"},{"floor":23,"key":"DuplicationPotion"}],"is_trial":false,"path_per_floor":["R","$","?","M","?","$","T","T","M","E","?","$","M","?","M","B",null,"R","M","AVR","M","?","M","T","R","M"],"character_chosen":"THE_SPIRIT","items_purchased":["hexamod:RainOfEmbers","hexamod:NightmareStrike","hexamod:NightmareGuise","hexamod:FirstSeal"],"campfire_rested":0,"item_purchase_floors":[2,6,6,12],"current_hp_per_floor":[70,70,70,62,50,65,65,70,70,39,39,54,54,75,75,20,38,38,38,38,38,17,24,24,34,0,0,0],"gold":889,"neow_bonus":"UPGRADE_CARD","is_daily":false,"chose_seed":false,"campfire_upgraded":2,"win_rate":0.0,"timestamp":1611346872,"path_taken":["R","$","?","?","?","$","T","?","?","E","?","?","M","?","M","BOSS","R","M","AVR","M","?","M","T","R","M"],"items_purchased_type":["Card","Card","Card","Card"],"build_version":"2020-12-22","purchased_purges":0,"victory":false,"max_hp_per_floor":[70,70,70,70,70,70,70,75,75,75,75,75,75,75,75,75,38,38,38,38,38,38,38,38,48,48,48,48],"card_choices":[{"not_picked":["hexamod:SpectersWail","hexamod:PhantomFireball"],"picked":"hexamod:SoulSteal","floor":2.0},{"not_picked":["hexamod:SpectersWail","hexamod:Hexaguard"],"picked":"hexamod:ShieldOfDarkness","floor":4.0},{"not_picked":["hexamod:SpectersWail","hexamod:RainOfEmbers"],"picked":"hexamod:GhostflameBarrier","floor":6.0},{"not_picked":["hexamod:DynamicBlow","hexamod:SwordOfDarkness"],"picked":"hexamod:Haunt","floor":9.0},{"not_picked":["hexamod:BacktrackSmack","hexamod:ThermalTransfer"],"picked":"hexamod:TimeWarp","floor":10.0},{"not_picked":["hexamod:NightmareStrike","hexamod:StepThrough"],"picked":"hexamod:ThirdSeal","floor":12.0},{"not_picked":["hexamod:NightmareGuise","hexamod:GhostLash"],"picked":"hexamod:SecondSeal","floor":13.0},{"not_picked":["hexamod:BacktrackSmack","hexamod:TurnItUp"],"picked":"hexamod:Hexaguard","floor":13.0},{"not_picked":["hexamod:RadiantFlame","hexamod:SwordOfDarkness"],"picked":"hexamod:HauntingEcho","floor":15.0},{"not_picked":["hexamod:ForkedFlame","hexamod:TurnItUp"],"picked":"hexamod:FifthSeal","floor":16.0},{"not_picked":["hexamod:WildfireWeapon","hexamod:GhostOfSpirePresent"],"picked":"hexamod:GhostflameInferno","floor":16.0},{"not_picked":["hexamod:FourthSeal","hexamod:ThirdSeal"],"picked":"hexamod:SixthSeal","floor":19.0},{"not_picked":["hexamod:InspiringFlames+1","hexamod:Hexaguard"],"picked":"hexamod:BurningTouch+1","floor":19.0},{"not_picked":["hexamod:NightmareStrike","hexamod:BurningTouch","hexamod:ExtraCrispy"],"picked":"SKIP","floor":19.0},{"not_picked":["hexamod:ShieldOfDarkness+1","hexamod:GhostflameBarrier"],"picked":"hexamod:ThermalTransfer","floor":21.0},{"not_picked":[],"picked":"J.A.X.","floor":22.0},{"not_picked":["hexamod:FourthSeal","hexamod:SecondSeal"],"picked":"hexamod:SixthSeal","floor":22.0},{"not_picked":["hexamod:ThermalTransfer","hexamod:ShieldOfDarkness"],"picked":"hexamod:HeatMetal+1","floor":22.0},{"not_picked":["hexamod:GhostShield","hexamod:GhostLash"],"picked":"hexamod:GhostOfSpireFuture+1","floor":23},{"not_picked":["hexamod:SpectersWail+1","hexamod:NightmareGuise"],"picked":"hexamod:RadiantFlame","floor":23}],"player_experience":338282,"relics_obtained":[{"floor":7.0,"key":"infinitespire:ShieldingShard"},{"floor":8.0,"key":"vexMod:Dragonfruit"},{"floor":10.0,"key":"Orichalcum"},{"floor":22.0,"key":"MutagenicStrength"}],"event_choices":[{"damage_healed":0.0,"max_hp_gain":0.0,"max_hp_loss":0.0,"gold_gain":0.0,"event_name":"Scrap Ooze","player_choice":"Success","floor":5.0,"gold_loss":0.0,"damage_taken":12.0,"relics_obtained":["MealTicket"]}],"is_beta":false,"boss_relics":[{"not_picked":["Philosopher\u0027s Stone","Coffee Dripper"],"picked":"vexMod:RockOfEvil"}],"items_purged_floors":[],"is_endless":false,"potions_floor_spawned":[13,16,21,23],"killed_by":"3 Cultists","ascension_level":0}}