{"host":"zxd7sxkt31l2m2hb","time":1611331731,"event":{"mods":["AchievementEnabler","BaseMod","BetterRewards","Colored Map","Colored Powertips","Highlight Path","Minty Spire (QoL Compilation)","StSLib","SuperFastMode","The Jungle","slay the spire mod where everything is the same but ironclad has a cowboy hat"],"gold_per_floor":[119,129,129,129,129,129,158,158,158,158,171,171,171,171,171,276,276,293,304,129,141,141,141],"floor_reached":22,"language":"DEU","playtime":3119,"items_purged":[],"score":207,"play_id":"99acdb9b-7775-4b76-bd2e-84ae30f21aa7","local_time":"20210122170851","is_ascension_mode":false,"campfire_choices":[{"data":"PathToVictory","floor":6,"key":"SMITH"},{"data":"FollowUp","floor":8,"key":"SMITH"},{"data":"FollowUp","floor":13,"key":"SMITH"},{"floor":15,"key":"REST"}],"circlet_count":0,"master_deck":["Strike_P","Strike_P","Strike_P","Strike_P","Defend_P","Defend_P","Defend_P","Defend_P","Vigilance","PathToVictory+1","FollowUp+1","FollowUp+1","DevaForm","EmptyBody+1","BowlingBash","Study"],"relics":["PureWater","NeowsBlessing","Darkstone Periapt","InkBottle","Question Card","Kunai","Anchor","VioletLotus","theJungle:ShellPeas"],"acts_visited":["Exordium","Exordium"],"potions_floor_usage":[],"damage_taken":[{"damage":0,"enemies":"Jaw Worm","floor":1,"turns":1},{"damage":0,"enemies":"2 Louse","floor":2,"turns":1},{"damage":0,"enemies":"Lagavulin","floor":7,"turns":1},{"damage":0,"enemies":"Cultist","floor":11,"turns":2},{"damage":50,"enemies":"Hexaghost","floor":16,"turns":11},{"damage":42,"enemies":"theJungle:GiantWrat","floor":18,"turns":10},{"damage":1,"enemies":"theJungle:MUSHROOMGANG","floor":19,"turns":5},{"damage":8,"enemies":"theJungle:Lyon","floor":21,"turns":6},{"damage":24,"enemies":"theJungle:2_Snecko_Cultists","floor":22,"turns":2}],"seed_played":"5897039853055043115","potions_obtained":[{"floor":7,"key":"CultistPotion"},{"floor":11,"key":"LiquidMemories"},{"floor":16,"key":"Strength Potion"},{"floor":19,"key":"BlessingOfTheForge"}],"is_trial":false,"path_per_floor":["M","M","$","?","?","R","E","R","T","T","M","?","R","?","R","B",null,"M","M","?","M","M"],"character_chosen":"WATCHER","items_purchased":[],"campfire_rested":1,"item_purchase_floors":[],"current_hp_per_floor":[72,72,72,65,65,65,65,65,65,65,65,58,58,58,72,22,72,30,29,29,21,0,0],"gold":141,"neow_bonus":"THREE_ENEMY_KILL","is_daily":false,"chose_seed":false,"campfire_upgraded":3,"win_rate":0.0,"timestamp":1611331731,"path_taken":["M","M","$","?","?","R","E","R","T","?","?","?","R","?","R","BOSS","M","M","?","M","M"],"items_purchased_type":[],"build_version":"2020-12-22","purchased_purges":0,"victory":false,"max_hp_per_floor":[72,72,72,72,72,72,72,72,72,72,72,72,72,72,72,72,72,72,72,72,72,72,72],"card_choices":[{"not_picked":["EmptyMind","CarveReality"],"picked":"PathToVictory","floor":1},{"not_picked":["SashWhip","Consecrate"],"picked":"FollowUp","floor":2},{"not_picked":["DeusExMachina","SashWhip"],"picked":"FollowUp","floor":7},{"not_picked":["CrushJoints","Pray","FlyingSleeves","JustLucky"],"picked":"SKIP","floor":11},{"not_picked":["MasterReality","Omniscience","ConjureBlade"],"picked":"DevaForm","floor":16},{"not_picked":["FlyingSleeves","FollowUp","JustLucky"],"picked":"EmptyBody+1","floor":18},{"not_picked":["BattleHymn","Halt+1","ThirdEye"],"picked":"BowlingBash","floor":19},{"not_picked":["JustLucky","Swivel","FlyingSleeves+1"],"picked":"Study","floor":21}],"player_experience":61172,"relics_obtained":[{"floor":7,"key":"Darkstone Periapt"},{"floor":9,"key":"InkBottle"},{"floor":10,"key":"Question Card"}],"event_choices":[{"cards_removed":["Eruption"],"damage_healed":0,"gold_gain":0,"player_choice":"Card Removal","damage_taken":7,"max_hp_gain":0,"max_hp_loss":0,"event_name":"Golden Wing","floor":4,"gold_loss":0},{"damage_healed":0,"gold_gain":0,"player_choice":"Ignored","damage_taken":0,"max_hp_gain":0,"max_hp_loss":0,"event_name":"Liars Game","floor":5,"gold_loss":0},{"damage_healed":0,"gold_gain":0,"player_choice":"Success","damage_taken":7,"relics_obtained":["Kunai"],"max_hp_gain":0,"max_hp_loss":0,"event_name":"Scrap Ooze","floor":12,"gold_loss":0},{"damage_healed":0,"gold_gain":0,"player_choice":"Searched \u00272\u0027 times","damage_taken":0,"relics_obtained":["Anchor"],"max_hp_gain":0,"max_hp_loss":0,"event_name":"Dead Adventurer","floor":14,"gold_loss":0}],"is_beta":false,"boss_relics":[{"not_picked":["Velvet Choker","Fusion Hammer"],"picked":"VioletLotus"}],"items_purged_floors":[],"is_endless":false,"potions_floor_spawned":[7,11,16,19],"killed_by":"theJungle:2_Snecko_Cultists","ascension_level":0}}