{"host":"s41rn2jhghpwfrvz","time":1611329136,"event":{"mods":["BaseMod","Minty Spire (QoL Compilation)","Quick Restart","Relic Stats","SuperFastMode"],"gold_per_floor":[115,115,127,127,127,166,166,206,232,253,266,266,282,317,317,410,410,426,296,309,309,332,366,4,42,42,42,42,78,78,78],"floor_reached":30,"language":"ENG","playtime":667,"items_purged":["Reckless Charge"],"score":712,"play_id":"e65968e7-8a9c-475a-b0a5-cef04a27c643","local_time":"20210122172536","daily_mods":["SealedDeck","Diverse","DeadlyEvents"],"is_ascension_mode":true,"campfire_choices":[{"data":"Dark Embrace","floor":7,"key":"SMITH"},{"data":"White Noise","floor":12,"key":"SMITH"},{"data":"Prostrate","floor":15,"key":"SMITH"},{"data":"Barricade","floor":28,"key":"SMITH"}],"circlet_count":0,"master_deck":["AscendersBane","Sweeping Beam+1","Blade Dance+1","White Noise+1","Gash","Intimidate","Tempest","Dark Embrace+1","FTL","Blur","Prostrate+1","Barricade+1","Body Slam","Evolve"],"relics":["Burning Blood","Golden Idol","Nunchaku","Red Skull","Omamori","Happy Flower","Busted Crown","PreservedInsect","Peace Pipe","Sundial","Toy Ornithopter","Magic Flower"],"acts_visited":["Exordium","TheCity"],"potions_floor_usage":[16,16],"damage_taken":[{"damage":2,"enemies":"Small Slimes","floor":1,"turns":3},{"damage":14,"enemies":"Jaw Worm","floor":3,"turns":3},{"damage":14,"enemies":"Gremlin Nob","floor":6,"turns":3},{"damage":0,"enemies":"Lagavulin","floor":8,"turns":3},{"damage":7,"enemies":"2 Louse","floor":10,"turns":2},{"damage":0,"enemies":"Large Slime","floor":11,"turns":2},{"damage":0,"enemies":"Blue Slaver","floor":13,"turns":1},{"damage":5,"enemies":"Gremlin Nob","floor":14,"turns":3},{"damage":22,"enemies":"The Guardian","floor":16,"turns":3},{"damage":13,"enemies":"Shell Parasite","floor":18,"turns":3},{"damage":0,"enemies":"2 Thieves","floor":20,"turns":3},{"damage":33,"enemies":"Snake Plant","floor":22,"turns":3},{"damage":12,"enemies":"Slavers","floor":23,"turns":2},{"damage":20,"enemies":"Book of Stabbing","floor":25,"turns":3},{"damage":8,"enemies":"Gremlin Leader","floor":29,"turns":2},{"damage":14,"enemies":"Centurion and Healer","floor":30,"turns":1}],"seed_played":"-140695409915399077","potions_obtained":[{"floor":3,"key":"FairyPotion"},{"floor":13,"key":"Weak Potion"},{"floor":14,"key":"Swift Potion"},{"floor":16,"key":"ColorlessPotion"},{"floor":18,"key":"Energy Potion"},{"floor":20,"key":"DuplicationPotion"}],"is_trial":true,"path_per_floor":["M","$","M","?","?","E","R","E","T","M","M","R","M","E","R","B",null,"M","$","M","?","M","E","$","E","T","?","R","E","M"],"character_chosen":"IRONCLAD","items_purchased":["Body Slam","Sundial","Evolve"],"campfire_rested":0,"item_purchase_floors":[19,24,24],"current_hp_per_floor":[72,72,64,38,15,7,7,13,13,12,18,18,24,25,25,9,59,52,52,58,58,31,25,25,11,11,11,11,9,0,0],"gold":78,"neow_bonus":"","is_daily":false,"chose_seed":false,"campfire_upgraded":4,"win_rate":0.0,"timestamp":1611329136,"path_taken":["M","$","M","?","?","E","R","E","T","M","M","R","M","E","R","BOSS","M","$","M","?","M","E","$","E","T","?","R","?","?"],"items_purchased_type":["Card","Relic","Card"],"build_version":"2020-12-22","purchased_purges":1,"victory":false,"max_hp_per_floor":[75,75,75,75,75,75,75,75,75,75,75,75,75,75,75,75,75,75,75,75,75,75,75,75,75,75,75,75,75,75,75],"relic_stats":{"Peace Pipe":0,"Nunchaku":[17],"Busted Crown":12,"Happy Flower":[6],"counters":[16,40],"Golden Idol":85,"Sundial":[4],"Magic Flower":[0],"PreservedInsect":130,"obtain_stats":[{"Peace Pipe":23,"Nunchaku":6,"Busted Crown":17,"Happy Flower":14,"Golden Idol":4,"Sundial":24,"Magic Flower":29,"PreservedInsect":21,"Omamori":9,"Burning Blood":0,"Red Skull":8,"Toy Ornithopter":25},{"Peace Pipe":13,"Nunchaku":3,"Busted Crown":9,"Happy Flower":8,"Golden Idol":2,"Sundial":13,"Magic Flower":15,"PreservedInsect":11,"Omamori":4,"Burning Blood":0,"Red Skull":4,"Toy Ornithopter":14},{"Peace Pipe":34,"Nunchaku":9,"Busted Crown":23,"Happy Flower":20,"Golden Idol":6,"Sundial":34,"Magic Flower":39,"PreservedInsect":29,"Omamori":12,"Burning Blood":0,"Red Skull":12,"Toy Ornithopter":37}],"Burning Blood":90,"Toy Ornithopter":0},"card_choices":[{"not_picked":["Evaluate","EmptyBody","Power Through"],"picked":"SKIP","floor":1},{"not_picked":["PiercingWail","ThirdEye","Sucker Punch"],"picked":"SKIP","floor":3},{"not_picked":["Inflame","Dagger Throw","Wallop"],"picked":"SKIP","floor":6},{"not_picked":["BattleHymn","InnerPeace","Terror"],"picked":"SKIP","floor":8},{"not_picked":["Sweeping Beam","Shrug It Off","Coolheaded"],"picked":"SKIP","floor":10},{"not_picked":["Footwork","Demon Form","Worship"],"picked":"SKIP","floor":11},{"not_picked":["Footwork","Demon Form","Worship"],"picked":"SKIP","floor":11},{"not_picked":["Wild Strike","Armaments","Prostrate"],"picked":"SKIP","floor":13},{"not_picked":["Wild Strike","Armaments"],"picked":"Prostrate","floor":13},{"not_picked":["Escape Plan","Warcry","Fusion"],"picked":"SKIP","floor":14},{"not_picked":["All For One","Devotion"],"picked":"Barricade","floor":16},{"not_picked":["Clash"],"picked":"SKIP","floor":18},{"not_picked":["PathToVictory"],"picked":"SKIP","floor":20},{"not_picked":["Distraction"],"picked":"SKIP","floor":22},{"not_picked":["Backstab"],"picked":"SKIP","floor":23},{"not_picked":["Bane"],"picked":"SKIP","floor":25},{"not_picked":["Distraction"],"picked":"SKIP","floor":29}],"player_experience":1825274,"relics_obtained":[{"floor":6,"key":"Nunchaku"},{"floor":8,"key":"Red Skull"},{"floor":9,"key":"Omamori"},{"floor":14,"key":"Happy Flower"},{"floor":23,"key":"Peace Pipe"},{"floor":25,"key":"Toy Ornithopter"},{"floor":29,"key":"Magic Flower"}],"event_choices":[{"damage_healed":0,"gold_gain":0,"player_choice":"Take Damage","damage_taken":26,"relics_obtained":["Golden Idol"],"max_hp_gain":0,"max_hp_loss":0,"event_name":"Golden Idol","floor":4,"gold_loss":0},{"damage_healed":0,"gold_gain":0,"player_choice":"Entered Light","damage_taken":23,"max_hp_gain":0,"max_hp_loss":0,"event_name":"Shining Light","floor":5,"gold_loss":0,"cards_upgraded":["Sweeping Beam","Blade Dance"]},{"damage_healed":0,"gold_gain":0,"player_choice":"Opened","damage_taken":0,"relics_obtained":["PreservedInsect"],"max_hp_gain":0,"max_hp_loss":0,"event_name":"The Mausoleum","floor":21,"gold_loss":0,"cards_obtained":["Writhe"]},{"damage_healed":0,"gold_gain":0,"player_choice":"Ignored","damage_taken":0,"max_hp_gain":0,"max_hp_loss":0,"event_name":"Vampires","floor":27,"gold_loss":0}],"is_beta":false,"boss_relics":[{"not_picked":["SlaversCollar","Fusion Hammer"],"picked":"Busted Crown"}],"items_purged_floors":[19],"is_endless":false,"potions_floor_spawned":[3,13,14,16,18,20],"killed_by":"Centurion and Healer","ascension_level":20}}