{"host":"ndpbn7fqb3wjbd7p","time":1611282634,"event":{"mods":["AchievementEnabler","Act Like it!","AlwaysNeverKeys","BaseMod","Better Vampires","Block Reminder","Colored Powertips","DeckTracker","Defuse TimeMaze Blight","Friendly Minions","Hallownest","Hermit","Highlight Path","MarisaÅiñ∂âJÅ@ñÇóùçπÅj","Minty Spire (QoL Compilation)","Permanent Neow","Shade Mod","StSLib","SuperFastMode","Synergy Search","The Mystic","Unceasing Turn Reminder","egg"],"gold_per_floor":[218,234,234,13,13,52,52,96,96,116,116,159,183,83,83,179,179,202,240,261,136,150,150,174,174,221,236,161,161,177,220,220,311,311,331,181,205,39,39,39,80,80,80,116,116,131,131,31,31,31,31],"floor_reached":52,"language":"ENG","playtime":4064,"items_purged":["Strike_G","Strike_G","Strike_G","Strike_G"],"score":1882,"play_id":"78503832-67b2-4f12-aaa6-b43576215cef","local_time":"20210122033034","is_ascension_mode":true,"campfire_choices":[{"floor":7,"key":"DIG"},{"floor":15,"key":"DIG"},{"floor":23,"key":"DIG"},{"floor":25,"key":"DIG"},{"floor":29,"key":"DIG"},{"floor":32,"key":"DIG"},{"floor":40,"key":"DIG"},{"floor":45,"key":"DIG"},{"floor":47,"key":"DIG"},{"floor":49,"key":"DIG"}],"circlet_count":0,"master_deck":["AscendersBane","Defend_G","Defend_G","Defend_G","Defend_G","Defend_G","Survivor","Neutralize","Infinite Blades","Backstab","Accuracy","Cloak And Dagger","Calculated Gamble+1","Acrobatics+1","Backstab","Tactician","Storm of Steel","Noxious Fumes","Malaise","Heel Hook","Cloak And Dagger+1","PiercingWail+1","Adrenaline","Adrenaline","Prepared","Prepared","Crippling Poison"],"relics":["Ring of the Snake","Dead Branch","Golden Idol","Shovel","Matryoshka","Turnip","CaptainsWheel","Blood Vial","Question Card","War Paint","Runic Pyramid","Red Mask","Blue Candle","Sundial","Oddly Smooth Stone","Ancient Tea Set","Eternal Feather","Bottled Flame","Snake Skull","Black Star","Chemical X","Potion Belt","Strawberry","Ninja Scroll","Hallownest:KingsIdolRelic","Centennial Puzzle","Pen Nib","Pantograph","InkBottle","Torii","Bag of Marbles"],"acts_visited":["Exordium","TheCity","TheCity"],"potions_floor_usage":[6,12,16,16,24,33,35,41,50,50],"damage_taken":[{"damage":0,"enemies":"Cultist","floor":1,"turns":4},{"damage":1,"enemies":"Jaw Worm","floor":2,"turns":5},{"damage":9,"enemies":"3 Sentries","floor":6,"turns":5},{"damage":2,"enemies":"Gremlin Nob","floor":8,"turns":3},{"damage":0,"enemies":"Small Slimes","floor":10,"turns":3},{"damage":14,"enemies":"3 Sentries","floor":12,"turns":5},{"damage":2,"enemies":"3 Louse","floor":13,"turns":2},{"damage":14,"enemies":"Hexaghost","floor":16,"turns":6},{"damage":0,"enemies":"Spheric Guardian","floor":18,"turns":3},{"damage":16,"enemies":"Masked Bandits","floor":19,"turns":4},{"damage":0,"enemies":"Chosen","floor":20,"turns":2},{"damage":14,"enemies":"Snecko","floor":22,"turns":4},{"damage":7,"enemies":"Shelled Parasite and Fungi","floor":24,"turns":3},{"damage":2,"enemies":"Centurion and Healer","floor":27,"turns":3},{"damage":3,"enemies":"Cultist and Chosen","floor":30,"turns":5},{"damage":2,"enemies":"Slavers","floor":31,"turns":4},{"damage":9,"enemies":"Collector","floor":33,"turns":4},{"damage":1,"enemies":"Hallownest:2_Littles","floor":35,"turns":5},{"damage":33,"enemies":"Hallownest:3_Siblings","floor":37,"turns":7},{"damage":1,"enemies":"Hallownest:eliteCollector","floor":41,"turns":5},{"damage":45,"enemies":"Hallownest:StalkingDevout","floor":44,"turns":3},{"damage":0,"enemies":"Hallownest:Shield_Sturdy","floor":46,"turns":3},{"damage":11,"enemies":"Hallownest:Radiance","floor":50,"turns":5},{"damage":37,"enemies":"Hallownest:BossHollowKnight","floor":51,"turns":13}],"seed_played":"-4292669992006816965","potions_obtained":[{"floor":1,"key":"SkillPotion"},{"floor":8,"key":"GamblersBrew"},{"floor":10,"key":"PowerPotion"},{"floor":12,"key":"Regen Potion"},{"floor":22,"key":"DistilledChaos"},{"floor":27,"key":"FairyPotion"},{"floor":30,"key":"Block Potion"},{"floor":31,"key":"Energy Potion"},{"floor":33,"key":"SkillPotion"},{"floor":37,"key":"Explosive Potion"},{"floor":46,"key":"ColorlessPotion"}],"is_trial":false,"path_per_floor":["M","M","T","$","?","E","R","E","T","M","?","E","M","$","R","B",null,"M","?","M","$","M","R","M","R","T","M","?","R","M","E","R","B",null,"M","$","M","$","?","R","E","?","T","E","R","M","R","$","R","B","B",null],"character_chosen":"THE_SILENT","items_purchased":["Accuracy","Cloak And Dagger","Chemical X","BlessingOfTheForge","Crippling Poison"],"campfire_rested":0,"item_purchase_floors":[4,4,38,48,48],"current_hp_per_floor":[59,58,58,58,58,49,49,47,47,49,54,42,42,42,42,45,60,62,48,50,50,38,38,33,33,33,33,33,33,32,32,44,37,58,59,59,28,28,28,43,51,51,51,8,23,25,40,40,55,54,28],"gold":31,"neow_bonus":"HUNDRED_GOLD","is_daily":false,"chose_seed":false,"campfire_upgraded":0,"win_rate":0.0,"timestamp":1611282634,"path_taken":["M","M","?","$","?","E","R","E","T","M","?","E","M","$","R","BOSS","M","?","M","$","M","R","M","R","T","M","?","R","M","E","R","BOSS","M","$","M","$","?","R","E","?","T","E","R","M","R","$","R","BOSS","BOSS"],"items_purchased_type":["Card","Card","Relic","Potion","Card"],"build_version":"2020-12-22","purchased_purges":4,"victory":true,"max_hp_per_floor":[66,66,66,66,60,60,60,60,60,60,65,65,65,65,65,65,65,65,65,65,65,65,65,65,65,65,65,65,65,65,65,65,65,65,65,65,65,65,58,58,65,65,65,65,65,65,65,65,65,65,65],"card_choices":[{"not_picked":["Blade Dance","Masterful Stab"],"picked":"Infinite Blades","floor":1},{"not_picked":["Acrobatics","Flying Knee"],"picked":"Backstab","floor":2},{"not_picked":["Dagger Throw","Poisoned Stab"],"picked":"Calculated Gamble","floor":6},{"not_picked":["Bane","Quick Slash","Bouncing Flask"],"picked":"SKIP","floor":8},{"not_picked":["Prepared","Dodge and Roll"],"picked":"Acrobatics","floor":10},{"not_picked":["Cloak And Dagger","Dagger Throw"],"picked":"Backstab","floor":12},{"not_picked":["Dagger Spray","Envenom","Slice"],"picked":"Tactician","floor":13},{"not_picked":["Riddle With Holes","Poisoned Stab","Bane","Sucker Punch"],"picked":"SKIP","floor":18},{"not_picked":["Blade Dance","Slice","Acrobatics"],"picked":"Storm of Steel","floor":19},{"not_picked":["Deadly Poison","Prepared","Outmaneuver"],"picked":"Noxious Fumes","floor":20},{"not_picked":["Blade Dance","Sucker Punch","Flechettes"],"picked":"Malaise","floor":22},{"not_picked":["Blade Dance","Acrobatics","Deflect"],"picked":"Heel Hook","floor":24},{"not_picked":["Poisoned Stab","Bane","Concentrate"],"picked":"Cloak And Dagger+1","floor":27},{"not_picked":["Sucker Punch","Dagger Spray","Underhanded Strike+1"],"picked":"PiercingWail+1","floor":30},{"not_picked":["Sucker Punch+1","Blade Dance","Crippling Poison"],"picked":"Adrenaline","floor":31},{"not_picked":["Venomology","After Image","Bullet Time"],"picked":"Adrenaline","floor":33},{"not_picked":["Backflip","Expertise","Dagger Spray+1"],"picked":"Prepared","floor":35},{"not_picked":["Crippling Poison","Backflip+1","Slice","Catalyst"],"picked":"SKIP","floor":37},{"not_picked":["Heel Hook","Sucker Punch","Slice"],"picked":"Prepared","floor":41},{"not_picked":["Sucker Punch","Dagger Spray","Grand Finale","Bane"],"picked":"SKIP","floor":44},{"not_picked":["Cloak And Dagger","Eviscerate","Slice","Poisoned Stab"],"picked":"SKIP","floor":46}],"player_experience":1186237,"relics_obtained":[{"floor":3,"key":"Dead Branch"},{"floor":6,"key":"Shovel"},{"floor":7,"key":"Matryoshka"},{"floor":8,"key":"Turnip"},{"floor":9,"key":"CaptainsWheel"},{"floor":9,"key":"Blood Vial"},{"floor":12,"key":"Question Card"},{"floor":15,"key":"War Paint"},{"floor":19,"key":"Red Mask"},{"floor":23,"key":"Blue Candle"},{"floor":25,"key":"Sundial"},{"floor":26,"key":"Oddly Smooth Stone"},{"floor":26,"key":"Ancient Tea Set"},{"floor":29,"key":"Eternal Feather"},{"floor":31,"key":"Bottled Flame"},{"floor":32,"key":"Snake Skull"},{"floor":40,"key":"Potion Belt"},{"floor":41,"key":"Strawberry"},{"floor":41,"key":"Ninja Scroll"},{"floor":43,"key":"Centennial Puzzle"},{"floor":44,"key":"Pen Nib"},{"floor":44,"key":"Pantograph"},{"floor":45,"key":"InkBottle"},{"floor":47,"key":"Torii"},{"floor":49,"key":"Bag of Marbles"}],"event_choices":[{"damage_healed":0,"gold_gain":0,"player_choice":"Lose Max HP","damage_taken":0,"relics_obtained":["Golden Idol"],"max_hp_gain":0,"max_hp_loss":6,"event_name":"Golden Idol","floor":5,"gold_loss":0},{"damage_healed":0,"gold_gain":0,"player_choice":"Donut","damage_taken":0,"max_hp_gain":5,"max_hp_loss":0,"event_name":"Big Fish","floor":11,"gold_loss":0},{"damage_healed":0,"gold_gain":0,"player_choice":"Fought Bandits","damage_taken":0,"max_hp_gain":0,"max_hp_loss":0,"event_name":"Masked Bandits","floor":19,"gold_loss":0},{"cards_removed":["Strike_G"],"damage_healed":0,"gold_gain":0,"player_choice":"Gave Gold","damage_taken":0,"max_hp_gain":0,"max_hp_loss":0,"event_name":"Beggar","floor":28,"gold_loss":75}],"is_beta":false,"boss_relics":[{"not_picked":["Cursed Key","Velvet Choker"],"picked":"Runic Pyramid"},{"not_picked":["Pandora\u0027s Box","Philosopher\u0027s Stone"],"picked":"Black Star"}],"items_purged_floors":[4,14,21,36],"is_endless":false,"potions_floor_spawned":[1,8,10,12,13,22,27,30,31,33,37,46],"ascension_level":20}}