{"host":"d61fcf2p3sjwe6yo","time":1611344412,"event":{"mods":["AchievementEnabler","BaseMod","Colored Map","Downfall","Minty Spire (QoL Compilation)","StSLib","SuperFastMode"],"gold_per_floor":[349,368,385,560,560,576,576,376,376,96,131,16,16,45,63,140,140,40,69,80,80,93,93,93,119,119,150,150,166,166,184,196,270,270,270,289,300,300,318,332,332,332,72,86,111,123,155,197,220,232,244,256,256,256],"floor_reached":52,"language":"ENG","playtime":3923,"items_purged":["Clumsy","Guardian:Strike_Guardian"],"score":1388,"play_id":"780b5d48-c2b0-4f40-89b2-d14634b82c56","local_time":"20210122224012","is_ascension_mode":true,"campfire_choices":[{"floor":1,"key":"RECALL"},{"data":"Guardian:TwinSlam","floor":8,"key":"SMITH"},{"data":"Guardian:BodySlam","floor":13,"key":"SMITH"},{"data":"Guardian:StasisField","floor":18,"key":"SMITH"},{"data":"Guardian:RollAttack","floor":26,"key":"SMITH"},{"data":"Guardian:Recover","floor":30,"key":"SMITH"},{"data":"Guardian:Recover","floor":35,"key":"SMITH"},{"data":"Guardian:Repulse","floor":46,"key":"SMITH"}],"circlet_count":0,"master_deck":["AscendersBane","Guardian:Strike_Guardian","Guardian:Strike_Guardian","Guardian:Defend_Guardian+1","Guardian:Defend_Guardian","Guardian:Defend_Guardian","Guardian:Defend_Guardian","Guardian:CurlUp","Guardian:TwinSlam+1","Guardian:EvasiveProtocol","Guardian:ChargeCore","Guardian:ChargeCore","Guardian:BodySlam+1","Guardian:Recover+1","Guardian:FloatingOrbs","Guardian:ArmoredProtocol","Guardian:StasisField+1","Guardian:Recover+1","Guardian:StasisStrike","Guardian:ArmoredProtocol","Guardian:RollAttack+1","Pride","Guardian:ArmoredProtocol","Guardian:RevengeProtocol","Guardian:GemFire","Guardian:PiercingHide+1","Guardian:TimeSifter","Guardian:PrimingBeam+1","Guardian:FloatingOrbs","Guardian:Repulse+1","Guardian:SphericShield","Guardian:TemporalShield+1","Guardian:SpikerProtocol+1","Guardian:TemporalShield+1"],"relics":["Guardian:ModeShifter","downfall:HeartBlessingRed","downfall:HeartBlessingBlue","Happy Flower","Matryoshka","Mango","bronze:MakeshiftBattery","downfall:HeartBlessingGreen","Red Mask","Centennial Puzzle","Guardian:StasisCodex","Oddly Smooth Stone","The Courier","Guardian:GemstoneGun","Sozu","War Paint","MealTicket","downfall:TeleportStone","OrangePellets","MawBank","Bronze Scales"],"acts_visited":["Exordium","TheCity","TheBeyond","TheEnding"],"potions_floor_usage":[14,29,40],"damage_taken":[{"damage":2,"enemies":"Small Slimes","floor":2,"turns":4},{"damage":7,"enemies":"Jaw Worm","floor":3,"turns":6},{"damage":1,"enemies":"Cultist","floor":6,"turns":4},{"damage":20,"enemies":"Cultist","floor":9,"turns":5},{"damage":5,"enemies":"downfall:FleeingMerchant","floor":10,"turns":4},{"damage":20,"enemies":"3 Sentries","floor":11,"turns":10},{"damage":5,"enemies":"downfall:FleeingMerchant","floor":12,"turns":4},{"damage":0,"enemies":"Gremlin Nob","floor":14,"turns":3},{"damage":3,"enemies":"Blue Slaver","floor":15,"turns":4},{"damage":21,"enemies":"DF_ARCHETYPE_STREAMLINE","floor":16,"turns":12},{"damage":0,"enemies":"Masked Bandits","floor":19,"turns":4},{"damage":0,"enemies":"3 Byrds","floor":20,"turns":4},{"damage":0,"enemies":"Spheric Guardian","floor":22,"turns":3},{"damage":0,"enemies":"Book of Stabbing","floor":25,"turns":5},{"damage":1,"enemies":"Slavers","floor":27,"turns":4},{"damage":0,"enemies":"Snake Plant","floor":29,"turns":3},{"damage":9,"enemies":"Shelled Parasite and Fungi","floor":31,"turns":3},{"damage":3,"enemies":"Centurion and Healer","floor":32,"turns":4},{"damage":36,"enemies":"SI_MIRROR_ARCHETYPE","floor":33,"turns":16},{"damage":10,"enemies":"3 Shapes","floor":36,"turns":8},{"damage":0,"enemies":"Orb Walker","floor":37,"turns":4},{"damage":0,"enemies":"3 Darklings","floor":39,"turns":8},{"damage":7,"enemies":"Transient","floor":40,"turns":5},{"damage":0,"enemies":"downfall:FleeingMerchant","floor":43,"turns":4},{"damage":0,"enemies":"4 Shapes","floor":44,"turns":4},{"damage":7,"enemies":"Reptomancer","floor":45,"turns":6},{"damage":1,"enemies":"3 Darklings","floor":47,"turns":4},{"damage":1,"enemies":"Nemesis","floor":48,"turns":3},{"damage":0,"enemies":"Writhing Mass","floor":49,"turns":5},{"damage":15,"enemies":"WA_ARCHETYPE_DIVINITY","floor":50,"turns":22},{"damage":86,"enemies":"downfall:CharBossMerchant","floor":52,"turns":13}],"seed_played":"6109898287771799399","potions_obtained":[{"floor":3,"key":"bronze:BurnAndBuffPotion"},{"floor":20,"key":"Swift Potion"},{"floor":22,"key":"CultistPotion"},{"floor":31,"key":"FearPotion"},{"floor":33,"key":"AttackPotion"}],"is_trial":false,"path_per_floor":["R","M","M","?","?","M","T","R","?","$","E","$","R","E","M","B",null,"R","?","M","?","M","?","T","E","R","E","?","M","R","M","M","B",null,"R","M","M","?","M","M","T","?","$","M","E","R","M","E","M","B",null,"E"],"character_chosen":"GUARDIAN","items_purchased":["Guardian:BodySlam","Happy Flower","OrangePellets","Guardian:FloatingOrbs","Guardian:Repulse"],"campfire_rested":0,"item_purchase_floors":[10,10,43,43,43],"current_hp_per_floor":[65,63,56,56,56,55,55,65,45,40,20,15,15,29,26,5,73,73,73,73,73,73,73,73,73,73,72,72,72,72,63,60,24,78,78,68,68,68,68,61,61,61,76,76,69,69,68,67,67,52,85,0,0,0],"gold":256,"neow_bonus":"TWO_FIFTY_GOLD","is_daily":false,"chose_seed":false,"campfire_upgraded":7,"win_rate":0.0,"timestamp":1611344412,"path_taken":["R","M","M","?","?","?","T","R","?","?","E","$","R","E","M","BOSS","R","?","M","?","M","?","T","E","R","E","?","M","R","?","M","BOSS","R","M","M","?","?","M","T","?","$","M","E","R","M","E","M","BOSS","E"],"items_purchased_type":["Card","Relic","Relic","Card","Card"],"build_version":"2020-12-22","purchased_purges":2,"victory":false,"max_hp_per_floor":[72,72,72,72,72,72,72,82,82,82,82,82,82,96,96,96,96,96,96,96,96,96,96,96,96,96,96,96,96,96,96,96,96,96,96,96,96,96,96,96,96,96,96,96,96,96,96,96,96,96,96,96,96,96],"card_choices":[{"not_picked":["Guardian:Reroute","Guardian:Gem_Cyan"],"picked":"Guardian:EvasiveProtocol","floor":2},{"not_picked":["Guardian:WalkerClaw","Guardian:Recover"],"picked":"Guardian:ChargeCore","floor":3},{"not_picked":["Guardian:Reroute","Guardian:PrismaticBarrier"],"picked":"Guardian:ChargeCore","floor":6},{"not_picked":["Guardian:Recover","Guardian:Planning","Guardian:TimeCapacitor"],"picked":"SKIP","floor":10},{"not_picked":["Guardian:Clone","Guardian:Gem_Fragmented"],"picked":"Guardian:Recover","floor":11},{"not_picked":["Guardian:Gem_Lightblue","Guardian:TemporalStrike"],"picked":"Guardian:FloatingOrbs","floor":12},{"not_picked":["Guardian:Harden","Guardian:Gem_Cyan"],"picked":"Guardian:ArmoredProtocol","floor":14},{"not_picked":["Guardian:GatlingBeam","Guardian:Planning","Guardian:CrystalBeam"],"picked":"SKIP","floor":15},{"not_picked":["Guardian:ExploitGems","Guardian:AncientConstruct"],"picked":"Guardian:StasisField","floor":16},{"not_picked":["Guardian:Suspension","Guardian:Gem_Green"],"picked":"Guardian:Recover","floor":20},{"not_picked":["Guardian:Suspension+1","Guardian:Preprogram+1"],"picked":"Guardian:StasisStrike","floor":22},{"not_picked":["Guardian:StasisField","Guardian:EvasiveProtocol"],"picked":"Guardian:RollAttack","floor":25},{"not_picked":["Guardian:PrismaticBarrier+1","Guardian:Gem_Cyan"],"picked":"Guardian:Gem_Synthetic","floor":27},{"not_picked":["Guardian:FuturePlans","Guardian:Gem_Lightblue","Guardian:GuardianWhirl"],"picked":"SKIP","floor":29},{"not_picked":["Guardian:SentryBeam","Guardian:Suspension","Guardian:Incinerate"],"picked":"SKIP","floor":31},{"not_picked":["Guardian:ChargeCore","Guardian:ShieldCharger"],"picked":"Guardian:ArmoredProtocol","floor":32},{"not_picked":["Guardian:Gem_Orange","Guardian:GemFire"],"picked":"Guardian:RevengeProtocol","floor":33},{"not_picked":["Guardian:Incinerate","Guardian:WalkerClaw","Guardian:Preprogram+1"],"picked":"SKIP","floor":36},{"not_picked":["Guardian:Gem_Red","Guardian:DonusPower","Guardian:Gem_Cyan"],"picked":"SKIP","floor":37},{"not_picked":["Guardian:VentSteam","Guardian:Gem_Green"],"picked":"Guardian:PiercingHide","floor":39},{"not_picked":["Guardian:RollAttack","Guardian:BronzeArmor"],"picked":"Guardian:TimeSifter","floor":40},{"not_picked":["Guardian:Planning+1","Guardian:WalkerClaw"],"picked":"Guardian:PrimingBeam+1","floor":43},{"not_picked":["Guardian:PolyBeam","Guardian:Gem_Cyan"],"picked":"Guardian:SphericShield","floor":44},{"not_picked":["Guardian:Recover","Guardian:VentSteam","Guardian:Gem_Lightblue"],"picked":"SKIP","floor":45},{"not_picked":["Guardian:Harden+1","Guardian:ChargeCore"],"picked":"Guardian:TemporalShield+1","floor":47},{"not_picked":["Guardian:Reroute+1","Guardian:Incinerate+1"],"picked":"Guardian:SpikerProtocol+1","floor":48},{"not_picked":["Guardian:PrismaticBarrier+1","Guardian:Gem_Purple"],"picked":"Guardian:TemporalShield+1","floor":49}],"player_experience":663908,"relics_obtained":[{"floor":11,"key":"Matryoshka"},{"floor":14,"key":"Mango"},{"floor":19,"key":"Red Mask"},{"floor":24,"key":"Centennial Puzzle"},{"floor":24,"key":"Guardian:StasisCodex"},{"floor":25,"key":"Oddly Smooth Stone"},{"floor":27,"key":"The Courier"},{"floor":41,"key":"War Paint"},{"floor":41,"key":"MealTicket"},{"floor":45,"key":"MawBank"},{"floor":48,"key":"Bronze Scales"}],"event_choices":[{"damage_healed":0,"gold_gain":0,"player_choice":"Fought Bandits","damage_taken":0,"max_hp_gain":0,"max_hp_loss":0,"event_name":"Masked Bandits","floor":19,"gold_loss":0},{"damage_healed":0,"gold_gain":0,"player_choice":"Ignored","damage_taken":0,"max_hp_gain":0,"max_hp_loss":0,"event_name":"Ghosts","floor":21,"gold_loss":0},{"damage_healed":0,"gold_gain":0,"player_choice":"Read","damage_taken":0,"max_hp_gain":0,"max_hp_loss":0,"event_name":"The Library","floor":23,"gold_loss":0,"cards_obtained":["Guardian:ArmoredProtocol"]},{"damage_healed":0,"gold_gain":0,"player_choice":"Stole Relic","damage_taken":0,"relics_obtained":["Guardian:GemstoneGun"],"max_hp_gain":0,"max_hp_loss":0,"event_name":"Addict","floor":28,"gold_loss":0,"cards_obtained":["Pride"]}],"is_beta":false,"boss_relics":[{"not_picked":["Fusion Hammer","Cursed Key"],"picked":"bronze:MakeshiftBattery"},{"not_picked":["Empty Cage","Astrolabe"],"picked":"Sozu"}],"items_purged_floors":[10,12],"is_endless":false,"potions_floor_spawned":[3,9,20,22,31,32,33,40,45,47,48,49],"killed_by":"downfall:CharBossMerchant","ascension_level":14}}