{"host":"2py7ki924ssbu6hl","time":1611333971,"event":{"mods":["Act Like it!","BaseMod","Better Match","CapriCore","Colored Powertips","Friendly Minions","Gensokyo","GifTheSpireLib","MarisaÅiñ∂âJÅ@ñÇóùçπÅj","Minty Spire (QoL Compilation)","Rare Cards Sparkle","Relic Stats","StSLib","everything is the same but u backflip on backflip"],"gold_per_floor":[114,126,146,71,13,38,38,72,95,95,426,147,147,163,163,260,260,277,277,290,309,309,339,350,350,396,408,433,108,126,141,141,237,237,257,275,50,65,120,131,131,131,154,179,179,213,94,120,120,120],"floor_reached":51,"language":"ENG","playtime":4522,"items_purged":["Pain"],"score":920,"play_id":"9cf6525c-6459-48fb-ab03-69d0bbdd05fc","local_time":"20210122174611","is_ascension_mode":false,"campfire_choices":[{"floor":13.0,"key":"REST"},{"data":"DarkMatter","floor":15.0,"key":"SMITH"},{"data":"GalacticHalo","floor":25,"key":"SMITH"},{"data":"SatelliteIllusion","floor":32,"key":"SMITH"},{"data":"ManaRampage","floor":42,"key":"SMITH"},{"data":"Gensokyo:Dawn","floor":45,"key":"SMITH"},{"data":"EnergyFlow","floor":49,"key":"SMITH"}],"circlet_count":0,"master_deck":["Strike_MRS","Strike_MRS","Strike_MRS","Strike_MRS+1","Defend_MRS","Defend_MRS","Defend_MRS","Defend_MRS","MasterSpark","UpSweep","Parasite","Parasite","PulseMagic+1","GasGiant","GrandCross","Deep Breath+1","SuperNova","Acceleration","ShootingEcho","MillisecondPulsars","Gensokyo:MarisaTwilightSpark","SuperPerseids","GrandCross","DarkMatter+1","BlazingStar+1","ChargeUpSpray","EnergyFlow+1","SatelliteIllusion+1","Deep Breath+1","GalacticHalo+1","WitchLeyline","LuminesStrike","StarlightTyphoon","EnergyFlow+1","IllusionStar+1","GravityBeat","MaximisePower","ManaRampage+1","WitchLeyline+1","BlazeAway+1","LuminesStrike+1","StarDustReverie","Gensokyo:Dawn+1","ShootingEcho+1","WitchLeyline","EnergyFlow+1"],"relics":["MiniHakkero","ShroomBag","Tiny Chest","Gensokyo:LunaticRedEyes","Pen Nib","War Paint","Lantern","Art of War","Darkstone Periapt","Sozu","Eternal Feather","Whetstone","Bag of Marbles","Vajra","DollysMirror","SlaversCollar","Mango","TheAbacus","Bag of Preparation","Gensokyo:Companionship","Happy Flower","Bottled Lightning","Shuriken","Du-Vu Doll"],"acts_visited":["Gensokyo:Gensokyo","Gensokyo:Gensokyoer","Gensokyo:Gensokyoest"],"potions_floor_usage":[21,33],"damage_taken":[{"damage":4.0,"enemies":"Gensokyo:Gryphon","floor":1.0,"turns":3.0},{"damage":2.0,"enemies":"Gensokyo:2_Kodama","floor":2.0,"turns":3.0},{"damage":0.0,"enemies":"Gensokyo:3_Fairies","floor":3.0,"turns":5.0},{"damage":33.0,"enemies":"Gensokyo:Cirno","floor":6.0,"turns":8.0},{"damage":10.0,"enemies":"Gensokyo:Aya","floor":8.0,"turns":4.0},{"damage":7.0,"enemies":"Gensokyo:Mamizou","floor":11.0,"turns":7.0},{"damage":0.0,"enemies":"Gensokyo:Kitsune","floor":14.0,"turns":1.0},{"damage":32,"enemies":"Gensokyo:Yukari","floor":16,"turns":8},{"damage":5,"enemies":"Gensokyo:3_Dogs","floor":18,"turns":5},{"damage":1,"enemies":"Gensokyo:CosmicMonolith","floor":20,"turns":2},{"damage":10,"enemies":"Gensokyo:Wraith","floor":21,"turns":3},{"damage":4,"enemies":"Gensokyo:Reisen","floor":23,"turns":3},{"damage":20,"enemies":"Gensokyo:Chomper_and_Gloop","floor":24,"turns":5},{"damage":0,"enemies":"Gensokyo:Swordslinger","floor":27,"turns":2},{"damage":0,"enemies":"Gensokyo:Tenshi","floor":28,"turns":2},{"damage":39,"enemies":"Gensokyo:Mirror_and_Dog","floor":30,"turns":5},{"damage":0,"enemies":"Gensokyo:Wraith","floor":31,"turns":1},{"damage":30,"enemies":"Gensokyo:Eiki","floor":33,"turns":6},{"damage":3,"enemies":"Gensokyo:3_Bats","floor":35,"turns":2},{"damage":44,"enemies":"Gensokyo:3_Boulders","floor":36,"turns":5},{"damage":16,"enemies":"Gensokyo:SeedOfUnknown","floor":38,"turns":4},{"damage":0,"enemies":"Gensokyo:Sharpion","floor":40,"turns":2},{"damage":45,"enemies":"Gensokyo:Sharpion","floor":41,"turns":7},{"damage":0,"enemies":"Gensokyo:Doremy","floor":44,"turns":3},{"damage":0,"enemies":"Gensokyo:Marisa","floor":46,"turns":2},{"damage":12,"enemies":"Gensokyo:Kasen","floor":48,"turns":3},{"damage":29,"enemies":"Gensokyo:Shinki","floor":50,"turns":7}],"seed_played":"-3083236239897054072","potions_obtained":[{"floor":1.0,"key":"Block Potion"},{"floor":2.0,"key":"Strength Potion"},{"floor":6.0,"key":"Ancient Potion"},{"floor":11.0,"key":"Regen Potion"}],"is_trial":false,"path_per_floor":["M","M","M","?","COS","E","?","E","T","?","E","$","R","M","R","B",null,"M","T","M","M","?","E","M","R","T","M","E","COS","M","M","R","B",null,"M","M","$","M","T","M","?","R","T","E","R","E","$","E","R","B",null],"character_chosen":"MARISA","items_purchased":["Darkstone Periapt","GrandCross","TheAbacus","WitchLeyline","EnergyFlow"],"campfire_rested":1,"item_purchase_floors":[12,12,37,47,47],"current_hp_per_floor":[73,74,75,75,75,42,42,36,36,36,33,33,55,55,55,27,75,72,72,73,65,65,65,49,67,67,67,71,71,36,36,60,32,75,72,42,42,28,28,30,30,54,54,56,80,82,82,72,89,64],"gold":120,"neow_bonus":"RANDOM_COMMON_RELIC","is_daily":false,"chose_seed":false,"campfire_upgraded":6,"win_rate":0.0,"timestamp":1611333971,"path_taken":["M","M","M","?","COS","E","?","E","T","?","E","?","R","M","R","BOSS","M","?","M","M","?","E","M","R","T","M","E","COS","M","?","R","BOSS","M","M","?","M","?","M","?","R","T","E","R","E","$","E","R","BOSS"],"items_purchased_type":["Relic","Card","Relic","Card","Card"],"build_version":"2020-12-22","purchased_purges":1,"victory":true,"max_hp_per_floor":[75,75,75,75,75,75,75,75,75,75,75,75,75,75,75,75,75,75,75,75,75,75,75,75,75,75,75,75,75,75,75,75,75,75,75,89,89,89,89,89,89,89,89,89,89,89,89,89,89,89],"relic_stats":{"Darkstone Periapt":0,"Happy Flower":[5],"counters":[27,108],"Eternal Feather":107,"Pen Nib":[20],"Bag of Preparation":[12],"Whetstone":["Strike_MRS","BlazingStar"],"War Paint":["Deep Breath","PulseMagic"],"Sozu":9,"TheAbacus":[66],"Shuriken":[7],"Tiny Chest":2,"Art of War":[4],"obtain_stats":[{"Darkstone Periapt":12,"Lantern":11,"Happy Flower":43,"Vajra":28,"Eternal Feather":19,"Mango":36,"Pen Nib":8,"Bag of Preparation":39,"Whetstone":23,"War Paint":9,"Gensokyo:LunaticRedEyes":7,"Sozu":17,"Du-Vu Doll":48,"ShroomBag":0,"SlaversCollar":34,"TheAbacus":37,"Gensokyo:Companionship":40,"DollysMirror":29,"Shuriken":46,"Tiny Chest":6,"Art of War":11,"Bag of Marbles":26,"MiniHakkero":0,"Bottled Lightning":44},{"Darkstone Periapt":6,"Lantern":6,"Happy Flower":23,"Vajra":15,"Eternal Feather":9,"Mango":20,"Pen Nib":5,"Bag of Preparation":21,"Whetstone":12,"War Paint":5,"Gensokyo:LunaticRedEyes":4,"Sozu":8,"Du-Vu Doll":26,"ShroomBag":0,"SlaversCollar":18,"TheAbacus":20,"Gensokyo:Companionship":22,"DollysMirror":15,"Shuriken":25,"Tiny Chest":4,"Art of War":6,"Bag of Marbles":13,"MiniHakkero":0,"Bottled Lightning":24},{"Darkstone Periapt":30,"Lantern":24,"Happy Flower":93,"Vajra":61,"Eternal Feather":44,"Mango":76,"Pen Nib":23,"Bag of Preparation":84,"Whetstone":52,"War Paint":23,"Gensokyo:LunaticRedEyes":19,"Sozu":39,"Du-Vu Doll":101,"ShroomBag":0,"SlaversCollar":73,"TheAbacus":80,"Gensokyo:Companionship":85,"DollysMirror":61,"Shuriken":98,"Tiny Chest":19,"Art of War":30,"Bag of Marbles":57,"MiniHakkero":0,"Bottled Lightning":96}]},"card_choices":[{"not_picked":["PowerUp","MagicAbsorber"],"picked":"PulseMagic","floor":1.0},{"not_picked":["WitchLeyline","StarBarrage"],"picked":"GasGiant","floor":2.0},{"not_picked":["IllusionStar","OortCloud"],"picked":"GrandCross","floor":3.0},{"not_picked":["Swift Strike","Dramatic Entrance"],"picked":"Deep Breath","floor":4.0},{"not_picked":["MaximisePower","TreasureHunter"],"picked":"SuperNova","floor":4.0},{"not_picked":["MilkyWay","WitchOfGreed"],"picked":"Acceleration","floor":4.0},{"not_picked":["GalacticHalo","MachineGunSpark"],"picked":"ShootingEcho","floor":6.0},{"not_picked":["DarkSpark","PulseMagic"],"picked":"MillisecondPulsars","floor":8.0},{"not_picked":["IllusionStar","GrandCross"],"picked":"SuperPerseids","floor":11.0},{"not_picked":["PowerUp","SprinkleStarSeal"],"picked":"DarkMatter","floor":14.0},{"not_picked":["FinalSpark","MaximisePower"],"picked":"BlazingStar","floor":16},{"not_picked":["WitchOfGreed","DC"],"picked":"ChargeUpSpray","floor":18},{"not_picked":["ShootingEcho","WitchOfGreed"],"picked":"EnergyFlow+1","floor":20},{"not_picked":["MilkyWay","GasGiant"],"picked":"SatelliteIllusion","floor":21},{"not_picked":["Bandage Up+1","Flash of Steel+1"],"picked":"Deep Breath+1","floor":22},{"not_picked":["NonDirectionalLaser","ShootTheMoon+1"],"picked":"GalacticHalo","floor":23},{"not_picked":["AlicesGift","ShootTheMoon"],"picked":"WitchLeyline","floor":24},{"not_picked":["AsteroidBelt","IllusionStar+1"],"picked":"LuminesStrike","floor":27},{"not_picked":["RefractionSpark","DC"],"picked":"StarlightTyphoon","floor":28},{"not_picked":["DeepEcoloBomb","MagicChant"],"picked":"IllusionStar+1","floor":30},{"not_picked":["WitchOfGreed","SporeBomb+1"],"picked":"GravityBeat","floor":31},{"not_picked":["SuperNova","MillisecondPulsars"],"picked":"MaximisePower","floor":33},{"not_picked":["SatelliteIllusion","StarDustReverie"],"picked":"ManaRampage","floor":33},{"not_picked":["Acceleration","ShootingEcho+1"],"picked":"WitchLeyline+1","floor":35},{"not_picked":["MysteriousBeam","PulseMagic+1"],"picked":"BlazeAway+1","floor":36},{"not_picked":["OneTimeOff","DoubleSpark+1"],"picked":"LuminesStrike+1","floor":38},{"not_picked":["IllusionStar+1","DoubleSpark"],"picked":"StarDustReverie","floor":40},{"not_picked":["Gensokyo:UnlikelyAid","Gensokyo:HouraiInAPot"],"picked":"Gensokyo:Dawn","floor":41},{"not_picked":["SporeBomb+1","DeepEcoloBomb+1"],"picked":"ShootingEcho+1","floor":44},{"not_picked":["WitchOfGreed+1","DC+1","DoubleSpark"],"picked":"SKIP","floor":46},{"not_picked":["OpenUniverse","WitchOfGreed+1","6A"],"picked":"SKIP","floor":48}],"player_experience":236664,"relics_obtained":[{"floor":6.0,"key":"Tiny Chest"},{"floor":8.0,"key":"Pen Nib"},{"floor":9.0,"key":"War Paint"},{"floor":11.0,"key":"Art of War"},{"floor":19,"key":"Eternal Feather"},{"floor":23,"key":"Whetstone"},{"floor":26,"key":"Bag of Marbles"},{"floor":28,"key":"Vajra"},{"floor":39,"key":"Bag of Preparation"},{"floor":43,"key":"Happy Flower"},{"floor":44,"key":"Bottled Lightning"},{"floor":46,"key":"Shuriken"},{"floor":48,"key":"Du-Vu Doll"}],"event_choices":[{"damage_healed":0.0,"max_hp_gain":0.0,"max_hp_loss":0.0,"gold_gain":0.0,"event_name":"betterMatch:BetterMatch","player_choice":"1","floor":4.0,"gold_loss":0.0,"damage_taken":0.0,"cards_obtained":["betterMatch:ColorlessUncommonCard","betterMatch:RareCard","betterMatch:CommonCard"]},{"damage_healed":0,"gold_gain":0,"player_choice":"2","damage_taken":0,"max_hp_gain":0,"max_hp_loss":0,"event_name":"betterMatch:BetterMatch","floor":22,"gold_loss":0,"cards_obtained":["betterMatch:ColorlessUncommonCard"]}],"is_beta":false,"boss_relics":[{"not_picked":["Busted Crown","Fusion Hammer"],"picked":"Sozu"},{"not_picked":["Calling Bell","Runic Dome"],"picked":"SlaversCollar"}],"items_purged_floors":[37],"is_endless":false,"potions_floor_spawned":[1,2,6,11,14,18,21,23,30,33,36,44,46,48],"ascension_level":0}}