{"host":"dlqyscxstsnu98l1","time":1611333122,"event":{"mods":["AchievementEnabler","BaseMod","Bestiary","Colored Map","Colored Powertips","Conspire","Downfall","GifTheSpireLib","Highlight Path","Minty Spire (QoL Compilation)","Random Character Button","Replay The Spire","SacredBarkPlus","StSLib","everything is the same but u backflip on backflip"],"gold_per_floor":[369,369,381,253,268,268,268,303,303,203,241,241,91,125,125,226,526,537,537,387,400,400,400],"floor_reached":22,"language":"ENG","playtime":1445,"items_purged":["Strike_P","Strike_P","Strike_P","Overencumbered"],"score":209,"play_id":"9988e00f-e4f5-46c0-8afe-d51dbaf845e9","local_time":"20210122103202","is_ascension_mode":true,"campfire_choices":[{"data":"Prostrate","floor":6,"key":"SMITH"},{"data":"TalkToTheHand","floor":12,"key":"SMITH"},{"data":"Worship","floor":15,"key":"SMITH"}],"circlet_count":0,"master_deck":["Strike_P","Defend_P","Defend_P","Defend_P","Defend_P","Eruption","Vigilance","sneckomod:Unknown","Guardian:TwinSlam","FollowUp","FollowUp","Prostrate+1","Worship+1","Parasite","ReplayTheSpireMod:Splinters","TalkToTheHand+1","FollowUp","Alpha","CommonCold","CommonCold","Conclude"],"relics":["PureWater","Eternal Feather","Gremlin Food","Replay:Ancient Bell","Replay:Mystery Machine","Kunai","Nloth\u0027s Gift"],"acts_visited":["Exordium","TheCity"],"potions_floor_usage":[5,16,16,21,22],"damage_taken":[{"damage":7,"enemies":"Small Slimes","floor":1,"turns":3},{"damage":0,"enemies":"Jaw Worm","floor":3,"turns":2},{"damage":10,"enemies":"conspire:RoseBush","floor":5,"turns":2},{"damage":8,"enemies":"Lagavulin","floor":8,"turns":5},{"damage":10,"enemies":"Replay:BlueRogue","floor":14,"turns":6},{"damage":25,"enemies":"Slime Boss","floor":16,"turns":9},{"damage":29,"enemies":"conspire:FuzzyDice","floor":18,"turns":10},{"damage":38,"enemies":"Chosen","floor":21,"turns":7},{"damage":14,"enemies":"3 Cultists","floor":22,"turns":3}],"seed_played":"3490420913288529902","potions_obtained":[{"floor":1,"key":"AttackPotion"},{"floor":11,"key":"SteroidPotion"},{"floor":11,"key":"Milkshake"},{"floor":11,"key":"LiquidMemories"},{"floor":16,"key":"Dexterity Potion"},{"floor":18,"key":"Fire Potion"}],"is_trial":false,"path_per_floor":["M","?","M","$","M","R","?","E","T","$","?","R","$","E","R","B",null,"M","?","$","M","M"],"character_chosen":"WATCHER","items_purchased":["Prostrate","FollowUp"],"campfire_rested":0,"item_purchase_floors":[4,13],"current_hp_per_floor":[65,65,65,65,55,55,72,64,64,64,64,72,72,62,71,46,72,43,43,43,5,0,0],"gold":400,"neow_bonus":"TWO_FIFTY_GOLD","is_daily":false,"chose_seed":false,"campfire_upgraded":3,"win_rate":0.0,"timestamp":1611333122,"path_taken":["M","?","M","$","M","R","?","E","T","?","?","R","$","E","R","BOSS","M","?","$","?","M"],"items_purchased_type":["Card","Card"],"build_version":"2020-12-22","purchased_purges":4,"victory":false,"max_hp_per_floor":[72,72,72,72,72,72,72,72,72,72,72,72,72,72,72,72,72,72,72,72,72,72,72],"card_choices":[{"not_picked":["JustLucky","Prostrate"],"picked":"FollowUp","floor":1},{"not_picked":["Fasting2","Protect"],"picked":"FollowUp","floor":3},{"not_picked":["Halt","JustLucky"],"picked":"Worship","floor":5},{"not_picked":["FlyingSleeves","Crescendo","EmptyMind"],"picked":"SKIP","floor":8},{"not_picked":["Omniscience","Consecrate"],"picked":"TalkToTheHand","floor":11},{"not_picked":["FlurryOfBlows","EmptyBody","Sanctity"],"picked":"SKIP","floor":14},{"not_picked":["Scrawl","MasterReality"],"picked":"Alpha","floor":16},{"not_picked":["Languid","Shame"],"picked":"CommonCold","floor":17},{"not_picked":["conspire:NecroticWound","ReplayTheSpireMod:Restless Dread"],"picked":"CommonCold","floor":17},{"not_picked":["Amnesia","Pain"],"picked":"Overencumbered","floor":17},{"not_picked":["EmptyMind+1","ThirdEye+1"],"picked":"Conclude","floor":18},{"not_picked":["FollowUp","BattleHymn+1","Wireheading"],"picked":"SKIP","floor":21}],"player_experience":119716,"relics_obtained":[{"floor":8,"key":"Eternal Feather"},{"floor":14,"key":"Gremlin Food"}],"event_choices":[{"damage_healed":0,"gold_gain":0,"player_choice":"Disagree","damage_taken":0,"max_hp_gain":0,"max_hp_loss":0,"event_name":"conspire:LoneGhost","floor":2,"gold_loss":0},{"damage_healed":18,"gold_gain":0,"player_choice":"Healed and dodged fight","damage_taken":0,"max_hp_gain":0,"max_hp_loss":0,"event_name":"Mushrooms","floor":7,"gold_loss":0,"cards_obtained":["Parasite"]},{"damage_healed":0,"gold_gain":0,"player_choice":"Traded Relic","damage_taken":0,"relics_obtained":["Nloth\u0027s Gift"],"max_hp_gain":0,"max_hp_loss":0,"event_name":"N\u0027loth","floor":19,"relics_lost":["Old Coin"],"gold_loss":0}],"is_beta":false,"boss_relics":[{"not_picked":["conspire:RoyalGoblet","Replay:Grab Bag"],"picked":"Replay:Ancient Bell"},{"not_picked":["Potion Belt","Replay:Rubber Ducky"],"picked":"Replay:Mystery Machine"},{"not_picked":["Replay:Bottled Eggs","Mummified Hand"],"picked":"Kunai"},{"not_picked":["Ginger","Thread and Needle"],"picked":"Old Coin"}],"items_purged_floors":[4,10,13,20],"is_endless":false,"potions_floor_spawned":[1,14,16,18],"killed_by":"3 Cultists","ascension_level":2}}