{"host":"kk2i87xhq8q4h0un","time":1611292992,"event":{"mods":["BaseMod","Hermit","Minty Spire (QoL Compilation)","Shop Mod","StSLib"],"gold_per_floor":[118,44,119,177,177,197,197,197,197,125,125,137,137,156,156,260,260,280,280,295,295,116,128,128,167,191,191,215,215,143,159,159,166,166],"floor_reached":33,"language":"ENG","playtime":4587,"items_purged":[],"score":253,"play_id":"0877fc2f-0aa0-48cb-b879-f497ba102f7a","local_time":"20210121212312","is_ascension_mode":false,"campfire_choices":[{"data":"hermit:Showdown","floor":7.0,"key":"SMITH"},{"data":"hermit:Shortfuse","floor":13.0,"key":"SMITH"},{"data":"hermit:Dissolve","floor":15.0,"key":"SMITH"},{"floor":24,"key":"REST"},{"floor":27,"key":"REST"},{"floor":29,"key":"REST"},{"data":"hermit:Reprieve","floor":32,"key":"SMITH"}],"circlet_count":0,"master_deck":["hermit:Strike_Hermit","hermit:Strike_Hermit","hermit:Strike_Hermit","hermit:Strike_Hermit","hermit:Defend_Hermit","hermit:Defend_Hermit","hermit:Defend_Hermit","hermit:Defend_Hermit","hermit:Snapshot","hermit:Covet","hermit:Dissolve+1","hermit:Snipe","hermit:Showdown+1","hermit:Shortfuse+1","hermit:Shortfuse+1","hermit:HeroicBravado","CurseOfTheBell","hermit:CalledShot+1","hermit:Deadeye+1","hermit:TakeCover","hermit:Dissolve","hermit:Scavenge+1","hermit:Horror+1","hermit:LuckOfTheDraw+1","hermit:Reprieve+1","hermit:Enervate+1"],"relics":["hermit:Momento","Boot","Pantograph","Calling Bell","Pen Nib","Molten Egg 2","Incense Burner","Dream Catcher","Anchor","Tiny Chest"],"acts_visited":["Exordium","TheCity"],"potions_floor_usage":[25,33,33],"damage_taken":[{"damage":0.0,"enemies":"Small Slimes","floor":1.0,"turns":3.0},{"damage":1.0,"enemies":"Jaw Worm","floor":6.0,"turns":2.0},{"damage":0.0,"enemies":"2 Louse","floor":12.0,"turns":1.0},{"damage":3.0,"enemies":"Lots of Slimes","floor":14.0,"turns":3.0},{"damage":27.0,"enemies":"Slime Boss","floor":16.0,"turns":11.0},{"damage":17.0,"enemies":"3 Byrds","floor":18.0,"turns":5.0},{"damage":0.0,"enemies":"Chosen","floor":20.0,"turns":3.0},{"damage":19,"enemies":"3 Cultists","floor":23,"turns":7},{"damage":31,"enemies":"Slavers","floor":25,"turns":8},{"damage":16,"enemies":"Snake Plant","floor":28,"turns":4},{"damage":3,"enemies":"Snecko","floor":31,"turns":6},{"damage":72,"enemies":"Champ","floor":33,"turns":14}],"seed_played":"-1856761709643826097","potions_obtained":[{"floor":1.0,"key":"hermit:Tonic"},{"floor":6.0,"key":"hermit:Tonic"},{"floor":18.0,"key":"SpeedPotion"},{"floor":25,"key":"hermit:BlackBile"},{"floor":28,"key":"ColorlessPotion"}],"is_trial":false,"path_per_floor":["M","$","?","?","?","M","R","?","T","$","?","M","R","M","R","B",null,"M","?","M","?","$","M","R","E","T","R","M","R","$","M","R","B"],"character_chosen":"HERMIT","items_purchased":["hermit:Showdown","hermit:Shortfuse","hermit:TakeCover","hermit:Dissolve","hermit:Reprieve"],"campfire_rested":3,"item_purchase_floors":[2,10,22,22,30],"current_hp_per_floor":[68,68,57,57,57,56,56,44,44,44,44,44,44,41,41,39,68,51,51,51,51,51,32,52,21,21,41,25,45,45,42,42,0,0],"gold":166,"neow_bonus":"THREE_RARE_CARDS","is_daily":false,"chose_seed":false,"campfire_upgraded":4,"win_rate":0.0,"timestamp":1611292992,"path_taken":["M","$","?","?","?","?","R","?","T","?","?","?","R","M","R","BOSS","M","?","M","?","$","?","R","E","T","R","M","R","$","M","R","BOSS"],"items_purchased_type":["Card","Card","Card","Card","Card"],"build_version":"2020-12-22","purchased_purges":0,"victory":false,"max_hp_per_floor":[68,68,68,68,68,68,68,68,68,68,68,68,68,68,68,68,68,68,68,68,68,68,68,68,68,68,68,68,68,68,68,68,68,68],"card_choices":[{"not_picked":["hermit:Magnum","hermit:Purgatory"],"picked":"hermit:Dissolve","floor":0.0},{"not_picked":["hermit:TrackingShot","hermit:Glare"],"picked":"hermit:Snipe","floor":1.0},{"not_picked":["hermit:Glare","hermit:Manifest","hermit:Malice"],"picked":"SKIP","floor":6.0},{"not_picked":["hermit:Horror","hermit:Headshot"],"picked":"hermit:Shortfuse","floor":12.0},{"not_picked":["hermit:Dive","hermit:Glare","hermit:EyeOfTheStorm"],"picked":"SKIP","floor":14.0},{"not_picked":["hermit:FromBeyond","hermit:Magnum"],"picked":"hermit:HeroicBravado","floor":16.0},{"not_picked":["hermit:Ricochet+1","hermit:SprayPray+1"],"picked":"hermit:CalledShot+1","floor":18.0},{"not_picked":["hermit:Virtue+1","hermit:Misfire+1"],"picked":"hermit:Deadeye+1","floor":20.0},{"not_picked":["hermit:ItchyTrigger+1","hermit:TakeCover","hermit:Ricochet+1"],"picked":"SKIP","floor":23},{"not_picked":["hermit:Virtue","hermit:SprayPray+1"],"picked":"hermit:Scavenge+1","floor":24},{"not_picked":["hermit:TrackingShot+1","hermit:LowProfile","hermit:WideOpen+1"],"picked":"SKIP","floor":25},{"not_picked":["hermit:Midnight","hermit:Vantage"],"picked":"hermit:Horror+1","floor":27},{"not_picked":["hermit:Dive","hermit:Purgatory+1","hermit:Combo"],"picked":"SKIP","floor":28},{"not_picked":["hermit:Coalescence","hermit:Ricochet+1"],"picked":"hermit:LuckOfTheDraw+1","floor":29},{"not_picked":["hermit:FlashPowder","hermit:TakeCover+1"],"picked":"hermit:Enervate+1","floor":31}],"player_experience":1018546,"relics_obtained":[{"floor":9.0,"key":"Pantograph"},{"floor":17.0,"key":"Pen Nib"},{"floor":17.0,"key":"Molten Egg 2"},{"floor":17.0,"key":"Incense Burner"},{"floor":25,"key":"Anchor"},{"floor":26,"key":"Tiny Chest"}],"event_choices":[{"damage_healed":0.0,"max_hp_gain":0.0,"max_hp_loss":0.0,"gold_gain":75.0,"event_name":"World of Goop","player_choice":"Gather Gold","floor":3.0,"gold_loss":0.0,"damage_taken":11.0},{"damage_healed":0.0,"max_hp_gain":0.0,"max_hp_loss":0.0,"gold_gain":58.0,"event_name":"Golden Wing","player_choice":"Gained Gold","floor":4.0,"gold_loss":0.0,"damage_taken":0.0},{"damage_healed":0.0,"max_hp_gain":0.0,"max_hp_loss":0.0,"gold_gain":0.0,"event_name":"The Woman in Blue","player_choice":"Bought 0 Potions","floor":5.0,"gold_loss":0.0,"damage_taken":0.0},{"damage_healed":0.0,"max_hp_gain":0.0,"max_hp_loss":0.0,"gold_gain":0.0,"event_name":"Scrap Ooze","player_choice":"Success","floor":8.0,"gold_loss":0.0,"damage_taken":12.0,"relics_obtained":["Boot"]},{"damage_healed":0.0,"max_hp_gain":0.0,"max_hp_loss":0.0,"gold_gain":0.0,"event_name":"Upgrade Shrine","player_choice":"Upgraded","floor":11.0,"gold_loss":0.0,"damage_taken":0.0,"cards_upgraded":["hermit:Shortfuse"]},{"damage_healed":0.0,"max_hp_gain":0.0,"max_hp_loss":0.0,"gold_gain":0.0,"event_name":"Beggar","player_choice":"Ignored","floor":19.0,"gold_loss":0.0,"damage_taken":0.0},{"damage_healed":0.0,"max_hp_gain":0.0,"max_hp_loss":0.0,"gold_gain":0.0,"event_name":"WeMeetAgain","player_choice":"Gave Potion","floor":21.0,"gold_loss":0.0,"damage_taken":0.0,"relics_obtained":["Dream Catcher"]}],"is_beta":false,"boss_relics":[{"not_picked":["SlaversCollar","Runic Dome"],"picked":"Calling Bell"}],"items_purged_floors":[],"is_endless":false,"potions_floor_spawned":[1,6,18,25,28],"killed_by":"Champ","ascension_level":0}}