{"host":"srk2drlvga69hbot","time":1611288774,"event":{"mods":["BaseMod","Colored Map","Colored Powertips","Highlight Path","Minty Spire (QoL Compilation)","Quick Restart","Rare Cards Sparkle","Relic Stats"],"gold_per_floor":[117,137,87,162,180,180,214,214,264,151,164,190,190,190,190,290,290,309,309,309,309,209,209,244,244,244,244,244],"floor_reached":27,"language":"ZHS","playtime":1582,"items_purged":["Strike_R","Strike_R"],"score":259,"play_id":"385c0a5d-3053-4e8c-94fa-dab23f741c75","local_time":"20210122121254","is_ascension_mode":true,"campfire_choices":[{"floor":15,"key":"REST"},{"data":"Double Tap","floor":23,"key":"SMITH"}],"circlet_count":0,"master_deck":["Strike_R","Strike_R","Defend_R","Defend_R","Bash","Headbutt+1","Shrug It Off+1","Headbutt","Clash","Battle Trance","Double Tap+1","Dual Wield","Second Wind+1","Bloodletting","Shrug It Off+1","Pain"],"relics":["Burning Blood","Strawberry","Juzu Bracelet","Bag of Preparation","Black Star","Bronze Scales","Girya","Art of War","WarpedTongs","FossilizedHelix"],"acts_visited":["Exordium","TheCity"],"potions_floor_usage":[16,18],"damage_taken":[{"damage":0,"enemies":"Cultist","floor":1,"turns":2},{"damage":2,"enemies":"Jaw Worm","floor":2,"turns":4},{"damage":4,"enemies":"Small Slimes","floor":5,"turns":3},{"damage":28,"enemies":"Gremlin Nob","floor":7,"turns":4},{"damage":14,"enemies":"Looter","floor":11,"turns":3},{"damage":23,"enemies":"Lagavulin","floor":12,"turns":6},{"damage":8,"enemies":"Slime Boss","floor":16,"turns":7},{"damage":23,"enemies":"3 Byrds","floor":18,"turns":7},{"damage":53,"enemies":"Book of Stabbing","floor":24,"turns":5},{"damage":39,"enemies":"Gremlin Leader","floor":27,"turns":2}],"seed_played":"-2445449903473070820","potions_obtained":[{"floor":2,"key":"Ancient Potion"},{"floor":11,"key":"AttackPotion"},{"floor":16,"key":"Weak Potion"}],"is_trial":false,"path_per_floor":["M","M","?","?","M","?","E","?","T","$","M","E","?","?","R","B",null,"M","?","?","?","$","R","E","?","T","E"],"character_chosen":"IRONCLAD","items_purchased":["Battle Trance"],"campfire_rested":1,"item_purchase_floors":[10],"current_hp_per_floor":[80,80,80,69,71,71,56,61,61,61,53,36,29,11,38,36,92,75,75,75,75,75,75,28,28,28,0,0],"gold":244,"neow_bonus":"TRANSFORM_CARD","is_daily":false,"chose_seed":false,"campfire_upgraded":1,"win_rate":0.0,"timestamp":1611288774,"path_taken":["M","?","?","?","M","?","E","?","T","?","M","E","?","?","R","BOSS","M","?","?","?","?","R","E","?","T","E"],"items_purchased_type":["Card"],"build_version":"2020-12-22","purchased_purges":2,"victory":false,"max_hp_per_floor":[80,80,80,80,80,80,87,92,92,92,92,92,92,92,92,92,92,92,92,92,92,92,92,92,92,92,92,92],"relic_stats":{"counters":[10,43],"Bronze Scales":[49],"Juzu Bracelet":1,"Bag of Preparation":[8],"Black Star":1,"Art of War":[0],"obtain_stats":[{"Girya":24,"Strawberry":7,"Bronze Scales":19,"Juzu Bracelet":9,"Bag of Preparation":12,"Black Star":17,"Art of War":24,"Burning Blood":0,"FossilizedHelix":26,"WarpedTongs":25},{"Girya":9,"Strawberry":4,"Bronze Scales":8,"Juzu Bracelet":4,"Bag of Preparation":6,"Black Star":7,"Art of War":9,"Burning Blood":0,"FossilizedHelix":9,"WarpedTongs":9},{"Girya":41,"Strawberry":13,"Bronze Scales":36,"Juzu Bracelet":13,"Bag of Preparation":22,"Black Star":29,"Art of War":41,"Burning Blood":0,"FossilizedHelix":41,"WarpedTongs":41}],"Burning Blood":44,"WarpedTongs":[2]},"card_choices":[{"not_picked":["Thunderclap","Twin Strike"],"picked":"Shrug It Off","floor":1},{"not_picked":["Uppercut","Clash"],"picked":"Headbutt","floor":2},{"not_picked":["Disarm","Wild Strike","Twin Strike"],"picked":"SKIP","floor":5},{"not_picked":["Perfected Strike","Pummel"],"picked":"Clash","floor":7},{"not_picked":["Feel No Pain","Body Slam"],"picked":"Double Tap","floor":11},{"not_picked":["Sword Boomerang","Perfected Strike"],"picked":"Dual Wield","floor":12},{"not_picked":["Inflame","Flex+1"],"picked":"Second Wind+1","floor":18},{"not_picked":["Bloodletting","True Grit"],"picked":"Shrug It Off+1","floor":24}],"player_experience":115793,"relics_obtained":[{"floor":7,"key":"Strawberry"},{"floor":9,"key":"Juzu Bracelet"},{"floor":12,"key":"Bag of Preparation"},{"floor":24,"key":"Girya"},{"floor":24,"key":"Art of War"},{"floor":26,"key":"FossilizedHelix"}],"event_choices":[{"cards_removed":["Strike_R"],"damage_healed":0,"gold_gain":0,"player_choice":"Card Removal","damage_taken":0,"max_hp_gain":0,"max_hp_loss":0,"event_name":"The Cleric","floor":3,"gold_loss":50},{"damage_healed":0,"gold_gain":75,"player_choice":"Gather Gold","damage_taken":11,"max_hp_gain":0,"max_hp_loss":0,"event_name":"World of Goop","floor":4,"gold_loss":0},{"damage_healed":0,"gold_gain":0,"player_choice":"Ignored","damage_taken":0,"max_hp_gain":0,"max_hp_loss":0,"event_name":"Liars Game","floor":6,"gold_loss":0},{"damage_healed":0,"gold_gain":0,"player_choice":"Donut","damage_taken":0,"max_hp_gain":5,"max_hp_loss":0,"event_name":"Big Fish","floor":8,"gold_loss":0},{"cards_removed":["Defend_R"],"damage_healed":0,"gold_gain":0,"player_choice":"Card Removal","damage_taken":7,"max_hp_gain":0,"max_hp_loss":0,"event_name":"Golden Wing","floor":13,"gold_loss":0},{"damage_healed":0,"gold_gain":0,"player_choice":"Entered Light","damage_taken":18,"max_hp_gain":0,"max_hp_loss":0,"event_name":"Shining Light","floor":14,"gold_loss":0,"cards_upgraded":["Headbutt","Shrug It Off"]},{"damage_healed":0,"gold_gain":0,"player_choice":"Opened","damage_taken":0,"relics_obtained":["Bronze Scales"],"max_hp_gain":0,"max_hp_loss":0,"event_name":"The Mausoleum","floor":19,"gold_loss":0},{"damage_healed":0,"gold_gain":0,"player_choice":"Ignored","damage_taken":0,"max_hp_gain":0,"max_hp_loss":0,"event_name":"Ghosts","floor":20,"gold_loss":0},{"damage_healed":0,"gold_gain":0,"player_choice":"Read","damage_taken":0,"max_hp_gain":0,"max_hp_loss":0,"event_name":"The Library","floor":21,"gold_loss":0,"cards_obtained":["Bloodletting"]},{"damage_healed":0,"gold_gain":0,"player_choice":"Rummage","damage_taken":0,"relics_obtained":["WarpedTongs"],"max_hp_gain":0,"max_hp_loss":0,"event_name":"Accursed Blacksmith","floor":25,"gold_loss":0,"cards_obtained":["Pain"]}],"is_beta":false,"boss_relics":[{"not_picked":["Fusion Hammer","Snecko Eye"],"picked":"Black Star"}],"items_purged_floors":[10,22],"is_endless":false,"potions_floor_spawned":[2,11,16],"killed_by":"Gremlin Leader","ascension_level":2}}