{"host":"clf2hd4adhiiw0zf","time":1611280195,"event":{"mods":["AchievementEnabler","BaseMod","Beaked The Cultist","Bestiary","Dark Map","Downfall","Gremlin Mod","Hermit","Jorbs\u0027s Wanderer Trilogy","Marisa????????","Minty Spire (QoL Compilation)","Shop Mod","StSLib","The Cursed","The Servant 0.9.4","UnlockEverythingMod"],"gold_per_floor":[99,111,124,188,188,200,269,169,182,182,194,213,7,7,23,121,121,121,133,133,150,150,167,245,291,291,291,319,331,243,266,293,401,413,425,447,459,487,549,575,587,599,628,640,665,677,129,155,55,55,55,85,85,85,85,85,85],"floor_reached":56,"language":"ENG","playtime":4063,"items_purged":["Gremlin:Jeer"],"score":722,"play_id":"b615fb2e-878f-4d3d-94aa-90151ee2d5ed","local_time":"20210121184955","is_ascension_mode":true,"campfire_choices":[{"floor":1.0,"key":"RECALL"},{"floor":8.0,"key":"REST"},{"data":"Gremlin:GremlinDance","floor":10.0,"key":"SMITH"},{"data":"Gremlin:Pretaliation","floor":30.0,"key":"SMITH"},{"data":"Gremlin:Erupt","floor":42.0,"key":"SMITH"},{"floor":44.0,"key":"REST"},{"data":"Gremlin:BurlyBlow","floor":46.0,"key":"SMITH"},{"floor":49.0,"key":"REST"}],"circlet_count":0,"master_deck":["Gremlin:Strike","Gremlin:Strike","Gremlin:Strike","Gremlin:Defend+1","Gremlin:Defend+1","Gremlin:Defend","Gremlin:TagTeam","Gremlin:GremlinDance+1","Gremlin:Stupend","Gremlin:BulkUp","Gremlin:InfiniteBlocks","Gremlin:PinNeedle","Gremlin:PourSalt","Gremlin:Enthusiasm","Gremlin:Astound","Gremlin:Duplicate+1","Gremlin:Pretaliation+1","Gremlin:GremlinMeal","Gremlin:CongaLine","Gremlin:Rhythm+1","Gremlin:BulkUp+1","Gremlin:Presto","Gremlin:DaggerDance","Gremlin:FanOfKnives+1","Gremlin:Erupt+1","Gremlin:Tadah+1","Gremlin:GlitterGuard+1","Gremlin:BurlyBlow+1"],"relics":["Gremlin:GremlinKnob","War Paint","downfall:ShatteredFragment","Gremlin:WizardStaff","downfall:HeartBlessingRed","Bag of Marbles","Orichalcum","Empty Cage","StrikeDummy","Vajra","Nilry\u0027s Codex","MawBank","downfall:HeartBlessingBlue","Busted Crown","Turnip","Gremlin Horn","Lee\u0027s Waffle","Bird Faced Urn","Ice Cream","downfall:HeartBlessingGreen","Incense Burner"],"acts_visited":["Exordium","TheCity","TheBeyond","TheEnding"],"potions_floor_usage":[50,50],"damage_taken":[{"damage":0.0,"enemies":"2 Louse","floor":2.0,"turns":3.0},{"damage":0.0,"enemies":"Small Slimes","floor":3.0,"turns":4.0},{"damage":38.0,"enemies":"Lagavulin Event","floor":4.0,"turns":11.0},{"damage":0.0,"enemies":"Cultist","floor":6.0,"turns":4.0},{"damage":0.0,"enemies":"Exordium Wildlife","floor":9.0,"turns":3.0},{"damage":0.0,"enemies":"Lots of Slimes","floor":11.0,"turns":2.0},{"damage":8.0,"enemies":"Exordium Thugs","floor":12.0,"turns":4.0},{"damage":0.0,"enemies":"downfall:FleeingMerchant","floor":13.0,"turns":4.0},{"damage":0.0,"enemies":"Exordium Wildlife","floor":15.0,"turns":3.0},{"damage":13.0,"enemies":"IC_STATUS_ARCHETYPE","floor":16.0,"turns":10.0},{"damage":9.0,"enemies":"Spheric Guardian","floor":19.0,"turns":4.0},{"damage":0.0,"enemies":"3 Byrds","floor":21.0,"turns":5.0},{"damage":12.0,"enemies":"Centurion and Healer","floor":23.0,"turns":6.0},{"damage":2.0,"enemies":"Gremlin Leader","floor":28.0,"turns":5.0},{"damage":0.0,"enemies":"Snecko","floor":31.0,"turns":4.0},{"damage":0.0,"enemies":"Cultist and Chosen","floor":32.0,"turns":4.0},{"damage":29.0,"enemies":"DF_ARCHETYPE_CLAW","floor":33.0,"turns":9.0},{"damage":7.0,"enemies":"Orb Walker","floor":36.0,"turns":2.0},{"damage":0.0,"enemies":"3 Darklings","floor":38.0,"turns":3.0},{"damage":0.0,"enemies":"3 Darklings","floor":39.0,"turns":6.0},{"damage":7.0,"enemies":"4 Shapes","floor":40.0,"turns":3.0},{"damage":13.0,"enemies":"Transient","floor":43.0,"turns":5.0},{"damage":0.0,"enemies":"3 Darklings","floor":45.0,"turns":2.0},{"damage":0.0,"enemies":"downfall:FleeingMerchant","floor":47.0,"turns":4.0},{"damage":24.0,"enemies":"Reptomancer","floor":48.0,"turns":4.0},{"damage":81,"enemies":"WA_ARCHETYPE_DIVINITY","floor":50,"turns":8},{"damage":78,"enemies":"downfall:CharBossMerchant","floor":52,"turns":8},{"damage":18,"enemies":"downfall:NeowBoss","floor":55,"turns":19},{"damage":69,"enemies":"downfall:NeowBossFinal","floor":56,"turns":6}],"seed_played":"-3387749386371293220","potions_obtained":[{"floor":4.0,"key":"Guardian:BlockOnCardUsePotion"},{"floor":6.0,"key":"SpeedPotion"},{"floor":15.0,"key":"SpeedPotion"},{"floor":23.0,"key":"Fire Potion"},{"floor":28.0,"key":"Block Potion"},{"floor":29.0,"key":"CultistPotion"},{"floor":33.0,"key":"Energy Potion"},{"floor":40.0,"key":"DistilledChaos"},{"floor":45.0,"key":"LiquidMemories"}],"is_trial":false,"path_per_floor":["R","M","M","?","?","M","T","R","M","R","M","M","$","?","M","B",null,"R","M","?","M","T","M","T","T","?","?","E","?","R","M","M","B",null,"R","M","?","M","?","M","T","R","M","R","M","R","$","E","R","B",null,"E","$","R","B","B"],"character_chosen":"GREMLIN","items_purchased":["Bag of Marbles","Gremlin:Pretaliation","Lee\u0027s Waffle","Bird Faced Urn"],"campfire_rested":3,"item_purchase_floors":[13,13,47,47],"current_hp_per_floor":[21,21,21,6,3,17,17,21,8,8,8,13,9,9,13,9,21,20,20,20,20,20,20,20,20,20,4,4,4,6,6,20,11,22,21,21,21,21,21,7,7,7,8,14,21,21,23,9,15,22,23,19,19,19,14,0,0],"gold":85,"neow_bonus":"TEN_PERCENT_HP_BONUS","is_daily":false,"chose_seed":false,"campfire_upgraded":4,"win_rate":0.0,"timestamp":1611280195,"path_taken":["R","M","M","?","?","M","T","R","M","R","M","M","$","?","M","BOSS","R","?","?","?","?","M","T","?","?","?","E","?","R","M","M","BOSS","R","M","?","M","?","M","T","R","M","R","M","R","$","E","R","BOSS","E","$","R","BOSS","BOSS"],"items_purchased_type":["Relic","Card","Relic","Relic"],"build_version":"2020-12-22","purchased_purges":1,"victory":false,"max_hp_per_floor":[21,21,21,21,21,21,21,21,21,21,21,21,21,21,21,21,21,20,20,20,20,20,20,20,20,20,20,20,20,22,22,22,22,22,21,21,21,21,21,21,21,21,21,21,21,21,23,23,23,23,23,23,23,22,22,22,22],"card_choices":[{"not_picked":["Gremlin:Presto","Gremlin:Scatter"],"picked":"Gremlin:Stupend","floor":2.0},{"not_picked":["Gremlin:TwistTheKnife","Gremlin:GremlinArms"],"picked":"Gremlin:BulkUp","floor":3.0},{"not_picked":["Gremlin:AggressiveDefense","Gremlin:Patsy"],"picked":"Gremlin:InfiniteBlocks","floor":4.0},{"not_picked":["Gremlin:Stupend","Gremlin:AggressiveDefense"],"picked":"Gremlin:PinNeedle","floor":6.0},{"not_picked":["Gremlin:TwistTheKnife","Gremlin:IrksomeBlow"],"picked":"Gremlin:PourSalt","floor":9.0},{"not_picked":["Gremlin:GremlinMeal","Gremlin:Kablamo"],"picked":"Gremlin:Enthusiasm","floor":11.0},{"not_picked":["Gremlin:BulkUp","Gremlin:CatScratch"],"picked":"Gremlin:Astound","floor":12.0},{"not_picked":["Gremlin:EdibleArmor","Gremlin:Jeer"],"picked":"Gremlin:Duplicate","floor":13.0},{"not_picked":["Gremlin:Pretaliation","Gremlin:Raid"],"picked":"Gremlin:GremlinMeal","floor":15.0},{"not_picked":["Gremlin:Duplicate","Gremlin:TargetWeakness"],"picked":"Gremlin:CongaLine","floor":16.0},{"not_picked":["Gremlin:GremlinArms","Gremlin:CatScratch"],"picked":"Gremlin:Rhythm+1","floor":19.0},{"not_picked":["Gremlin:InfiniteBlocks","Gremlin:Pinprick"],"picked":"Gremlin:BulkUp+1","floor":21.0},{"not_picked":["Gremlin:PourSalt","Gremlin:Glimmer"],"picked":"Gremlin:Presto","floor":23.0},{"not_picked":["Gremlin:Mockery","Gremlin:TwistTheKnife+1"],"picked":"Gremlin:DaggerDance","floor":28.0},{"not_picked":["Gremlin:MakeshiftArmor","Gremlin:Raid"],"picked":"Gremlin:FanOfKnives+1","floor":31.0},{"not_picked":["Gremlin:BulkUp","Gremlin:Presto"],"picked":"Gremlin:Jeer","floor":32.0},{"not_picked":["Gremlin:FairyDust","Gremlin:Unforgiving"],"picked":"Gremlin:Erupt","floor":33.0},{"not_picked":[],"picked":"Gremlin:Tadah+1","floor":36.0},{"not_picked":["Gremlin:Irritability"],"picked":"SKIP","floor":38.0},{"not_picked":["Gremlin:GremlinToss+1"],"picked":"SKIP","floor":40.0},{"not_picked":[],"picked":"Gremlin:GlitterGuard+1","floor":43.0},{"not_picked":[],"picked":"Gremlin:BurlyBlow","floor":45.0},{"not_picked":["Gremlin:Pretaliation+1"],"picked":"SKIP","floor":47.0},{"not_picked":["Gremlin:Rhythm+1"],"picked":"SKIP","floor":48.0},{"not_picked":["Gremlin:FanOfKnives+1"],"picked":"SKIP","floor":52}],"player_experience":76896,"relics_obtained":[{"floor":4.0,"key":"War Paint"},{"floor":7.0,"key":"Gremlin:WizardStaff"},{"floor":14.0,"key":"Orichalcum"},{"floor":24.0,"key":"StrikeDummy"},{"floor":25.0,"key":"Vajra"},{"floor":27.0,"key":"Nilry\u0027s Codex"},{"floor":28.0,"key":"MawBank"},{"floor":39.0,"key":"Turnip"},{"floor":41.0,"key":"Gremlin Horn"},{"floor":48.0,"key":"Ice Cream"},{"floor":52,"key":"Incense Burner"}],"event_choices":[{"damage_healed":0.0,"max_hp_gain":0.0,"max_hp_loss":0.0,"gold_gain":0.0,"event_name":"Wheel of Change","player_choice":"Relic","floor":14.0,"gold_loss":0.0,"damage_taken":0.0}],"is_beta":false,"boss_relics":[{"not_picked":["beaked:MawFillet","Fusion Hammer"],"picked":"Empty Cage"},{"not_picked":["Tiny House","Runic Dome"],"picked":"Busted Crown"}],"items_purged_floors":[47],"is_endless":false,"potions_floor_spawned":[4,6,15,23,28,32,33,36,40,45],"killed_by":"downfall:NeowBossFinal","ascension_level":1}}