{"host":"zxd7sxkt31l2m2hb","time":1611323094,"event":{"mods":["AchievementEnabler","BaseMod","BetterRewards","Colored Map","Colored Powertips","Highlight Path","Minty Spire (QoL Compilation)","StSLib","SuperFastMode","The Jungle","slay the spire mod where everything is the same but ironclad has a cowboy hat"],"gold_per_floor":[116,116,129,82,82,113,67,67,67,91,112,102,118,118,118,248,248,266,48,48,48,48,41,41,52,75,28,127,127,127,127,127,127,127],"floor_reached":33,"language":"DEU","playtime":3246,"items_purged":["Limit Break"],"score":243,"play_id":"7209d173-0e81-4a6b-83df-78858557d9c3","local_time":"20210122144454","is_ascension_mode":false,"campfire_choices":[{"floor":15.0,"key":"REST"},{"floor":24.0,"key":"REST"},{"floor":30,"key":"REST"},{"data":"Shrug It Off","floor":32,"key":"SMITH"}],"circlet_count":0,"master_deck":["Strike_R","Strike_R","Strike_R","Strike_R","Strike_R","Defend_R","Defend_R","Defend_R","Defend_R","Bash","Armaments+1","Pommel Strike","Shrug It Off+1","Heavy Blade","Sword Boomerang","Sword Boomerang","Seeing Red","Anger","Hemokinesis","Iron Wave+1","Flex"],"relics":["Burning Blood","Bloody Idol","Strawberry","StoneCalendar","TungstenRod","Juzu Bracelet","Molten Egg 2","Centennial Puzzle","MutagenicStrength"],"acts_visited":["Exordium","TheCity"],"potions_floor_usage":[33,33,33],"damage_taken":[{"damage":5.0,"enemies":"Small Slimes","floor":1.0,"turns":5.0},{"damage":5.0,"enemies":"Cultist","floor":3.0,"turns":4.0},{"damage":34.0,"enemies":"3 Sentries","floor":6.0,"turns":15.0},{"damage":3.0,"enemies":"Jaw Worm","floor":10.0,"turns":3.0},{"damage":11.0,"enemies":"Blue Slaver","floor":11.0,"turns":4.0},{"damage":16.0,"enemies":"Exordium Thugs","floor":12.0,"turns":6.0},{"damage":13.0,"enemies":"Lots of Slimes","floor":13.0,"turns":5.0},{"damage":50.0,"enemies":"The Guardian","floor":16.0,"turns":10.0},{"damage":45.0,"enemies":"Spheric Guardian","floor":18.0,"turns":6.0},{"damage":22.0,"enemies":"2 Thieves","floor":23.0,"turns":4.0},{"damage":34,"enemies":"3 Cultists","floor":25,"turns":7},{"damage":103,"enemies":"Champ","floor":33,"turns":11}],"seed_played":"-1601633992260137446","potions_obtained":[{"floor":0.0,"key":"EntropicBrew"},{"floor":0.0,"key":"BlessingOfTheForge"},{"floor":6.0,"key":"Weak Potion"},{"floor":16.0,"key":"Fire Potion"},{"floor":18.0,"key":"Swift Potion"}],"is_trial":false,"path_per_floor":["M","?","M","$","?","E","$","?","T","M","M","M","M","T","R","B",null,"M","$","?","?","?","M","R","M","T","$","?","$","R","?","R","B"],"character_chosen":"IRONCLAD","items_purchased":["Shrug It Off","Sword Boomerang","Juzu Bracelet","Flex"],"campfire_rested":3,"item_purchase_floors":[4,7,19,27],"current_hp_per_floor":[80,80,80,80,80,59,59,59,59,62,57,47,40,40,66,22,87,48,48,48,48,48,42,68,45,50,50,55,55,81,81,81,0,0],"gold":127,"neow_bonus":"THREE_SMALL_POTIONS","is_daily":false,"chose_seed":false,"campfire_upgraded":1,"win_rate":0.0,"timestamp":1611323094,"path_taken":["M","?","?","$","?","E","$","?","T","M","?","?","M","?","R","BOSS","M","$","?","?","?","M","R","M","T","?","?","$","R","?","R","BOSS"],"items_purchased_type":["Card","Card","Relic","Card"],"build_version":"2020-12-22","purchased_purges":1,"victory":false,"max_hp_per_floor":[80,80,80,80,80,87,87,87,87,87,87,87,87,87,87,87,87,87,87,87,87,87,87,87,87,87,87,87,87,87,87,87,87,87],"card_choices":[{"not_picked":["Warcry","Pommel Strike"],"picked":"Armaments","floor":1.0},{"not_picked":["Headbutt","Twin Strike"],"picked":"Pommel Strike","floor":3.0},{"not_picked":["Limit Break","Brutality"],"picked":"Heavy Blade","floor":6.0},{"not_picked":["Warcry","Sever Soul"],"picked":"Sword Boomerang","floor":10.0},{"not_picked":["Infernal Blade","Warcry","True Grit"],"picked":"SKIP","floor":11.0},{"not_picked":["Feed","Perfected Strike"],"picked":"Seeing Red","floor":12.0},{"not_picked":["Headbutt","Perfected Strike"],"picked":"Anger","floor":13.0},{"not_picked":["Fiend Fire","Reaper"],"picked":"Limit Break","floor":16.0},{"not_picked":["Heavy Blade","Ghostly Armor"],"picked":"Hemokinesis","floor":18.0},{"not_picked":["Entrench+1","Perfected Strike+1"],"picked":"Iron Wave+1","floor":23.0},{"not_picked":["Rage","Armaments","Whirlwind+1"],"picked":"SKIP","floor":25}],"player_experience":52493,"relics_obtained":[{"floor":6.0,"key":"Strawberry"},{"floor":9.0,"key":"StoneCalendar"},{"floor":14.0,"key":"TungstenRod"},{"floor":26,"key":"Centennial Puzzle"}],"event_choices":[{"damage_healed":0.0,"max_hp_gain":0.0,"max_hp_loss":0.0,"gold_gain":0.0,"event_name":"Accursed Blacksmith","player_choice":"Forge","floor":2.0,"gold_loss":0.0,"damage_taken":0.0,"cards_upgraded":["Armaments"]},{"damage_healed":0.0,"max_hp_gain":0.0,"max_hp_loss":0.0,"gold_gain":0.0,"event_name":"Golden Idol","player_choice":"Take Wound","floor":5.0,"gold_loss":0.0,"damage_taken":0.0,"relics_obtained":["Golden Idol"],"cards_obtained":["Injury"]},{"cards_removed":["Injury"],"damage_healed":0.0,"max_hp_gain":0.0,"max_hp_loss":0.0,"gold_gain":0.0,"event_name":"Purifier","player_choice":"Purged","floor":8.0,"gold_loss":0.0,"damage_taken":0.0},{"damage_healed":0.0,"max_hp_gain":0.0,"max_hp_loss":0.0,"gold_gain":0.0,"event_name":"The Mausoleum","player_choice":"Opened","floor":21.0,"gold_loss":0.0,"damage_taken":0.0,"relics_obtained":["Molten Egg 2"]},{"damage_healed":0.0,"max_hp_gain":0.0,"max_hp_loss":0.0,"gold_gain":0.0,"event_name":"Forgotten Altar","player_choice":"Gave Idol","floor":22.0,"relics_lost":["Golden Idol"],"gold_loss":0.0,"damage_taken":0.0,"relics_obtained":["Bloody Idol"]},{"damage_healed":0,"gold_gain":99,"player_choice":"Stole From Cult","damage_taken":0,"max_hp_gain":0,"max_hp_loss":0,"event_name":"Nest","floor":28,"gold_loss":0},{"damage_healed":0,"gold_gain":0,"player_choice":"Inject Mutagens","damage_taken":0,"relics_obtained":["MutagenicStrength"],"max_hp_gain":0,"max_hp_loss":0,"event_name":"Drug Dealer","floor":31,"gold_loss":0}],"is_beta":false,"boss_relics":[{"not_picked":["Runic Pyramid","Philosopher\u0027s Stone","Fusion Hammer"]}],"items_purged_floors":[19],"is_endless":false,"potions_floor_spawned":[6,13,16,18,25],"killed_by":"Champ","ascension_level":0}}