{"host":"sian7qp8a9pc9xwd","time":1611316129,"event":{"mods":["BaseMod","Minty Spire (QoL Compilation)","StSLib","SuperFastMode"],"gold_per_floor":[57,57,95,20,54,54,123,176,250,311,348,417,453,39,39,169,169,213,257,301,301,301,301,341,404,404,13,90,90,90,146,146,247,247,314,6,18,81,91,119,119,164,164,221,221,253,253,263,263,288,288,288,8,39,39],"floor_reached":56,"language":"ENG","playtime":5229,"items_purged":["Strike_G","Defend_G"],"score":1750,"play_id":"85aef83f-2c26-4989-b9cc-e04f4ab8453b","local_time":"20210122064849","is_ascension_mode":true,"campfire_choices":[{"data":"HandOfGreed","floor":6.0,"key":"SMITH"},{"data":"Malaise","floor":15.0,"key":"SMITH"},{"data":"Ghostly","floor":23.0,"key":"SMITH"},{"data":"Neutralize","floor":29.0,"key":"SMITH"},{"data":"Cloak And Dagger","floor":32.0,"key":"SMITH"},{"data":"Strike_G","floor":45.0,"key":"PURGE"},{"floor":49.0,"key":"RECALL"},{"data":"Blade Dance","floor":52.0,"key":"SMITH"}],"circlet_count":0,"master_deck":["Strike_G","Strike_G","Strike_G","Defend_G","Defend_G+1","Defend_G","Defend_G","Survivor","Neutralize+1","HandOfGreed+1","Blade Dance","Cloak And Dagger+1","Backflip","Cloak And Dagger","Choke+1","Malaise+1","PiercingWail","Adrenaline","Backflip","Dash+1","Ghostly+1","Ghostly","Ghostly","Ghostly","Ghostly+1","Backflip+1","Ghostly+1","Storm of Steel","Adrenaline","Accuracy+1","Infinite Blades+1","Blade Dance+1","Choke+1","Finesse","Bandage Up","Madness","Blade Dance","Venomology"],"relics":["Ring of the Snake","Gambling Chip","Molten Egg 2","Pen Nib","Coffee Dripper","Enchiridion","Centennial Puzzle","War Paint","DollysMirror","Bronze Scales","The Courier","Philosopher\u0027s Stone","Frozen Egg 2","Bottled Flame","Peace Pipe","MealTicket","Shuriken","Turnip"],"acts_visited":["Exordium","TheCity","TheBeyond","TheEnding"],"potions_floor_usage":[55,55,55,55],"damage_taken":[{"damage":4.0,"enemies":"Small Slimes","floor":1.0,"turns":4.0},{"damage":1.0,"enemies":"2 Louse","floor":3.0,"turns":4.0},{"damage":10.0,"enemies":"Jaw Worm","floor":5.0,"turns":6.0},{"damage":6.0,"enemies":"Exordium Wildlife","floor":7.0,"turns":4.0},{"damage":9.0,"enemies":"Lagavulin","floor":8.0,"turns":5.0},{"damage":3.0,"enemies":"3 Louse","floor":10.0,"turns":4.0},{"damage":0.0,"enemies":"Blue Slaver","floor":11.0,"turns":4.0},{"damage":0.0,"enemies":"Exordium Thugs","floor":12.0,"turns":4.0},{"damage":8.0,"enemies":"Red Slaver","floor":13.0,"turns":5.0},{"damage":18.0,"enemies":"The Guardian","floor":16.0,"turns":14.0},{"damage":0.0,"enemies":"Shell Parasite","floor":18.0,"turns":8.0},{"damage":0.0,"enemies":"Chosen","floor":19.0,"turns":6.0},{"damage":1.0,"enemies":"Centurion and Healer","floor":20.0,"turns":6.0},{"damage":0.0,"enemies":"Cultist and Chosen","floor":24.0,"turns":10.0},{"damage":0.0,"enemies":"3 Cultists","floor":25.0,"turns":5.0},{"damage":4.0,"enemies":"Slavers","floor":28.0,"turns":7.0},{"damage":2.0,"enemies":"Gremlin Leader","floor":31.0,"turns":7.0},{"damage":9.0,"enemies":"Collector","floor":33.0,"turns":9.0},{"damage":3.0,"enemies":"3 Shapes","floor":35.0,"turns":4.0},{"damage":2.0,"enemies":"3 Darklings","floor":37.0,"turns":4.0},{"damage":0.0,"enemies":"Sphere and 2 Shapes","floor":38.0,"turns":8.0},{"damage":0.0,"enemies":"Spire Growth","floor":39.0,"turns":3.0},{"damage":5.0,"enemies":"Giant Head","floor":40.0,"turns":7.0},{"damage":0.0,"enemies":"4 Shapes","floor":42.0,"turns":6.0},{"damage":0.0,"enemies":"Reptomancer","floor":44.0,"turns":3.0},{"damage":3.0,"enemies":"Nemesis","floor":46.0,"turns":5.0},{"damage":0.0,"enemies":"Sphere and 2 Shapes","floor":48.0,"turns":3.0},{"damage":19.0,"enemies":"Awakened One","floor":50.0,"turns":11.0},{"damage":1.0,"enemies":"Shield and Spear","floor":54.0,"turns":5.0},{"damage":36,"enemies":"The Heart","floor":55,"turns":9}],"seed_played":"-3698977195861996721","potions_obtained":[{"floor":3.0,"key":"LiquidMemories"},{"floor":7.0,"key":"DuplicationPotion"},{"floor":8.0,"key":"DistilledChaos"},{"floor":13.0,"key":"BlessingOfTheForge"},{"floor":16.0,"key":"PowerPotion"},{"floor":19.0,"key":"GhostInAJar"},{"floor":25.0,"key":"SkillPotion"},{"floor":28.0,"key":"DuplicationPotion"},{"floor":31.0,"key":"Dexterity Potion"},{"floor":37.0,"key":"Energy Potion"},{"floor":54.0,"key":"LiquidBronze"}],"is_trial":false,"path_per_floor":["M","?","M","$","M","R","M","E","T","M","M","M","M","$","R","B",null,"M","M","M","?","?","R","M","M","T","$","E","R","?","E","R","B",null,"M","$","M","M","M","E","?","M","T","E","R","E","?","M","R","B",null,"R","$","E","B",null],"character_chosen":"THE_SILENT","items_purchased":["Pen Nib","Choke+1","Malaise","Regen Potion","PiercingWail","War Paint","DollysMirror","Frozen Egg 2","Accuracy+1","Infinite Blades+1","Shuriken","FearPotion","SkillPotion"],"campfire_rested":0,"item_purchase_floors":[14,14,14,14,14,27,27,36,36,36,53,53,53],"current_hp_per_floor":[59,59,58,58,48,48,42,33,33,30,30,30,22,22,22,19,57,57,57,56,35,19,19,19,19,19,19,15,15,27,25,25,16,30,27,27,25,25,25,20,10,14,14,18,18,19,19,19,19,4,27,27,35,35,3],"gold":39,"neow_bonus":"RANDOM_COLORLESS_2","is_daily":false,"chose_seed":false,"campfire_upgraded":6,"win_rate":0.0,"timestamp":1611316129,"path_taken":["M","?","M","$","M","R","M","E","T","M","M","M","M","$","R","BOSS","M","M","M","?","?","R","M","M","T","$","E","R","?","E","R","BOSS","M","$","M","M","M","E","?","M","T","E","R","E","?","M","R","BOSS","R","$","E","BOSS"],"items_purchased_type":["Relic","Card","Card","Potion","Card","Relic","Relic","Relic","Card","Card","Relic","Potion","Potion"],"build_version":"2020-12-22","purchased_purges":2,"victory":true,"max_hp_per_floor":[70,70,70,70,70,70,70,70,70,70,70,70,70,70,70,70,70,70,70,70,35,35,35,35,35,35,35,35,35,35,35,35,35,35,35,35,35,35,35,35,35,35,35,35,35,35,35,35,35,35,35,35,35,35,35],"card_choices":[{"not_picked":["Master of Strategy","Sadistic Nature"],"picked":"HandOfGreed","floor":0.0},{"not_picked":["Tactician","Dagger Throw"],"picked":"Blade Dance","floor":1.0},{"not_picked":["Prepared","Choke","Sucker Punch"],"picked":"SKIP","floor":3.0},{"not_picked":["Slice","Prepared","Quick Slash"],"picked":"SKIP","floor":5.0},{"not_picked":["Finisher","Deadly Poison","Dagger Throw"],"picked":"SKIP","floor":7.0},{"not_picked":["Glass Knife","Dodge and Roll"],"picked":"Cloak And Dagger","floor":8.0},{"not_picked":["Concentrate","Crippling Poison","Riddle With Holes+1"],"picked":"SKIP","floor":10.0},{"not_picked":["Bouncing Flask","Catalyst"],"picked":"Backflip","floor":11.0},{"not_picked":["Riddle With Holes+1","Dodge and Roll"],"picked":"Cloak And Dagger","floor":12.0},{"not_picked":["Infinite Blades","Acrobatics","Catalyst"],"picked":"SKIP","floor":13.0},{"not_picked":["Unload+1","Grand Finale+1"],"picked":"Adrenaline","floor":16.0},{"not_picked":["Quick Slash+1","Dodge and Roll"],"picked":"Backflip","floor":18.0},{"not_picked":["Leg Sweep","Outmaneuver","Expertise"],"picked":"SKIP","floor":19.0},{"not_picked":["Quick Slash+1","Dodge and Roll"],"picked":"Dash+1","floor":20.0},{"not_picked":["Blade Dance","Caltrops"],"picked":"Backflip+1","floor":24.0},{"not_picked":["Calculated Gamble","Cloak And Dagger","Concentrate"],"picked":"SKIP","floor":25.0},{"not_picked":["Expertise","Quick Slash+1"],"picked":"Storm of Steel","floor":28.0},{"not_picked":["Acrobatics","Sucker Punch+1","Bane+1"],"picked":"SKIP","floor":31.0},{"not_picked":["Malaise","Grand Finale+1"],"picked":"Adrenaline","floor":33.0},{"not_picked":["Poisoned Stab+1","Dodge and Roll+1","Quick Slash+1"],"picked":"SKIP","floor":35.0},{"not_picked":["Dagger Throw+1","Outmaneuver+1","Backstab+1"],"picked":"SKIP","floor":37.0},{"not_picked":["Blur+1","Prepared","Bane+1"],"picked":"SKIP","floor":38.0},{"not_picked":["Concentrate","Sucker Punch+1"],"picked":"Blade Dance","floor":39.0},{"not_picked":["Deadly Poison+1","Doppelganger"],"picked":"Choke+1","floor":40.0},{"not_picked":["Secret Weapon","Forethought"],"picked":"Finesse","floor":41.0},{"not_picked":["Apotheosis","Jack Of All Trades"],"picked":"Bandage Up","floor":41.0},{"not_picked":["Transmutation","Enlightenment"],"picked":"Madness","floor":41.0},{"not_picked":["Catalyst+1","Backflip+1","Poisoned Stab+1"],"picked":"SKIP","floor":42.0},{"not_picked":["Deflect+1","Glass Knife+1"],"picked":"Blade Dance","floor":44.0},{"not_picked":["Noxious Fumes+1","Backflip+1"],"picked":"Venomology","floor":46.0},{"not_picked":["Underhanded Strike+1","Poisoned Stab+1","Acrobatics"],"picked":"SKIP","floor":48.0},{"not_picked":["Predator+1","Sucker Punch+1","Riddle With Holes+1"],"picked":"SKIP","floor":54.0}],"player_experience":728112,"relics_obtained":[{"floor":8.0,"key":"Gambling Chip"},{"floor":9.0,"key":"Molten Egg 2"},{"floor":22.0,"key":"Enchiridion"},{"floor":26.0,"key":"Centennial Puzzle"},{"floor":28.0,"key":"Bronze Scales"},{"floor":31.0,"key":"The Courier"},{"floor":40.0,"key":"Bottled Flame"},{"floor":44.0,"key":"Peace Pipe"},{"floor":46.0,"key":"MealTicket"},{"floor":54.0,"key":"Turnip"}],"event_choices":[{"damage_healed":0.0,"max_hp_gain":0.0,"max_hp_loss":0.0,"gold_gain":0.0,"event_name":"Liars Game","player_choice":"Ignored","floor":2.0,"gold_loss":0.0,"damage_taken":0.0},{"damage_healed":0.0,"max_hp_gain":0.0,"max_hp_loss":35.0,"gold_gain":0.0,"event_name":"Ghosts","player_choice":"Became a Ghost","floor":21.0,"gold_loss":0.0,"damage_taken":0.0,"cards_obtained":["Ghostly","Ghostly","Ghostly","Ghostly","Ghostly"]},{"damage_healed":0.0,"max_hp_gain":0.0,"max_hp_loss":0.0,"gold_gain":0.0,"event_name":"Cursed Tome","player_choice":"Obtained Book","floor":22.0,"gold_loss":0.0,"damage_taken":16.0},{"damage_healed":12.0,"max_hp_gain":0.0,"max_hp_loss":0.0,"gold_gain":0.0,"event_name":"The Library","player_choice":"Heal","floor":30.0,"gold_loss":0.0,"damage_taken":0.0},{"damage_healed":0.0,"max_hp_gain":0.0,"max_hp_loss":0.0,"gold_gain":0.0,"event_name":"SensoryStone","player_choice":"Memory 3","floor":41.0,"gold_loss":0.0,"damage_taken":10.0},{"damage_healed":0.0,"max_hp_gain":0.0,"max_hp_loss":0.0,"gold_gain":0.0,"event_name":"Tomb of Lord Red Mask","player_choice":"Ignored","floor":47.0,"gold_loss":0.0,"damage_taken":0.0}],"is_beta":false,"boss_relics":[{"not_picked":["Ectoplasm","Snecko Eye"],"picked":"Coffee Dripper"},{"not_picked":["Calling Bell","Fusion Hammer"],"picked":"Philosopher\u0027s Stone"}],"items_purged_floors":[4,27],"is_endless":false,"potions_floor_spawned":[3,7,8,13,16,19,25,28,31,33,37,40,42,54],"ascension_level":9}}