{"host":"eeeqmyc7a1933jos","time":1611322341,"event":{"mods":["2.2 Compatiblity","Act Like it!","BaseMod","CapriCore","Colored Powertips","Conspire","Downfall","Elementarium","Friendly Minions","Gensokyo","GifTheSpireLib","Gremlin Mod","Hallownest","Hermit","Hubris","Infinite Spire","Jorbs\u0027s Wanderer Trilogy","Koishi","Marisa????????","Mimic Mod","Minty Spire (QoL Compilation)","Pale of the Ancients","Random Character Button","Random Character Mod","Rare Cards Sparkle","Reimu??????","Relic Sorter","Relic Stats","SIMod","StSLib","The Administrix","The Bug Knight","The Disciple","The Dragon Tamer","The Exalted","The Hierophant","The Immortal","The Marked","The Mystic","The Runesmith","The Senshi","The Servant 0.9.4","The Vixen","TheBandit","TheFirefly","Wandering Minibosses"],"gold_per_floor":[99,113,131,146,164,198,225,254,254,274,55,55,86,7,24,428,428,428,439,439,439,459,488,514,169,169,186,21,31,42,76,94,191,191,191,210,224,242,252,252,252,252,252,252,252],"floor_reached":43,"language":"ENG","playtime":3546,"items_purged":["Guardian:Defend_Guardian","Guardian:Strike_Guardian","Guardian:Strike_Guardian","Guardian:Strike_Guardian","Guardian:Strike_Guardian"],"score":584,"play_id":"903060c1-0c32-4b4e-86d8-8c30d3c35c4d","local_time":"20210122143221","is_ascension_mode":true,"campfire_choices":[{"data":"Guardian:StasisField","floor":1.0,"key":"SMITH"},{"data":"Guardian:PiercingHide","floor":9.0,"key":"SMITH"},{"data":"Guardian:Suspension","floor":18.0,"key":"SMITH"},{"data":"Gensokyo:CrescentMoonSlash","floor":26.0,"key":"SMITH"},{"data":"Guardian:BronzeOrb","floor":35.0,"key":"SMITH"}],"circlet_count":0,"master_deck":["infinitespire:SevenWalls+1","Guardian:CurlUp","Guardian:TwinSlam","Guardian:StasisField+1","Guardian:BronzeOrb+1","Guardian:PiercingHide+1","Guardian:Suspension+1","Guardian:ChargeCore","Guardian:Incinerate","Gensokyo:CrescentMoonSlash+1","Guardian:PiercingHide","Guardian:BaubleBeam+1","Guardian:Recover+1","infinitespire:Punishment","Guardian:ChargeUp","Guardian:ChargeUp","Guardian:Recover","Guardian:Orbwalk","Guardian:TemporalStrike","Guardian:TemporalStrike","Guardian:Preprogram","Guardian:BronzeOrb","expansioncontent:YouAreMine","expansioncontent:AwakenDeath","expansioncontent:HyperBeam"],"relics":["Guardian:ModeShifter","Gensokyo:Companionship","Centennial Puzzle","Oddly Smooth Stone","Bromod:ArcaneNullifier","Boot","Astrolabe","Bromod:ArcaneVictory","Shuriken","infinitespire:Eraser","Ancient Tea Set","Guardian:StasisUpgradeRelic","Guardian:PickAxe","Runic Pyramid","infinitespire:CursedDice","conspire:SlowCooker","MealTicket"],"acts_visited":["Exordium","Gensokyo:Gensokyo","TheBeyond"],"potions_floor_usage":[],"damage_taken":[{"damage":0.0,"enemies":"Gensokyo:Python","floor":2.0,"turns":3.0},{"damage":0.0,"enemies":"Gensokyo:Gryphon","floor":3.0,"turns":4.0},{"damage":0.0,"enemies":"Gensokyo:2_Kodama","floor":4.0,"turns":4.0},{"damage":1.0,"enemies":"Gensokyo:2_Rabbits","floor":5.0,"turns":5.0},{"damage":0.0,"enemies":"Gensokyo:Mamizou","floor":6.0,"turns":9.0},{"damage":4.0,"enemies":"Gensokyo:Aya","floor":8.0,"turns":6.0},{"damage":0.0,"enemies":"Gensokyo:CorruptedTreant","floor":10.0,"turns":3.0},{"damage":0.0,"enemies":"downfall:FleeingMerchant","floor":11.0,"turns":4.0},{"damage":0.0,"enemies":"Gensokyo:Mamizou","floor":13.0,"turns":7.0},{"damage":10.0,"enemies":"Gensokyo:LivingMonolith","floor":15.0,"turns":4.0},{"damage":28.0,"enemies":"SI_SHIV_ARCHETYPE","floor":16.0,"turns":21.0},{"damage":0.0,"enemies":"Elementarium:2_ELEMENTALS","floor":19.0,"turns":3.0},{"damage":0.0,"enemies":"Elementarium:VoidCorruption","floor":22.0,"turns":5.0},{"damage":17.0,"enemies":"Elementarium:ElementalPortal","floor":23.0,"turns":7.0},{"damage":0.0,"enemies":"downfall:FleeingMerchant","floor":25.0,"turns":4.0},{"damage":6.0,"enemies":"Elementarium:VoidBeast","floor":27.0,"turns":2.0},{"damage":0.0,"enemies":"downfall:FleeingMerchant","floor":28.0,"turns":4.0},{"damage":14.0,"enemies":"Elementarium:3_ELEMENTALS","floor":29.0,"turns":3.0},{"damage":0.0,"enemies":"Elementarium:RubyGolem","floor":30.0,"turns":3.0},{"damage":10.0,"enemies":"Elementarium:FIRE_NOBILITY","floor":31.0,"turns":6.0},{"damage":0.0,"enemies":"Elementarium:VoidBeast","floor":32.0,"turns":4.0},{"damage":13.0,"enemies":"DF_ARCHETYPE_CLAW","floor":33.0,"turns":7.0},{"damage":0.0,"enemies":"Orb Walker","floor":36.0,"turns":3.0},{"damage":2.0,"enemies":"3 Shapes","floor":37.0,"turns":3.0},{"damage":2.0,"enemies":"Maw","floor":38.0,"turns":7.0},{"damage":16.0,"enemies":"4 Shapes","floor":39.0,"turns":4.0},{"damage":0,"floor":43,"turns":1}],"seed_played":"2056240833268892423","potions_obtained":[{"floor":3.0,"key":"FearPotion"},{"floor":5.0,"key":"Fire Potion"},{"floor":8.0,"key":"Dexterity Potion"},{"floor":15.0,"key":"Regen Potion"},{"floor":27.0,"key":"Regen Potion"},{"floor":29.0,"key":"Guardian:StasisDiscoveryPotion"},{"floor":32.0,"key":"MagicPotion:ReiMu"}],"is_trial":false,"path_per_floor":["R","M","M","M","M","E","T","E","R","M","$","?","E","COS","M","B",null,"R","M","AVR","?","M","E","T","$","R","M","$","M","M","E","M","B",null,"R","M","M","M","M","?","T","AVR","?"],"character_chosen":"GUARDIAN","items_purchased":["Guardian:Gem_Blue","Guardian:Incinerate","Guardian:ChargeUp","Guardian:StasisUpgradeRelic","Guardian:Recover"],"campfire_rested":0,"item_purchase_floors":[11,11,25,25,28],"current_hp_per_floor":[80,80,80,80,79,79,79,75,75,75,75,63,63,63,53,25,80,80,80,80,80,80,69,69,69,69,64,64,53,54,47,48,38,80,80,80,79,78,66,56,56,56,56,56,56],"gold":252,"neow_bonus":"ONE_RANDOM_RARE_CARD","is_daily":false,"chose_seed":false,"campfire_upgraded":5,"win_rate":0.0,"timestamp":1611322341,"path_taken":["R","M","M","M","M","E","T","E","R","M","$","?","E","COS","M","BOSS","R","M","AVR","?","M","E","T","$","R","M","$","M","?","E","M","BOSS","R","M","M","M","M","?","T","AVR","?"],"items_purchased_type":["Card","Card","Card","Relic","Card"],"build_version":"2020-12-22","purchased_purges":5,"victory":false,"max_hp_per_floor":[80,80,80,80,80,80,80,80,80,80,80,80,80,80,80,80,80,80,80,80,80,80,80,80,80,80,80,80,80,80,80,80,80,80,80,80,80,80,80,80,80,80,80,80,80],"relic_stats":{"Centennial Puzzle":[30],"counters":[26,135],"Shuriken":[23],"Astrolabe":["Guardian:BaubleBeam","Guardian:Recover","Guardian:Gem_Yellow"],"MealTicket":0,"Boot":[27],"obtain_stats":[{"Bromod:ArcaneNullifier":8,"infinitespire:CursedDice":41,"Astrolabe":17,"Bromod:ArcaneVictory":20,"Guardian:ModeShifter":0,"Oddly Smooth Stone":7,"conspire:SlowCooker":42,"Boot":13,"Ancient Tea Set":24,"Guardian:PickAxe":31,"Guardian:StasisUpgradeRelic":25,"Centennial Puzzle":6,"Gensokyo:Companionship":25,"Shuriken":21,"MealTicket":42,"infinitespire:Eraser":23,"Runic Pyramid":34},{"Bromod:ArcaneNullifier":6,"infinitespire:CursedDice":26,"Astrolabe":11,"Bromod:ArcaneVictory":12,"Guardian:ModeShifter":0,"Oddly Smooth Stone":5,"conspire:SlowCooker":26,"Boot":9,"Ancient Tea Set":14,"Guardian:PickAxe":20,"Guardian:StasisUpgradeRelic":15,"Centennial Puzzle":5,"Gensokyo:Companionship":15,"Shuriken":12,"MealTicket":26,"infinitespire:Eraser":14,"Runic Pyramid":22},{"Bromod:ArcaneNullifier":31,"infinitespire:CursedDice":135,"Astrolabe":70,"Bromod:ArcaneVictory":73,"Guardian:ModeShifter":0,"Oddly Smooth Stone":25,"conspire:SlowCooker":135,"Boot":45,"Ancient Tea Set":85,"Guardian:PickAxe":107,"Guardian:StasisUpgradeRelic":89,"Centennial Puzzle":25,"Gensokyo:Companionship":86,"Shuriken":73,"MealTicket":135,"infinitespire:Eraser":85,"Runic Pyramid":118}]},"card_choices":[{"not_picked":["Guardian:Orbwalk","Guardian:VentSteam"],"picked":"Guardian:Gem_Purple","floor":2.0},{"not_picked":["Guardian:RollAttack","Guardian:CrystalBeam","Guardian:TemporalShield"],"picked":"SKIP","floor":3.0},{"not_picked":["Guardian:Harden","Guardian:FloatingOrbs"],"picked":"Guardian:Gem_White","floor":4.0},{"not_picked":["Guardian:Incinerate","Guardian:GuardianWhirl"],"picked":"Guardian:BronzeOrb","floor":5.0},{"not_picked":["Guardian:FierceBash","Guardian:Harden"],"picked":"Guardian:PiercingHide","floor":6.0},{"not_picked":["Guardian:Gem_Green","Guardian:FloatingOrbs"],"picked":"Guardian:Suspension","floor":8.0},{"not_picked":["Guardian:TimeBomb","Guardian:Gem_Cyan"],"picked":"Guardian:ChargeCore","floor":10.0},{"not_picked":["Guardian:ArmoredProtocol","Guardian:ChargeCore"],"picked":"Guardian:Gem_Red","floor":11.0},{"not_picked":["Guardian:WalkerClaw","Guardian:ShieldCharger"],"picked":"Guardian:Gem_Yellow","floor":13.0},{"not_picked":["Guardian:RollAttack","Guardian:VentSteam"],"picked":"Guardian:PiercingHide","floor":15.0},{"not_picked":["Guardian:CompilePackage","Guardian:BaubleBeam"],"picked":"Guardian:Gem_Synthetic","floor":16.0},{"not_picked":["Guardian:Gem_Red","Guardian:Gem_Blue","Guardian:TemporalShield"],"picked":"SKIP","floor":19.0},{"not_picked":["Guardian:Gem_Cyan","Guardian:Gem_Red"],"picked":"Guardian:Gem_Yellow","floor":22.0},{"not_picked":["Guardian:ChargeCore+1","Guardian:CrystalBeam+1","Guardian:WalkerClaw"],"picked":"SKIP","floor":23.0},{"not_picked":["Guardian:RollAttack+1","Guardian:GemFire"],"picked":"Guardian:Gem_White","floor":25.0},{"not_picked":["Guardian:Suspension","Guardian:Gem_Crimson"],"picked":"Guardian:ChargeUp","floor":27.0},{"not_picked":["Guardian:Gem_Purple","Guardian:SpikerProtocol","Guardian:Gem_Cyan"],"picked":"SKIP","floor":28.0},{"not_picked":["Guardian:Reroute+1","Guardian:Gem_Crimson"],"picked":"Guardian:Orbwalk","floor":29.0},{"not_picked":["Guardian:Gem_Red","Guardian:PolyBeam+1","Guardian:ShieldCharger"],"picked":"SKIP","floor":30.0},{"not_picked":["Guardian:CrystalBeam+1","Guardian:Repulse+1"],"picked":"Guardian:TemporalStrike","floor":31.0},{"not_picked":["Guardian:Gem_Green","Guardian:SpikerProtocol+1","Guardian:RollAttack"],"picked":"SKIP","floor":32.0},{"not_picked":["Guardian:CrystalBeam+1","Guardian:Reroute"],"picked":"Guardian:TemporalStrike","floor":36.0},{"not_picked":["Guardian:ChargeCore+1","Guardian:VentSteam+1","Guardian:Gem_Lightblue"],"picked":"SKIP","floor":37.0},{"not_picked":["Guardian:TemporalShield+1","Guardian:ChargeCore"],"picked":"Guardian:Preprogram","floor":38.0},{"not_picked":["Guardian:BronzeArmor","Guardian:RollAttack+1"],"picked":"Guardian:BronzeOrb","floor":39.0},{"not_picked":["expansioncontent:LastStand","expansioncontent:Hexaburn"],"picked":"expansioncontent:YouAreMine","floor":40.0},{"not_picked":["expansioncontent:PolyBeam","expansioncontent:Chronoboost"],"picked":"expansioncontent:AwakenDeath","floor":40.0},{"not_picked":["expansioncontent:LastStand","expansioncontent:YouAreMine"],"picked":"expansioncontent:HyperBeam","floor":40.0}],"player_experience":1725412,"relics_obtained":[{"floor":6.0,"key":"Centennial Puzzle"},{"floor":7.0,"key":"Oddly Smooth Stone"},{"floor":8.0,"key":"Bromod:ArcaneNullifier"},{"floor":13.0,"key":"Boot"},{"floor":23.0,"key":"infinitespire:Eraser"},{"floor":24.0,"key":"Ancient Tea Set"},{"floor":31.0,"key":"Guardian:PickAxe"},{"floor":41.0,"key":"infinitespire:CursedDice"}],"event_choices":[{"damage_healed":0.0,"max_hp_gain":0.0,"max_hp_loss":0.0,"gold_gain":0.0,"event_name":"Elementarium:TarCoveredCasket","player_choice":"Open","floor":21.0,"gold_loss":0.0,"damage_taken":0.0,"relics_obtained":["Shuriken"],"cards_obtained":["Elementarium:StickyTar"]}],"is_beta":false,"boss_relics":[{"not_picked":["Black Star","hubris:CrackedHourglass"],"picked":"Astrolabe"},{"not_picked":["hubris:BlackHole","Snecko Eye"],"picked":"Runic Pyramid"}],"items_purged_floors":[11,20,25,28,42],"is_endless":false,"potions_floor_spawned":[3,5,8,15,27,29,31,32,33,36,37],"ascension_level":3}}