{"host":"7r6bd5ce6zscnmwq","time":1611305518,"event":{"mods":["BaseMod","Better Altar","Better Match","Better Note","Better Sensory Stone","Better Skull","Better Third Choice","Better Vampires","Block Reminder","Colored Powertips","Displayed Cursed Tome","Minty Spire (QoL Compilation)","Permanent Neow","Potionbrewer","Quick Restart","Shop Mod","Spicy Shops","StSLib"],"gold_per_floor":[119,119,119,138,153,153,5,28,79,126,156,182,225,287,299,446,458,493,534,546,558,603,665,700,761,773,818,830,842,877,25,25,161,161,180,260,293,316,344,344,379,379,379,379,65,65,114,173,173,183,183,183,33,86,96],"floor_reached":56,"language":"ENG","playtime":6407,"items_purged":["potionbrewer:PotionbrewerStrike","potionbrewer:PotionbrewerStrike","Shame","potionbrewer:PotionbrewerDefend"],"score":1308,"play_id":"1e604020-8b6d-47cd-b346-6e57d59d61d5","local_time":"20210122175158","is_ascension_mode":false,"campfire_choices":[{"data":"potionbrewer:BlindingSpray","floor":6.0,"key":"SMITH"},{"data":"potionbrewer:AnotherRound","floor":15.0,"key":"SMITH"},{"floor":28.0,"key":"REST"},{"floor":32.0,"key":"REST"},{"floor":40.0,"key":"RECALL"},{"data":"potionbrewer:Fuel","floor":44.0,"key":"SMITH"},{"data":"potionbrewer:IronHeart","floor":46,"key":"SMITH"},{"floor":49,"key":"REST"},{"data":"potionbrewer:BeatDown","floor":52,"key":"SMITH"}],"circlet_count":0,"master_deck":["potionbrewer:PotionbrewerStrike","potionbrewer:PotionbrewerStrike+1","potionbrewer:PotionbrewerDefend","potionbrewer:PotionbrewerDefend","potionbrewer:Collect+1","potionbrewer:ChemicalSpill+1","potionbrewer:BlindingSpray+1","potionbrewer:Smokescreen","potionbrewer:Prototype","potionbrewer:EmptyBottle+1","potionbrewer:IronFlesh+1","potionbrewer:Prototype","potionbrewer:Discombobulate+1","potionbrewer:AnotherRound+1","potionbrewer:Fuel+1","potionbrewer:ChoosePotion","potionbrewer:Prototype","potionbrewer:ChemicalWeapons+1","potionbrewer:BeatDown+1","potionbrewer:Prototype","Parasite","potionbrewer:ChemicalShroud+1","potionbrewer:IronHeart+1","potionbrewer:Prototype","potionbrewer:LabJournal+1"],"relics":["potionbrewer:PotionKit","Golden Idol","Pen Nib","MawBank","Akabeko","Oddly Smooth Stone","Busted Crown","potionbrewer:WarMedal","Mummified Hand","HornCleat","Torii","potionbrewer:Keyblade","OrangePellets","Cursed Key","Vajra","Whetstone","Lizard Tail","InkBottle"],"acts_visited":["Exordium","TheCity","TheBeyond","TheEnding"],"potions_floor_usage":[47,47,48,48,50,50,50,50,50,54,55,55,55,55,55],"damage_taken":[{"damage":0.0,"enemies":"2 Louse","floor":1.0,"turns":3.0},{"damage":3.0,"enemies":"Jaw Worm","floor":4.0,"turns":4.0},{"damage":0.0,"enemies":"Cultist","floor":5.0,"turns":4.0},{"damage":0.0,"enemies":"Lots of Slimes","floor":8.0,"turns":4.0},{"damage":0.0,"enemies":"Gremlin Nob","floor":10.0,"turns":4.0},{"damage":0.0,"enemies":"Looter","floor":11.0,"turns":4.0},{"damage":0.0,"enemies":"Blue Slaver","floor":12.0,"turns":1.0},{"damage":0.0,"enemies":"Exordium Wildlife","floor":13.0,"turns":4.0},{"damage":3.0,"enemies":"3 Sentries","floor":14.0,"turns":5.0},{"damage":19.0,"enemies":"The Guardian","floor":16.0,"turns":10.0},{"damage":11.0,"enemies":"3 Byrds","floor":18.0,"turns":7.0},{"damage":3.0,"enemies":"Chosen","floor":19.0,"turns":4.0},{"damage":0.0,"enemies":"Centurion and Healer","floor":22.0,"turns":8.0},{"damage":8.0,"enemies":"Book of Stabbing","floor":23.0,"turns":5.0},{"damage":0.0,"enemies":"Sentry and Sphere","floor":24.0,"turns":4.0},{"damage":16.0,"enemies":"Gremlin Leader","floor":25.0,"turns":7.0},{"damage":0.0,"enemies":"Snecko","floor":27.0,"turns":5.0},{"damage":16.0,"enemies":"Snake Plant","floor":30.0,"turns":4.0},{"damage":0.0,"enemies":"Automaton","floor":33.0,"turns":10.0},{"damage":10.0,"enemies":"3 Shapes","floor":35.0,"turns":3.0},{"damage":7.0,"enemies":"Orb Walker","floor":37.0,"turns":2.0},{"damage":0.0,"enemies":"Maw","floor":38.0,"turns":6.0},{"damage":0.0,"enemies":"Writhing Mass","floor":39.0,"turns":6.0},{"damage":0.0,"enemies":"Transient","floor":41.0,"turns":5.0},{"damage":0.0,"enemies":"4 Shapes","floor":42.0,"turns":1.0},{"damage":38,"enemies":"Reptomancer","floor":47,"turns":5},{"damage":9,"enemies":"2 Orb Walkers","floor":48,"turns":4},{"damage":10,"enemies":"Awakened One","floor":50,"turns":8},{"damage":31,"enemies":"Shield and Spear","floor":54,"turns":6},{"damage":45,"enemies":"The Heart","floor":55,"turns":9}],"seed_played":"6806168033702441811","potions_obtained":[{"floor":4.0,"key":"potionbrewer:AcidPotion"},{"floor":5.0,"key":"DistilledChaos"},{"floor":11.0,"key":"Swift Potion"},{"floor":14.0,"key":"Weak Potion"},{"floor":16.0,"key":"AttackPotion"},{"floor":22.0,"key":"Weak Potion"},{"floor":23.0,"key":"AttackPotion"},{"floor":24.0,"key":"Block Potion"},{"floor":30.0,"key":"Ancient Potion"},{"floor":39.0,"key":"SmokeBomb"},{"floor":41.0,"key":"potionbrewer:AcidPotion"}],"is_trial":false,"path_per_floor":["M","?","?","M","M","R","$","M","T","E","M","M","M","E","R","B",null,"M","M","?","?","M","E","M","E","T","M","R","?","M","$","R","B",null,"M","T","M","M","M","R","M","M","T","R","$","R","E","?","R","B",null,"R","$","E","B",null],"character_chosen":"POTIONBREWER","items_purchased":["Pen Nib","Torii","potionbrewer:Keyblade","potionbrewer:ToxicPotion","OrangePellets","potionbrewer:BeatDown","potionbrewer:IronHeart","Vajra"],"campfire_rested":3,"item_purchase_floors":[7,31,31,31,31,31,45,45],"current_hp_per_floor":[75,68,68,65,65,65,65,65,65,65,65,65,65,62,62,43,69,58,55,55,55,55,47,47,31,31,31,51,51,35,35,55,55,69,59,59,52,52,52,52,52,52,52,52,52,52,14,5,25,15,69,69,69,38,34],"gold":96,"neow_bonus":"UPGRADE_CARD","is_daily":false,"chose_seed":false,"campfire_upgraded":5,"win_rate":0.0,"timestamp":1611305518,"path_taken":["M","?","?","?","M","R","$","M","T","E","M","M","M","E","R","BOSS","M","M","?","?","M","E","M","E","T","M","R","?","M","$","R","BOSS","M","?","M","M","M","R","?","M","T","R","$","R","E","?","R","BOSS","R","$","E","BOSS"],"items_purchased_type":["Relic","Relic","Relic","Potion","Relic","Card","Card","Relic"],"build_version":"2020-12-22","purchased_purges":4,"victory":true,"max_hp_per_floor":[75,75,69,69,69,69,69,69,69,69,69,69,69,69,69,69,69,69,69,69,69,69,69,69,69,69,69,69,69,69,69,69,69,69,69,69,69,69,69,69,69,69,69,69,69,69,69,69,69,69,69,69,69,69,69],"card_choices":[{"not_picked":["potionbrewer:FlashPowder","potionbrewer:FlareUp"],"picked":"potionbrewer:BlindingSpray","floor":1.0},{"not_picked":["potionbrewer:IronHeart","potionbrewer:TestFormula"],"picked":"potionbrewer:Smokescreen","floor":4.0},{"not_picked":["potionbrewer:Biohazard","potionbrewer:PortableLab","potionbrewer:TimeBomb"],"picked":"potionbrewer:Prototype","floor":5.0},{"not_picked":["potionbrewer:BlindingMist","potionbrewer:QuickStep"],"picked":"potionbrewer:EmptyBottle","floor":8.0},{"not_picked":["potionbrewer:LabJournal","potionbrewer:Fuel"],"picked":"potionbrewer:IronFlesh","floor":10.0},{"not_picked":["potionbrewer:VolatileSolution","potionbrewer:ChemicalWeapons","potionbrewer:LeftoverSpecimen"],"picked":"potionbrewer:Prototype","floor":11.0},{"not_picked":["potionbrewer:TestSubject","potionbrewer:Toxicity"],"picked":"potionbrewer:Discombobulate","floor":12.0},{"not_picked":["potionbrewer:Smokescreen","potionbrewer:FortifiedSerum","potionbrewer:Biohazard"],"picked":"SKIP","floor":13.0},{"not_picked":["potionbrewer:FlareUp","potionbrewer:Experimentation"],"picked":"potionbrewer:AnotherRound","floor":14.0},{"not_picked":["potionbrewer:BrokenBeakers","potionbrewer:Accelerant"],"picked":"potionbrewer:BottomlessFlask","floor":16.0},{"not_picked":["potionbrewer:BlindingSpray"],"picked":"SKIP","floor":18.0},{"not_picked":["potionbrewer:Smack"],"picked":"SKIP","floor":19.0},{"not_picked":["potionbrewer:VolatileSolution"],"picked":"potionbrewer:Prototype","floor":22.0},{"not_picked":["potionbrewer:OneTwoPunch"],"picked":"SKIP","floor":23.0},{"not_picked":["potionbrewer:Contingency"],"picked":"SKIP","floor":24.0},{"not_picked":["potionbrewer:TimeBomb+1"],"picked":"SKIP","floor":25.0},{"not_picked":[],"picked":"potionbrewer:ChemicalWeapons+1","floor":27.0},{"not_picked":["potionbrewer:CausticBarrier"],"picked":"SKIP","floor":30.0},{"not_picked":["potionbrewer:BeatDown"],"picked":"potionbrewer:Prototype","floor":33.0},{"not_picked":["potionbrewer:Smokescreen"],"picked":"SKIP","floor":35.0},{"not_picked":["potionbrewer:TimeBomb"],"picked":"SKIP","floor":37.0},{"not_picked":["potionbrewer:Smack+1"],"picked":"SKIP","floor":38.0},{"not_picked":["potionbrewer:VolatileSolution+1"],"picked":"SKIP","floor":39.0},{"not_picked":[],"picked":"potionbrewer:ChemicalShroud+1","floor":41.0},{"not_picked":["potionbrewer:FlareUp+1"],"picked":"potionbrewer:Prototype","floor":47},{"not_picked":[],"picked":"potionbrewer:LabJournal+1","floor":54}],"player_experience":600364,"relics_obtained":[{"floor":9.0,"key":"MawBank"},{"floor":10.0,"key":"Akabeko"},{"floor":14.0,"key":"Oddly Smooth Stone"},{"floor":23.0,"key":"potionbrewer:WarMedal"},{"floor":25.0,"key":"Mummified Hand"},{"floor":26.0,"key":"HornCleat"},{"floor":47,"key":"Whetstone"},{"floor":48,"key":"Lizard Tail"},{"floor":54,"key":"InkBottle"}],"event_choices":[{"cards_removed":["potionbrewer:PotionbrewerDefend"],"damage_healed":0.0,"max_hp_gain":0.0,"max_hp_loss":0.0,"gold_gain":0.0,"event_name":"Golden Wing","player_choice":"Card Removal","floor":2.0,"gold_loss":0.0,"damage_taken":7.0},{"damage_healed":0.0,"max_hp_gain":0.0,"max_hp_loss":6.0,"gold_gain":0.0,"event_name":"Golden Idol","player_choice":"Lose Max HP","floor":3.0,"gold_loss":0.0,"damage_taken":0.0,"relics_obtained":["Golden Idol"]},{"cards_removed":["potionbrewer:IronFlesh"],"damage_healed":0.0,"max_hp_gain":0.0,"max_hp_loss":0.0,"gold_gain":0.0,"event_name":"betterNote:BetterNote","player_choice":"Give","floor":20.0,"gold_loss":0.0,"damage_taken":0.0,"cards_obtained":["None"]},{"damage_healed":0.0,"max_hp_gain":0.0,"max_hp_loss":0.0,"gold_gain":0.0,"event_name":"The Library","player_choice":"Read","floor":21.0,"gold_loss":0.0,"damage_taken":0.0,"cards_obtained":["potionbrewer:Fuel"]},{"damage_healed":0.0,"max_hp_gain":0.0,"max_hp_loss":0.0,"gold_gain":0.0,"event_name":"Upgrade Shrine","player_choice":"Upgraded","floor":29.0,"gold_loss":0.0,"damage_taken":0.0,"cards_upgraded":["potionbrewer:IronFlesh"]},{"damage_healed":0,"gold_gain":0,"player_choice":"Fight","damage_taken":0,"max_hp_gain":0,"max_hp_loss":0,"event_name":"Mysterious Sphere","floor":48,"gold_loss":0}],"is_beta":false,"boss_relics":[{"not_picked":["Ectoplasm","potionbrewer:BhaskarasWheel"],"picked":"Busted Crown"},{"not_picked":["Runic Dome","Sozu"],"picked":"Cursed Key"}],"items_purged_floors":[7,31,45,53],"is_endless":false,"potions_floor_spawned":[4,5,11,14,16,22,23,24,30,39,41,42],"ascension_level":0}}