{"host":"v67gr4iepfhi0qby","time":1611304805,"event":{"mods":["BaseMod","Downfall","Minty Spire (QoL Compilation)","StSLib"],"gold_per_floor":[99,110,128,141,241,241,241,18,30,47,32,32,32,17,36,36,36,36],"floor_reached":16,"language":"ENG","playtime":975,"items_purged":[],"score":92,"play_id":"34607429-5da2-41bc-a13f-62f3a75b07ad","local_time":"20210122014005","is_ascension_mode":false,"campfire_choices":[{"data":"bronze:Goto","floor":1,"key":"SMITH"},{"floor":13,"key":"REST"}],"circlet_count":0,"master_deck":["bronze:Strike","bronze:Strike","bronze:Strike","bronze:Defend","bronze:Defend","bronze:Defend","bronze:Replicate","bronze:Goto+1","bronze:Flail+1","bronze:OilSpill","bronze:DelayedSlice","bronze:GetLatest","bronze:Overheat","bronze:WhirlingStrike","bronze:Break","bronze:BurnOut","bronze:CloningBeam","bronze:Optimize","bronze:Assembly"],"relics":["bronze:BronzeCore","Sundial"],"acts_visited":["Exordium"],"potions_floor_usage":[16,16,16],"damage_taken":[{"damage":2,"enemies":"2 Louse","floor":2,"turns":3},{"damage":0,"enemies":"Small Slimes","floor":3,"turns":1},{"damage":0,"enemies":"Jaw Worm","floor":4,"turns":1},{"damage":17,"enemies":"downfall:Heads","floor":5,"turns":3},{"damage":2,"enemies":"downfall:FleeingMerchant","floor":8,"turns":4},{"damage":1,"enemies":"2 Fungi Beasts","floor":9,"turns":2},{"damage":0,"enemies":"Lots of Slimes","floor":10,"turns":1},{"damage":15,"enemies":"downfall:FleeingMerchant","floor":11,"turns":4},{"damage":20,"enemies":"downfall:FleeingMerchant","floor":14,"turns":4},{"damage":17,"enemies":"Large Slime","floor":15,"turns":3},{"damage":30,"enemies":"WA_ARCHETYPE_RETAIN","floor":16,"turns":4}],"seed_played":"5923672957071374425","potions_obtained":[{"floor":3,"key":"Energy Potion"},{"floor":9,"key":"FearPotion"},{"floor":10,"key":"SpeedPotion"}],"is_trial":false,"path_per_floor":["R","M","M","M","?","?","T","$","M","M","$","?","R","$","M","B"],"character_chosen":"THE_AUTOMATON","items_purchased":["bronze:Break","bronze:BurnOut"],"campfire_rested":1,"item_purchase_floors":[8,8],"current_hp_per_floor":[77,75,75,75,58,58,58,56,55,55,40,40,63,43,26,0,0,0],"gold":36,"neow_bonus":"TEN_PERCENT_HP_BONUS","is_daily":false,"chose_seed":false,"campfire_upgraded":1,"win_rate":0.0,"timestamp":1611304805,"path_taken":["R","M","M","M","?","?","T","$","M","M","?","?","R","$","M","BOSS"],"items_purchased_type":["Card","Card"],"build_version":"2020-12-22","purchased_purges":0,"victory":false,"max_hp_per_floor":[77,77,77,77,77,77,77,77,77,77,77,77,77,77,77,77,77,77],"card_choices":[{"not_picked":["bronze:BuggyMess","bronze:OilSpill"],"picked":"bronze:Flail","floor":2},{"not_picked":["bronze:DelayedGuard","bronze:Branch"],"picked":"bronze:OilSpill","floor":3},{"not_picked":["bronze:ForceShield","bronze:BugBarrage"],"picked":"bronze:DelayedSlice","floor":4},{"not_picked":["bronze:Turbo","bronze:BugBarrage"],"picked":"bronze:Overheat","floor":5},{"not_picked":["bronze:Turbo","bronze:DelayedSlice"],"picked":"bronze:WhirlingStrike","floor":8},{"not_picked":["bronze:Branch","bronze:Overload"],"picked":"bronze:CloningBeam","floor":9},{"not_picked":["bronze:ShipIt","bronze:CloningBeam","bronze:Safeguard"],"picked":"SKIP","floor":10},{"not_picked":["bronze:Overheat","bronze:BuggyMess"],"picked":"bronze:Optimize","floor":11},{"not_picked":["bronze:NullPointer","bronze:BugBarrage"],"picked":"bronze:Assembly","floor":14},{"not_picked":["bronze:BitShift","bronze:Iterate","bronze:Invalidate"],"picked":"SKIP","floor":15}],"player_experience":12519,"relics_obtained":[{"floor":7,"key":"Sundial"}],"event_choices":[{"damage_healed":0,"gold_gain":0,"player_choice":"Ignored","damage_taken":0,"max_hp_gain":0,"max_hp_loss":0,"event_name":"NoteForYourself","floor":12,"gold_loss":0}],"is_beta":false,"boss_relics":[],"items_purged_floors":[],"is_endless":false,"potions_floor_spawned":[3,9,10,15],"killed_by":"WA_ARCHETYPE_RETAIN","ascension_level":0}}