{"host":"fmb9x04chdot191d","time":1611274922,"event":{"mods":["2.2 Compatiblity","AchievementEnabler","BaseMod","BetterRewards","Downfall","Hermit","Highlight Path","Marisa（霧雨　魔理沙）","Minty Spire (QoL Compilation)","Quick Restart","Rare Cards Sparkle","StSLib","The Cursed","[IsaacMod]以撒尖塔"],"gold_per_floor":[118,137,137,151,169,169,202,202,228,240,51,79,96,96,96,195,245,257,257,277,277,202,212,246,246,246,279,194,213,240,258,258,357,357,375,275,295,344,355,381,393,405,405],"floor_reached":42,"language":"ENG","playtime":3167,"items_purged":["Defend_R","Strike_R"],"score":598,"play_id":"4ddab789-27f0-4dc9-9ec4-3e53f5dad239","local_time":"20210122132202","is_ascension_mode":false,"campfire_choices":[{"data":"BloodyBrimstone","floor":6.0,"key":"SMITH"},{"data":"Inflame","floor":8.0,"key":"SMITH"},{"data":"Heavy Blade","floor":15.0,"key":"SMITH"},{"data":"Limit Break","floor":32,"key":"SMITH"},{"data":"Inflame","floor":41,"key":"SMITH"}],"circlet_count":0,"master_deck":["Strike_R","Strike_R","Strike_R","Defend_R+1","Defend_R","Defend_R","Bash","BloodyBrimstone+1","Spot Weakness","Body Slam","Inflame+1","Whirlwind","Heavy Blade+1","Master of Strategy","Limit Break+1","Infernal Blade","Double Tap","Heavy Blade","Flex","Flex","Shrug It Off+1","Flame Barrier","Battle Trance","Flame Barrier+1","Flex","Inflame+1","Fiend Fire","Ghostly Armor+1","Inflame"],"relics":["HushsDoor","D4","Burning Blood","GuppysTail","Pocketwatch","Toy Ornithopter","Nunchaku","Centennial Puzzle","bronze:MakeshiftBattery","JudasShadow","Mummified Hand","Blood Vial","Meat on the Bone","SlaversCollar","CatCart","MawBank"],"acts_visited":["Exordium","TheCity","TheBeyond"],"potions_floor_usage":[27,33],"damage_taken":[{"damage":0.0,"enemies":"Cultist","floor":1.0,"turns":2.0},{"damage":1.0,"enemies":"Small Slimes","floor":2.0,"turns":4.0},{"damage":2.0,"enemies":"Jaw Worm","floor":4.0,"turns":2.0},{"damage":9.0,"enemies":"Gremlin Gang","floor":5.0,"turns":3.0},{"damage":10.0,"enemies":"Lagavulin","floor":7.0,"turns":5.0},{"damage":0.0,"enemies":"Exordium Wildlife","floor":10.0,"turns":1.0},{"damage":5.0,"enemies":"3 Sentries","floor":12.0,"turns":4.0},{"damage":0.0,"enemies":"3 Louse","floor":13.0,"turns":1.0},{"damage":25.0,"enemies":"The Guardian","floor":16.0,"turns":8.0},{"damage":10.0,"enemies":"Spheric Guardian","floor":18.0,"turns":4.0},{"damage":0.0,"enemies":"Chosen","floor":20.0,"turns":4.0},{"damage":9,"enemies":"Centurion and Healer","floor":23,"turns":5},{"damage":5,"enemies":"Slavers","floor":24,"turns":2},{"damage":40,"enemies":"Gremlin Leader","floor":27,"turns":4},{"damage":10,"enemies":"Cultist and Chosen","floor":29,"turns":2},{"damage":28,"enemies":"Slavers","floor":30,"turns":4},{"damage":0,"enemies":"Snake Plant","floor":31,"turns":1},{"damage":0,"enemies":"Collector","floor":33,"turns":2},{"damage":0,"enemies":"3 Darklings","floor":35,"turns":1},{"damage":0,"enemies":"3 Shapes","floor":37,"turns":2},{"damage":0,"enemies":"Orin","floor":38,"turns":5},{"damage":0,"enemies":"Transient","floor":39,"turns":4},{"damage":0,"enemies":"Giant Head","floor":40,"turns":2},{"damage":7,"enemies":"Nemesis","floor":42,"turns":1}],"seed_played":"1579339594893130255","potions_obtained":[{"floor":2.0,"key":"bronze:BurnAndBuffPotion"},{"floor":5.0,"key":"Guardian:BlockOnCardUsePotion"},{"floor":7.0,"key":"FearPotion"},{"floor":16.0,"key":"Strength Potion"},{"floor":18.0,"key":"BloodPotion"},{"floor":29,"key":"bronze:BurnAndBuffPotion"},{"floor":31,"key":"EntropicBrew"},{"floor":33,"key":"Fire Potion"}],"is_trial":false,"path_per_floor":["M","M","?","M","M","R","E","R","T","M","$","E","M","?","R","B",null,"M","?","M","?","$","M","E","?","T","E","?","M","E","M","R","B",null,"M","$","M","?","M","E","R","E"],"character_chosen":"IRONCLAD","items_purchased":["Master of Strategy"],"campfire_rested":0,"item_purchase_floors":[11],"current_hp_per_floor":[62,67,67,71,68,68,64,64,64,68,68,68,68,68,68,49,73,69,69,73,73,73,70,70,57,57,28,28,26,1,1,1,1,1,1,1,1,1,1,1,1,0,0],"gold":405,"neow_bonus":"ONE_RARE_RELIC","is_daily":false,"chose_seed":false,"campfire_upgraded":5,"win_rate":0.0,"timestamp":1611274922,"path_taken":["M","?","?","M","M","R","E","R","T","M","?","E","?","?","R","BOSS","M","?","M","?","$","M","E","?","T","E","?","?","E","M","R","BOSS","M","$","M","?","M","E","R","E"],"items_purchased_type":["Card"],"build_version":"2020-12-22","purchased_purges":2,"victory":false,"max_hp_per_floor":[77,77,77,74,71,71,68,68,68,68,68,68,68,68,68,68,73,73,73,73,73,73,73,70,75,75,75,75,75,1,1,1,1,1,1,1,1,1,1,1,1,1,1],"card_choices":[{"not_picked":[],"picked":"BloodyBrimstone","floor":0.0},{"not_picked":["True Grit","Rupture"],"picked":"Spot Weakness","floor":1.0},{"not_picked":["Twin Strike","Combust"],"picked":"Body Slam","floor":2.0},{"not_picked":["Reckless Charge","Anger"],"picked":"Inflame","floor":4.0},{"not_picked":["Iron Wave","Perfected Strike"],"picked":"Bomb","floor":5.0},{"not_picked":["Headbutt","Shrug It Off"],"picked":"Whirlwind","floor":7.0},{"not_picked":["Pommel Strike","Thunderclap"],"picked":"Heavy Blade","floor":10.0},{"not_picked":["Battle Trance","Rupture"],"picked":"Limit Break","floor":12.0},{"not_picked":["Body Slam","Perfected Strike"],"picked":"Infernal Blade","floor":13.0},{"not_picked":["Fiend Fire","Offering"],"picked":"Double Tap","floor":16.0},{"not_picked":["Pummel+1","Power Through"],"picked":"Heavy Blade","floor":18.0},{"not_picked":["Anger","Uppercut"],"picked":"Flex","floor":20.0},{"not_picked":["Headbutt","Armaments+1"],"picked":"Shrug It Off+1","floor":23},{"not_picked":["Clothesline+1","Corruption"],"picked":"Flame Barrier","floor":24},{"not_picked":["Body Slam+1","Offering"],"picked":"Battle Trance","floor":27},{"not_picked":["Shockwave","Body Slam"],"picked":"Flame Barrier+1","floor":29},{"not_picked":["Entrench","Pummel+1"],"picked":"Flex","floor":30},{"not_picked":["Metallicize","Clash+1"],"picked":"Inflame","floor":31},{"not_picked":["Feed","Barricade"],"picked":"Fiend Fire","floor":33},{"not_picked":["Clothesline","Intimidate"],"picked":"Ghostly Armor+1","floor":35},{"not_picked":["Metallicize","Thunderclap","Sword Boomerang+1"],"picked":"SKIP","floor":37},{"not_picked":["True Grit+1","Headbutt+1"],"picked":"Inflame","floor":39},{"not_picked":["Warcry+1","Twin Strike+1","Searing Blow"],"picked":"SKIP","floor":40}],"player_experience":19033,"relics_obtained":[{"floor":7.0,"key":"Ancient Tea Set"},{"floor":9.0,"key":"BelialBook"},{"floor":12.0,"key":"Orichalcum"},{"floor":24,"key":"Anchor"},{"floor":26,"key":"D4"},{"floor":27,"key":"Mummified Hand"},{"floor":30,"key":"Meat on the Bone"},{"floor":38,"key":"CatCart"},{"floor":40,"key":"MawBank"}],"event_choices":[{"damage_healed":0.0,"max_hp_gain":0.0,"max_hp_loss":0.0,"gold_gain":0.0,"event_name":"Liars Game","player_choice":"Ignored","floor":3.0,"gold_loss":0.0,"damage_taken":0.0},{"damage_healed":0.0,"max_hp_gain":0.0,"max_hp_loss":0.0,"gold_gain":0.0,"event_name":"Shining Light","player_choice":"Ignored","floor":14.0,"gold_loss":0.0,"damage_taken":0.0},{"damage_healed":0.0,"max_hp_gain":0.0,"max_hp_loss":0.0,"gold_gain":0.0,"event_name":"The Library","player_choice":"Read","floor":19.0,"gold_loss":0.0,"damage_taken":0.0,"cards_obtained":["Flex"]},{"cards_removed":["Strike_R"],"damage_healed":0.0,"max_hp_gain":0.0,"max_hp_loss":0.0,"gold_gain":0.0,"event_name":"Back to Basics","player_choice":"Elegance","floor":21.0,"gold_loss":0.0,"damage_taken":0.0},{"damage_healed":0,"gold_gain":0,"player_choice":"Shed Blood","damage_taken":18,"max_hp_gain":5,"max_hp_loss":0,"event_name":"Forgotten Altar","floor":25,"gold_loss":0},{"damage_healed":0,"gold_gain":0,"player_choice":"Obtained Relic","damage_taken":0,"relics_obtained":["Blood Vial"],"max_hp_gain":0,"max_hp_loss":0,"event_name":"Addict","floor":28,"gold_loss":85},{"damage_healed":0,"gold_gain":0,"player_choice":"Fight","damage_taken":0,"max_hp_gain":0,"max_hp_loss":0,"event_name":"OrinTheCat","floor":38,"gold_loss":0}],"is_beta":false,"boss_relics":[{"not_picked":["Runic Pyramid","Sozu"],"picked":"Tiny House"},{"not_picked":[]},{"not_picked":["SacredBark","Mark of Pain"],"picked":"SlaversCollar"},{"not_picked":[]}],"items_purged_floors":[22,36],"is_endless":false,"potions_floor_spawned":[2,5,7,16,18,20,29,30,31,33,37],"killed_by":"Nemesis","ascension_level":0}}