{"host":"kq2g769nefmuyn7c","time":1611323276,"event":{"mods":["ATMod(°¢èªMod)","Act Like it!","BaseMod","Gensokyo","Koishi","Minty Spire (QoL Compilation)","Remilia£¨ÀÙÃ×ÀòÑÇ£©","Replay The Spire","StSLib","The Servant 0.9.4"],"gold_per_floor":[114,114,129,154,8,8,39,55,55,55,55,88,88,101,101,180,180,197,216,216,231,111,145,145,180,229,479,664,664,676,176,176,247,247,263,795,795,824,339,418,446,530,576,689,608,617,635,656,677,749,761,782,521,573,761],"floor_reached":56,"language":"ZHS","playtime":3882,"items_purged":["Strike_RM","Doubt"],"score":2685,"play_id":"d5a83523-816b-42ed-9268-91254411fd0c","local_time":"20210122214756","is_ascension_mode":true,"campfire_choices":[{"data":"ScarletDream","floor":6.0,"key":"SMITH"},{"data":"AT_FamilyPortrait","floor":10.0,"key":"SMITH"},{"data":"GlobalNightmare","floor":13.0,"key":"SMITH"},{"data":"RedMoon","floor":15.0,"key":"SMITH"},{"data":"ScarletDevilSign","floor":24,"key":"SMITH"},{"data":"ScarletShoot","floor":32,"key":"SMITH"},{"floor":49,"key":"RECALL"},{"data":"1","floor":52,"key":"LIFT"}],"circlet_count":0,"master_deck":["AscendersBane","Defend_RM+1","Defend_RM+1","Defend_RM+1","RedMoon+1","ScarletShoot+1","AT_FamilyPortrait+1","ScarletDream+1","ScarletCoffin+1","ScarletDevilSign+1","GlobalNightmare+1","VampireFantasy+1","TransientEternity+1","LeisurelyOfLord+1","MiserableFate+1","BloodySeventeenLaser+1","ScarletNetherworld+1","BloodAndWine+1","EternalNight+1","BloodyHallows+1","MillenniumVampire+1","Gensokyo:ShootingStar+1","KillingBlow+1","BloodyCatastrophe+1","ScarletSymphony+1","DiffusionOfMisfortune+1","AfternoonTea+1","Gensokyo:CustomPotion","Amnesia","Gensokyo:GreaterSplit","VampireFantasy","BloodySeventeenLaser+1"],"relics":["ScarletHat","AT_ATBox","Gambling Chip","AT_ChloranthyRing","Medical Kit","Golden Egg","Potion Belt","TungstenRod","Coffee Dripper","Prayer Wheel","Pen Nib","Gensokyo:DemonMask","Iron Hammer","Divine Protection","Nunchaku","War Paint","Gensokyo:RedStar","Guide Book","Strange Spoon","AT_TrinityForce","ReplayFunnel","Replay:Bandana","Ice Cream","Girya","Replay:PocketPolymizer","CeramicFish","Bag of Preparation","Ornamental Fan","Whetstone","Turnip","Ring of Misfortune","Ring of Searing","MawBank","Replay:Accelerometer","Replay:Baseball","Happy Flower"],"acts_visited":["Gensokyo:Gensokyo","Gensokyo:Gensokyoer","Gensokyo:Gensokyoest","TheEnding"],"potions_floor_usage":[55,55,55,55],"damage_taken":[{"damage":2.0,"enemies":"Gensokyo:3_Fairies","floor":1.0,"turns":6.0},{"damage":2.0,"enemies":"Gensokyo:2_Kodama","floor":3.0,"turns":7.0},{"damage":5.0,"enemies":"Gensokyo:Cirno","floor":7.0,"turns":6.0},{"damage":0.0,"enemies":"Gensokyo:Python","floor":8.0,"turns":3.0},{"damage":43.0,"enemies":"Gensokyo:Mamizou","floor":12.0,"turns":1.0},{"damage":0.0,"enemies":"Gensokyo:Gryphon_and_Rabbit","floor":14.0,"turns":2.0},{"damage":0.0,"enemies":"Gensokyo:Yukari","floor":16.0,"turns":8.0},{"damage":0.0,"enemies":"Gensokyo:AngelMirror","floor":18.0,"turns":3.0},{"damage":0.0,"enemies":"Gensokyo:Chomper","floor":19.0,"turns":6.0},{"damage":6.0,"enemies":"Gensokyo:3_Gloops","floor":21.0,"turns":6.0},{"damage":21,"enemies":"Gensokyo:Reisen","floor":23,"turns":8},{"damage":15,"enemies":"Gensokyo:Tenshi","floor":25,"turns":4},{"damage":7,"enemies":"Gensokyo:Mirror_and_Dog","floor":30,"turns":7},{"damage":31,"enemies":"Gensokyo:Eternal_Rivals","floor":33,"turns":8},{"damage":3,"enemies":"Gensokyo:AncientGuardian","floor":35,"turns":4},{"damage":0,"enemies":"Gensokyo:3_Boulders","floor":36,"turns":7},{"damage":0,"enemies":"Gensokyo:Sharpion","floor":38,"turns":4},{"damage":3,"enemies":"Gensokyo:Marisa","floor":40,"turns":4},{"damage":0,"enemies":"Gensokyo:SeedOfUnknown","floor":41,"turns":2},{"damage":3,"enemies":"Gensokyo:Kasen","floor":42,"turns":1},{"damage":15,"enemies":"Gensokyo:Doremy","floor":44,"turns":6},{"damage":1,"enemies":"Gensokyo:3_Boulders","floor":48,"turns":4},{"damage":10,"enemies":"Gensokyo:Shinki","floor":50,"turns":5},{"damage":39,"enemies":"Shield and Spear","floor":54,"turns":2},{"damage":6,"enemies":"The Heart","floor":55,"turns":4}],"seed_played":"-5925991970360601502","potions_obtained":[{"floor":3.0,"key":"Weak Potion"},{"floor":12.0,"key":"FearPotion"},{"floor":14.0,"key":"AttackPotion"},{"floor":16.0,"key":"DuplicationPotion"},{"floor":19.0,"key":"Milkshake"},{"floor":21,"key":"LifebloodPotion"},{"floor":23,"key":"Strength Potion"},{"floor":36,"key":"DestinyDice"},{"floor":40,"key":"Elixir"}],"is_trial":false,"path_per_floor":["M","?","M","T","COS","R","E","M","T","R","?","E","R","M","R","B",null,"M","M","?","M","?","E","R","E","T","?","?","?","M","COS","R","B",null,"M","M","?","M","$","E","M","E","T","E","?","?","?","M","R","B",null,"R","$","E","B",null],"character_chosen":"REMILIA","items_purchased":["AfternoonTea","Replay:PocketPolymizer","Replay:Baseball"],"campfire_rested":0,"item_purchase_floors":[39,39,53],"current_hp_per_floor":[63,63,67,67,67,67,66,67,67,67,74,31,31,32,32,46,69,69,76,76,71,71,67,67,64,64,64,37,37,33,33,33,57,68,71,71,37,49,49,62,71,71,71,66,66,66,66,65,65,71,71,71,71,42,68],"gold":761,"neow_bonus":"ONE_RARE_RELIC","is_daily":false,"chose_seed":false,"campfire_upgraded":6,"win_rate":0.0,"timestamp":1611323276,"path_taken":["M","?","M","?","COS","R","E","M","T","R","?","E","R","M","R","BOSS","M","M","?","M","?","E","R","E","T","?","?","?","?","COS","R","BOSS","M","M","?","M","$","E","M","E","T","E","?","?","?","M","R","BOSS","R","$","E","BOSS"],"items_purchased_type":["Card","Relic","Relic"],"build_version":"2020-12-22","purchased_purges":2,"victory":true,"max_hp_per_floor":[70,70,70,70,70,70,70,70,70,70,77,77,77,77,77,77,77,77,77,77,77,77,77,77,77,77,71,71,71,71,71,71,71,71,71,71,71,71,71,71,71,71,71,71,71,71,71,71,71,71,71,71,71,71,71],"card_choices":[{"not_picked":["BlasphemousPunishment","ScarletDevil","BloodyTrap"],"picked":"SKIP","floor":1.0},{"not_picked":["RedRainbow","BlasphemousPunishment"],"picked":"ScarletDream","floor":3.0},{"not_picked":["RedRainbow","ScarletNetherworld"],"picked":"ScarletCoffin","floor":7.0},{"not_picked":["EndlessAdversity","UnstableMagic"],"picked":"ScarletDevilSign","floor":8.0},{"not_picked":["RedRainbow","StarOfDavid"],"picked":"GlobalNightmare","floor":12.0},{"not_picked":["DiffusionOfMisfortune","ScarletDevil"],"picked":"VampireFantasy","floor":14.0},{"not_picked":["ScarletCoffin","BloodRain"],"picked":"TransientEternity","floor":16.0},{"not_picked":["UnstableMagic","DiffusionOfMisfortune"],"picked":"LeisurelyOfLord+1","floor":18.0},{"not_picked":["TwelveNightmare","CharismaGuard"],"picked":"MiserableFate","floor":18.0},{"not_picked":["UnderTheZenith","HunterOfTheNight"],"picked":"BloodySeventeenLaser","floor":19.0},{"not_picked":["BlasphemousPunishment","VampireKiss","NightDance"],"picked":"SKIP","floor":19.0},{"not_picked":["BloodAndWine+1","EndlessAdversity+1"],"picked":"ScarletNetherworld+1","floor":21},{"not_picked":["BombardNight","DiffusionOfMisfortune"],"picked":"BloodAndWine","floor":21},{"not_picked":["ScarletDevil","UnderTheZenith"],"picked":"EternalNight+1","floor":23},{"not_picked":["MastersStateliness","UnderTheZenith+1"],"picked":"BloodyHallows","floor":25},{"not_picked":["VampirishNight","Septette"],"picked":"MillenniumVampire","floor":28},{"not_picked":["RedNightlessCastle","GlobalNightmare","EndlessAdversity+1"],"picked":"SKIP","floor":30},{"not_picked":["StarOfDavid","BlasphemousPunishment","BloodyTrap"],"picked":"SKIP","floor":30},{"not_picked":[],"picked":"Gensokyo:ShootingStar","floor":33},{"not_picked":["DemonKingCradle","ScarletCoffin"],"picked":"KillingBlow","floor":33},{"not_picked":["ScarletCoffin","CeilingFear"],"picked":"BloodyCatastrophe","floor":35},{"not_picked":["UnderTheZenith","CharismaGuard"],"picked":"ScarletSymphony","floor":35},{"not_picked":["BloodyMagicSquare","StarOfDavid","ScarletDream+1"],"picked":"SKIP","floor":35},{"not_picked":["AfternoonTea","VampireFantasy+1"],"picked":"DiffusionOfMisfortune+1","floor":36},{"not_picked":["ScarletSymphony","BloodyMagicSquare","UnderTheZenith+1"],"picked":"SKIP","floor":36},{"not_picked":["NightLord","UnderTheZenith","BlasphemousPunishment"],"picked":"SKIP","floor":38},{"not_picked":["Stigmanizer","VampireFantasy","UnderTheZenith"],"picked":"SKIP","floor":38},{"not_picked":["BombardNight","RedRainbow","BloodySeventeenLaser"],"picked":"SKIP","floor":40},{"not_picked":["UnstableMagic","DiffusionOfMisfortune","ScarletImprint"],"picked":"SKIP","floor":41},{"not_picked":["NightLord+1","FavorOfDestiny","CharismaGuard"],"picked":"SKIP","floor":41},{"not_picked":["BlasphemousPunishment","ScarletDevilSign+1","RedRainbow"],"picked":"SKIP","floor":42},{"not_picked":["VampireKiss","DemonKingCradle","ScarletImprint"],"picked":"SKIP","floor":44},{"not_picked":["ReincarnationDial","SuperhumanBloodyKnife","BloodyTrap+1"],"picked":"SKIP","floor":48},{"not_picked":["BlasphemousPunishment","MastersStateliness","ScarletDevil"],"picked":"SKIP","floor":48},{"not_picked":["VampireFantasy","ScarletImprint+1","FavorOfDestiny+1"],"picked":"SKIP","floor":54}],"player_experience":299674,"relics_obtained":[{"floor":4.0,"key":"AT_ChloranthyRing"},{"floor":7.0,"key":"Golden Egg"},{"floor":8.0,"key":"Potion Belt"},{"floor":12.0,"key":"Bronze Scales"},{"floor":14.0,"key":"TungstenRod"},{"floor":18.0,"key":"Pen Nib"},{"floor":23,"key":"Iron Hammer"},{"floor":23,"key":"Divine Protection"},{"floor":25,"key":"Nunchaku"},{"floor":26,"key":"War Paint"},{"floor":35,"key":"Replay:Bandana"},{"floor":40,"key":"CeramicFish"},{"floor":40,"key":"Bag of Preparation"},{"floor":42,"key":"Ornamental Fan"},{"floor":43,"key":"Whetstone"},{"floor":44,"key":"Turnip"},{"floor":46,"key":"Ring of Misfortune"},{"floor":46,"key":"Ring of Searing"},{"floor":48,"key":"MawBank"},{"floor":48,"key":"Replay:Accelerometer"},{"floor":54,"key":"Happy Flower"}],"event_choices":[],"is_beta":false,"boss_relics":[{"not_picked":["Sozu","Busted Crown"],"picked":"Coffee Dripper"},{"not_picked":["SacredBark","ChewingGum"],"picked":"AT_TrinityForce"}],"items_purged_floors":[39,53],"is_endless":false,"potions_floor_spawned":[3,12,14,16,19,30,33,36,38,41,42],"ascension_level":17}}