{"host":"o9oojikv0j1jifqm","time":1611324633,"event":{"mods":["BaseMod","Colored Powertips","Minty Spire (QoL Compilation)","Quick Restart","Replay The Spire","Say the Spire","Shop Mod","Spicy Shops","StSLib","UnlockEverythingMod","WarShipGirlsR/战舰少女R mod","【遗物卡牌】REMEMod"],"gold_per_floor":[117,132,146,161,86,86,86,86,86],"floor_reached":8,"language":"ZHS","playtime":421,"items_purged":["rmod:ridicule"],"score":48,"play_id":"ea0c4915-b917-421f-adab-d6dd737203b1","local_time":"20210122221033","is_ascension_mode":false,"campfire_choices":[{"data":"rmod:expedition","floor":6,"key":"SMITH"}],"circlet_count":0,"master_deck":["rmod:strick","rmod:strick","rmod:strick","rmod:strick","rmod:defend","rmod:defend","rmod:defend","rmod:defend","rmod:basicallowance","rmod:maingunfire","rmod:expedition+1","rmod:robin","rmod:aviationdawn","rmod:diaomin","rmod:strick"],"relics":["REME_ComplimentaryCards","Ring of Chaos"],"acts_visited":["Exordium"],"potions_floor_usage":[],"damage_taken":[{"damage":2,"enemies":"Cultist","floor":1,"turns":4},{"damage":5,"enemies":"Small Slimes","floor":2,"turns":5},{"damage":7,"enemies":"Jaw Worm","floor":3,"turns":4},{"damage":8,"enemies":"Blue Slaver","floor":4,"turns":4},{"damage":53,"enemies":"Lagavulin","floor":8,"turns":6}],"seed_played":"-1754112796096464927","potions_obtained":[{"floor":3,"key":"SpeedPotion"}],"is_trial":false,"path_per_floor":["M","M","M","M","$","R","?","E"],"character_chosen":"PRAEFECT","items_purchased":[],"campfire_rested":0,"item_purchase_floors":[],"current_hp_per_floor":[73,68,61,53,53,53,53,0,0],"gold":86,"neow_bonus":"BOSS_RELIC","is_daily":false,"chose_seed":false,"campfire_upgraded":1,"win_rate":0.0,"timestamp":1611324633,"path_taken":["M","?","M","M","$","R","?","E"],"items_purchased_type":[],"build_version":"2020-12-22","purchased_purges":1,"victory":false,"max_hp_per_floor":[75,75,75,75,75,75,75,75,75],"card_choices":[{"not_picked":["rmod:aluminumsupply","rmod:fletcherpendant"],"picked":"rmod:expedition","floor":1},{"not_picked":["rmod:victimresponsibility","rmod:fuelsupply"],"picked":"rmod:robin","floor":2},{"not_picked":["rmod:intelligenceanalysis","rmod:fuelsupply"],"picked":"rmod:aviationdawn","floor":3},{"not_picked":["rmod:intelligenceanalysis","rmod:expedition"],"picked":"rmod:diaomin","floor":4}],"player_experience":57925,"relics_obtained":[],"event_choices":[],"is_beta":false,"boss_relics":[],"items_purged_floors":[5],"is_endless":false,"potions_floor_spawned":[3],"killed_by":"Lagavulin","ascension_level":0}}