{"host":"ssahdsoo349p0ms1","time":1611345368,"event":{"mods":["AchievementEnabler","BaseMod","Colored Powertips","Filter the Spire","Minty Spire (QoL Compilation)","StSLib"],"gold_per_floor":[109,123,134,134,151,178,178,21,45,45,58,76,91,91,91,220,220,236,236,84,98,123,123,123,123],"floor_reached":24,"language":"ENG","playtime":1137,"items_purged":["Aggregate+1"],"score":200,"play_id":"11159d79-9f65-496c-97a3-0d6396effc2a","local_time":"20210122135608","is_ascension_mode":false,"campfire_choices":[{"data":"Zap","floor":7.0,"key":"SMITH"},{"data":"Genetic Algorithm","floor":10.0,"key":"SMITH"},{"data":"Recycle","floor":15.0,"key":"SMITH"},{"floor":23,"key":"REST"}],"circlet_count":0,"master_deck":["Zap+1","Dualcast","Meteor Strike","BootSequence","Loop","Leap","Consume","Genetic Algorithm+1","Reinforced Body","Sweeping Beam","Capacitor","FTL","Conserve Battery","Turbo","Defragment","Recycle+1","Undo+1"],"relics":["Pandora\u0027s Box","MealTicket","Bag of Preparation","Golden Idol","Philosopher\u0027s Stone"],"acts_visited":["Exordium","TheCity"],"potions_floor_usage":[24],"damage_taken":[{"damage":4.0,"enemies":"Small Slimes","floor":1.0,"turns":5.0},{"damage":0.0,"enemies":"2 Louse","floor":2.0,"turns":3.0},{"damage":1.0,"enemies":"Jaw Worm","floor":3.0,"turns":5.0},{"damage":9.0,"enemies":"3 Louse","floor":5.0,"turns":5.0},{"damage":26.0,"enemies":"Gremlin Nob","floor":6.0,"turns":4.0},{"damage":3.0,"enemies":"Looter","floor":11.0,"turns":3.0},{"damage":0.0,"enemies":"Exordium Thugs","floor":12.0,"turns":4.0},{"damage":0.0,"enemies":"2 Fungi Beasts","floor":13.0,"turns":4.0},{"damage":28.0,"enemies":"Hexaghost","floor":16.0,"turns":10.0},{"damage":9.0,"enemies":"Spheric Guardian","floor":18.0,"turns":6.0},{"damage":37,"enemies":"3 Byrds","floor":21,"turns":5},{"damage":30,"enemies":"Centurion and Healer","floor":22,"turns":8},{"damage":32,"enemies":"Book of Stabbing","floor":24,"turns":5}],"seed_played":"-6977672875768000512","potions_obtained":[{"floor":1.0,"key":"AttackPotion"},{"floor":5.0,"key":"Weak Potion"},{"floor":6.0,"key":"AttackPotion"},{"floor":11.0,"key":"CultistPotion"}],"is_trial":false,"path_per_floor":["M","M","M","?","M","E","R","$","T","R","M","M","M","?","R","B",null,"M","?","$","M","M","R","E"],"character_chosen":"DEFECT","items_purchased":["Bag of Preparation","DuplicationPotion"],"campfire_rested":1,"item_purchase_floors":[8,20],"current_hp_per_floor":[71,71,70,70,61,35,35,50,50,50,47,47,47,29,29,1,75,66,66,75,38,8,30,0,0],"gold":123,"neow_bonus":"BOSS_RELIC","is_daily":false,"chose_seed":false,"campfire_upgraded":3,"win_rate":0.0,"timestamp":1611345368,"path_taken":["M","M","M","?","M","E","R","$","T","R","M","M","M","?","R","BOSS","M","?","$","M","M","R","E"],"items_purchased_type":["Relic","Potion"],"build_version":"2020-12-22","purchased_purges":1,"victory":false,"max_hp_per_floor":[75,75,75,75,75,75,75,75,75,75,75,75,75,75,75,75,75,75,75,75,75,75,75,75,75],"card_choices":[{"not_picked":["BootSequence","Gash"],"picked":"Sweeping Beam","floor":1.0},{"not_picked":["Compile Driver","Steam"],"picked":"Capacitor","floor":2.0},{"not_picked":["Compile Driver","Streamline","Blizzard"],"picked":"SKIP","floor":3.0},{"not_picked":["Rip and Tear","Stack"],"picked":"FTL","floor":5.0},{"not_picked":["Gash","Rebound"],"picked":"Conserve Battery","floor":6.0},{"not_picked":["Coolheaded","Tempest"],"picked":"Turbo","floor":11.0},{"not_picked":["Aggregate","Turbo"],"picked":"Defragment","floor":12.0},{"not_picked":["Defragment","Turbo"],"picked":"Recycle","floor":13.0},{"not_picked":["Heatsinks","Ball Lightning","Scrape"],"picked":"SKIP","floor":18.0},{"not_picked":["Chaos","Scrape","Compile Driver"],"picked":"SKIP","floor":21},{"not_picked":["Barrage","Defragment"],"picked":"Undo+1","floor":22}],"player_experience":597007,"relics_obtained":[{"floor":6.0,"key":"MealTicket"}],"event_choices":[{"damage_healed":0.0,"max_hp_gain":0.0,"max_hp_loss":0.0,"gold_gain":0.0,"event_name":"Living Wall","player_choice":"Grow","floor":4.0,"gold_loss":0.0,"damage_taken":0.0,"cards_upgraded":["Aggregate"]},{"damage_healed":0.0,"max_hp_gain":0.0,"max_hp_loss":0.0,"gold_gain":0.0,"event_name":"Golden Idol","player_choice":"Take Damage","floor":14.0,"gold_loss":0.0,"damage_taken":18.0,"relics_obtained":["Golden Idol"]},{"damage_healed":0.0,"max_hp_gain":0.0,"max_hp_loss":0.0,"gold_gain":0.0,"event_name":"Vampires","player_choice":"Ignored","floor":19.0,"gold_loss":0.0,"damage_taken":0.0}],"is_beta":false,"boss_relics":[{"not_picked":["Black Star","Runic Dome"],"picked":"Philosopher\u0027s Stone"}],"items_purged_floors":[20],"is_endless":false,"potions_floor_spawned":[1,5,6,11],"killed_by":"Book of Stabbing","ascension_level":0}}