{"host":"2brg86hfzr3u5cix","time":1611340453,"event":{"mods":["AchievementEnabler","Ascension Unlocker","BaseMod","CapriCore","DeckTracker","Highlight Path","Keyboard Shortcuts","Minty Spire (QoL Compilation)","Permanent Neow","Relic Stats","StSLib","Twitch Utils","Uncapped","UnlockEverythingMod"],"gold_per_floor":[110,110,130,41,41,41,51,78,78,78,78],"floor_reached":10,"language":"KOR","playtime":197,"items_purged":[],"score":132,"play_id":"79ae6e2a-b11a-4866-ab28-5f744288de8a","local_time":"20210123033413","is_ascension_mode":true,"campfire_choices":[{"data":"Fire Breathing","floor":6.0,"key":"SMITH"}],"circlet_count":0,"master_deck":["AscendersBane","Strike_R","Strike_R","Strike_R","Defend_R","Defend_R","Defend_R","Defend_R","Bash","Flex","Pommel Strike","Fire Breathing+1","Heavy Blade","Limit Break","Spot Weakness"],"relics":["Burning Blood","NeowsBlessing","InkBottle"],"acts_visited":["Exordium"],"potions_floor_usage":[],"damage_taken":[{"damage":0.0,"enemies":"2 Louse","floor":1.0,"turns":1.0},{"damage":0.0,"enemies":"Cultist","floor":3.0,"turns":1.0},{"damage":0.0,"enemies":"Small Slimes","floor":7.0,"turns":1.0},{"damage":25.0,"enemies":"Lagavulin","floor":8.0,"turns":5.0},{"damage":66,"enemies":"Gremlin Nob","floor":10,"turns":5}],"seed_played":"778101956841444860","potions_obtained":[{"floor":3.0,"key":"BlessingOfTheForge"},{"floor":7.0,"key":"BlessingOfTheForge"}],"is_trial":false,"path_per_floor":["M","?","M","$","?","R","M","E","T","E"],"character_chosen":"IRONCLAD","items_purchased":["Fire Breathing"],"campfire_rested":0,"item_purchase_floors":[4],"current_hp_per_floor":[74,74,75,75,75,75,75,56,56,0,0],"gold":78,"neow_bonus":"THREE_ENEMY_KILL","is_daily":false,"chose_seed":false,"campfire_upgraded":1,"win_rate":0.0,"timestamp":1611340453,"path_taken":["M","?","M","$","?","R","?","E","T","E"],"items_purchased_type":["Card"],"build_version":"2020-12-22","purchased_purges":0,"victory":false,"max_hp_per_floor":[75,75,75,75,75,75,75,75,75,75,75],"relic_stats":{"counters":[5,13],"obtain_stats":[{"NeowsBlessing":0,"Burning Blood":0,"InkBottle":8},{"NeowsBlessing":0,"Burning Blood":0,"InkBottle":4},{"NeowsBlessing":0,"Burning Blood":0,"InkBottle":8}],"Burning Blood":13,"InkBottle":[1]},"card_choices":[{"not_picked":["Dual Wield","Sever Soul"],"picked":"Flex","floor":1.0},{"not_picked":["Thunderclap","Warcry"],"picked":"Pommel Strike","floor":3.0},{"not_picked":["Spot Weakness","Havoc"],"picked":"Limit Break","floor":7.0},{"not_picked":["Dark Embrace","Wild Strike"],"picked":"Spot Weakness","floor":8.0}],"player_experience":331029,"relics_obtained":[{"floor":8.0,"key":"InkBottle"}],"event_choices":[{"cards_removed":["Strike_R"],"damage_healed":0.0,"max_hp_gain":0.0,"max_hp_loss":0.0,"gold_gain":0.0,"event_name":"Living Wall","player_choice":"Forget","floor":2.0,"gold_loss":0.0,"damage_taken":0.0},{"damage_healed":0.0,"max_hp_gain":0.0,"max_hp_loss":0.0,"gold_gain":0.0,"cards_transformed":["Strike_R"],"event_name":"Transmorgrifier","player_choice":"Transformed","floor":5.0,"gold_loss":0.0,"damage_taken":0.0,"cards_obtained":["Heavy Blade"]}],"is_beta":false,"boss_relics":[],"items_purged_floors":[],"is_endless":false,"potions_floor_spawned":[3,7],"killed_by":"Gremlin Nob","ascension_level":20}}