{"host":"7f01flv6y0vhl3vt","time":1611335455,"event":{"mods":["Act Like it!","BaseMod","Downfall","Minty Spire (QoL Compilation)","StSLib"],"gold_per_floor":[99,113,113,125,125,143,143,156,209,226,254,254,266,283,301,301,301,301],"floor_reached":16,"language":"ENG","playtime":2552,"items_purged":[],"score":106,"play_id":"ccdd3887-e9ba-45e3-9ff9-b75278b0a2aa","local_time":"20210122121055","is_ascension_mode":false,"campfire_choices":[{"floor":1,"key":"RECALL"}],"circlet_count":0,"master_deck":["sneckomod:Strike","sneckomod:Strike","sneckomod:Strike","sneckomod:Defend","sneckomod:Defend","sneckomod:Defend","sneckomod:TailWhip","sneckomod:SnekBite","sneckomod:Unknown","sneckomod:Unknown","sneckomod:PureSnecko","sneckomod:UnknownExhaust","sneckomod:PureSnecko","sneckomod:DefensiveFlair","sneckomod:DiceBlock","sneckomod:SnekBeam","sneckomod:Unknown3Cost","Parasite","sneckomod:UnknownDexterity","sneckomod:UnknownUncommonAttack","sneckomod:Rotation"],"relics":["sneckomod:SneckoSoul","Strawberry","Vajra","Ornamental Fan"],"acts_visited":[],"potions_floor_usage":[11,11,11,14],"damage_taken":[{"damage":0,"enemies":"2 Louse","floor":2,"turns":3},{"damage":0,"enemies":"Cultist","floor":4,"turns":3},{"damage":1,"enemies":"Jaw Worm","floor":6,"turns":3},{"damage":15,"enemies":"Lots of Slimes","floor":8,"turns":7},{"damage":14,"enemies":"Red Slaver","floor":10,"turns":4},{"damage":38,"enemies":"3 Sentries","floor":11,"turns":12},{"damage":5,"enemies":"3 Louse","floor":13,"turns":3},{"damage":10,"enemies":"Large Slime","floor":14,"turns":6},{"damage":18,"enemies":"Blue Slaver","floor":15,"turns":7},{"damage":22,"enemies":"IC_STATUS_ARCHETYPE","floor":16,"turns":4}],"seed_played":"-220915673634548956","potions_obtained":[{"floor":0,"key":"PowerPotion"},{"floor":0,"key":"Block Potion"},{"floor":0,"key":"bronze:BurnAndBuffPotion"},{"floor":13,"key":"AttackPotion"}],"is_trial":false,"path_per_floor":["R","M","?","M","?","M","T","M","T","M","E","?","M","M","M","B"],"character_chosen":"THE_SNECKO","items_purchased":[],"campfire_rested":0,"item_purchase_floors":[],"current_hp_per_floor":[90,90,94,94,94,93,93,78,78,64,26,50,45,35,17,0,0,0],"gold":301,"neow_bonus":"THREE_SMALL_POTIONS","is_daily":false,"chose_seed":false,"campfire_upgraded":0,"win_rate":0.0,"timestamp":1611335455,"path_taken":["R","M","?","M","?","M","T","?","?","M","E","?","M","M","M","BOSS"],"items_purchased_type":[],"build_version":"2020-12-22","purchased_purges":0,"victory":false,"max_hp_per_floor":[90,90,97,97,97,97,97,97,97,97,97,97,97,97,97,97,97,97],"card_choices":[{"not_picked":["sneckomod:Unknown1Cost","sneckomod:UnknownCommonAttack"],"picked":"sneckomod:PureSnecko","floor":2},{"not_picked":["sneckomod:SoulRoll","sneckomod:Unknown2Cost"],"picked":"sneckomod:UnknownExhaust","floor":4},{"not_picked":["sneckomod:Unknown1Cost","sneckomod:RainOfDice"],"picked":"sneckomod:DefensiveFlair","floor":6},{"not_picked":["sneckomod:Nope","sneckomod:IronFang"],"picked":"sneckomod:DiceBlock","floor":8},{"not_picked":["sneckomod:UnknownStrength","sneckomod:UnknownVulnerable"],"picked":"sneckomod:SnekBeam","floor":10},{"not_picked":["sneckomod:IronFang","sneckomod:RainOfDice"],"picked":"sneckomod:Unknown3Cost","floor":11},{"not_picked":["sneckomod:UnknownVulnerable","sneckomod:DiceCrush"],"picked":"sneckomod:UnknownDexterity","floor":13},{"not_picked":["sneckomod:UnknownCommonSkill","sneckomod:WideSting"],"picked":"sneckomod:UnknownUncommonAttack","floor":14},{"not_picked":["sneckomod:Nope","sneckomod:RainOfDice"],"picked":"sneckomod:Rotation","floor":15}],"player_experience":1353168,"relics_obtained":[{"floor":9,"key":"Vajra"},{"floor":11,"key":"Ornamental Fan"}],"event_choices":[{"damage_healed":0,"gold_gain":0,"player_choice":"Success","damage_taken":3,"relics_obtained":["Strawberry"],"max_hp_gain":0,"max_hp_loss":0,"event_name":"Scrap Ooze","floor":3,"gold_loss":0},{"damage_healed":24,"gold_gain":0,"player_choice":"Healed and dodged fight","damage_taken":0,"max_hp_gain":0,"max_hp_loss":0,"event_name":"Mushrooms","floor":12,"gold_loss":0,"cards_obtained":["Parasite"]}],"is_beta":false,"boss_relics":[],"items_purged_floors":[],"is_endless":false,"potions_floor_spawned":[4,6,13],"killed_by":"IC_STATUS_ARCHETYPE","ascension_level":0}}