{"host":"msfr2axb1w9025n0","time":1611308035,"event":{"mods":["BaseMod","Colored Map","DeckTracker","Minty Spire (QoL Compilation)"],"gold_per_floor":[112,132,148,160,50,61,61,236,236,248,292,334,346,233,233,337,337,352,208,208,226,78,78,96,127,152,251,251,263,263,282,282,282,282],"floor_reached":33,"language":"ENG","playtime":1401,"items_purged":["Doubt"],"score":566,"play_id":"4a408c2a-5075-47fc-8d68-3dfc337c339b","local_time":"20210122163355","is_ascension_mode":true,"campfire_choices":[{"data":"White Noise","floor":7,"key":"SMITH"},{"data":"Loop","floor":10,"key":"SMITH"},{"data":"Loop","floor":15,"key":"SMITH"},{"data":"Electrodynamics","floor":23,"key":"SMITH"},{"data":"Capacitor","floor":32,"key":"SMITH"}],"circlet_count":0,"master_deck":["AscendersBane","Zap+1","Dualcast","Loop+1","Cold Snap","White Noise+1","Chill","Loop+1","Undo","Barrage","Conserve Battery","Electrodynamics+1","Steam","Melter","Aggregate","Glacier","Go for the Eyes","Skim","Hyperbeam","Tempest","Chaos+1","Turbo","Leap+1","Capacitor+1"],"relics":["Cracked Core","Bird Faced Urn","Centennial Puzzle","Pandora\u0027s Box","ClockworkSouvenir","Nloth\u0027s Gift","Membership Card","Eternal Feather","Blood Vial"],"acts_visited":["Exordium","TheCity"],"potions_floor_usage":[25,33,33],"damage_taken":[{"damage":0,"enemies":"2 Louse","floor":1,"turns":3},{"damage":0,"enemies":"Small Slimes","floor":2,"turns":3},{"damage":5,"enemies":"Jaw Worm","floor":3,"turns":4},{"damage":9,"enemies":"Red Slaver","floor":4,"turns":5},{"damage":8,"enemies":"3 Louse","floor":6,"turns":6},{"damage":4,"enemies":"Lagavulin","floor":11,"turns":9},{"damage":15,"enemies":"The Guardian","floor":16,"turns":13},{"damage":0,"enemies":"Spheric Guardian","floor":18,"turns":3},{"damage":31,"enemies":"Shell Parasite","floor":21,"turns":7},{"damage":12,"enemies":"Cultist and Chosen","floor":24,"turns":5},{"damage":32,"enemies":"Slavers","floor":25,"turns":3},{"damage":8,"enemies":"Shelled Parasite and Fungi","floor":29,"turns":5},{"damage":16,"enemies":"Sentry and Sphere","floor":31,"turns":6},{"damage":67,"enemies":"Champ","floor":33,"turns":15}],"seed_played":"-8363750123806835594","potions_obtained":[{"floor":1,"key":"EssenceOfSteel"},{"floor":2,"key":"Regen Potion"},{"floor":29,"key":"EssenceOfSteel"}],"is_trial":false,"path_per_floor":["M","M","M","M","$","M","R","?","T","R","E","?","?","$","R","B",null,"M","$","?","M","$","R","M","E","T","?","?","M","?","M","R","B"],"character_chosen":"DEFECT","items_purchased":["Chill","Loop","Conserve Battery","ClockworkSouvenir","Membership Card"],"campfire_rested":0,"item_purchase_floors":[5,5,14,19,22],"current_hp_per_floor":[68,68,65,60,60,58,58,58,58,58,60,60,60,60,60,51,64,68,68,68,41,41,41,37,20,20,20,20,24,24,22,34,0,0],"gold":282,"neow_bonus":"ONE_RARE_RELIC","is_daily":false,"chose_seed":false,"campfire_upgraded":5,"win_rate":0.0,"timestamp":1611308035,"path_taken":["M","M","M","M","$","M","R","?","T","R","E","?","?","$","R","BOSS","M","$","?","?","$","R","M","E","T","?","?","M","?","M","R","BOSS"],"items_purchased_type":["Card","Card","Card","Relic","Relic"],"build_version":"2020-12-22","purchased_purges":1,"victory":false,"max_hp_per_floor":[68,68,68,68,68,68,68,68,68,68,68,68,68,68,68,68,68,68,68,68,68,68,68,68,68,68,68,68,68,68,68,68,68,68],"card_choices":[{"not_picked":["BootSequence","Gash"],"picked":"Loop","floor":1},{"not_picked":["Turbo","Compile Driver"],"picked":"Cold Snap","floor":2},{"not_picked":["Darkness","Gash"],"picked":"White Noise","floor":3},{"not_picked":["Rebound","Doom and Gloom","Streamline"],"picked":"SKIP","floor":4},{"not_picked":["Rebound","Recycle"],"picked":"Undo","floor":6},{"not_picked":["Sweeping Beam","Darkness"],"picked":"Barrage","floor":11},{"not_picked":["Amplify","Reboot"],"picked":"Electrodynamics","floor":16},{"not_picked":["Darkness","Conserve Battery","Beam Cell"],"picked":"SKIP","floor":18},{"not_picked":["Gash+1","Redo"],"picked":"Chaos+1","floor":21},{"not_picked":["Go for the Eyes","Steam","Cold Snap"],"picked":"SKIP","floor":24},{"not_picked":["Rebound+1","Thunder Strike"],"picked":"Turbo","floor":25},{"not_picked":["Rebound","Heatsinks"],"picked":"Leap+1","floor":29},{"not_picked":["Stack","Turbo","Steam Power+1"],"picked":"SKIP","floor":31}],"player_experience":265171,"relics_obtained":[{"floor":9,"key":"MawBank"},{"floor":11,"key":"Centennial Puzzle"},{"floor":25,"key":"Eternal Feather"},{"floor":26,"key":"Blood Vial"}],"event_choices":[{"damage_healed":0,"gold_gain":175,"player_choice":"AGREE","damage_taken":0,"max_hp_gain":0,"max_hp_loss":0,"event_name":"Liars Game","floor":8,"gold_loss":0,"cards_obtained":["Doubt"]},{"damage_healed":0,"gold_gain":30,"player_choice":"Searched \u00272\u0027 times","damage_taken":0,"max_hp_gain":0,"max_hp_loss":0,"event_name":"Dead Adventurer","floor":12,"gold_loss":0},{"damage_healed":0,"gold_gain":0,"player_choice":"Grow","damage_taken":0,"max_hp_gain":0,"max_hp_loss":0,"event_name":"Living Wall","floor":13,"gold_loss":0,"cards_upgraded":["Zap"]},{"damage_healed":0,"gold_gain":0,"player_choice":"Traded Relic","damage_taken":0,"relics_obtained":["Nloth\u0027s Gift"],"max_hp_gain":0,"max_hp_loss":0,"event_name":"N\u0027loth","floor":20,"relics_lost":["MawBank"],"gold_loss":0},{"damage_healed":0,"gold_gain":99,"player_choice":"Stole From Cult","damage_taken":0,"max_hp_gain":0,"max_hp_loss":0,"event_name":"Nest","floor":27,"gold_loss":0},{"damage_healed":0,"gold_gain":0,"player_choice":"Ignored","damage_taken":0,"max_hp_gain":0,"max_hp_loss":0,"event_name":"Cursed Tome","floor":28,"gold_loss":0},{"damage_healed":0,"gold_gain":0,"player_choice":"Read","damage_taken":0,"max_hp_gain":0,"max_hp_loss":0,"event_name":"The Library","floor":30,"gold_loss":0,"cards_obtained":["Capacitor"]}],"is_beta":false,"boss_relics":[{"not_picked":["Astrolabe","Tiny House"],"picked":"Pandora\u0027s Box"}],"items_purged_floors":[14],"is_endless":false,"potions_floor_spawned":[1,2,4,16,18,29],"killed_by":"Champ","ascension_level":11}}