{"host":"oigynbtg272c19pw","time":1611332831,"event":{"mods":["BaseMod","Colored Map","Minty Spire (QoL Compilation)","Relic Stats","Slay the Relics Exporter","StSLib"],"gold_per_floor":[18,18,37,54,17,17,33,33,33],"floor_reached":8,"playtime":294,"items_purged":[],"score":96,"play_id":"e2420159-b93f-45b2-9dc6-e67d92a0babc","local_time":"20210122172711","is_ascension_mode":true,"campfire_choices":[{"data":"Escape Plan","floor":6,"key":"SMITH"}],"circlet_count":0,"master_deck":["AscendersBane","Strike_G","Strike_G","Strike_G","Strike_G","Defend_G","Defend_G","Defend_G","Defend_G","Defend_G","Survivor","Neutralize","Bane","Dagger Throw","Escape Plan+1","Caltrops","After Image"],"relics":["Ring of the Snake","Calipers"],"acts_visited":["Exordium"],"potions_floor_usage":[],"damage_taken":[{"damage":5,"enemies":"Jaw Worm","floor":1,"turns":6},{"damage":3,"enemies":"Cultist","floor":3,"turns":5},{"damage":0,"enemies":"2 Louse","floor":4,"turns":2},{"damage":17,"enemies":"Large Slime","floor":7,"turns":8},{"damage":18,"enemies":"Gremlin Nob","floor":8,"turns":4}],"seed_played":"-7035071892442682221","potions_obtained":[{"floor":7,"key":"Swift Potion"}],"is_trial":false,"path_per_floor":["M","?","M","M","$","R","M","E"],"character_chosen":"THE_SILENT","items_purchased":["Caltrops"],"campfire_rested":0,"item_purchase_floors":[5],"current_hp_per_floor":[54,54,51,51,51,51,34,16,16],"gold":33,"neow_bonus":"ONE_RARE_RELIC","is_daily":false,"chose_seed":false,"campfire_upgraded":1,"win_rate":0.0,"timestamp":1611332831,"path_taken":["M","?","M","M","$","R","M","E"],"items_purchased_type":["Card"],"build_version":"2020-12-13","purchased_purges":0,"victory":false,"max_hp_per_floor":[66,66,66,66,66,66,66,66,66],"relic_stats":{"counters":[5,25],"obtain_stats":[{"Calipers":0,"Ring of the Snake":0},{"Calipers":0,"Ring of the Snake":0},{"Calipers":0,"Ring of the Snake":0}],"Ring of the Snake":[10]},"card_choices":[{"not_picked":["Flying Knee","Outmaneuver"],"picked":"Bane","floor":1},{"not_picked":["Eviscerate","Prepared"],"picked":"Dagger Throw","floor":3},{"not_picked":["Dodge and Roll","Flying Knee"],"picked":"Escape Plan","floor":4},{"not_picked":["Cloak And Dagger","Tactician"],"picked":"After Image","floor":7}],"player_experience":1467778,"relics_obtained":[],"event_choices":[{"cards_removed":["Strike_G"],"damage_healed":0,"gold_gain":0,"player_choice":"Offered Basic","damage_taken":0,"max_hp_gain":0,"max_hp_loss":0,"event_name":"Bonfire Elementals","floor":2,"gold_loss":0}],"is_beta":false,"boss_relics":[],"items_purged_floors":[],"is_endless":false,"potions_floor_spawned":[7],"killed_by":"Gremlin Nob","ascension_level":20}}