{"host":"Qube","time":1611344881,"event":{"mods":["AchievementEnabler","BaseMod","Colored Map","Colored Powertips","Highlight Path","Minty Spire (QoL Compilation)","Permanent Neow","Quick Restart","Random Character Button","StSLib"],"gold_per_floor":[113,129,129,146,158,158,158],"floor_reached":6,"language":"ENG","playtime":296,"items_purged":[],"score":76,"play_id":"5b468310-408e-485c-b88e-b1f2e38f34d0","local_time":"20210122114801","is_ascension_mode":true,"campfire_choices":[],"circlet_count":0,"master_deck":["AscendersBane","Strike_G","Strike_G","Strike_G","Strike_G","Strike_G","Defend_G","Defend_G","Defend_G","Defend_G","Defend_G","Survivor","Neutralize","After Image","Accuracy","Underhanded Strike","Poisoned Stab","Poisoned Stab"],"relics":["Ring of the Snake"],"acts_visited":["Exordium"],"potions_floor_usage":[5,6],"damage_taken":[{"damage":9,"enemies":"Jaw Worm","floor":1,"turns":8},{"damage":1,"enemies":"2 Louse","floor":2,"turns":3},{"damage":0,"enemies":"Small Slimes","floor":4,"turns":5},{"damage":12,"enemies":"Gremlin Gang","floor":5,"turns":5},{"damage":12,"enemies":"Lagavulin","floor":6,"turns":4}],"seed_played":"-4141205249400796962","potions_obtained":[{"floor":1,"key":"LiquidMemories"},{"floor":4,"key":"ColorlessPotion"}],"is_trial":false,"path_per_floor":["M","M","?","M","M","E"],"character_chosen":"THE_SILENT","items_purchased":[],"campfire_rested":0,"item_purchase_floors":[],"current_hp_per_floor":[35,34,34,34,22,10,10],"gold":158,"neow_bonus":"THREE_RARE_CARDS","is_daily":false,"chose_seed":false,"campfire_upgraded":0,"win_rate":0.0,"timestamp":1611344881,"path_taken":["M","M","?","M","M","E"],"items_purchased_type":[],"build_version":"2020-12-18","purchased_purges":0,"victory":false,"max_hp_per_floor":[66,66,66,66,66,66,66],"card_choices":[{"not_picked":["Tools of the Trade","Burst"],"picked":"After Image","floor":0},{"not_picked":["Dodge and Roll","Masterful Stab"],"picked":"Accuracy","floor":1},{"not_picked":["Caltrops","Catalyst"],"picked":"Underhanded Strike","floor":2},{"not_picked":["Sucker Punch","Deadly Poison"],"picked":"Poisoned Stab","floor":4},{"not_picked":["Acrobatics","Quick Slash"],"picked":"Poisoned Stab","floor":5}],"player_experience":955066,"relics_obtained":[],"event_choices":[{"damage_healed":0,"gold_gain":0,"player_choice":"Ignored","damage_taken":0,"max_hp_gain":0,"max_hp_loss":0,"event_name":"Liars Game","floor":3,"gold_loss":0}],"is_beta":true,"boss_relics":[],"items_purged_floors":[],"is_endless":false,"potions_floor_spawned":[1,4],"killed_by":"Lagavulin","ascension_level":20}}