{"host":"wha9hktbkslqvblg","time":1611358034,"event":{"mods":["BaseMod","Colored Map","Minty Spire (QoL Compilation)","Relic Stats","SuperFastMode","everything is the same but u backflip on backflip"],"gold_per_floor":[118,268,5,5,21,56,56,66,66,101,1,1,18,18,18,93,93,104,19,19,38,38,66,66,66,66,66,66],"floor_reached":27,"language":"KOR","playtime":349,"items_purged":["Doubt","Strike_R"],"score":524,"play_id":"a9b00d41-b4c5-46e6-9386-0b5056d6752e","local_time":"20210123082714","is_ascension_mode":true,"campfire_choices":[{"data":"Bloodletting","floor":7.0,"key":"SMITH"},{"data":"Demon Form","floor":12.0,"key":"SMITH"},{"data":"Pommel Strike","floor":15.0,"key":"SMITH"},{"floor":25,"key":"REST"}],"circlet_count":0,"master_deck":["AscendersBane","Strike_R","Strike_R","Strike_R","Defend_R","Defend_R+1","Defend_R","Defend_R","Bash+1","Shrug It Off","Demon Form+1","Pommel Strike+1","Bloodletting+1","Burning Pact","Immolate","Hemokinesis+1","Feel No Pain+1","Decay"],"relics":["Burning Blood","NeowsBlessing","Bag of Preparation","Bottled Tornado","Pear","Frozen Egg 2","Philosopher\u0027s Stone","Singing Bowl","Orichalcum"],"acts_visited":["Exordium","TheCity"],"potions_floor_usage":[23,27],"damage_taken":[{"damage":0.0,"enemies":"Jaw Worm","floor":1.0,"turns":1.0},{"damage":0.0,"enemies":"Small Slimes","floor":5.0,"turns":1.0},{"damage":0.0,"enemies":"3 Sentries","floor":6.0,"turns":1.0},{"damage":4.0,"enemies":"Cultist","floor":8.0,"turns":3.0},{"damage":35.0,"enemies":"Gremlin Nob","floor":10.0,"turns":4.0},{"damage":11.0,"enemies":"3 Louse","floor":13.0,"turns":5.0},{"damage":7.0,"enemies":"Slime Boss","floor":16.0,"turns":5.0},{"damage":3.0,"enemies":"Chosen","floor":18.0,"turns":3.0},{"damage":23.0,"enemies":"Shell Parasite","floor":21.0,"turns":3.0},{"damage":50,"enemies":"Slavers","floor":23,"turns":5},{"damage":8,"enemies":"Book of Stabbing","floor":27,"turns":2}],"seed_played":"-8391554481194915719","potions_obtained":[{"floor":6.0,"key":"BlessingOfTheForge"},{"floor":10.0,"key":"DuplicationPotion"},{"floor":21.0,"key":"ColorlessPotion"},{"floor":23,"key":"BlessingOfTheForge"}],"is_trial":false,"path_per_floor":["M","?","$","?","M","E","R","M","T","E","$","R","M","?","R","B",null,"M","?","$","M","?","E","?","R","T","E"],"character_chosen":"IRONCLAD","items_purchased":["Bag of Preparation","Shrug It Off"],"campfire_rested":1,"item_purchase_floors":[3,3],"current_hp_per_floor":[74,74,74,74,75,75,75,75,85,56,56,56,51,25,25,24,70,73,73,73,56,56,14,14,40,40,32,32],"gold":66,"neow_bonus":"THREE_ENEMY_KILL","is_daily":false,"chose_seed":false,"campfire_upgraded":3,"win_rate":0.0,"timestamp":1611358034,"path_taken":["M","?","$","?","?","E","R","M","T","E","$","R","M","?","R","BOSS","M","?","?","M","?","E","?","R","T","E"],"items_purchased_type":["Relic","Card"],"build_version":"2020-12-22","purchased_purges":2,"victory":false,"max_hp_per_floor":[75,75,75,75,75,75,75,75,85,85,85,85,85,85,85,85,85,85,85,85,85,85,87,87,87,87,87,87],"relic_stats":{"Singing Bowl":2,"counters":[11,33],"Bag of Preparation":[20],"Orichalcum":[0],"obtain_stats":[{"Pear":9,"NeowsBlessing":0,"Singing Bowl":19,"Philosopher\u0027s Stone":17,"Bag of Preparation":3,"Bottled Tornado":6,"Frozen Egg 2":10,"Orichalcum":23,"Burning Blood":0},{"Pear":4,"NeowsBlessing":0,"Singing Bowl":8,"Philosopher\u0027s Stone":7,"Bag of Preparation":1,"Bottled Tornado":3,"Frozen Egg 2":5,"Orichalcum":10,"Burning Blood":0},{"Pear":6,"NeowsBlessing":0,"Singing Bowl":23,"Philosopher\u0027s Stone":20,"Bag of Preparation":1,"Bottled Tornado":3,"Frozen Egg 2":10,"Orichalcum":31,"Burning Blood":0}],"Burning Blood":47},"card_choices":[{"not_picked":["Clash","Twin Strike","Perfected Strike"],"picked":"SKIP","floor":1.0},{"not_picked":["Ghostly Armor","Wild Strike"],"picked":"Pommel Strike","floor":5.0},{"not_picked":["Anger","Inflame"],"picked":"Bloodletting","floor":6.0},{"not_picked":["Intimidate","Ghostly Armor","Twin Strike"],"picked":"SKIP","floor":8.0},{"not_picked":["Exhume","Seeing Red"],"picked":"Burning Pact","floor":10.0},{"not_picked":["Thunderclap","Spot Weakness","Perfected Strike"],"picked":"SKIP","floor":13.0},{"not_picked":["Bludgeon","Demon Form+1"],"picked":"Immolate","floor":16.0},{"not_picked":["Body Slam","Flex"],"picked":"Hemokinesis+1","floor":18.0},{"not_picked":["Sword Boomerang","True Grit"],"picked":"Feel No Pain+1","floor":21.0},{"not_picked":["Hemokinesis","Bloodletting","Rampage"],"picked":"Singing Bowl","floor":23}],"player_experience":989240,"relics_obtained":[{"floor":6.0,"key":"Bottled Tornado"},{"floor":9.0,"key":"Pear"},{"floor":10.0,"key":"Frozen Egg 2"},{"floor":23,"key":"Orichalcum"}],"event_choices":[{"damage_healed":0.0,"max_hp_gain":0.0,"max_hp_loss":0.0,"gold_gain":150.0,"event_name":"Liars Game","player_choice":"AGREE","floor":2.0,"gold_loss":0.0,"damage_taken":0.0,"cards_obtained":["Doubt"]},{"damage_healed":0.0,"max_hp_gain":0.0,"max_hp_loss":0.0,"gold_gain":0.0,"event_name":"Match and Keep!","player_choice":"1 cards matched","floor":4.0,"gold_loss":0.0,"damage_taken":0.0,"cards_obtained":["Demon Form"]},{"damage_healed":0.0,"max_hp_gain":0.0,"max_hp_loss":0.0,"gold_gain":0.0,"event_name":"Shining Light","player_choice":"Entered Light","floor":14.0,"gold_loss":0.0,"damage_taken":26.0,"cards_upgraded":["Bash","Defend_R"]},{"damage_healed":0.0,"max_hp_gain":0.0,"max_hp_loss":0.0,"gold_gain":0.0,"event_name":"Addict","player_choice":"Obtained Relic","floor":19.0,"gold_loss":85.0,"damage_taken":0.0,"relics_obtained":["Singing Bowl"]},{"cards_removed":["Strike_R"],"damage_healed":0.0,"max_hp_gain":0.0,"max_hp_loss":0.0,"gold_gain":0.0,"event_name":"Back to Basics","player_choice":"Elegance","floor":22.0,"gold_loss":0.0,"damage_taken":0.0},{"damage_healed":0,"gold_gain":0,"player_choice":"Smashed Altar","damage_taken":0,"max_hp_gain":0,"max_hp_loss":0,"event_name":"Forgotten Altar","floor":24,"gold_loss":0,"cards_obtained":["Decay"]}],"is_beta":false,"boss_relics":[{"not_picked":["Runic Dome","Runic Pyramid"],"picked":"Philosopher\u0027s Stone"}],"items_purged_floors":[3,11],"is_endless":false,"potions_floor_spawned":[6,10,13,21,23],"killed_by":"Book of Stabbing","ascension_level":20}}