{"host":"b4vwm7jq6jdk6nca","time":1611329864,"event":{"mods":["BaseMod","Downfall","Minty Spire (QoL Compilation)","Quick Restart","StSLib"],"gold_per_floor":[118,118,118,135,67,67,67,100,176,208,73,90,105,124,124,228,228,240,165,179,179,197,223,223,238,238,265,190,190,203,233,233,330,330,348,348,1347,843,855,881,252,252,277,302,302,302,322,332,332,332,332],"floor_reached":50,"language":"ZHS","playtime":1935,"items_purged":["Defend_G","Normality","Defend_G"],"score":725,"play_id":"56b43f97-8d7a-4963-92ae-315879f06e84","local_time":"20210122233744","is_ascension_mode":true,"campfire_choices":[{"data":"Neutralize","floor":6.0,"key":"SMITH"},{"data":"Noxious Fumes","floor":15.0,"key":"SMITH"},{"data":"Glass Knife","floor":24.0,"key":"SMITH"},{"floor":32.0,"key":"REST"},{"floor":42.0,"key":"RECALL"},{"floor":49,"key":"REST"}],"circlet_count":0,"master_deck":["Defend_G","Defend_G","Survivor+1","Neutralize+1","All Out Attack","Noxious Fumes+1","Terror","Cloak And Dagger","Glass Knife+1","Finisher","Dash","Bullet Time","Acrobatics+1","Bite","Bite","Bite","Bite","Bite","Eviscerate+1","Dagger Throw+1","Noxious Fumes","Corpse Explosion","Choke+1","Normality","Sadistic Nature","Deep Breath","Burst","Masterful Stab+1","Blind","Backflip+1","Bouncing Flask+1"],"relics":["Ring of the Snake","NeowsBlessing","Tiny Chest","Ice Cream","Kunai","Bag of Preparation","Sozu","Pen Nib","Shuriken","PreservedInsect","Molten Egg 2","Nunchaku","Runic Pyramid","Akabeko","Omamori","Bottled Flame","The Courier","Letter Opener"],"acts_visited":["Exordium","TheCity","TheBeyond"],"potions_floor_usage":[50],"damage_taken":[{"damage":0.0,"enemies":"Small Slimes","floor":1.0,"turns":1.0},{"damage":0.0,"enemies":"2 Louse","floor":4.0,"turns":1.0},{"damage":0.0,"enemies":"3 Sentries","floor":8.0,"turns":1.0},{"damage":1.0,"enemies":"Lagavulin","floor":10.0,"turns":6.0},{"damage":0.0,"enemies":"Cultist","floor":12.0,"turns":3.0},{"damage":25.0,"enemies":"Exordium Wildlife","floor":13.0,"turns":5.0},{"damage":0.0,"enemies":"Lots of Slimes","floor":14.0,"turns":5.0},{"damage":9.0,"enemies":"Slime Boss","floor":16.0,"turns":7.0},{"damage":0.0,"enemies":"Chosen","floor":18.0,"turns":2.0},{"damage":3.0,"enemies":"3 Byrds","floor":20.0,"turns":5.0},{"damage":4.0,"enemies":"Centurion and Healer","floor":22.0,"turns":5.0},{"damage":21.0,"enemies":"Book of Stabbing","floor":23.0,"turns":5.0},{"damage":0.0,"enemies":"Cultist and Chosen","floor":25.0,"turns":2.0},{"damage":14.0,"enemies":"Gremlin Leader","floor":27.0,"turns":2.0},{"damage":0.0,"enemies":"Snecko","floor":30.0,"turns":1.0},{"damage":18.0,"enemies":"Slavers","floor":31.0,"turns":3.0},{"damage":40.0,"enemies":"Champ","floor":33.0,"turns":6.0},{"damage":4.0,"enemies":"3 Shapes","floor":35.0,"turns":2.0},{"damage":0.0,"enemies":"3 Darklings","floor":39.0,"turns":1.0},{"damage":0.0,"enemies":"Giant Head","floor":40.0,"turns":5.0},{"damage":40,"enemies":"Nemesis","floor":44,"turns":3},{"damage":0,"enemies":"Jaw Worm Horde","floor":47,"turns":3},{"damage":7,"enemies":"Sphere and 2 Shapes","floor":48,"turns":3},{"damage":47,"enemies":"Awakened One","floor":50,"turns":6}],"seed_played":"-523778597922425815","potions_obtained":[{"floor":4.0,"key":"Weak Potion"},{"floor":8.0,"key":"GhostInAJar"},{"floor":14.0,"key":"CultistPotion"}],"is_trial":false,"path_per_floor":["M","?","?","M","$","R","T","E","T","E","$","M","M","M","R","B",null,"M","$","M","?","M","E","R","M","T","E","?","T","M","E","R","B",null,"M","?","?","$","M","E","$","R","T","E","?","T","M","M","R","B"],"character_chosen":"THE_SILENT","items_purchased":["Noxious Fumes","Glass Knife","Sadistic Nature","Akabeko","Deep Breath","Burst","Bottled Flame","Masterful Stab+1","Blind"],"campfire_rested":2,"item_purchase_floors":[5,11,38,38,38,41,41,41,41],"current_hp_per_floor":[70,56,56,56,56,56,56,56,56,55,55,55,30,30,30,21,70,70,70,67,49,48,36,36,44,44,38,38,38,38,24,38,14,49,47,47,47,47,47,49,49,49,49,17,17,17,21,16,30,0,0],"gold":332,"neow_bonus":"THREE_ENEMY_KILL","is_daily":false,"chose_seed":false,"campfire_upgraded":3,"win_rate":0.0,"timestamp":1611329864,"path_taken":["M","?","?","?","$","R","?","E","T","E","$","M","?","M","R","BOSS","M","$","M","?","M","E","R","M","T","E","?","?","M","E","R","BOSS","M","?","?","$","M","E","$","R","T","E","?","?","M","M","R","BOSS"],"items_purchased_type":["Card","Card","Card","Relic","Card","Card","Relic","Card","Card"],"build_version":"2020-12-22","purchased_purges":3,"victory":false,"max_hp_per_floor":[70,70,70,70,70,70,70,70,70,70,70,70,70,70,70,70,70,70,70,70,49,49,49,49,49,49,49,49,49,49,49,49,49,49,49,49,49,49,49,49,49,49,49,49,49,49,49,49,49,49,49],"card_choices":[{"not_picked":["Blade Dance","Bane"],"picked":"All Out Attack","floor":1.0},{"not_picked":["Deflect","Dodge and Roll","Blade Dance"],"picked":"SKIP","floor":4.0},{"not_picked":["Blur","Deflect"],"picked":"Terror","floor":8.0},{"not_picked":["Slice","Bane"],"picked":"Cloak And Dagger","floor":10.0},{"not_picked":["Underhanded Strike","Backflip"],"picked":"Finisher","floor":12.0},{"not_picked":["Cloak And Dagger","Predator"],"picked":"Dash","floor":13.0},{"not_picked":["Dodge and Roll","Masterful Stab"],"picked":"Bullet Time","floor":14.0},{"not_picked":["Grand Finale","After Image"],"picked":"Tools of the Trade","floor":16.0},{"not_picked":["Quick Slash","Bouncing Flask"],"picked":"Acrobatics+1","floor":18.0},{"not_picked":["Choke","Caltrops+1","Predator+1"],"picked":"SKIP","floor":20.0},{"not_picked":["Deflect","Underhanded Strike","Eviscerate+1"],"picked":"SKIP","floor":22.0},{"not_picked":["Deflect","Underhanded Strike"],"picked":"Eviscerate+1","floor":22.0},{"not_picked":["Acrobatics","Footwork"],"picked":"Dagger Throw+1","floor":23.0},{"not_picked":["All Out Attack","Masterful Stab"],"picked":"Noxious Fumes","floor":25.0},{"not_picked":["Heel Hook","Skewer","Quick Slash+1"],"picked":"SKIP","floor":27.0},{"not_picked":["Slice+1","Dagger Spray+1","Flying Knee+1"],"picked":"SKIP","floor":30.0},{"not_picked":["Bullet Time","Noxious Fumes","Flying Knee+1"],"picked":"SKIP","floor":31.0},{"not_picked":["Venomology","Unload+1"],"picked":"Corpse Explosion","floor":33.0},{"not_picked":["Underhanded Strike+1","Bane+1"],"picked":"Choke+1","floor":35.0},{"not_picked":["Dagger Throw+1","Deflect","Sucker Punch+1"],"picked":"SKIP","floor":39.0},{"not_picked":["Poisoned Stab+1","Slice+1","Accuracy"],"picked":"SKIP","floor":40.0},{"not_picked":["Corpse Explosion","Concentrate+1","Slice+1"],"picked":"SKIP","floor":44},{"not_picked":["Dagger Spray+1","Setup"],"picked":"Backflip+1","floor":47},{"not_picked":["Deadly Poison","Setup+1"],"picked":"Bouncing Flask+1","floor":48}],"player_experience":204131,"relics_obtained":[{"floor":7.0,"key":"Tiny Chest"},{"floor":8.0,"key":"Ice Cream"},{"floor":9.0,"key":"Kunai"},{"floor":10.0,"key":"Bag of Preparation"},{"floor":23.0,"key":"Pen Nib"},{"floor":26.0,"key":"Shuriken"},{"floor":27.0,"key":"PreservedInsect"},{"floor":29.0,"key":"Molten Egg 2"},{"floor":31.0,"key":"Nunchaku"},{"floor":40.0,"key":"Omamori"},{"floor":44,"key":"The Courier"},{"floor":46,"key":"Letter Opener"}],"event_choices":[{"damage_healed":0.0,"max_hp_gain":0.0,"max_hp_loss":0.0,"gold_gain":0.0,"event_name":"Shining Light","player_choice":"Entered Light","floor":2.0,"gold_loss":0.0,"damage_taken":14.0,"cards_upgraded":["Survivor","Strike_G"]},{"damage_healed":0.0,"max_hp_gain":0.0,"max_hp_loss":0.0,"gold_gain":0.0,"event_name":"NoteForYourself","player_choice":"Ignored","floor":3.0,"gold_loss":0.0,"damage_taken":0.0},{"damage_healed":0.0,"max_hp_gain":0.0,"max_hp_loss":21.0,"gold_gain":0.0,"event_name":"Vampires","player_choice":"Became a vampire","floor":21.0,"gold_loss":0.0,"damage_taken":0.0,"cards_obtained":["Bite","Bite","Bite","Bite","Bite"]},{"cards_removed":["Defend_G"],"damage_healed":0.0,"max_hp_gain":0.0,"max_hp_loss":0.0,"gold_gain":0.0,"event_name":"Beggar","player_choice":"Gave Gold","floor":28.0,"gold_loss":75.0,"damage_taken":0.0},{"cards_removed":["Tools of the Trade"],"damage_healed":0.0,"max_hp_gain":0.0,"max_hp_loss":0.0,"gold_gain":0.0,"event_name":"Falling","player_choice":"Removed Power","floor":36.0,"gold_loss":0.0,"damage_taken":0.0},{"damage_healed":0.0,"max_hp_gain":0.0,"max_hp_loss":0.0,"gold_gain":999.0,"event_name":"MindBloom","player_choice":"Gold","floor":37.0,"gold_loss":0.0,"damage_taken":0.0,"cards_obtained":["Normality","Normality"]},{"damage_healed":0,"gold_gain":0,"player_choice":"Ignored","damage_taken":0,"max_hp_gain":0,"max_hp_loss":0,"event_name":"Tomb of Lord Red Mask","floor":45,"gold_loss":0}],"is_beta":false,"boss_relics":[{"not_picked":["SlaversCollar","Astrolabe"],"picked":"Sozu"},{"not_picked":["Runic Dome","Busted Crown"],"picked":"Runic Pyramid"}],"items_purged_floors":[19,38,41],"is_endless":false,"potions_floor_spawned":[4,8,14,18,20,27,33,35,40,47],"killed_by":"Awakened One","ascension_level":1}}