{"host":"fubl5olmpa6illow","time":1611347974,"event":{"mods":["BaseMod","Colored Map","Colored Powertips","Highlight Path","Minty Spire (QoL Compilation)","Quick Restart","Random Character Button","Relic Sorter","Relic Stats"],"gold_per_floor":[119,139,158,64,64,90,90,115,115,27,27,37,37,68,68,168,168,181,199,199,219,231,231,263,263,263,300,237,260,272,313,325,434,446,478,503,515,527,539,578,590,637,675,486,512,528,544,575,575,575,575,575,73,101,101,101],"floor_reached":55,"language":"ENG","playtime":8649,"items_purged":["Strike_G"],"score":945,"play_id":"e5aabde0-acf2-4d11-943c-35cd30e80182","local_time":"20210122213934","is_ascension_mode":true,"campfire_choices":[{"data":"Venomology","floor":7.0,"key":"SMITH"},{"floor":11.0,"key":"REST"},{"data":"PiercingWail","floor":15.0,"key":"SMITH"},{"data":"Well Laid Plans","floor":23,"key":"SMITH"},{"data":"Crippling Poison","floor":30,"key":"SMITH"},{"data":"PiercingWail","floor":32,"key":"SMITH"},{"floor":41,"key":"RECALL"},{"data":"Catalyst","floor":49,"key":"SMITH"},{"data":"Dagger Spray","floor":52,"key":"SMITH"}],"circlet_count":0,"master_deck":["Strike_G","Strike_G","Strike_G","Defend_G","Defend_G","Defend_G","Defend_G","Survivor","Neutralize","Unload","Sucker Punch","Backflip","Crippling Poison+1","PiercingWail+1","Well Laid Plans+1","Venomology+1","Prepared","Bouncing Flask","Dagger Throw","PiercingWail+1","Adrenaline+1","Expertise","Bane","Deadly Poison","Dagger Spray+1","Glass Knife","Underhanded Strike+1","Catalyst+1","Deflect","Acrobatics"],"relics":["Ring of the Snake","Paper Crane","Bottled Flame","Matryoshka","Vajra","Busted Crown","Toy Ornithopter","White Beast Statue","MawBank","Pantograph","Shuriken","Blood Vial","SacredBark","Bag of Marbles","Strawberry","PreservedInsect","Art of War","Potion Belt","FossilizedHelix","Kunai"],"acts_visited":["TheCity","TheBeyond","TheEnding"],"potions_floor_usage":[18,21,24,24,27,27,31,31,33,33,33,35,36,40,40,42,45,45,46,47,48,48,48,50,50,54,54,54,55,55,55,55],"damage_taken":[{"damage":1.0,"enemies":"Jaw Worm","floor":1.0,"turns":3.0},{"damage":0.0,"enemies":"Cultist","floor":2.0,"turns":3.0},{"damage":2.0,"enemies":"Small Slimes","floor":3.0,"turns":3.0},{"damage":28.0,"enemies":"3 Sentries","floor":6.0,"turns":10.0},{"damage":2.0,"enemies":"Gremlin Nob","floor":8.0,"turns":4.0},{"damage":4.0,"enemies":"3 Louse","floor":12.0,"turns":3.0},{"damage":2.0,"enemies":"3 Sentries","floor":14.0,"turns":6.0},{"damage":24.0,"enemies":"Slime Boss","floor":16.0,"turns":11.0},{"damage":12,"enemies":"2 Thieves","floor":18,"turns":4},{"damage":9,"enemies":"Spheric Guardian","floor":19,"turns":6},{"damage":13,"enemies":"Snake Plant","floor":21,"turns":6},{"damage":1,"enemies":"Snecko","floor":22,"turns":4},{"damage":4,"enemies":"Slavers","floor":24,"turns":6},{"damage":3,"enemies":"Gremlin Leader","floor":27,"turns":6},{"damage":13,"enemies":"Centurion and Healer","floor":29,"turns":5},{"damage":11,"enemies":"Slavers","floor":31,"turns":5},{"damage":38,"enemies":"Collector","floor":33,"turns":8},{"damage":6,"enemies":"3 Shapes","floor":35,"turns":6},{"damage":0,"enemies":"Orb Walker","floor":36,"turns":3},{"damage":28,"enemies":"Reptomancer","floor":40,"turns":5},{"damage":19,"enemies":"Nemesis","floor":42,"turns":7},{"damage":7,"enemies":"Giant Head","floor":45,"turns":5},{"damage":5,"enemies":"Maw","floor":46,"turns":6},{"damage":6,"enemies":"Sphere and 2 Shapes","floor":47,"turns":5},{"damage":7,"enemies":"Nemesis","floor":48,"turns":5},{"damage":34,"enemies":"Donu and Deca","floor":50,"turns":10},{"damage":0,"enemies":"Shield and Spear","floor":54,"turns":4},{"damage":153,"enemies":"The Heart","floor":55,"turns":11}],"seed_played":"5857040370797823613","potions_obtained":[{"floor":2.0,"key":"EssenceOfSteel"},{"floor":5.0,"key":"EntropicBrew"},{"floor":5.0,"key":"Block Potion"},{"floor":5.0,"key":"Dexterity Potion"},{"floor":8.0,"key":"DistilledChaos"},{"floor":14.0,"key":"PowerPotion"},{"floor":16,"key":"ColorlessPotion"},{"floor":19,"key":"SpeedPotion"},{"floor":27,"key":"Weak Potion"},{"floor":29,"key":"BlessingOfTheForge"},{"floor":31,"key":"Poison Potion"},{"floor":33,"key":"Strength Potion"},{"floor":35,"key":"Block Potion"},{"floor":36,"key":"Swift Potion"},{"floor":40,"key":"Poison Potion"},{"floor":42,"key":"CultistPotion"},{"floor":45,"key":"FairyPotion"},{"floor":46,"key":"GhostInAJar"},{"floor":48,"key":"Fire Potion"},{"floor":54,"key":"FearPotion"}],"is_trial":false,"path_per_floor":["M","M","M","$","?","E","R","E","T","$","R","M","?","E","R","B",null,"M","M","?","M","M","R","E","?","T","E","?","M","R","E","R","B",null,"M","M","?","?","?","E","R","E","T","$","E","M","M","E","R","B",null,"R","$","E","B"],"character_chosen":"THE_SILENT","items_purchased":["PiercingWail","Well Laid Plans","Bouncing Flask","Dagger Throw","Catalyst","Deflect","AttackPotion","Ancient Potion","Energy Potion","FossilizedHelix","Acrobatics"],"campfire_rested":1,"item_purchase_floors":[4,4,10,10,44,44,53,53,53,53,53],"current_hp_per_floor":[69,69,67,67,67,39,39,37,37,37,58,54,59,57,57,33,75,63,54,54,56,55,55,51,51,51,58,58,45,45,44,44,43,75,69,75,70,70,70,52,52,47,47,47,52,54,55,65,65,53,82,82,82,82,0,0],"gold":101,"neow_bonus":"ONE_RANDOM_RARE_CARD","is_daily":false,"chose_seed":false,"campfire_upgraded":7,"win_rate":0.0,"timestamp":1611347974,"path_taken":["M","M","M","$","?","E","R","E","T","$","R","?","?","E","R","BOSS","BOSS","M","M","?","?","M","R","E","?","T","E","?","M","R","E","R","BOSS","M","M","?","?","?","E","R","E","T","$","E","?","M","E","R","BOSS","R","$","E","BOSS"],"items_purchased_type":["Card","Card","Card","Card","Card","Card","Potion","Potion","Potion","Relic","Card"],"build_version":"2020-12-22","purchased_purges":1,"victory":false,"max_hp_per_floor":[70,70,70,70,70,70,70,70,70,70,70,70,75,75,75,75,75,75,75,75,75,75,75,75,75,75,75,75,75,75,75,75,75,75,75,75,75,75,75,75,75,82,82,82,82,82,82,82,82,82,82,82,82,82,82,82],"relic_stats":{"Blood Vial":18,"Busted Crown":40,"counters":[20,117],"Shuriken":[35],"Pantograph":40,"PreservedInsect":240,"Art of War":[3],"Kunai":[3],"MawBank":216,"obtain_stats":[{"Potion Belt":48,"SacredBark":34,"Vajra":0,"PreservedInsect":43,"Paper Crane":0,"MawBank":26,"White Beast Statue":25,"Blood Vial":31,"Bottled Flame":0,"Matryoshka":0,"Busted Crown":17,"Shuriken":27,"Pantograph":26,"Strawberry":42,"Bag of Marbles":40,"Art of War":45,"Kunai":54,"Toy Ornithopter":24,"FossilizedHelix":53,"Ring of the Snake":0},{"Potion Belt":17,"SacredBark":9,"Vajra":0,"PreservedInsect":13,"Paper Crane":0,"MawBank":5,"White Beast Statue":5,"Blood Vial":8,"Bottled Flame":0,"Matryoshka":0,"Busted Crown":0,"Shuriken":6,"Pantograph":5,"Strawberry":13,"Bag of Marbles":12,"Art of War":14,"Kunai":19,"Toy Ornithopter":5,"FossilizedHelix":18,"Ring of the Snake":0},{"Potion Belt":92,"SacredBark":50,"Vajra":0,"PreservedInsect":71,"Paper Crane":0,"MawBank":26,"White Beast Statue":26,"Blood Vial":42,"Bottled Flame":0,"Matryoshka":0,"Busted Crown":0,"Shuriken":32,"Pantograph":26,"Strawberry":71,"Bag of Marbles":64,"Art of War":76,"Kunai":106,"Toy Ornithopter":26,"FossilizedHelix":102,"Ring of the Snake":0}],"Toy Ornithopter":97,"Ring of the Snake":[40]},"card_choices":[{"not_picked":["Bane","Deflect"],"picked":"Sucker Punch","floor":1.0},{"not_picked":["Prepared","Blur"],"picked":"Backflip","floor":2.0},{"not_picked":["Flying Knee","Slice"],"picked":"Crippling Poison","floor":3.0},{"not_picked":["Deadly Poison","Caltrops"],"picked":"Venomology","floor":6.0},{"not_picked":["Flechettes","Quick Slash"],"picked":"Prepared","floor":8.0},{"not_picked":["Sucker Punch","Riddle With Holes","Dodge and Roll"],"picked":"SKIP","floor":12.0},{"not_picked":["Bouncing Flask","Sucker Punch"],"picked":"PiercingWail","floor":14.0},{"not_picked":["Night Terror","After Image"],"picked":"Adrenaline","floor":16},{"not_picked":[],"picked":"Expertise","floor":18},{"not_picked":["Blade Dance"],"picked":"SKIP","floor":19},{"not_picked":[],"picked":"Bane","floor":21},{"not_picked":[],"picked":"Deadly Poison","floor":22},{"not_picked":["Cloak And Dagger"],"picked":"SKIP","floor":24},{"not_picked":["Dodge and Roll"],"picked":"SKIP","floor":27},{"not_picked":[],"picked":"Dagger Spray","floor":29},{"not_picked":["Outmaneuver+1"],"picked":"SKIP","floor":31},{"not_picked":[],"picked":"Glass Knife","floor":33},{"not_picked":[],"picked":"Underhanded Strike+1","floor":35},{"not_picked":["Riddle With Holes+1"],"picked":"SKIP","floor":36},{"not_picked":["Acrobatics"],"picked":"SKIP","floor":40},{"not_picked":["Endless Agony"],"picked":"SKIP","floor":42},{"not_picked":["Setup"],"picked":"SKIP","floor":45},{"not_picked":["Masterful Stab"],"picked":"SKIP","floor":46},{"not_picked":["Deflect"],"picked":"SKIP","floor":47},{"not_picked":["Choke"],"picked":"SKIP","floor":48},{"not_picked":["Deflect+1"],"picked":"SKIP","floor":54}],"player_experience":312034,"relics_obtained":[{"floor":6.0,"key":"Paper Crane"},{"floor":8.0,"key":"Bottled Flame"},{"floor":9.0,"key":"Matryoshka"},{"floor":14.0,"key":"Vajra"},{"floor":24,"key":"Toy Ornithopter"},{"floor":26,"key":"MawBank"},{"floor":26,"key":"Pantograph"},{"floor":27,"key":"Shuriken"},{"floor":31,"key":"Blood Vial"},{"floor":40,"key":"Bag of Marbles"},{"floor":42,"key":"Strawberry"},{"floor":43,"key":"PreservedInsect"},{"floor":45,"key":"Art of War"},{"floor":48,"key":"Potion Belt"},{"floor":54,"key":"Kunai"}],"event_choices":[{"damage_healed":0.0,"max_hp_gain":0.0,"max_hp_loss":0.0,"gold_gain":0.0,"event_name":"Lab","player_choice":"Got Potions","floor":5.0,"gold_loss":0.0,"damage_taken":0.0},{"damage_healed":0.0,"max_hp_gain":5.0,"max_hp_loss":0.0,"gold_gain":0.0,"event_name":"Big Fish","player_choice":"Donut","floor":13.0,"gold_loss":0.0,"damage_taken":0.0},{"damage_healed":0,"gold_gain":0,"player_choice":"Upgraded","damage_taken":0,"max_hp_gain":0,"max_hp_loss":0,"event_name":"Upgrade Shrine","floor":20,"gold_loss":0,"cards_upgraded":["Adrenaline"]},{"damage_healed":0,"gold_gain":0,"player_choice":"Opened","damage_taken":0,"relics_obtained":["White Beast Statue"],"max_hp_gain":0,"max_hp_loss":0,"event_name":"The Mausoleum","floor":25,"gold_loss":0},{"cards_removed":["Defend_G"],"damage_healed":0,"gold_gain":0,"player_choice":"Gave Gold","damage_taken":0,"max_hp_gain":0,"max_hp_loss":0,"event_name":"Beggar","floor":28,"gold_loss":75},{"damage_healed":0,"gold_gain":0,"player_choice":"Memory 2","damage_taken":5,"max_hp_gain":0,"max_hp_loss":0,"event_name":"SensoryStone","floor":37,"gold_loss":0},{"cards_removed":["Strike_G"],"damage_healed":0,"gold_gain":0,"player_choice":"Removed Attack","damage_taken":0,"max_hp_gain":0,"max_hp_loss":0,"event_name":"Falling","floor":38,"gold_loss":0},{"damage_healed":0,"gold_gain":0,"player_choice":"Ignored","damage_taken":0,"max_hp_gain":0,"max_hp_loss":0,"event_name":"Tomb of Lord Red Mask","floor":39,"gold_loss":0}],"is_beta":false,"boss_relics":[{"not_picked":["Calling Bell","Coffee Dripper"],"picked":"Busted Crown"},{"not_picked":["Snecko Eye","SlaversCollar"],"picked":"SacredBark"}],"items_purged_floors":[44],"is_endless":false,"potions_floor_spawned":[2,8,12,14,16,19,27,29,31,33,35,36,40,42,45,46,47,48,54],"killed_by":"The Heart","ascension_level":2}}