{"host":"h0xw20cia6ppa69g","time":1611299644,"event":{"mods":["AchievementEnabler","BaseMod","Colored Map","Filter the Spire","Googly Eyes","Minty Spire (QoL Compilation)","Relic Stats","StSLib","The Awakened One except there are too many feathers","everything is the same but u backflip on backflip"],"gold_per_floor":[112,127,127,139,150,150,182,182,182,217,229,0,0,0,0,102,102,120,139,139,151,76,76,107,117,143,143,156,256,4,37,37,142,142,159,159,209,209,225,260,260,260,286,318,328,339,366,378,378,378,378,378,33,65,65],"floor_reached":56,"language":"ENG","playtime":3492,"items_purged":["Strike_G","Riddle With Holes","Poisoned Stab"],"score":1493,"play_id":"68e7825c-c95c-4b50-90bb-fc4cb5902513","local_time":"20210122011404","is_ascension_mode":true,"campfire_choices":[{"data":"Blade Dance","floor":6.0,"key":"SMITH"},{"data":"Finisher","floor":8.0,"key":"SMITH"},{"data":"Footwork","floor":13.0,"key":"SMITH"},{"data":"Neutralize","floor":15.0,"key":"SMITH"},{"data":"Finisher","floor":23.0,"key":"SMITH"},{"data":"Calculated Gamble","floor":32.0,"key":"SMITH"},{"floor":42.0,"key":"RECALL"},{"data":"Cloak And Dagger","floor":49,"key":"SMITH"},{"data":"Blade Dance","floor":52,"key":"SMITH"}],"circlet_count":0,"master_deck":["Survivor","Neutralize+1","Backstab","Blade Dance+1","Predator","Footwork+1","Finisher+1","Blade Dance+1","Tools of the Trade+1","Acrobatics","Venomology","Tactician+1","Finisher+1","Grand Finale","Grand Finale","PiercingWail+1","Cloak And Dagger+1","Calculated Gamble+1","Concentrate+1","Cloak And Dagger+1","Acrobatics+1","Phantasmal Killer+1","Backflip+1","Forethought+1","PanicButton+1","Deep Breath+1","Blade Dance+1","Dodge and Roll+1","Well Laid Plans+1","Concentrate+1","Bullet Time+1","Caltrops+1","Setup+1"],"relics":["Ring of the Snake","Dead Branch","Pantograph","Gremlin Horn","Frozen Egg 2","Lantern","Pandora\u0027s Box","MutagenicStrength","Toxic Egg 2","Regal Pillow","PreservedInsect","Smiling Mask","Philosopher\u0027s Stone","Prayer Wheel","Pear","Bag of Marbles","Molten Egg 2","OrangePellets","CaptainsWheel"],"acts_visited":["Exordium","TheCity","TheBeyond","TheEnding"],"potions_floor_usage":[46,47,48,50,55,55,55,55],"damage_taken":[{"damage":0.0,"enemies":"Cultist","floor":1.0,"turns":4.0},{"damage":0.0,"enemies":"2 Louse","floor":2.0,"turns":2.0},{"damage":0.0,"enemies":"Small Slimes","floor":4.0,"turns":3.0},{"damage":0.0,"enemies":"3 Louse","floor":5.0,"turns":2.0},{"damage":4.0,"enemies":"Lagavulin","floor":7.0,"turns":7.0},{"damage":0.0,"enemies":"Gremlin Nob","floor":10.0,"turns":3.0},{"damage":0.0,"enemies":"2 Fungi Beasts","floor":11.0,"turns":2.0},{"damage":1.0,"enemies":"The Guardian","floor":16.0,"turns":5.0},{"damage":0.0,"enemies":"Chosen","floor":18.0,"turns":1.0},{"damage":2.0,"enemies":"2 Thieves","floor":19.0,"turns":2.0},{"damage":0.0,"enemies":"Chosen and Byrds","floor":21.0,"turns":5.0},{"damage":0.0,"enemies":"Gremlin Leader","floor":24.0,"turns":5.0},{"damage":0.0,"enemies":"Shelled Parasite and Fungi","floor":25.0,"turns":2.0},{"damage":17.0,"enemies":"Sentry and Sphere","floor":28.0,"turns":4.0},{"damage":5.0,"enemies":"Slavers","floor":31.0,"turns":6.0},{"damage":39.0,"enemies":"Champ","floor":33.0,"turns":8.0},{"damage":0.0,"enemies":"3 Darklings","floor":35.0,"turns":1.0},{"damage":0.0,"enemies":"2 Orb Walkers","floor":37.0,"turns":3.0},{"damage":0.0,"enemies":"3 Shapes","floor":39.0,"turns":1.0},{"damage":3.0,"enemies":"Nemesis","floor":40.0,"turns":3.0},{"damage":1.0,"enemies":"Giant Head","floor":44.0,"turns":4.0},{"damage":0.0,"enemies":"Maw","floor":45.0,"turns":3.0},{"damage":10,"enemies":"Writhing Mass","floor":46,"turns":5},{"damage":0,"enemies":"Nemesis","floor":47,"turns":3},{"damage":0,"enemies":"3 Darklings","floor":48,"turns":3},{"damage":0,"enemies":"Awakened One","floor":50,"turns":5},{"damage":0,"enemies":"Shield and Spear","floor":54,"turns":3},{"damage":39,"enemies":"The Heart","floor":55,"turns":6}],"seed_played":"-2232916115773810566","potions_obtained":[{"floor":2.0,"key":"BlessingOfTheForge"},{"floor":10.0,"key":"Swift Potion"},{"floor":16.0,"key":"FearPotion"},{"floor":19.0,"key":"Regen Potion"},{"floor":28.0,"key":"CultistPotion"},{"floor":33.0,"key":"Ancient Potion"}],"is_trial":false,"path_per_floor":["M","M","?","M","M","R","E","R","T","E","M","$","R","?","R","B",null,"M","M","?","M","?","R","E","M","T","?","M","?","$","E","R","B",null,"M","?","?","?","M","E","?","R","T","E","M","M","E","M","R","B",null,"R","$","E","B",null],"character_chosen":"THE_SILENT","items_purchased":["Lantern","PreservedInsect","OrangePellets","Caltrops+1","Setup+1"],"campfire_rested":0,"item_purchase_floors":[12,30,53,53,53],"current_hp_per_floor":[63,63,50,50,50,50,46,46,46,46,46,46,46,51,51,67,68,68,66,66,66,66,66,66,66,66,66,49,49,49,59,59,29,68,68,58,58,58,58,65,65,65,65,64,64,54,54,54,54,78,78,78,78,78,39],"gold":65,"neow_bonus":"ONE_RARE_RELIC","is_daily":false,"chose_seed":false,"campfire_upgraded":8,"win_rate":0.0,"timestamp":1611299644,"path_taken":["M","?","?","M","M","R","E","R","T","E","M","$","R","?","R","BOSS","M","M","?","M","?","R","E","M","T","?","?","?","?","E","R","BOSS","M","?","?","?","?","E","?","R","T","E","M","M","E","M","R","BOSS","R","$","E","BOSS"],"items_purchased_type":["Relic","Relic","Relic","Card","Card"],"build_version":"2020-12-22","purchased_purges":3,"victory":true,"max_hp_per_floor":[63,63,63,63,63,63,63,63,63,63,63,63,63,68,68,68,68,68,68,68,68,68,68,68,68,68,68,68,68,68,68,68,68,68,68,68,68,68,68,78,78,78,78,78,78,78,78,78,78,78,78,78,78,78,78],"relic_stats":{"OrangePellets":[5],"Regal Pillow":0,"Gremlin Horn":[21,21],"counters":[28,101],"Dead Branch":[372],"Pantograph":50,"Pandora\u0027s Box":["Acrobatics","Venomology","Flechettes","Tactician","Finisher","Poisoned Stab","Grand Finale","Riddle With Holes","Grand Finale"],"Prayer Wheel":4,"PreservedInsect":325,"Smiling Mask":75,"obtain_stats":[{"Lantern":12,"Regal Pillow":26,"Pear":40,"Gremlin Horn":9,"Dead Branch":0,"PreservedInsect":30,"Frozen Egg 2":10,"Smiling Mask":31,"OrangePellets":53,"CaptainsWheel":54,"Pantograph":7,"MutagenicStrength":20,"Pandora\u0027s Box":17,"Philosopher\u0027s Stone":34,"Prayer Wheel":37,"Molten Egg 2":47,"Bag of Marbles":44,"Toxic Egg 2":24,"Ring of the Snake":0},{"Lantern":7,"Regal Pillow":13,"Pear":20,"Gremlin Horn":5,"Dead Branch":0,"PreservedInsect":14,"Frozen Egg 2":6,"Smiling Mask":15,"OrangePellets":26,"CaptainsWheel":27,"Pantograph":5,"MutagenicStrength":10,"Pandora\u0027s Box":8,"Philosopher\u0027s Stone":16,"Prayer Wheel":18,"Molten Egg 2":24,"Bag of Marbles":21,"Toxic Egg 2":12,"Ring of the Snake":0},{"Lantern":23,"Regal Pillow":43,"Pear":69,"Gremlin Horn":18,"Dead Branch":0,"PreservedInsect":47,"Frozen Egg 2":21,"Smiling Mask":53,"OrangePellets":92,"CaptainsWheel":95,"Pantograph":18,"MutagenicStrength":31,"Pandora\u0027s Box":28,"Philosopher\u0027s Stone":61,"Prayer Wheel":65,"Molten Egg 2":84,"Bag of Marbles":73,"Toxic Egg 2":41,"Ring of the Snake":0}],"Ring of the Snake":[56]},"card_choices":[{"not_picked":["Backflip","Concentrate"],"picked":"Backstab","floor":1.0},{"not_picked":["Dagger Throw","Prepared"],"picked":"Blade Dance","floor":2.0},{"not_picked":["Sucker Punch","Prepared"],"picked":"Predator","floor":4.0},{"not_picked":["Acrobatics","Poisoned Stab"],"picked":"Footwork","floor":5.0},{"not_picked":["Cloak And Dagger","Quick Slash"],"picked":"Finisher","floor":7.0},{"not_picked":["Sucker Punch","Underhanded Strike"],"picked":"Blade Dance","floor":10.0},{"not_picked":["Backflip","Underhanded Strike","Quick Slash"],"picked":"SKIP","floor":11.0},{"not_picked":["Burst","Grand Finale"],"picked":"Tools of the Trade+1","floor":16.0},{"not_picked":["Underhanded Strike+1","Poisoned Stab+1"],"picked":"PiercingWail+1","floor":18.0},{"not_picked":["Setup","Dagger Spray"],"picked":"Cloak And Dagger","floor":19.0},{"not_picked":["Deflect","Flying Knee+1"],"picked":"Calculated Gamble","floor":21.0},{"not_picked":["Acrobatics+1","Finisher"],"picked":"Concentrate+1","floor":24.0},{"not_picked":["Crippling Poison+1","Flechettes"],"picked":"Cloak And Dagger+1","floor":25.0},{"not_picked":["Deflect+1","Bane"],"picked":"Acrobatics+1","floor":28.0},{"not_picked":["All Out Attack+1","Noxious Fumes+1","Endless Agony"],"picked":"SKIP","floor":31.0},{"not_picked":["Venomology+1","A Thousand Cuts+1"],"picked":"Phantasmal Killer+1","floor":33.0},{"not_picked":["Dagger Spray","Dash"],"picked":"Backflip+1","floor":35.0},{"not_picked":["Secret Technique+1","Good Instincts+1"],"picked":"Forethought+1","floor":36.0},{"not_picked":["Mind Blast","Finesse+1"],"picked":"PanicButton+1","floor":36.0},{"not_picked":["Sadistic Nature+1","Mayhem+1"],"picked":"Deep Breath+1","floor":36.0},{"not_picked":["Infinite Blades+1","Quick Slash+1"],"picked":"Blade Dance+1","floor":37.0},{"not_picked":["Backflip+1","Acrobatics+1"],"picked":"Dodge and Roll+1","floor":39.0},{"not_picked":["Dagger Spray","Flechettes+1","Deflect+1"],"picked":"SKIP","floor":39.0},{"not_picked":["PiercingWail+1","Escape Plan+1"],"picked":"Well Laid Plans+1","floor":40.0},{"not_picked":["Predator","Grand Finale","Slice+1"],"picked":"SKIP","floor":44.0},{"not_picked":["Dagger Throw","Backflip+1"],"picked":"Concentrate+1","floor":45.0},{"not_picked":["Distraction+1","Underhanded Strike","Caltrops+1"],"picked":"SKIP","floor":45.0},{"not_picked":["Poisoned Stab","Acrobatics+1","Sucker Punch+1"],"picked":"SKIP","floor":46},{"not_picked":["Dagger Spray+1","Poisoned Stab","Flechettes+1"],"picked":"SKIP","floor":46},{"not_picked":["Predator+1","Dash+1","Crippling Poison+1"],"picked":"SKIP","floor":47},{"not_picked":["Dagger Spray+1","Dash+1"],"picked":"Bullet Time+1","floor":48},{"not_picked":["Masterful Stab+1","Bane+1","Dash+1"],"picked":"SKIP","floor":48},{"not_picked":["Bane+1","Bouncing Flask+1","Dagger Throw+1"],"picked":"SKIP","floor":54}],"player_experience":3745432,"relics_obtained":[{"floor":7.0,"key":"Pantograph"},{"floor":9.0,"key":"Gremlin Horn"},{"floor":10.0,"key":"Frozen Egg 2"},{"floor":24.0,"key":"Toxic Egg 2"},{"floor":26.0,"key":"Regal Pillow"},{"floor":31.0,"key":"Smiling Mask"},{"floor":37.0,"key":"Prayer Wheel"},{"floor":40.0,"key":"Pear"},{"floor":44.0,"key":"Bag of Marbles"},{"floor":47,"key":"Molten Egg 2"},{"floor":54,"key":"CaptainsWheel"}],"event_choices":[{"damage_healed":0.0,"max_hp_gain":0.0,"max_hp_loss":0.0,"gold_gain":0.0,"event_name":"Shining Light","player_choice":"Entered Light","floor":3.0,"gold_loss":0.0,"damage_taken":13.0,"cards_upgraded":["Defend_G","Strike_G"]},{"damage_healed":0.0,"max_hp_gain":5.0,"max_hp_loss":0.0,"gold_gain":0.0,"event_name":"Big Fish","player_choice":"Donut","floor":14.0,"gold_loss":0.0,"damage_taken":0.0},{"damage_healed":0.0,"max_hp_gain":0.0,"max_hp_loss":0.0,"gold_gain":0.0,"event_name":"Drug Dealer","player_choice":"Inject Mutagens","floor":20.0,"gold_loss":0.0,"damage_taken":0.0,"relics_obtained":["MutagenicStrength"]},{"cards_removed":["Flechettes"],"damage_healed":0.0,"max_hp_gain":0.0,"max_hp_loss":0.0,"gold_gain":0.0,"event_name":"Beggar","player_choice":"Gave Gold","floor":22.0,"gold_loss":75.0,"damage_taken":0.0},{"damage_healed":0.0,"max_hp_gain":0.0,"max_hp_loss":0.0,"gold_gain":0.0,"event_name":"The Woman in Blue","player_choice":"Bought 0 Potions","floor":27.0,"gold_loss":0.0,"damage_taken":0.0},{"damage_healed":0.0,"max_hp_gain":0.0,"max_hp_loss":0.0,"gold_gain":100.0,"event_name":"Golden Shrine","player_choice":"Pray","floor":29.0,"gold_loss":0.0,"damage_taken":0.0},{"damage_healed":0.0,"max_hp_gain":0.0,"max_hp_loss":0.0,"gold_gain":0.0,"event_name":"SensoryStone","player_choice":"Memory 3","floor":36.0,"gold_loss":0.0,"damage_taken":10.0},{"damage_healed":0.0,"max_hp_gain":0.0,"max_hp_loss":0.0,"gold_gain":0.0,"event_name":"Mysterious Sphere","player_choice":"Fight","floor":37.0,"gold_loss":0.0,"damage_taken":0.0},{"damage_healed":0.0,"max_hp_gain":0.0,"max_hp_loss":0.0,"gold_gain":0.0,"event_name":"Upgrade Shrine","player_choice":"Upgraded","floor":38.0,"gold_loss":0.0,"damage_taken":0.0,"cards_upgraded":["Tactician"]},{"damage_healed":0.0,"max_hp_gain":0.0,"max_hp_loss":0.0,"gold_gain":0.0,"event_name":"Tomb of Lord Red Mask","player_choice":"Ignored","floor":41.0,"gold_loss":0.0,"damage_taken":0.0}],"is_beta":false,"boss_relics":[{"not_picked":["Empty Cage","Busted Crown"],"picked":"Pandora\u0027s Box"},{"not_picked":["Runic Pyramid","Snecko Eye"],"picked":"Philosopher\u0027s Stone"}],"items_purged_floors":[12,30,53],"is_endless":false,"potions_floor_spawned":[2,10,16,19,24,28,33,35,40,46,54],"ascension_level":1}}