{"host":"foq4mrde4mssg7vt","time":1611344242,"event":{"mods":["AchievementEnabler","BaseMod","Colored Map","Colored Powertips","Highlight Path","Minty Spire (QoL Compilation)","Relic Stats","everything is the same but u backflip on backflip"],"gold_per_floor":[119,138,9,22,22,63,136,136,136,136,175,120,138,174,174,267,267,282,49,65,65,65,65,96,96,96,121,136,163,180,280,280,353,353,372,372,372,47,60,88,103,16,16,32,32,32,32,60,60,60,60,60,60,4,36,36,36],"floor_reached":56,"language":"ENG","playtime":3433,"items_purged":["Strike_B","Strike_B"],"score":2383,"play_id":"0ea4ce02-9785-4a7b-8a7c-e9ec880deb20","local_time":"20210123033722","is_ascension_mode":true,"campfire_choices":[{"data":"Loop","floor":15.0,"key":"SMITH"},{"data":"Reinforced Body","floor":23.0,"key":"SMITH"},{"data":"Go for the Eyes","floor":25.0,"key":"SMITH"},{"data":"Zap","floor":32.0,"key":"SMITH"},{"floor":45.0,"key":"RECALL"},{"data":"1","floor":47.0,"key":"LIFT"},{"data":"2","floor":49.0,"key":"LIFT"},{"data":"3","floor":53.0,"key":"LIFT"}],"circlet_count":0,"master_deck":["AscendersBane","Defend_B","Defend_B","Defend_B","Defend_B","Zap+1","Dualcast","Sunder","FTL","Reinforced Body+1","Glacier+1","Loop+1","Barrage","Electrodynamics","Go for the Eyes+1","Defragment+1","Redo+1","Cold Snap","White Noise+1","Steam Power+1","Reinforced Body+1","Turbo+1","Coolheaded+1","Core Surge","Stack+1","Defragment","Dark Shackles+1","Stack+1"],"relics":["Cracked Core","Bloody Idol","Blue Candle","Toxic Egg 2","Meat on the Bone","InkBottle","Oddly Smooth Stone","Anchor","Empty Cage","Potion Belt","Calipers","Pocketwatch","Girya","Shuriken","Fusion Hammer","Runic Capacitor","Eternal Feather","Bottled Tornado","Bottled Flame"],"acts_visited":["Exordium","TheCity","TheBeyond","TheEnding"],"potions_floor_usage":[56,56],"damage_taken":[{"damage":5.0,"enemies":"2 Louse","floor":1.0,"turns":2.0},{"damage":0.0,"enemies":"Small Slimes","floor":2.0,"turns":2.0},{"damage":0.0,"enemies":"Cultist","floor":4.0,"turns":2.0},{"damage":8.0,"enemies":"Gremlin Nob","floor":6.0,"turns":3.0},{"damage":32.0,"enemies":"Gremlin Nob","floor":7.0,"turns":4.0},{"damage":22.0,"enemies":"Lagavulin","floor":11.0,"turns":8.0},{"damage":2.0,"enemies":"Exordium Wildlife","floor":13.0,"turns":2.0},{"damage":10.0,"enemies":"3 Sentries","floor":14.0,"turns":7.0},{"damage":0.0,"enemies":"The Guardian","floor":16.0,"turns":12.0},{"damage":0.0,"enemies":"3 Byrds","floor":18.0,"turns":2.0},{"damage":6.0,"enemies":"Chosen","floor":20.0,"turns":7.0},{"damage":2.0,"enemies":"Gremlin Leader","floor":24.0,"turns":5.0},{"damage":42.0,"enemies":"Slavers","floor":27.0,"turns":4.0},{"damage":0.0,"enemies":"Snecko","floor":28.0,"turns":4.0},{"damage":8.0,"enemies":"Gremlin Leader","floor":29.0,"turns":5.0},{"damage":5.0,"enemies":"Shelled Parasite and Fungi","floor":30.0,"turns":7.0},{"damage":0.0,"enemies":"Colosseum Slavers","floor":31.0,"turns":4.0},{"damage":0.0,"enemies":"Colosseum Nobs","floor":31.0,"turns":3.0},{"damage":0.0,"enemies":"Collector","floor":33.0,"turns":15.0},{"damage":0.0,"enemies":"Orb Walker","floor":35.0,"turns":4.0},{"damage":37.0,"enemies":"3 Darklings","floor":39.0,"turns":6.0},{"damage":0.0,"enemies":"Nemesis","floor":40.0,"turns":9.0},{"damage":0.0,"enemies":"4 Shapes","floor":41.0,"turns":4.0},{"damage":7.0,"enemies":"Transient","floor":44.0,"turns":6.0},{"damage":4.0,"enemies":"Reptomancer","floor":48.0,"turns":7.0},{"damage":3.0,"enemies":"Donu and Deca","floor":50.0,"turns":20.0},{"damage":0.0,"enemies":"Time Eater","floor":51.0,"turns":19.0},{"damage":62.0,"enemies":"Shield and Spear","floor":55.0,"turns":9.0},{"damage":47,"enemies":"The Heart","floor":56,"turns":2}],"seed_played":"-5356302822487996950","potions_obtained":[{"floor":1.0,"key":"PowerPotion"},{"floor":6.0,"key":"PowerPotion"},{"floor":7.0,"key":"AttackPotion"},{"floor":14.0,"key":"FearPotion"},{"floor":18.0,"key":"BlessingOfTheForge"},{"floor":27.0,"key":"DistilledChaos"},{"floor":29.0,"key":"Swift Potion"},{"floor":31.0,"key":"Fruit Juice"},{"floor":39.0,"key":"Dexterity Potion"}],"is_trial":false,"path_per_floor":["M","M","$","M","?","E","?","?","T","?","E","$","M","E","R","B",null,"M","$","M","?","?","R","E","R","T","E","M","E","M","?","R","B",null,"M","?","?","$","M","E","M","$","T","M","R","?","R","E","R","B","B",null,"R","$","E","B"],"character_chosen":"DEFECT","items_purchased":["Rip and Tear","DistilledChaos","FocusPotion","Defragment","Redo+1","Block Potion","Runic Capacitor","PowerPotion","Defragment","Dexterity Potion"],"campfire_rested":0,"item_purchase_floors":[3,3,12,19,19,19,38,38,42,54],"current_hp_per_floor":[66,66,66,66,66,58,26,49,49,31,21,21,31,33,33,45,65,65,65,59,59,59,59,62,62,62,37,42,51,51,56,56,61,69,71,71,67,67,52,57,62,62,62,60,72,62,72,72,72,69,69,71,72,72,27,0,0],"gold":36,"neow_bonus":"TEN_PERCENT_HP_BONUS","is_daily":false,"chose_seed":false,"campfire_upgraded":4,"win_rate":0.0,"timestamp":1611344242,"path_taken":["M","M","$","M","?","E","?","?","T","?","E","?","M","E","R","BOSS","M","$","?","?","?","R","E","R","T","E","M","E","?","?","R","BOSS","M","?","?","$","M","E","M","?","T","?","R","?","R","E","R","BOSS","BOSS","R","$","E","BOSS"],"items_purchased_type":["Card","Potion","Potion","Card","Card","Potion","Relic","Potion","Card","Potion"],"build_version":"2020-12-22","purchased_purges":2,"victory":false,"max_hp_per_floor":[78,78,78,78,71,71,71,71,71,71,71,71,71,71,71,71,71,71,71,71,71,71,71,71,71,71,71,71,71,71,71,71,71,71,71,71,67,67,72,72,72,72,72,72,72,72,72,72,72,72,72,72,72,72,72,72,72],"relic_stats":{"counters":[29,183],"Shuriken":[12],"Bloody Idol":66,"Blue Candle":[0],"Eternal Feather":23,"obtain_stats":[{"Potion Belt":24,"Girya":31,"Calipers":26,"Golden Idol":5,"Blue Candle":6,"Oddly Smooth Stone":11,"Eternal Feather":40,"Runic Capacitor":38,"Bottled Tornado":48,"Empty Cage":17,"Anchor":14,"Bottled Flame":55,"Shuriken":31,"Bloody Idol":21,"Fusion Hammer":34,"Toxic Egg 2":7,"Cracked Core":0,"InkBottle":10,"Meat on the Bone":9,"Pocketwatch":29},{"Potion Belt":12,"Girya":18,"Calipers":12,"Golden Idol":3,"Blue Candle":4,"Oddly Smooth Stone":6,"Eternal Feather":22,"Runic Capacitor":20,"Bottled Tornado":25,"Empty Cage":9,"Anchor":8,"Bottled Flame":28,"Shuriken":18,"Bloody Idol":11,"Fusion Hammer":19,"Toxic Egg 2":5,"Cracked Core":0,"InkBottle":5,"Meat on the Bone":5,"Pocketwatch":15},{"Potion Belt":55,"Girya":82,"Calipers":55,"Golden Idol":6,"Blue Candle":9,"Oddly Smooth Stone":21,"Eternal Feather":116,"Runic Capacitor":101,"Bottled Tornado":133,"Empty Cage":42,"Anchor":30,"Bottled Flame":181,"Shuriken":82,"Bloody Idol":50,"Fusion Hammer":97,"Toxic Egg 2":13,"Cracked Core":0,"InkBottle":13,"Meat on the Bone":13,"Pocketwatch":68}],"InkBottle":[57],"Meat on the Bone":96,"Pocketwatch":[162]},"card_choices":[{"not_picked":["Conserve Battery","Auto Shields"],"picked":"Sunder","floor":1.0},{"not_picked":["Stack","Streamline"],"picked":"FTL","floor":2.0},{"not_picked":["Hologram","Stack"],"picked":"Reinforced Body","floor":4.0},{"not_picked":["Double Energy","Auto Shields","Rebound"],"picked":"SKIP","floor":6.0},{"not_picked":["Compile Driver","Fusion+1"],"picked":"Glacier+1","floor":7.0},{"not_picked":["Stack+1","Sweeping Beam"],"picked":"Loop","floor":11.0},{"not_picked":["Glacier+1","Storm","Redo+1"],"picked":"SKIP","floor":13.0},{"not_picked":["Steam+1","Conserve Battery+1"],"picked":"Barrage","floor":14.0},{"not_picked":["All For One","Machine Learning"],"picked":"Electrodynamics","floor":16.0},{"not_picked":["Gash","Doom and Gloom"],"picked":"Go for the Eyes","floor":18.0},{"not_picked":["Gash","Beam Cell","Go for the Eyes"],"picked":"SKIP","floor":20.0},{"not_picked":["Static Discharge","Glacier+1"],"picked":"Cold Snap","floor":24.0},{"not_picked":["Blizzard","Beam Cell"],"picked":"White Noise+1","floor":27.0},{"not_picked":["Darkness+1","Tempest+1"],"picked":"Steam Power+1","floor":28.0},{"not_picked":["Barrage","Beam Cell+1"],"picked":"Reinforced Body+1","floor":29.0},{"not_picked":["Undo+1","Sweeping Beam"],"picked":"Turbo+1","floor":30.0},{"not_picked":["Sweeping Beam","Ball Lightning"],"picked":"Coolheaded+1","floor":31.0},{"not_picked":["Thunder Strike","Creative AI"],"picked":"Core Surge","floor":33.0},{"not_picked":["FTL","Scrape+1","BootSequence+1"],"picked":"SKIP","floor":35.0},{"not_picked":["Sweeping Beam","Melter","Ball Lightning"],"picked":"SKIP","floor":39.0},{"not_picked":["Turbo+1","Chaos+1","Streamline+1"],"picked":"SKIP","floor":40.0},{"not_picked":["Rebound","Rip and Tear"],"picked":"Stack+1","floor":41.0},{"not_picked":["Streamline","Rip and Tear","White Noise+1"],"picked":"SKIP","floor":44.0},{"not_picked":["Secret Technique+1","Thinking Ahead+1"],"picked":"Dark Shackles+1","floor":46.0},{"not_picked":["Stack+1","Rebound+1","Leap+1"],"picked":"SKIP","floor":48.0},{"not_picked":["Streamline","Ball Lightning"],"picked":"Stack+1","floor":55.0}],"player_experience":559544,"relics_obtained":[{"floor":6.0,"key":"Blue Candle"},{"floor":7.0,"key":"Toxic Egg 2"},{"floor":9.0,"key":"Meat on the Bone"},{"floor":11.0,"key":"Oddly Smooth Stone"},{"floor":14.0,"key":"Anchor"},{"floor":24.0,"key":"Potion Belt"},{"floor":26.0,"key":"Calipers"},{"floor":29.0,"key":"Pocketwatch"},{"floor":31.0,"key":"Girya"},{"floor":31.0,"key":"Shuriken"},{"floor":40.0,"key":"Eternal Feather"},{"floor":48.0,"key":"Bottled Tornado"},{"floor":55.0,"key":"Bottled Flame"}],"event_choices":[{"damage_healed":0.0,"max_hp_gain":0.0,"max_hp_loss":7.0,"gold_gain":0.0,"event_name":"Golden Idol","player_choice":"Lose Max HP","floor":5.0,"gold_loss":0.0,"damage_taken":0.0,"relics_obtained":["Golden Idol"]},{"damage_healed":0.0,"max_hp_gain":0.0,"max_hp_loss":0.0,"gold_gain":0.0,"event_name":"Dead Adventurer","player_choice":"Searched \u00272\u0027 times","floor":7.0,"gold_loss":0.0,"damage_taken":0.0},{"damage_healed":23.0,"max_hp_gain":0.0,"max_hp_loss":0.0,"gold_gain":0.0,"event_name":"Big Fish","player_choice":"Banana","floor":8.0,"gold_loss":0.0,"damage_taken":0.0},{"damage_healed":0.0,"max_hp_gain":0.0,"max_hp_loss":0.0,"gold_gain":0.0,"event_name":"Scrap Ooze","player_choice":"Success","floor":10.0,"gold_loss":0.0,"damage_taken":18.0,"relics_obtained":["InkBottle"]},{"damage_healed":0.0,"max_hp_gain":0.0,"max_hp_loss":0.0,"gold_gain":0.0,"event_name":"Forgotten Altar","player_choice":"Gave Idol","floor":21.0,"relics_lost":["Golden Idol"],"gold_loss":0.0,"damage_taken":0.0,"relics_obtained":["Bloody Idol"]},{"damage_healed":0.0,"max_hp_gain":0.0,"max_hp_loss":0.0,"gold_gain":0.0,"event_name":"Upgrade Shrine","player_choice":"Upgraded","floor":22.0,"gold_loss":0.0,"damage_taken":0.0,"cards_upgraded":["Defragment"]},{"damage_healed":0.0,"max_hp_gain":0.0,"max_hp_loss":0.0,"gold_gain":0.0,"event_name":"Colosseum","player_choice":"Fight","floor":31.0,"gold_loss":0.0,"damage_taken":0.0},{"damage_healed":0.0,"max_hp_gain":0.0,"max_hp_loss":0.0,"gold_gain":0.0,"event_name":"Colosseum","player_choice":"Fought Nobs","floor":31.0,"gold_loss":0.0,"damage_taken":0.0},{"cards_removed":["Rip and Tear"],"damage_healed":0.0,"max_hp_gain":0.0,"max_hp_loss":0.0,"gold_gain":0.0,"event_name":"Falling","player_choice":"Removed Attack","floor":36.0,"gold_loss":0.0,"damage_taken":0.0},{"damage_healed":0.0,"max_hp_gain":0.0,"max_hp_loss":4.0,"gold_gain":0.0,"event_name":"Winding Halls","player_choice":"Max HP","floor":37.0,"gold_loss":0.0,"damage_taken":0.0},{"damage_healed":0.0,"max_hp_gain":0.0,"max_hp_loss":0.0,"gold_gain":0.0,"event_name":"SensoryStone","player_choice":"Memory 3","floor":46.0,"gold_loss":0.0,"damage_taken":10.0}],"is_beta":false,"boss_relics":[{"not_picked":["Black Star","Runic Dome"],"picked":"Empty Cage"},{"not_picked":["Astrolabe","SlaversCollar"],"picked":"Fusion Hammer"}],"items_purged_floors":[19,38],"is_endless":false,"potions_floor_spawned":[1,6,7,14,18,27,29,31,31,39,41],"killed_by":"The Heart","ascension_level":20}}