{"host":"22s5scuj7mu87reg","time":1611317934,"event":{"mods":["BaseMod","Better Third Choice","Colored Powertips","Dota2Spire","Downfall","Duelist Mod","GungeonMod","Halation","Hubris","Infinite Spire","Koishi","KomeijiMod","Minty Spire (QoL Compilation)","Quick Restart","Replay The Spire","Shop Mod","StSLib","SuperFastMode","The Jungle","The Mystic","The Necromancer","Wandering Minibosses"],"gold_per_floor":[112,127,127,138,107,127,127,139,166,166,191,207,64,64,64,167,167,183,108,207,221,221,232,246,246,246,246,94,105,138,155,155,259,259,269,269,285,106,106,123,172,203,203,219,253,253,273,273,273,273],"floor_reached":51,"language":"POL","playtime":2745,"items_purged":["Strike_B","Strike_B","Defend_B","Defend_B"],"score":840,"play_id":"f9d47245-fdaf-48e1-9c3b-4fc7a0fa80c9","local_time":"20210122131854","is_ascension_mode":true,"campfire_choices":[{"data":"Zap","floor":7,"key":"SMITH"},{"floor":15,"key":"REST"},{"floor":25,"key":"REST"},{"data":"Buffer","floor":27,"key":"SMITH"},{"floor":46,"key":"REST"},{"data":"wanderingMiniBosses:FinaleOfPromise","floor":49,"key":"SMITH"}],"circlet_count":0,"master_deck":["Defend_B","Defend_B","Zap+1","Dualcast","Skim","Ball Lightning","Auto Shields","hubris:Ukulele","Barrage+1","Glacier","Defragment","Buffer+1","AbeCurse","Time Bomb+1","Barrage+1","Cold Snap+1","Lockon+1","Coolheaded","Static Discharge","Fission","Glacier+1","Defragment","hubris:DoWhile+1","wanderingMiniBosses:FinaleOfPromise+1","Heatsinks+1","hubris:Ukulele+1","Defragment+1","Electrodynamics","ReplayTheSpireMod:Calculation Training+1"],"relics":["Cracked Core","NeowsBlessing","betterThird:SlimedRelic","hubris:TenFootPole","Dota2Spire:DrumOfEndurance","Dota2Spire:EtherealBlade","Orichalcum","halation:PinkSoulGem","Abe\u0027s Treasure","ReplayTheSpireMod:EnergyBall","Dota2Spire:LotusOrb","infinitespire:Freezer","Replay:Bottled Flurry","hubris:VirtuousBlindfold","hubris:Towel","wanderingMiniBosses:Blackblade","Thread and Needle","Gremlin Horn","PreservedInsect","Orrery"],"acts_visited":["Exordium","TheCity","TheBeyond"],"potions_floor_usage":[41],"damage_taken":[{"damage":0,"enemies":"Jaw Worm","floor":1,"turns":1},{"damage":0,"enemies":"infinitespire:Voidling","floor":2,"turns":1},{"damage":0,"enemies":"2 Louse","floor":4,"turns":1},{"damage":11,"enemies":"Large Slime","floor":6,"turns":5},{"damage":4,"enemies":"2 Fungi Beasts","floor":8,"turns":7},{"damage":17,"enemies":"Gremlin Nob","floor":11,"turns":3},{"damage":0,"enemies":"Looter","floor":12,"turns":3},{"damage":6,"enemies":"The Guardian","floor":16,"turns":14},{"damage":0,"enemies":"3 Byrds","floor":18,"turns":5},{"damage":0,"enemies":"Shell Parasite","floor":21,"turns":6},{"damage":12,"enemies":"Snake Plant","floor":23,"turns":5},{"damage":22,"enemies":"Centurion and Healer","floor":24,"turns":7},{"damage":0,"enemies":"Snecko","floor":29,"turns":5},{"damage":0,"enemies":"Gremlin Leader","floor":30,"turns":6},{"damage":0,"enemies":"Cultist and Chosen","floor":31,"turns":6},{"damage":24,"enemies":"hubris:MusketHawk","floor":33,"turns":10},{"damage":3,"enemies":"3 Shapes","floor":35,"turns":6},{"damage":0,"enemies":"Orb Walker","floor":37,"turns":4},{"damage":0,"enemies":"3 Darklings","floor":40,"turns":5},{"damage":14,"enemies":"2 Orb Walkers","floor":41,"turns":4},{"damage":8,"enemies":"Nemesis","floor":42,"turns":7},{"damage":0,"enemies":"Jaw Worm Horde","floor":44,"turns":4},{"damage":20,"enemies":"Reptomancer","floor":45,"turns":4},{"damage":0,"enemies":"Sphere and 2 Shapes","floor":47,"turns":5},{"damage":13,"enemies":"Replay:Hell Engine","floor":50,"turns":14}],"seed_played":"8485091959223463193","potions_obtained":[{"floor":6,"key":"Dexterity Potion"},{"floor":11,"key":"Strength Potion"},{"floor":12,"key":"LiquidMemories"},{"floor":16,"key":"Dota2Spire:HealingSalve"},{"floor":31,"key":"Adrenaline Potion"}],"is_trial":false,"path_per_floor":["M","M","?","M","?","M","R","M","T","?","E","M","$","?","R","B",null,"M","?","?","M","AVR","M","M","R","T","R","$","M","E","M","R","B",null,"M","?","M","$","?","M","?","E","T","M","E","R","M","AVR","R","B",null],"character_chosen":"DEFECT","items_purchased":["Defragment","infinitespire:Freezer","hubris:DoWhile"],"campfire_rested":3,"item_purchase_floors":[13,28,38],"current_hp_per_floor":[68,68,68,68,57,46,46,42,42,28,11,11,11,11,33,27,63,63,63,63,63,63,51,29,51,51,51,51,51,51,51,73,49,69,66,66,66,66,66,66,61,53,53,53,33,55,55,55,55,42],"gold":273,"neow_bonus":"THREE_ENEMY_KILL","is_daily":false,"chose_seed":false,"campfire_upgraded":3,"win_rate":0.0,"timestamp":1611317934,"path_taken":["M","M","?","?","?","M","R","M","T","?","E","M","$","?","R","BOSS","M","?","?","M","AVR","M","M","R","T","R","$","M","E","M","R","BOSS","M","?","M","$","?","M","?","E","T","M","E","R","M","AVR","R","BOSS"],"items_purchased_type":["Card","Relic","Card"],"build_version":"2020-12-13","purchased_purges":4,"victory":true,"max_hp_per_floor":[75,75,75,75,75,75,75,75,75,75,75,75,75,75,75,75,75,75,75,75,75,75,75,75,75,75,75,75,75,75,75,75,75,75,75,75,75,75,75,75,75,75,75,75,75,75,75,75,75,75],"card_choices":[{"not_picked":["BasicCrystalCard","Leap"],"picked":"Skim","floor":1},{"not_picked":["Gash","Go for the Eyes"],"picked":"Ball Lightning","floor":2},{"not_picked":["Barrage","hubris:PowerSurge"],"picked":"Auto Shields","floor":4},{"not_picked":["Barrage","Compile Driver"],"picked":"hubris:Ukulele","floor":6},{"not_picked":["Turbo","Darkness","Hyperbeam"],"picked":"SKIP","floor":8},{"not_picked":["Go for the Eyes","All For One"],"picked":"Barrage","floor":11},{"not_picked":["Sweeping Beam","Steam"],"picked":"Glacier","floor":12},{"not_picked":["Reboot","hubris:SpecializedCircuitry"],"picked":"Buffer","floor":16},{"not_picked":["Fusion","Coolheaded"],"picked":"Time Bomb+1","floor":18},{"not_picked":["Auto Shields","Skim","Storm"],"picked":"SKIP","floor":21},{"not_picked":["Ball Lightning","Stack"],"picked":"Barrage+1","floor":23},{"not_picked":["Recycle","Barrage+1"],"picked":"Cold Snap+1","floor":24},{"not_picked":["ReplayGash","Reprogram"],"picked":"Lockon+1","floor":29},{"not_picked":["ReplayTheSpireMod:Repulse","Streamline"],"picked":"Coolheaded","floor":30},{"not_picked":["Cold Snap","Steam"],"picked":"Static Discharge","floor":31},{"not_picked":["Core Surge","Seek"],"picked":"Fission","floor":33},{"not_picked":["Stack+1","Barrage+1"],"picked":"Glacier+1","floor":35},{"not_picked":["Ball Lightning","Coolheaded+1"],"picked":"Defragment","floor":37},{"not_picked":[],"picked":"wanderingMiniBosses:FinaleOfPromise","floor":40},{"not_picked":["Sweeping Beam","BasicCrystalCard+1"],"picked":"Heatsinks+1","floor":40},{"not_picked":["Double Energy+1","Redo+1"],"picked":"hubris:Ukulele+1","floor":41},{"not_picked":["Coolheaded+1","Beam Cell"],"picked":"Defragment+1","floor":42},{"not_picked":["BasicCrystalCard","Crystallizer","Redo"],"picked":"SKIP","floor":44},{"not_picked":["Conserve Battery","Go for the Eyes"],"picked":"Electrodynamics","floor":45},{"not_picked":["Conserve Battery+1","Cold Snap","Steam+1"],"picked":"SKIP","floor":47},{"not_picked":["Hologram","Redo+1"],"picked":"ReplayTheSpireMod:Calculation Training+1","floor":48}],"player_experience":170554,"relics_obtained":[{"floor":9,"key":"hubris:TenFootPole"},{"floor":11,"key":"Orichalcum"},{"floor":26,"key":"Dota2Spire:LotusOrb"},{"floor":30,"key":"Replay:Bottled Flurry"},{"floor":40,"key":"wanderingMiniBosses:Blackblade"},{"floor":41,"key":"Thread and Needle"},{"floor":42,"key":"Gremlin Horn"},{"floor":45,"key":"PreservedInsect"}],"event_choices":[{"cards_removed":["Strike_B"],"damage_healed":0,"gold_gain":0,"player_choice":"Offered Basic","damage_taken":0,"max_hp_gain":0,"max_hp_loss":0,"event_name":"Bonfire Elementals","floor":3,"gold_loss":0},{"damage_healed":0,"gold_gain":0,"player_choice":"Slimed","damage_taken":11,"max_hp_gain":0,"max_hp_loss":0,"event_name":"betterThird:BetterGoop","floor":5,"gold_loss":31},{"damage_healed":0,"gold_gain":1,"player_choice":"Relic Relic ","damage_taken":31,"max_hp_gain":0,"max_hp_loss":0,"event_name":"betterThird:BetterScrap","floor":10,"gold_loss":0,"cards_obtained":["Sever Soul"]},{"cards_removed":["Strike_B"],"damage_healed":0,"gold_gain":0,"player_choice":"Gave Gold","damage_taken":0,"max_hp_gain":0,"max_hp_loss":0,"event_name":"Beggar","floor":19,"gold_loss":75},{"damage_healed":0,"gold_gain":99,"player_choice":"Steal","damage_taken":0,"max_hp_gain":0,"max_hp_loss":0,"event_name":"betterThird:BetterNest","floor":20,"gold_loss":0},{"damage_healed":0,"gold_gain":0,"player_choice":"Fight","damage_taken":0,"max_hp_gain":0,"max_hp_loss":0,"event_name":"Mysterious Sphere","floor":41,"gold_loss":0}],"is_beta":false,"boss_relics":[{"not_picked":["hubris:Stopwatch","Coffee Dripper"],"picked":"Abe\u0027s Treasure"},{"not_picked":["halation:MonkeysPaw","Replay:Fungal Core"],"picked":"hubris:VirtuousBlindfold"}],"items_purged_floors":[13,22,38,48],"is_endless":false,"potions_floor_spawned":[6,11,12,16,24,29,31,35,40,42,44],"ascension_level":7}}