{"host":"9tzam4717zt8ei1o","time":1611327708,"event":{"mods":["BaseMod","Colored Map","Keyboard Shortcuts","Minty Spire (QoL Compilation)","Quick Restart","StSLib","SuperFastMode"],"gold_per_floor":[111,111,111,130,142,171,171,183,183,31,46,6,6,38,38,112,112,122,92,92,107,382,397,397,397],"floor_reached":24,"language":"KOR","playtime":488,"items_purged":["Strike_R"],"score":412,"play_id":"8e94aa5b-6fde-47ba-8860-da34b823fa8e","local_time":"20210123000148","is_ascension_mode":true,"campfire_choices":[{"data":"Flex","floor":7.0,"key":"SMITH"},{"data":"Limit Break","floor":15,"key":"SMITH"}],"circlet_count":0,"master_deck":["AscendersBane","Strike_R","Strike_R","Strike_R","Strike_R","Defend_R","Defend_R","Defend_R","Defend_R","Bash","Dropkick","Flex+1","Pommel Strike","Seeing Red","Feel No Pain","Carnage","Limit Break+1","Offering","Blood for Blood","Shrug It Off","Decay","Regret"],"relics":["Black Blood","NeowsBlessing","FaceOfCleric","Pantograph","Incense Burner","Du-Vu Doll"],"acts_visited":["Exordium","TheCity"],"potions_floor_usage":[12,16,21,23,24],"damage_taken":[{"damage":0.0,"enemies":"2 Louse","floor":1.0,"turns":1.0},{"damage":0.0,"enemies":"Jaw Worm","floor":4.0,"turns":1.0},{"damage":0.0,"enemies":"Cultist","floor":5.0,"turns":1.0},{"damage":42.0,"enemies":"Lagavulin","floor":6.0,"turns":7.0},{"damage":14.0,"enemies":"Red Slaver","floor":8.0,"turns":2.0},{"damage":37,"enemies":"Gremlin Gang","floor":11,"turns":6},{"damage":4,"enemies":"Looter","floor":12,"turns":4},{"damage":5,"enemies":"3 Sentries","floor":14,"turns":13},{"damage":33,"enemies":"Hexaghost","floor":16,"turns":9},{"damage":38,"enemies":"2 Thieves","floor":18,"turns":4},{"damage":41,"enemies":"3 Byrds","floor":21,"turns":5},{"damage":31,"enemies":"Snecko","floor":23,"turns":4},{"damage":18,"enemies":"Gremlin Leader","floor":24,"turns":5}],"seed_played":"4321679678628223546","potions_obtained":[{"floor":4.0,"key":"HeartOfIron"},{"floor":11,"key":"Weak Potion"},{"floor":14,"key":"Swift Potion"},{"floor":16,"key":"EssenceOfSteel"},{"floor":18,"key":"BlessingOfTheForge"},{"floor":21,"key":"BloodPotion"}],"is_trial":false,"path_per_floor":["M","?","?","M","M","E","R","M","T","$","M","M","$","E","R","B",null,"M","$","?","M","?","M","E"],"character_chosen":"IRONCLAD","items_purchased":["Seeing Red","Shrug It Off"],"campfire_rested":0,"item_purchase_floors":[10,19],"current_hp_per_floor":[74,79,79,81,82,47,47,40,40,40,10,13,13,15,15,14,70,45,45,45,17,17,17,0,0],"gold":397,"neow_bonus":"THREE_ENEMY_KILL","is_daily":false,"chose_seed":false,"campfire_upgraded":2,"win_rate":0.0,"timestamp":1611327708,"path_taken":["M","?","?","?","M","E","R","M","T","?","M","?","$","E","R","BOSS","M","$","?","M","?","M","E"],"items_purchased_type":["Card","Card"],"build_version":"2020-12-22","purchased_purges":1,"victory":false,"max_hp_per_floor":[75,80,80,81,82,83,83,84,84,84,85,86,86,87,87,88,88,89,89,89,90,90,91,91,91],"card_choices":[{"not_picked":["Flex","Anger","Twin Strike"],"picked":"SKIP","floor":1.0},{"not_picked":["Thunderclap","Pommel Strike"],"picked":"Dropkick","floor":4.0},{"not_picked":["Wild Strike","Iron Wave","Flame Barrier"],"picked":"SKIP","floor":5.0},{"not_picked":["Reaper","Heavy Blade"],"picked":"Flex","floor":6.0},{"not_picked":["Rupture","Clash"],"picked":"Pommel Strike","floor":8.0},{"not_picked":["Anger","Headbutt"],"picked":"Feel No Pain","floor":11},{"not_picked":["Metallicize","Sword Boomerang"],"picked":"Carnage","floor":12},{"not_picked":["Clash","Exhume"],"picked":"Limit Break","floor":14},{"not_picked":["Berserk","Limit Break"],"picked":"Offering","floor":16},{"not_picked":["Twin Strike","Armaments"],"picked":"Blood for Blood","floor":18},{"not_picked":["Wild Strike","Rampage+1","Armaments"],"picked":"SKIP","floor":21},{"not_picked":["Perfected Strike+1","Pommel Strike","Clothesline"],"picked":"SKIP","floor":23}],"player_experience":92914,"relics_obtained":[{"floor":6.0,"key":"Pantograph"},{"floor":9.0,"key":"Incense Burner"},{"floor":14,"key":"Du-Vu Doll"}],"event_choices":[{"damage_healed":0.0,"max_hp_gain":5.0,"max_hp_loss":0.0,"gold_gain":0.0,"event_name":"Big Fish","player_choice":"Donut","floor":2.0,"gold_loss":0.0,"damage_taken":0.0},{"damage_healed":0.0,"max_hp_gain":0.0,"max_hp_loss":0.0,"gold_gain":0.0,"event_name":"FaceTrader","player_choice":"Trade","floor":3.0,"gold_loss":0.0,"damage_taken":0.0,"relics_obtained":["FaceOfCleric"]},{"damage_healed":0,"gold_gain":0,"player_choice":"Smashed Altar","damage_taken":0,"max_hp_gain":0,"max_hp_loss":0,"event_name":"Forgotten Altar","floor":20,"gold_loss":0,"cards_obtained":["Decay"]},{"damage_healed":0,"gold_gain":275,"player_choice":"Desecrate","damage_taken":0,"max_hp_gain":0,"max_hp_loss":0,"event_name":"Golden Shrine","floor":22,"gold_loss":0,"cards_obtained":["Regret"]}],"is_beta":false,"boss_relics":[{"not_picked":["Fusion Hammer","Runic Dome"],"picked":"Black Blood"}],"items_purged_floors":[10],"is_endless":false,"potions_floor_spawned":[4,11,14,16,18,21],"killed_by":"Gremlin Leader","ascension_level":20}}