{"host":"pesfwaef25r60kxm","time":1611293944,"event":{"mods":["Ascension Reborn","BaseMod","Challenge The Spire","Colored Powertips","Friendly Minions","Hunter 猎人","Kiyohime（清姬）","LagranYue(拉格朗・月)","Marisa（F雨　魔理沙）","Minty Spire (QoL Compilation)","Remilia（蕾米莉亚）","RumiaBox-露米娅的神秘盒子","Shop Mod","StSLib","Td1madao Mod","The Construct","The Cursed","The Poker Player","The Senshi","The Servant 0.9.4","Youmu（魂魄妖梦）","[IsaacMod]以撒尖塔","vexMod"],"gold_per_floor":[118,128,53,69,1,1,1,1],"floor_reached":7,"language":"ZHS","playtime":344,"items_purged":["LagranYue:BaseAttackCard"],"score":41,"play_id":"791c7d4a-a783-4b4a-8864-7dd7351ad4ed","local_time":"20210122133904","is_ascension_mode":true,"campfire_choices":[{"data":"LagranYue:AttackRavagedCard","floor":6,"key":"SMITH"}],"circlet_count":0,"master_deck":["LagranYue:BaseAttackCard","LagranYue:BaseAttackCard","LagranYue:BaseDefendCard","LagranYue:BaseDefendCard","LagranYue:BaseDefendCard","LagranYue:AttackTopazCard","LagranYue:SkillBrokenSwordCard","LagranYue:BaseAttackCard","LagranYue:BaseDefendCard","SuicideKing","LagranYue:PowerDarkTempleCard","LagranYue:AttackRavagedCard+1","LagranYue:PurpleNightmareCard"],"relics":["LagranYue:ArmsProficiencyRelics","HushsDoor","LagranYue:RandomDrawCardRelic","GuppysTail","NeowsBlessing","AddBug","SecretRecord"],"acts_visited":["Exordium"],"potions_floor_usage":[],"damage_taken":[{"damage":0,"enemies":"Cultist","floor":1,"turns":1},{"damage":0,"enemies":"Jaw Worm","floor":2,"turns":1},{"damage":0,"enemies":"2 Louse","floor":4,"turns":1},{"damage":79,"enemies":"3 Sentries","floor":7,"turns":14}],"seed_played":"-2280133719371518839","potions_obtained":[],"is_trial":false,"path_per_floor":["M","M","$","M","$","R","E"],"character_chosen":"LagranYueCharacter","items_purchased":["LagranYue:PurpleNightmareCard"],"campfire_rested":0,"item_purchase_floors":[5],"current_hp_per_floor":[75,75,75,75,75,75,0,0],"gold":1,"neow_bonus":"THREE_ENEMY_KILL","is_daily":false,"chose_seed":false,"campfire_upgraded":1,"win_rate":0.0,"timestamp":1611293944,"path_taken":["M","M","?","M","$","R","E"],"items_purchased_type":["Card"],"build_version":"2020-12-22","purchased_purges":1,"victory":false,"max_hp_per_floor":[75,75,75,75,75,75,75,75],"card_choices":[{"not_picked":[],"picked":"SuicideKing","floor":0},{"not_picked":["LagranYue:SkillDistortionCard","LagranYue:TestChooseCard","LagranYue:SkillLiberationCard"],"picked":"SKIP","floor":1},{"not_picked":["LagranYue:RoseCard","LagranYue:AttackMagicStarsCard"],"picked":"LagranYue:PowerDarkTempleCard","floor":2},{"not_picked":["LagranYue:SkillTestamentCard","LagranYue:AttackGoldCard"],"picked":"LagranYue:AttackRavagedCard","floor":4}],"player_experience":162668,"relics_obtained":[{"floor":1,"key":"AddBug"}],"event_choices":[],"is_beta":false,"boss_relics":[],"items_purged_floors":[3],"is_endless":false,"potions_floor_spawned":[1],"killed_by":"3 Sentries","ascension_level":0}}