{"host":"Zemeckis","time":1611342983,"event":{"mods":["Aspiration","BaseMod","Better Synergies","Conspire","Energized Spire","Friendly Minions","Halation","Hubris","Mimic Mod","Minty Spire (QoL Compilation)","Replay The Spire","StSLib","vexMod"],"gold_per_floor":[110,110,285,299,316,346,346,374,411,437,469,486,486,521,521,625,625,644,413,429,444,444,444,455,485,485,485,69,99,99,99,99,198,198,210,210,220,220,220,240,273,148,148,148,0,15,41,55,55,156,156,156,6,6,24,20,46,46,74,105,130,140,140,140,166,166,262,262,277,34,34,53,53,53,53,87,115,131,164,184,211,211,211,211,211],"floor_reached":84,"language":"ENG","playtime":3914,"items_purged":["Doubt","Amnesia","Writhe","Strike_G","Strike_G"],"score":2235,"play_id":"711ae1c9-6722-4f87-bc0b-eebb9f9dab0a","local_time":"20210122111623","daily_mods":["Heirloom","Time Dilation","DeadlyEvents","Elite Swarm","Lethality","Terminal"],"is_ascension_mode":true,"campfire_choices":[{"data":"Dagger Spray","floor":7,"key":"SMITH"},{"data":"After Image","floor":15,"key":"SMITH"},{"data":"ReplayTheSpireMod:Scrap Shanks","floor":23,"key":"SMITH"},{"data":"Envenom","floor":32,"key":"SMITH"},{"data":"Burst","floor":44,"key":"SMITH"},{"data":"Prepared","floor":49,"key":"SMITH"},{"data":"Languid","floor":58,"key":"SMITH"},{"data":"Poison Darts","floor":63,"key":"SMITH"},{"data":"Storm of Steel","floor":66,"key":"SMITH"},{"data":"Replay:Bag of Tricks","floor":74,"key":"SMITH"},{"data":"Accuracy","floor":83,"key":"SMITH"}],"circlet_count":0,"master_deck":["Strike_G","Strike_G","Strike_G","Defend_G+1","Defend_G","Defend_G","Defend_G","Defend_G+1","Survivor","Neutralize","Backflip","Dagger Spray+1","Prepared+1","Envenom+1","Envenom","After Image+1","Bouncing Flask+1","Infinite Blades+1","ReplayTheSpireMod:Scrap Shanks+1","Hidden Blade","Blade Dance+1","Tactician+1","Crippling Poison+1","Blur+1","Draining Mist+1","Accuracy+1","Fluid Movement","Burst+1","Storm of Steel+1","Poison Darts+1","Replay:Bag of Tricks+1","Outmaneuver+1","Noxious Fumes"],"relics":["Unceasing Top","CaptainsWheel","Pantograph","Mummified Hand","ReplayFunnel","TungstenRod","halation:Trompette","energizedSpire:EnergizedDie","Orrery","aspiration:HummingbirdHeart","Shuriken","vexMod:ScavengeHelm","conspire:DecoderRing","Kunai","WristBlade","halation:EternalFortune","conspire:BottledYoYo","StoneCalendar","Red Mask","vexMod:RetaliationKit","vexMod:TanglingVine","ReplayTheSpireMod:CursedCoin","halation:PrussianBluePaint","Durian","Replay:Bottled Steam","Replay:Grab Bag","Cursed Key","Busted Crown","HoveringKite"],"acts_visited":["Exordium","TheCity","TheBeyond","Exordium","TheCity"],"potions_floor_usage":[8,14,29,29,33,47,47,50,67,75,77],"damage_taken":[{"damage":0,"enemies":"Small Slimes","floor":1,"turns":2},{"damage":0,"enemies":"conspire:RoseBush","floor":4,"turns":3},{"damage":0,"enemies":"Cultist","floor":5,"turns":3},{"damage":0,"enemies":"3 Sentries","floor":6,"turns":6},{"damage":12,"enemies":"Gremlin Nob","floor":8,"turns":4},{"damage":0,"enemies":"conspire:2 RoseBushes","floor":9,"turns":8},{"damage":12,"enemies":"3 Sentries","floor":10,"turns":6},{"damage":0,"enemies":"Lagavulin","floor":11,"turns":7},{"damage":1,"enemies":"conspire:2 RoseBushes","floor":12,"turns":4},{"damage":6,"enemies":"3 Sentries","floor":14,"turns":5},{"damage":0,"enemies":"Slime Boss","floor":16,"turns":7},{"damage":0,"enemies":"Shell Parasite","floor":18,"turns":4},{"damage":0,"enemies":"Spheric Guardian","floor":20,"turns":3},{"damage":0,"enemies":"Snake Plant","floor":21,"turns":3},{"damage":0,"enemies":"Shelled Parasite and Fungi","floor":22,"turns":3},{"damage":0,"enemies":"Centurion and Healer","floor":24,"turns":5},{"damage":0,"enemies":"conspire:Head Lice","floor":25,"turns":5},{"damage":0,"enemies":"Book of Stabbing","floor":29,"turns":3},{"damage":0,"enemies":"Snake Plant","floor":31,"turns":2},{"damage":0,"enemies":"Pondfish","floor":33,"turns":10},{"damage":0,"enemies":"Orb Walker","floor":35,"turns":1},{"damage":0,"enemies":"3 Darklings","floor":37,"turns":4},{"damage":1,"enemies":"4 Shapes","floor":38,"turns":4},{"damage":0,"enemies":"Spire Growth","floor":40,"turns":3},{"damage":0,"enemies":"Giant Head","floor":41,"turns":6},{"damage":0,"enemies":"Transient","floor":46,"turns":5},{"damage":12,"enemies":"Nemesis","floor":47,"turns":7},{"damage":0,"enemies":"Writhing Mass","floor":48,"turns":4},{"damage":24,"enemies":"Time Eater","floor":50,"turns":9},{"damage":0,"enemies":"Small Slimes","floor":52,"turns":2},{"damage":0,"enemies":"2 Louse","floor":55,"turns":1},{"damage":0,"enemies":"Gremlin Nob","floor":57,"turns":2},{"damage":0,"enemies":"3 Sentries","floor":59,"turns":3},{"damage":0,"enemies":"Jaw Worm","floor":60,"turns":6},{"damage":0,"enemies":"Lagavulin","floor":61,"turns":2},{"damage":0,"enemies":"Jaw Worm","floor":62,"turns":1},{"damage":0,"enemies":"Gremlin Nob","floor":65,"turns":1},{"damage":0,"enemies":"The Guardian","floor":67,"turns":5},{"damage":0,"enemies":"Spheric Guardian","floor":69,"turns":1},{"damage":0,"enemies":"Shell Parasite","floor":72,"turns":1},{"damage":0,"enemies":"Replay:Snechameleon","floor":75,"turns":3},{"damage":0,"enemies":"conspire:Head Lice","floor":76,"turns":5},{"damage":6,"enemies":"Slavers","floor":77,"turns":4},{"damage":0,"enemies":"Snecko","floor":78,"turns":3},{"damage":0,"enemies":"Book of Stabbing","floor":79,"turns":4},{"damage":0,"enemies":"3 Cultists","floor":80,"turns":2},{"damage":0,"enemies":"Gremlin Leader","floor":81,"turns":3},{"damage":0,"enemies":"Shelled Parasite and Fungi","floor":82,"turns":2},{"damage":35,"enemies":"Collector","floor":84,"turns":5}],"seed_played":"7060196649729966238","potions_obtained":[{"floor":6,"key":"SkillPotion"},{"floor":10,"key":"Block Potion"},{"floor":12,"key":"Venom Potion"},{"floor":14,"key":"GamblersBrew"},{"floor":16,"key":"LiquidMemories"},{"floor":33,"key":"DuplicationPotion"},{"floor":35,"key":"AttackPotion"},{"floor":38,"key":"LiquidBronze"},{"floor":46,"key":"Fruit Juice"},{"floor":47,"key":"Strength Potion"},{"floor":61,"key":"Weak Potion"},{"floor":64,"key":"Adrenaline Potion"},{"floor":67,"key":"GamblersBrew"},{"floor":76,"key":"DuplicationPotion"},{"floor":77,"key":"AttackPotion"}],"is_trial":true,"path_per_floor":["M","?","?","M","M","E","R","E","MIM","E","E","M","?","E","R","B",null,"M","$","M","M","M","R","M","E","T","?","$","E","T","M","R","B",null,"M","?","M","M","?","M","E","$","T","R","?","M","E","M","R","B",null,"M","$","?","M","$","E","R","E","MIM","E","M","R","?","E","R","B",null,"M","$","?","M","?","R","E","E","E","M","E","M","E","M","R","B"],"character_chosen":"THE_SILENT","items_purchased":["Orrery","vexMod:ScavengeHelm","Fluid Movement","ReplayTheSpireMod:CursedCoin","halation:PrussianBluePaint","Noxious Fumes"],"campfire_rested":0,"item_purchase_floors":[19,28,28,56,56,70],"current_hp_per_floor":[68,54,54,54,54,54,54,42,42,30,30,29,29,23,23,48,52,51,50,49,48,47,46,45,44,43,42,41,40,39,38,37,36,35,34,36,35,34,33,32,31,30,29,28,27,26,19,19,19,4,26,25,24,14,14,14,14,14,17,22,22,22,22,18,18,18,21,20,19,18,17,16,15,14,13,12,6,9,9,9,9,9,8,0,0],"gold":211,"neow_bonus":"","is_daily":false,"chose_seed":false,"campfire_upgraded":11,"win_rate":0.0,"timestamp":1611342983,"path_taken":["M","?","?","M","M","E","R","E","MIM","E","?","?","?","E","R","BOSS","M","$","M","M","?","R","M","E","T","?","$","E","?","M","R","BOSS","M","?","M","M","?","M","E","$","T","R","?","M","E","M","R","BOSS","M","$","?","M","$","E","R","E","MIM","E","M","R","?","E","R","BOSS","M","$","?","M","?","R","E","?","E","M","E","M","E","M","R","BOSS"],"items_purchased_type":["Relic","Relic","Card","Relic","Relic","Card"],"build_version":"2020-12-18","purchased_purges":5,"victory":false,"max_hp_per_floor":[68,67,66,65,64,63,62,61,60,59,58,57,56,55,54,53,52,51,50,49,48,47,46,45,44,43,42,41,40,39,38,37,36,35,34,36,35,34,33,32,31,30,29,28,27,26,30,29,28,27,26,25,24,23,22,21,20,19,21,25,24,23,22,21,20,19,21,20,19,18,17,16,15,14,13,12,11,13,12,11,10,9,8,8,8],"card_choices":[{"not_picked":["Dagger Throw","Deadly Poison"],"picked":"Backflip","floor":1},{"not_picked":["Outmaneuver","Tactician"],"picked":"Dagger Spray","floor":4},{"not_picked":["hubris:SlightOfHand","Flying Knee"],"picked":"Prepared","floor":5},{"not_picked":["Die Die Die","Phantasmal Killer","A Thousand Cuts"],"picked":"SKIP","floor":6},{"not_picked":["Die Die Die","Doppelganger"],"picked":"Envenom","floor":8},{"not_picked":["Wraith Form v2","Storm of Steel","Phantasmal Killer"],"picked":"SKIP","floor":10},{"not_picked":["Die Die Die","Storm of Steel"],"picked":"Envenom","floor":11},{"not_picked":["Dagger Throw","Acrobatics","hubris:SlightOfHand"],"picked":"SKIP","floor":12},{"not_picked":["A Thousand Cuts","Storm of Steel"],"picked":"After Image","floor":14},{"not_picked":["Eviscerate","Sucker Punch"],"picked":"Bouncing Flask","floor":18},{"not_picked":["Dash","hubris:Sniper"],"picked":"Infinite Blades+1","floor":19},{"not_picked":["Prepared","Calculated Gamble"],"picked":"ReplayTheSpireMod:Scrap Shanks","floor":19},{"not_picked":["Outmaneuver","Dodge and Roll"],"picked":"Hidden Blade","floor":19},{"not_picked":["Underhanded Strike+1","hubris:SlightOfHand"],"picked":"Blade Dance+1","floor":19},{"not_picked":["Caltrops","Riddle With Holes"],"picked":"Tactician+1","floor":19},{"not_picked":["Blade Dance+1","Caltrops"],"picked":"Crippling Poison+1","floor":20},{"not_picked":["hubris:SlightOfHand","Cloak And Dagger+1"],"picked":"Blur+1","floor":21},{"not_picked":["Acrobatics","PiercingWail"],"picked":"Draining Mist+1","floor":22},{"not_picked":["PiercingWail","Outmaneuver"],"picked":"Accuracy","floor":24},{"not_picked":["Die Die Die","Grand Finale","ReplayTheSpireMod:Necrosis"],"picked":"SKIP","floor":25},{"not_picked":["Venomology","Unload","Wraith Form v2"],"picked":"SKIP","floor":29},{"not_picked":["Underhanded Strike","Quick Slash","Prepared"],"picked":"SKIP","floor":31},{"not_picked":["Skewer+1","Heel Hook","All Out Attack+1"],"picked":"SKIP","floor":35},{"not_picked":["Bane","hubris:SlightOfHand+1","Poisoned Stab"],"picked":"SKIP","floor":37},{"not_picked":["Backflip+1","Heel Hook","Bane+1"],"picked":"SKIP","floor":38},{"not_picked":["hubris:SlightOfHand","Bouncing Flask","PiercingWail+1"],"picked":"SKIP","floor":40},{"not_picked":["Wraith Form v2","Corpse Explosion"],"picked":"Burst","floor":41},{"not_picked":["Bane+1","PiercingWail","Flechettes"],"picked":"SKIP","floor":46},{"not_picked":["ReplayTheSpireMod:From All Sides","Envenom","Grand Finale"],"picked":"SKIP","floor":47},{"not_picked":["Backflip+1","Deadly Poison+1","PiercingWail"],"picked":"SKIP","floor":48},{"not_picked":["Bane","Sucker Punch","Dodge and Roll"],"picked":"SKIP","floor":52},{"not_picked":["Terror","Hidden Blade","Dodge and Roll"],"picked":"SKIP","floor":55},{"not_picked":["Envenom","Bullet Time"],"picked":"Storm of Steel","floor":57},{"not_picked":["Doppelganger","Die Die Die","ReplayTheSpireMod:Necrosis"],"picked":"SKIP","floor":59},{"not_picked":["Phantasmal Killer","Wraith Form v2"],"picked":"Poison Darts","floor":61},{"not_picked":["Riddle With Holes","Poisoned Stab","Quick Slash"],"picked":"SKIP","floor":62},{"not_picked":["Phantasmal Killer","Malaise","Corpse Explosion"],"picked":"SKIP","floor":65},{"not_picked":["Night Terror","Doppelganger"],"picked":"Replay:Bag of Tricks","floor":67},{"not_picked":[],"picked":"Outmaneuver+1","floor":69},{"not_picked":["PiercingWail+1"],"picked":"SKIP","floor":72},{"not_picked":["Glass Knife"],"picked":"SKIP","floor":75},{"not_picked":["Wraith Form v2"],"picked":"SKIP","floor":76},{"not_picked":["Doppelganger"],"picked":"SKIP","floor":77},{"not_picked":["Toxin Wave"],"picked":"SKIP","floor":78},{"not_picked":["aspiration:Lunge"],"picked":"SKIP","floor":79},{"not_picked":["Outmaneuver"],"picked":"SKIP","floor":80},{"not_picked":["Poison Darts"],"picked":"SKIP","floor":81},{"not_picked":["Concentrate"],"picked":"SKIP","floor":82}],"player_experience":275146,"relics_obtained":[{"floor":6,"key":"Pantograph"},{"floor":8,"key":"Mummified Hand"},{"floor":10,"key":"ReplayFunnel"},{"floor":11,"key":"TungstenRod"},{"floor":14,"key":"halation:Trompette"},{"floor":25,"key":"aspiration:HummingbirdHeart"},{"floor":26,"key":"Shuriken"},{"floor":29,"key":"conspire:DecoderRing"},{"floor":30,"key":"Kunai"},{"floor":41,"key":"conspire:BottledYoYo"},{"floor":43,"key":"StoneCalendar"},{"floor":47,"key":"vexMod:RetaliationKit"},{"floor":59,"key":"halation:EternalFortune"},{"floor":60,"key":"Durian"},{"floor":64,"key":"Replay:Bottled Steam"},{"floor":67,"key":"halation:EternalFortune"},{"floor":78,"key":"halation:EternalFortune"}],"event_choices":[{"damage_healed":0,"gold_gain":0,"player_choice":"Entered Light","damage_taken":14,"max_hp_gain":0,"max_hp_loss":0,"event_name":"Shining Light","floor":2,"gold_loss":0,"cards_upgraded":["Defend_G","Defend_G"]},{"damage_healed":0,"gold_gain":175,"player_choice":"AGREE","damage_taken":0,"max_hp_gain":0,"max_hp_loss":0,"event_name":"Liars Game","floor":3,"gold_loss":0,"cards_obtained":["Doubt"]},{"damage_healed":0,"gold_gain":0,"player_choice":"Ignored","damage_taken":0,"max_hp_gain":0,"max_hp_loss":0,"event_name":"NoteForYourself","floor":13,"gold_loss":0},{"damage_healed":0,"gold_gain":0,"player_choice":"Ignored","damage_taken":0,"max_hp_gain":0,"max_hp_loss":0,"event_name":"Vampires","floor":27,"gold_loss":0},{"damage_healed":9,"gold_gain":0,"player_choice":"Writhe","damage_taken":0,"max_hp_gain":0,"max_hp_loss":0,"event_name":"Winding Halls","floor":39,"gold_loss":0,"cards_obtained":["Writhe"]},{"damage_healed":0,"gold_gain":0,"player_choice":"Paid","damage_taken":0,"relics_obtained":["Red Mask"],"max_hp_gain":0,"max_hp_loss":0,"event_name":"Tomb of Lord Red Mask","floor":45,"gold_loss":148},{"damage_healed":0,"gold_gain":75,"player_choice":"Gather Gold","damage_taken":11,"max_hp_gain":0,"max_hp_loss":0,"event_name":"World of Goop","floor":54,"gold_loss":0},{"damage_healed":0,"gold_gain":0,"player_choice":"Ignored","damage_taken":0,"max_hp_gain":0,"max_hp_loss":0,"event_name":"Vampires","floor":71,"gold_loss":0},{"damage_healed":0,"gold_gain":0,"player_choice":"0 cards matched","damage_taken":0,"max_hp_gain":0,"max_hp_loss":0,"event_name":"Match and Keep!","floor":73,"gold_loss":0,"cards_obtained":[]}],"is_beta":true,"boss_relics":[{"not_picked":["aspiration:RunicSpoon","ReplayTheSpireMod:DimensionalGlitch"],"picked":"energizedSpire:EnergizedDie"},{"not_picked":["Black Star","Empty Cage"],"picked":"WristBlade"},{"not_picked":["Replay:Ancient Bell","vexMod:ImprovementManual"],"picked":"vexMod:TanglingVine"},{"not_picked":["Ring of Chaos","hubris:GrandSneckoEye"],"picked":"Replay:Grab Bag"},{"not_picked":["vexMod:CursedCompass","hubris:RunicObelisk"],"picked":"Cursed Key"},{"not_picked":["Runic Dome","ChewingGum"],"picked":"Busted Crown"},{"not_picked":["Snecko Heart","vexMod:MysteryBossChallenge"],"picked":"HoveringKite"}],"items_purged_floors":[19,28,42,53,70],"is_endless":true,"potions_floor_spawned":[6,10,12,14,16,21,24,25,33,35,38,40,46,47,61,65,67,76,77,79,80,81,82],"killed_by":"Collector","ascension_level":1}}