{"host":"mlczotyo8j5fj6lt","time":1611295103,"event":{"mods":["AchievementEnabler","BaseMod","Better Third Choice","BetterRewards","Conspire","Defective Defect","Fox Events","Good Game Mod","Googly Eyes","Hubris","Minty Spire (QoL Compilation)","Quick Restart","Replay The Spire","StS++","StSLib","everything is the same but u backflip on backflip"],"gold_per_floor":[119,47,47,0,68,68,68,107,131,164,192,229,241,268,280,413,425,461,512,524,536,567,579,611,623,635,647,680,717,729,741,741],"floor_reached":31,"language":"ENG","playtime":1516,"items_purged":[],"score":235,"play_id":"b466759c-00e3-4fbb-93f9-298a90d63606","local_time":"20210122065823","is_ascension_mode":false,"campfire_choices":[{"data":"Noxious Fumes","floor":6,"key":"SMITH"},{"floor":13,"key":"REST"},{"data":"Flame Barrier","floor":15,"key":"SMITH"},{"floor":23,"key":"REST"},{"data":"Replay:Poison Smokescreen","floor":25,"key":"SMITH"}],"circlet_count":0,"master_deck":["Strike_G","Strike_G","Strike_G","Defend_G+1","Defend_G","Defend_G+1","Defend_G","Defend_G","Survivor","Neutralize","Underhanded Strike","Backflip","Noxious Fumes+1","Enlightenment+1","Terror","Leg Sweep","Flame Barrier+1","Hello World","Hidden Blade","PiercingWail","Night Terror","Replay:Poison Smokescreen+1","Acrobatics+1","Storm of Steel+1","Flechettes","Metallicize"],"relics":["Ring of the Serpent","REME:ComplimentaryCards","Golden Idol","hubris:DisguiseKit","MawBank","Matryoshka","Simple Rune","Golden Egg"],"acts_visited":["Exordium","TheCity"],"potions_floor_usage":[16,29,31],"damage_taken":[{"damage":2,"enemies":"Small Slimes","floor":1,"turns":4},{"damage":39,"enemies":"Gremlin Nob","floor":8,"turns":5},{"damage":0,"enemies":"Jaw Worm","floor":10,"turns":5},{"damage":0,"enemies":"2 Louse","floor":11,"turns":3},{"damage":1,"enemies":"Exordium Wildlife","floor":12,"turns":7},{"damage":3,"enemies":"Red Slaver","floor":14,"turns":5},{"damage":15,"enemies":"The Guardian","floor":16,"turns":12},{"damage":9,"enemies":"Chosen","floor":18,"turns":7},{"damage":13,"enemies":"conspire:MimicChest","floor":19,"turns":8},{"damage":1,"enemies":"Shell Parasite","floor":22,"turns":7},{"damage":19,"enemies":"Shelled Parasite and Fungi","floor":24,"turns":7},{"damage":41,"enemies":"3 Cultists","floor":28,"turns":6},{"damage":4,"enemies":"Centurion and Healer","floor":29,"turns":11},{"damage":7,"enemies":"Sentry and Sphere","floor":31,"turns":2}],"seed_played":"-1512848644181693295","potions_obtained":[{"floor":14,"key":"AttackPotion"},{"floor":16,"key":"DistilledChaos"},{"floor":22,"key":"SkillPotion"},{"floor":24,"key":"Energy Potion"}],"is_trial":false,"path_per_floor":["M","$","?","?","?","R","?","E","T","M","M","M","R","M","R","B",null,"M","?","?","$","M","R","M","R","T","?","M","M","?","M"],"character_chosen":"THE_SILENT","items_purchased":["Noxious Fumes"],"campfire_rested":2,"item_purchase_floors":[2],"current_hp_per_floor":[68,68,65,71,71,71,71,32,32,32,32,31,52,49,49,34,71,62,49,49,49,48,69,50,50,50,50,9,5,5,0,0],"gold":741,"neow_bonus":"RANDOM_EVENT","is_daily":false,"chose_seed":false,"campfire_upgraded":3,"win_rate":0.0,"timestamp":1611295103,"path_taken":["M","$","?","?","?","R","?","E","T","M","M","?","R","M","R","BOSS","M","?","?","$","M","R","M","R","T","?","?","M","?","M"],"items_purchased_type":["Card"],"build_version":"2020-12-22","purchased_purges":0,"victory":false,"max_hp_per_floor":[70,70,65,71,71,71,71,71,71,71,71,71,71,71,71,71,71,71,71,71,71,71,71,71,71,71,71,71,71,71,71,71],"card_choices":[{"not_picked":["Acrobatics","Sucker Punch"],"picked":"Backflip","floor":1},{"not_picked":["Deadly Poison","hubris:SlightOfHand"],"picked":"Terror","floor":8},{"not_picked":["StSpp:Dive","Crippling Poison","Replay:Undeath\u0027s Touch"],"picked":"Leg Sweep","floor":10},{"not_picked":["Sneak Up","Terror","StSpp:TimeParadox"],"picked":"Flame Barrier","floor":11},{"not_picked":["Prepared","Flying Knee","Defy Death"],"picked":"Hidden Blade","floor":12},{"not_picked":["Cloak And Dagger","hubris:SlightOfHand","Entrench"],"picked":"PiercingWail","floor":14},{"not_picked":["Burst","Bullet Time","Juggernaut"],"picked":"Night Terror","floor":16},{"not_picked":["Sucker Punch","Deadly Poison","Ghostly Armor"],"picked":"Replay:Poison Smokescreen","floor":18},{"not_picked":["Hidden Blade","StSpp:Dive","Warcry"],"picked":"Acrobatics+1","floor":19},{"not_picked":["ReplayTheSpireMod:Exploit Weakness","Poisoned Stab","Dagger Spray+1","Headbutt"],"picked":"SKIP","floor":22},{"not_picked":["Deadly Poison","ReplayTheSpireMod:The Works","Heavy Blade"],"picked":"Fluid Movement","floor":24},{"not_picked":["Blade Dance","Cloak And Dagger","Dagger Spray"],"picked":"Metallicize","floor":28},{"not_picked":["Hidden Blade+1","StSpp:PoisonousPunch+1","Backflip","Run Through"],"picked":"SKIP","floor":29}],"player_experience":218426,"relics_obtained":[{"floor":8,"key":"hubris:DisguiseKit"},{"floor":9,"key":"MawBank"},{"floor":19,"key":"Matryoshka"},{"floor":26,"key":"Simple Rune"},{"floor":26,"key":"Golden Egg"}],"event_choices":[{"damage_healed":0,"gold_gain":0,"cards_transformed":["Strike_G"],"player_choice":"Change","damage_taken":0,"max_hp_gain":0,"max_hp_loss":0,"event_name":"Living Wall","floor":0,"gold_loss":0,"cards_obtained":["Underhanded Strike"]},{"damage_healed":0,"gold_gain":0,"player_choice":"Lose Max HP","damage_taken":0,"relics_obtained":["Golden Idol"],"max_hp_gain":0,"max_hp_loss":5,"event_name":"Golden Idol","floor":3,"gold_loss":0},{"damage_healed":0,"gold_gain":0,"player_choice":"RENOUNCE","damage_taken":47,"max_hp_gain":0,"max_hp_loss":0,"event_name":"betterThird:BetterSerpent","floor":4,"gold_loss":47,"cards_obtained":["Enlightenment"]},{"damage_healed":0,"gold_gain":68,"player_choice":"Gained Gold","damage_taken":0,"max_hp_gain":0,"max_hp_loss":0,"event_name":"Golden Wing","floor":5,"gold_loss":0},{"damage_healed":0,"gold_gain":0,"player_choice":"Leave","damage_taken":0,"max_hp_gain":0,"max_hp_loss":0,"event_name":"conspire:Investor","floor":7,"gold_loss":0},{"damage_healed":0,"gold_gain":0,"cards_transformed":["Strike_G","Fluid Movement"],"player_choice":"Became Test Subject","damage_taken":0,"max_hp_gain":0,"max_hp_loss":0,"event_name":"Drug Dealer","floor":27,"gold_loss":0,"cards_obtained":["Storm of Steel","Flechettes"]},{"damage_healed":0,"gold_gain":0,"player_choice":"Serpent","damage_taken":0,"max_hp_gain":0,"max_hp_loss":0,"event_name":"BanditSerpent","floor":30,"gold_loss":0}],"is_beta":false,"boss_relics":[{"not_picked":["conspire:SlowCooker","Tiny House"],"picked":"Ring of the Serpent"}],"items_purged_floors":[],"is_endless":false,"potions_floor_spawned":[14,16,22,24],"killed_by":"Sentry and Sphere","ascension_level":0}}