{"host":"6eswuwtz6j8isipc","time":1611359646,"event":{"mods":["BaseMod","Better Third Choice","BetterRewards","Colored Map","Conspire","Hubris","Infinite Spire","Minty Spire (QoL Compilation)","Replay The Spire","Spicy Shops","StSLib","The Animator","The Bug Knight"],"gold_per_floor":[12,44,44,44,44,44,70,70,70,70,55,55,55,55,55,159,159,177,177,211,0,0,0,0],"floor_reached":23,"language":"ENG","playtime":2358,"items_purged":[],"score":314,"play_id":"97a59d5a-4877-4254-88cd-c33a4b994edb","local_time":"20210122185406","is_ascension_mode":false,"campfire_choices":[{"data":"HollowMod:ChannelNail","floor":6.0,"key":"SMITH"},{"data":"HollowMod:FocusHealStart","floor":8.0,"key":"SMITH"},{"data":"HollowMod:SlysStrikes","floor":15.0,"key":"SMITH"}],"circlet_count":0,"master_deck":["HollowMod:NailStrikeStart","HollowMod:NailStrikeStart","HollowMod:NailStrikeStart","HollowMod:NailStrikeStart","HollowMod:QuickDashStart","HollowMod:QuickDashStart","HollowMod:QuickDashStart","HollowMod:QuickDashStart","HollowMod:FocusHealStart+1","HollowMod:PogoStrike","HollowMod:SlysStrikes+1","HollowMod:NewJinnsSoul","HollowMod:ChannelNail+1","Hallucinations","HollowMod:DreamGate","HollowMod:HornetsHelp+1","Parasite","HollowMod:AwokenDreamNail","hubris:Greed","Clumsy","Overencumbered","hubris:Rewind"],"relics":["HollowMod:VesselMask","Gremlin Food","Ring of Fangs","Ring of Peace","hubris:Icosahedron","Counterbalance","HollowMod:StagPassRelic","infinitespire:FocusingShard","Juzu Bracelet","Replay:Ancient Bell","PreservedInsect","Matryoshka","hubris:MedicalManual","HollowMod:GreatKnightMask"],"acts_visited":["Exordium","TheCity"],"potions_floor_usage":[],"damage_taken":[{"damage":10.0,"enemies":"Jaw Worm","floor":1.0,"turns":5.0},{"damage":7.0,"enemies":"conspire:MimicChest","floor":2.0,"turns":7.0},{"damage":32.0,"enemies":"3 Sentries","floor":7.0,"turns":9.0},{"damage":33.0,"enemies":"Lagavulin","floor":11.0,"turns":9.0},{"damage":55.0,"enemies":"Fading Forest","floor":16.0,"turns":11.0},{"damage":9.0,"enemies":"Shell Parasite","floor":18.0,"turns":11.0},{"damage":0.0,"enemies":"HollowMod:Zote","floor":20.0,"turns":3.0},{"damage":59,"enemies":"Gremlin Leader","floor":23,"turns":4}],"seed_played":"4506436834428374896","potions_obtained":[{"floor":1.0,"key":"FearPotion"},{"floor":20.0,"key":"Ancient Potion"}],"is_trial":false,"path_per_floor":["M","?","?","?","?","R","E","R","T","$","E","?","?","$","R","B",null,"M","?","?","?","?","E"],"character_chosen":"THE_BUGKNIGHT","items_purchased":[],"campfire_rested":0,"item_purchase_floors":[],"current_hp_per_floor":[71,64,64,64,64,64,38,38,38,38,17,17,35,35,35,16,75,70,53,53,53,53,0,0],"gold":0,"neow_bonus":"THREE_RARE_CARDS","is_daily":false,"chose_seed":false,"campfire_upgraded":3,"win_rate":0.0,"timestamp":1611359646,"path_taken":["M","?","?","?","?","R","E","R","T","?","E","?","?","$","R","BOSS","M","?","?","?","?","E"],"items_purchased_type":[],"build_version":"2020-12-22","purchased_purges":0,"victory":false,"max_hp_per_floor":[75,75,75,75,75,75,75,75,75,75,75,75,75,75,75,75,75,75,75,75,75,75,75,75],"card_choices":[{"not_picked":["HollowMod:MidwifesHunger","HollowMod:ZotesMagnificence"],"picked":"HollowMod:SlysStrikes","floor":0.0},{"not_picked":["HollowMod:DescendingDark","HollowMod:SoulEater"],"picked":"HollowMod:NewJinnsSoul","floor":1.0},{"not_picked":["HollowMod:HowlingWraiths","HollowMod:CycloneSlash"],"picked":"HollowMod:ChannelNail","floor":2.0},{"not_picked":["HollowMod:MantisMark","HollowMod:SharpenedShadows"],"picked":"HollowMod:DreamGate","floor":7.0},{"not_picked":["HollowMod:GoodIntentions","HollowMod:ChannelNail"],"picked":"HollowMod:HornetsHelp","floor":11.0},{"not_picked":["HollowMod:NewInfectedGuardian","HollowMod:Weaversong"],"picked":"HollowMod:AwokenDreamNail","floor":16.0},{"not_picked":["hubris:Disease","Voices"],"picked":"hubris:Greed","floor":17.0},{"not_picked":["animator:Curse_Greed","CurseOfTheBell"],"picked":"Clumsy","floor":17.0},{"not_picked":["Normality","hubris:Envy"],"picked":"Overencumbered","floor":17.0},{"not_picked":["HollowMod:NewGlowingWomb","HollowMod:Grubsong","HollowMod:MonarchWings"],"picked":"SKIP","floor":18.0},{"not_picked":["ReplayTheSpireMod:??????????????????????","infinitespire:Oblivion"],"picked":"hubris:Rewind","floor":19.0}],"player_experience":1317527,"relics_obtained":[{"floor":2.0,"key":"Gremlin Food"},{"floor":3.0,"key":"Ring of Fangs"},{"floor":3.0,"key":"Ring of Peace"},{"floor":7.0,"key":"Counterbalance"},{"floor":9.0,"key":"HollowMod:StagPassRelic"},{"floor":11.0,"key":"infinitespire:FocusingShard"},{"floor":12.0,"key":"Juzu Bracelet"},{"floor":20.0,"key":"HollowMod:GreatKnightMask"}],"event_choices":[{"damage_healed":0.0,"max_hp_gain":0.0,"max_hp_loss":0.0,"gold_gain":0.0,"event_name":"conspire:LoneGhost","player_choice":"Disagree","floor":4.0,"gold_loss":0.0,"damage_taken":0.0},{"damage_healed":18.0,"max_hp_gain":0.0,"max_hp_loss":0.0,"gold_gain":0.0,"event_name":"Mushrooms","player_choice":"Healed and dodged fight","floor":13.0,"gold_loss":0.0,"damage_taken":0.0,"cards_obtained":["Parasite"]},{"damage_healed":0,"gold_gain":0,"player_choice":"Paid Fearfully","damage_taken":0,"max_hp_gain":0,"max_hp_loss":0,"event_name":"Masked Bandits","floor":21,"gold_loss":211}],"is_beta":false,"boss_relics":[{"not_picked":["ReplayTheSpireMod:DimensionalGlitch","hubris:VirtuousBlindfold"],"picked":"Replay:Ancient Bell"},{"not_picked":["Dream Catcher","Regal Pillow"],"picked":"PreservedInsect"},{"not_picked":["Frozen Egg 2","Chameleon Ring"],"picked":"Matryoshka"},{"not_picked":["Incense Burner","conspire:Boomerang"],"picked":"hubris:MedicalManual"}],"items_purged_floors":[],"is_endless":false,"potions_floor_spawned":[1,20],"killed_by":"Gremlin Leader","ascension_level":0}}