{"host":"c6u7e77myxvw4d0m","time":1611310274,"event":{"mods":["AchievementEnabler","BaseMod","Bestiary","Colored Map","Colored Powertips","Minty Spire (QoL Compilation)","Rare Cards Sparkle","Relic Stats","everything is the same but u backflip on backflip"],"gold_per_floor":[114,129,145,155,173,198,198,229,229,239,270,270,289,306,306,401,401,413,413,0,14,14,44,56,81,104,122,133,133,161,178,178,178,178],"floor_reached":33,"language":"ENG","playtime":2363,"items_purged":[],"score":576,"play_id":"68116f12-f860-4f04-9631-0d14a2cf2ef2","local_time":"20210122121114","is_ascension_mode":true,"campfire_choices":[{"data":"Cleave","floor":7.0,"key":"SMITH"},{"data":"Perfected Strike","floor":15.0,"key":"SMITH"},{"data":"Limit Break","floor":29.0,"key":"SMITH"},{"data":"Limit Break","floor":32.0,"key":"SMITH"}],"circlet_count":0,"master_deck":["Strike_R","Strike_R","Strike_R","Strike_R","Strike_R","Defend_R","Defend_R","Defend_R","Defend_R","Bash","Perfected Strike+1","Cleave+1","Inflame","Pummel","Spot Weakness","Headbutt","Flame Barrier","Twin Strike","Clothesline","Limit Break+1","CurseOfTheBell","Pommel Strike","Disarm","Perfected Strike+1","Seeing Red+1","Perfected Strike+1","Thunderclap+1","Uppercut+1","Battle Trance","Whirlwind+1","Bloodletting","Limit Break+1","Perfected Strike+1","Heavy Blade+1"],"relics":["Burning Blood","Thread and Needle","Mummified Hand","Juzu Bracelet","Boot","Lantern","Calling Bell","Oddly Smooth Stone","Sundial","Prayer Wheel","Molten Egg 2","Medical Kit","Kunai","Centennial Puzzle","Potion Belt","Vajra"],"acts_visited":["Exordium","TheCity"],"potions_floor_usage":[33,33],"damage_taken":[{"damage":2.0,"enemies":"Jaw Worm","floor":1.0,"turns":4.0},{"damage":0.0,"enemies":"2 Louse","floor":2.0,"turns":3.0},{"damage":0.0,"enemies":"Cultist","floor":3.0,"turns":3.0},{"damage":10.0,"enemies":"Red Slaver","floor":4.0,"turns":4.0},{"damage":4.0,"enemies":"Blue Slaver","floor":5.0,"turns":4.0},{"damage":33.0,"enemies":"Lagavulin","floor":6.0,"turns":5.0},{"damage":6.0,"enemies":"3 Sentries","floor":8.0,"turns":6.0},{"damage":6.0,"enemies":"Exordium Wildlife","floor":10.0,"turns":4.0},{"damage":15.0,"enemies":"Gremlin Nob","floor":11.0,"turns":4.0},{"damage":4.0,"enemies":"Exordium Thugs","floor":13.0,"turns":3.0},{"damage":5.0,"enemies":"Red Slaver","floor":14.0,"turns":3.0},{"damage":0.0,"enemies":"Slime Boss","floor":16.0,"turns":6.0},{"damage":1.0,"enemies":"2 Thieves","floor":18.0,"turns":3.0},{"damage":0.0,"enemies":"Spheric Guardian","floor":21.0,"turns":1.0},{"damage":0.0,"enemies":"Book of Stabbing","floor":23.0,"turns":1.0},{"damage":0.0,"enemies":"Centurion and Healer","floor":24.0,"turns":5.0},{"damage":16.0,"enemies":"Slavers","floor":25.0,"turns":2.0},{"damage":0.0,"enemies":"Snake Plant","floor":27.0,"turns":2.0},{"damage":24.0,"enemies":"Shelled Parasite and Fungi","floor":28.0,"turns":4.0},{"damage":9.0,"enemies":"Book of Stabbing","floor":30.0,"turns":2.0},{"damage":2.0,"enemies":"Cultist and Chosen","floor":31.0,"turns":3.0},{"damage":89,"enemies":"Automaton","floor":33,"turns":8}],"seed_played":"5783520039368455723","potions_obtained":[{"floor":3.0,"key":"BloodPotion"},{"floor":4.0,"key":"BloodPotion"},{"floor":5.0,"key":"BlessingOfTheForge"},{"floor":6.0,"key":"SkillPotion"},{"floor":10.0,"key":"SteroidPotion"},{"floor":13.0,"key":"Fire Potion"},{"floor":21.0,"key":"DuplicationPotion"},{"floor":23.0,"key":"ColorlessPotion"},{"floor":27.0,"key":"BlessingOfTheForge"}],"is_trial":false,"path_per_floor":["M","M","M","M","M","E","R","E","T","M","E","?","M","M","R","B",null,"M","?","$","M","?","E","M","E","T","M","M","R","E","M","R","B"],"character_chosen":"IRONCLAD","items_purchased":["Molten Egg 2","Perfected Strike+1","Medical Kit"],"campfire_rested":0,"item_purchase_floors":[20,20,20],"current_hp_per_floor":[55,61,67,63,65,54,54,54,54,54,45,45,47,48,48,54,74,79,79,79,80,80,80,80,70,70,76,58,58,55,59,59,0,0],"gold":178,"neow_bonus":"ONE_RARE_RELIC","is_daily":false,"chose_seed":false,"campfire_upgraded":4,"win_rate":0.0,"timestamp":1611310274,"path_taken":["M","M","M","M","M","E","R","E","T","M","E","?","M","M","R","BOSS","M","?","$","M","?","E","M","E","T","M","M","R","E","M","R","BOSS"],"items_purchased_type":["Relic","Card","Relic"],"build_version":"2020-12-22","purchased_purges":0,"victory":false,"max_hp_per_floor":[80,80,80,80,80,80,80,80,80,80,80,80,80,80,80,80,80,80,80,80,80,80,80,80,80,80,80,80,80,80,80,80,80,80],"relic_stats":{"Centennial Puzzle":[12],"counters":[22,80],"Mummified Hand":[13],"Sundial":[0],"Prayer Wheel":6,"Juzu Bracelet":0,"Kunai":[1],"Boot":[28],"Medical Kit":[0],"obtain_stats":[{"Potion Belt":26,"Lantern":11,"Oddly Smooth Stone":17,"Vajra":30,"Thread and Needle":0,"Juzu Bracelet":8,"Boot":9,"Medical Kit":20,"Burning Blood":0,"Calling Bell":17,"Centennial Puzzle":25,"Mummified Hand":6,"Sundial":17,"Prayer Wheel":17,"Molten Egg 2":20,"Kunai":23},{"Potion Belt":17,"Lantern":9,"Oddly Smooth Stone":12,"Vajra":20,"Thread and Needle":0,"Juzu Bracelet":7,"Boot":7,"Medical Kit":13,"Burning Blood":0,"Calling Bell":12,"Centennial Puzzle":17,"Mummified Hand":6,"Sundial":12,"Prayer Wheel":12,"Molten Egg 2":13,"Kunai":15},{"Potion Belt":61,"Lantern":37,"Oddly Smooth Stone":49,"Vajra":69,"Thread and Needle":0,"Juzu Bracelet":29,"Boot":29,"Medical Kit":52,"Burning Blood":0,"Calling Bell":49,"Centennial Puzzle":61,"Mummified Hand":23,"Sundial":49,"Prayer Wheel":49,"Molten Egg 2":52,"Kunai":54}],"Burning Blood":109},"card_choices":[{"not_picked":["Thunderclap","Anger"],"picked":"Perfected Strike","floor":1.0},{"not_picked":["Hemokinesis","Corruption"],"picked":"Cleave","floor":2.0},{"not_picked":["Uppercut","Thunderclap"],"picked":"Inflame","floor":3.0},{"not_picked":["Havoc","Inflame"],"picked":"Pummel","floor":4.0},{"not_picked":["Perfected Strike","Headbutt"],"picked":"Spot Weakness","floor":5.0},{"not_picked":["Sever Soul","Body Slam","Rupture"],"picked":"SKIP","floor":6.0},{"not_picked":["True Grit","Anger"],"picked":"Headbutt","floor":8.0},{"not_picked":["Reckless Charge","Feel No Pain"],"picked":"Flame Barrier","floor":10.0},{"not_picked":["Uppercut","Berserk"],"picked":"Twin Strike","floor":11.0},{"not_picked":["Headbutt","True Grit","Warcry"],"picked":"SKIP","floor":13.0},{"not_picked":["Warcry","Anger"],"picked":"Clothesline","floor":14.0},{"not_picked":["Brutality","Exhume"],"picked":"Limit Break","floor":16.0},{"not_picked":["Inflame","Twin Strike"],"picked":"Pommel Strike","floor":18.0},{"not_picked":["Clothesline","True Grit"],"picked":"Disarm","floor":18.0},{"not_picked":["Anger+1","Flex","Brutality"],"picked":"SKIP","floor":21.0},{"not_picked":["Seeing Red+1","Anger+1","Cleave+1"],"picked":"SKIP","floor":21.0},{"not_picked":["Anger+1","Cleave+1"],"picked":"Seeing Red+1","floor":21.0},{"not_picked":["Anger+1","Flex","Brutality"],"picked":"SKIP","floor":21.0},{"not_picked":["Clothesline+1","Blood for Blood+1"],"picked":"Thunderclap+1","floor":23.0},{"not_picked":["Searing Blow+1","Anger+1"],"picked":"Uppercut+1","floor":24.0},{"not_picked":["Clothesline+1","Body Slam+1"],"picked":"Battle Trance","floor":24.0},{"not_picked":["Berserk","True Grit+1"],"picked":"Whirlwind+1","floor":25.0},{"not_picked":["Feel No Pain+1","Iron Wave+1"],"picked":"Bloodletting","floor":27.0},{"not_picked":["Clothesline+1","Body Slam+1","Shrug It Off"],"picked":"SKIP","floor":27.0},{"not_picked":["Sword Boomerang+1","Blood for Blood+1"],"picked":"Limit Break","floor":28.0},{"not_picked":["Disarm","Warcry","Anger+1"],"picked":"SKIP","floor":28.0},{"not_picked":["Infernal Blade","Sword Boomerang+1"],"picked":"Perfected Strike+1","floor":30.0},{"not_picked":["Sentinel","Cleave+1"],"picked":"Heavy Blade+1","floor":31.0},{"not_picked":["Fire Breathing","Hemokinesis+1","Warcry"],"picked":"SKIP","floor":31.0}],"player_experience":436396,"relics_obtained":[{"floor":6.0,"key":"Mummified Hand"},{"floor":8.0,"key":"Juzu Bracelet"},{"floor":9.0,"key":"Boot"},{"floor":11.0,"key":"Lantern"},{"floor":17.0,"key":"Oddly Smooth Stone"},{"floor":17.0,"key":"Sundial"},{"floor":17.0,"key":"Prayer Wheel"},{"floor":23.0,"key":"Kunai"},{"floor":25.0,"key":"Centennial Puzzle"},{"floor":26.0,"key":"Potion Belt"},{"floor":30.0,"key":"Vajra"}],"event_choices":[{"damage_healed":0.0,"max_hp_gain":0.0,"max_hp_loss":0.0,"gold_gain":0.0,"event_name":"Liars Game","player_choice":"Ignored","floor":12.0,"gold_loss":0.0,"damage_taken":0.0},{"damage_healed":0.0,"max_hp_gain":0.0,"max_hp_loss":0.0,"gold_gain":0.0,"event_name":"Ghosts","player_choice":"Ignored","floor":19.0,"gold_loss":0.0,"damage_taken":0.0},{"damage_healed":0.0,"max_hp_gain":0.0,"max_hp_loss":0.0,"gold_gain":0.0,"event_name":"The Library","player_choice":"Read","floor":22.0,"gold_loss":0.0,"damage_taken":0.0,"cards_obtained":["Perfected Strike"]}],"is_beta":false,"boss_relics":[{"not_picked":["Busted Crown","SacredBark"],"picked":"Calling Bell"}],"items_purged_floors":[],"is_endless":false,"potions_floor_spawned":[3,4,5,6,10,13,21,23,27],"killed_by":"Automaton","ascension_level":7}}