{"host":"mldl8yn21h5bwkxz","time":1611303315,"event":{"mods":["BaseMod","Minty Spire (QoL Compilation)","StSLib","Yuyuko"],"gold_per_floor":[113,131,81,98,112,126,157,157,157,9,9,22,22,32,32,129,129,139,139,139,139,157,157,36,68,91,102,113,128,128,147,147,252,252,268,279,329,329,340,340,340,340],"floor_reached":41,"language":"ENG","playtime":1469,"items_purged":[],"score":442,"play_id":"b69121cc-16f4-41b5-93a0-96fb17167f1e","local_time":"20210122191515","is_ascension_mode":false,"campfire_choices":[{"floor":8.0,"key":"RECALL"},{"data":"Offering","floor":13.0,"key":"SMITH"},{"data":"Metallicize","floor":15.0,"key":"SMITH"},{"floor":30.0,"key":"REST"},{"data":"Berserk","floor":32.0,"key":"SMITH"},{"floor":40,"key":"REST"}],"circlet_count":0,"master_deck":["Defend_R","Defend_R","Bash","Flex","Cleave","Armaments","Anger","Offering+1","Headbutt","Metallicize+1","Berserk+1","Spot Weakness+1","Bite","Bite","Bite","Bite","Bite","Shrug It Off","Infernal Blade","Metallicize+1","Metallicize","Havoc","Immolate","Cleave+1","Intimidate","Entrench+1","Juggernaut","Shockwave+1","Double Tap","Sever Soul+1","Pummel","Rupture+1","Disarm+1","Sword Boomerang+1"],"relics":["Burning Blood","Bird Faced Urn","Membership Card","Empty Cage","Dream Catcher","PreservedInsect","Regal Pillow","Snecko Eye","Ice Cream"],"acts_visited":[],"potions_floor_usage":[],"damage_taken":[{"damage":0.0,"enemies":"2 Louse","floor":1.0,"turns":3.0},{"damage":5.0,"enemies":"Cultist","floor":2.0,"turns":4.0},{"damage":8.0,"enemies":"Jaw Worm","floor":4.0,"turns":3.0},{"damage":15.0,"enemies":"Looter","floor":5.0,"turns":3.0},{"damage":6.0,"enemies":"2 Fungi Beasts","floor":6.0,"turns":4.0},{"damage":40.0,"enemies":"3 Sentries","floor":7.0,"turns":6.0},{"damage":1.0,"enemies":"Exordium Wildlife","floor":12.0,"turns":2.0},{"damage":6.0,"enemies":"Large Slime","floor":14.0,"turns":3.0},{"damage":12.0,"enemies":"Slime Boss","floor":16.0,"turns":9.0},{"damage":36.0,"enemies":"2 Thieves","floor":18.0,"turns":3.0},{"damage":19.0,"enemies":"Spheric Guardian","floor":22.0,"turns":4.0},{"damage":53.0,"enemies":"Book of Stabbing","floor":25.0,"turns":6.0},{"damage":13.0,"enemies":"Shelled Parasite and Fungi","floor":27.0,"turns":5.0},{"damage":23.0,"enemies":"Centurion and Healer","floor":28.0,"turns":5.0},{"damage":32.0,"enemies":"Snake Plant","floor":29.0,"turns":4.0},{"damage":30.0,"enemies":"Snecko","floor":31.0,"turns":6.0},{"damage":19.0,"enemies":"Collector","floor":33.0,"turns":8.0},{"damage":26.0,"enemies":"3 Shapes","floor":35.0,"turns":3.0},{"damage":28,"enemies":"Orb Walker","floor":36,"turns":4},{"damage":17,"enemies":"Mind Bloom Boss Battle","floor":37,"turns":6},{"damage":50,"enemies":"Transient","floor":39,"turns":5},{"damage":0,"enemies":"4 Shapes","floor":41,"turns":1}],"seed_played":"-697780730386441559","potions_obtained":[{"floor":1.0,"key":"EntropicBrew"},{"floor":4.0,"key":"HeartOfIron"},{"floor":7.0,"key":"CultistPotion"},{"floor":14.0,"key":"BloodPotion"},{"floor":16.0,"key":"ElixirPotion"},{"floor":27.0,"key":"EntropicBrew"},{"floor":31.0,"key":"PowerPotion"},{"floor":37,"key":"SkillPotion"}],"is_trial":false,"path_per_floor":["M","M","?","M","M","M","E","R","T","$","?","M","R","M","R","B",null,"M","?","?","?","M","?","$","E","T","M","M","M","R","M","R","B",null,"M","M","?","?","M","R","M"],"character_chosen":"IRONCLAD","items_purchased":["Membership Card","Dream Catcher","Metallicize","Havoc"],"campfire_rested":2,"item_purchase_floors":[10,24,24,24],"current_hp_per_floor":[88,88,88,86,77,77,43,43,43,43,43,48,48,65,65,61,88,60,60,60,60,48,48,48,17,17,29,32,18,51,38,38,45,61,45,38,44,44,12,45,45,45],"gold":340,"neow_bonus":"TEN_PERCENT_HP_BONUS","is_daily":false,"chose_seed":false,"campfire_upgraded":3,"win_rate":0.0,"timestamp":1611303315,"path_taken":["M","M","?","M","M","M","E","R","T","$","?","?","R","M","R","BOSS","M","?","?","?","?","?","$","E","T","M","M","?","R","M","R","BOSS","M","M","?","?","M","R","M"],"items_purchased_type":["Relic","Relic","Card","Card"],"build_version":"2020-12-22","purchased_purges":0,"victory":false,"max_hp_per_floor":[88,88,88,88,88,88,88,88,88,88,88,88,88,88,88,88,88,88,61,61,61,61,61,61,61,61,61,61,61,61,61,61,61,61,61,61,61,61,61,61,61,61],"card_choices":[{"not_picked":["Reckless Charge","Entrench"],"picked":"Flex","floor":1.0},{"not_picked":["True Grit","Bloodletting"],"picked":"Cleave","floor":2.0},{"not_picked":["Warcry","Power Through"],"picked":"Armaments","floor":4.0},{"not_picked":["Burning Pact","Warcry"],"picked":"Anger","floor":5.0},{"not_picked":["Blood for Blood","Searing Blow","Combust"],"picked":"SKIP","floor":6.0},{"not_picked":["Clash","Twin Strike"],"picked":"Offering","floor":7.0},{"not_picked":["Sword Boomerang","Armaments"],"picked":"Headbutt","floor":12.0},{"not_picked":["Body Slam","Perfected Strike"],"picked":"Metallicize","floor":14.0},{"not_picked":["Corruption","Reaper"],"picked":"Berserk","floor":16.0},{"not_picked":["Pommel Strike","Feel No Pain+1"],"picked":"Spot Weakness+1","floor":18.0},{"not_picked":["Pummel","Armaments+1"],"picked":"Infernal Blade","floor":22.0},{"not_picked":["Combust+1","Evolve"],"picked":"Immolate","floor":25.0},{"not_picked":["Headbutt","Combust"],"picked":"Cleave+1","floor":27.0},{"not_picked":["Cleave+1","Wild Strike"],"picked":"Intimidate","floor":28.0},{"not_picked":["Heavy Blade","Thunderclap"],"picked":"Entrench+1","floor":29.0},{"not_picked":["Twin Strike","Perfected Strike+1"],"picked":"Juggernaut","floor":30.0},{"not_picked":["Pummel","Shrug It Off"],"picked":"Shockwave+1","floor":31.0},{"not_picked":["Reaper","Offering"],"picked":"Double Tap","floor":33.0},{"not_picked":["Evolve","Anger+1"],"picked":"Sever Soul+1","floor":35.0},{"not_picked":["True Grit","Flex+1"],"picked":"Pummel","floor":36},{"not_picked":["Hemokinesis","Armaments"],"picked":"Rupture+1","floor":37},{"not_picked":["Reckless Charge+1","Thunderclap"],"picked":"Disarm+1","floor":39},{"not_picked":["Carnage","Evolve+1"],"picked":"Sword Boomerang+1","floor":40}],"player_experience":163462,"relics_obtained":[{"floor":7.0,"key":"Bird Faced Urn"},{"floor":25.0,"key":"PreservedInsect"},{"floor":26.0,"key":"Regal Pillow"},{"floor":37,"key":"Ice Cream"}],"event_choices":[{"cards_removed":["Defend_R"],"damage_healed":0.0,"max_hp_gain":0.0,"max_hp_loss":0.0,"gold_gain":0.0,"event_name":"The Cleric","player_choice":"Card Removal","floor":3.0,"gold_loss":50.0,"damage_taken":0.0},{"cards_removed":["Strike_R"],"damage_healed":0.0,"max_hp_gain":0.0,"max_hp_loss":0.0,"gold_gain":0.0,"event_name":"Purifier","player_choice":"Purged","floor":11.0,"gold_loss":0.0,"damage_taken":0.0},{"damage_healed":0.0,"max_hp_gain":0.0,"max_hp_loss":27.0,"gold_gain":0.0,"event_name":"Vampires","player_choice":"Became a vampire","floor":19.0,"gold_loss":0.0,"damage_taken":0.0,"cards_obtained":["Bite","Bite","Bite","Bite","Bite"]},{"damage_healed":0.0,"max_hp_gain":0.0,"max_hp_loss":0.0,"gold_gain":0.0,"event_name":"Ghosts","player_choice":"Ignored","floor":20.0,"gold_loss":0.0,"damage_taken":0.0},{"damage_healed":0.0,"max_hp_gain":0.0,"max_hp_loss":0.0,"gold_gain":0.0,"event_name":"The Library","player_choice":"Read","floor":21.0,"gold_loss":0.0,"damage_taken":0.0,"cards_obtained":["Shrug It Off"]},{"damage_healed":0.0,"max_hp_gain":0.0,"max_hp_loss":0.0,"gold_gain":0.0,"event_name":"Duplicator","player_choice":"Copied","floor":23.0,"gold_loss":0.0,"damage_taken":0.0,"cards_obtained":["Metallicize"]},{"damage_healed":0,"gold_gain":0,"player_choice":"Fight","damage_taken":0,"max_hp_gain":0,"max_hp_loss":0,"event_name":"MindBloom","floor":37,"gold_loss":0},{"damage_healed":0,"gold_gain":0,"player_choice":"Ignored","damage_taken":0,"max_hp_gain":0,"max_hp_loss":0,"event_name":"Mysterious Sphere","floor":38,"gold_loss":0}],"is_beta":false,"boss_relics":[{"not_picked":["Tiny House","Velvet Choker"],"picked":"Empty Cage"},{"not_picked":["Sozu","Coffee Dripper"],"picked":"Snecko Eye"}],"items_purged_floors":[],"is_endless":false,"potions_floor_spawned":[1,4,7,14,16,27,28,31,37],"killed_by":"4 Shapes","ascension_level":0}}