{"host":"cw25u8qal1h0d7ia","time":1611333023,"event":{"mods":["BaseMod","Downfall","Minty Spire (QoL Compilation)","StSLib"],"gold_per_floor":[99,99,99,99,99,125,125,156,167,186,86,86,86,86],"floor_reached":12,"language":"ENG","playtime":636,"items_purged":[],"score":114,"play_id":"48aa7d91-5405-49e6-8314-5f780e5886e2","local_time":"20210122173023","is_ascension_mode":true,"campfire_choices":[{"data":"champ:Taunt","floor":1,"key":"SMITH"},{"data":"champ:EnchantShield","floor":11,"key":"SMITH"}],"circlet_count":0,"master_deck":["champ:Strike","champ:Strike","champ:Strike","champ:Defend","champ:Defend","champ:Defend","champ:Defend","champ:Execute","champ:Taunt+1","champ:GutPunch","champ:IronFortress","champ:EnchantShield+1"],"relics":["champ:ChampionCrown","downfall:HeartsMalice","Blue Candle","Regal Pillow","downfall:HeartBlessingGreen"],"acts_visited":["Exordium"],"potions_floor_usage":[],"damage_taken":[{"damage":0,"enemies":"2 Louse","floor":2,"turns":1},{"damage":0,"enemies":"Small Slimes","floor":3,"turns":1},{"damage":0,"enemies":"Gremlin Nob","floor":6,"turns":1},{"damage":70,"enemies":"3 Sentries","floor":8,"turns":8},{"damage":10,"enemies":"Cultist","floor":9,"turns":4},{"damage":38,"enemies":"Large Slime","floor":10,"turns":6},{"damage":66,"enemies":"Gremlin Nob","floor":12,"turns":5}],"seed_played":"7359195592581941458","potions_obtained":[{"floor":10,"key":"champ:OpenerPotion"}],"is_trial":false,"path_per_floor":["R","M","M","?","?","E","T","E","M","M","R","E"],"character_chosen":"THE_CHAMP","items_purchased":[],"campfire_rested":0,"item_purchase_floors":[],"current_hp_per_floor":[90,90,90,90,90,90,90,55,55,47,47,0,0,0],"gold":86,"neow_bonus":"THREE_ENEMY_KILL","is_daily":false,"chose_seed":false,"campfire_upgraded":2,"win_rate":0.0,"timestamp":1611333023,"path_taken":["R","M","M","?","?","E","T","E","M","?","R","E"],"items_purchased_type":[],"build_version":"2020-12-22","purchased_purges":0,"victory":false,"max_hp_per_floor":[90,90,90,90,90,90,90,90,90,90,90,90,90,90],"card_choices":[{"not_picked":["champ:Backstep","champ:EnGarde"],"picked":"champ:GutPunch","floor":2},{"not_picked":["champ:Lariat","champ:ShieldSlam","champ:BladeFlurry"],"picked":"SKIP","floor":3},{"not_picked":["champ:BladeFlurry","champ:ShieldSigil"],"picked":"champ:IronFortress","floor":6},{"not_picked":["champ:Backstep","champ:Encircle","champ:DefensiveStyle"],"picked":"SKIP","floor":8},{"not_picked":["champ:DeathBlow","champ:FocusedBerserking","champ:EnGarde"],"picked":"SKIP","floor":9},{"not_picked":["champ:EnGarde","champ:Duel"],"picked":"champ:EnchantShield","floor":10}],"player_experience":667473,"relics_obtained":[{"floor":6,"key":"Blue Candle"},{"floor":8,"key":"Regal Pillow"}],"event_choices":[{"cards_removed":["champ:Strike"],"damage_healed":0,"gold_gain":0,"player_choice":"Offered Basic","damage_taken":0,"max_hp_gain":0,"max_hp_loss":0,"event_name":"Bonfire Elementals","floor":5,"gold_loss":0}],"is_beta":false,"boss_relics":[],"items_purged_floors":[],"is_endless":false,"potions_floor_spawned":[10],"killed_by":"Gremlin Nob","ascension_level":1}}