{"host":"ttx8tv95o5vka1nm","time":1611311638,"event":{"mods":["AchievementEnabler","BaseMod","Colored Map","Downfall","Infinite Spire","Minty Spire (QoL Compilation)","Shop Mod","StSLib","The Jungle"],"gold_per_floor":[99,109,129,1,1,1,52,81,81,91,8,28,63,76,90,187,187,87,87,122,122,122,151,175,71,90,90,115,115,150,168,187,285,285,285,297,307,307,320,71,71,87,87,113,113,124,152,152,164,164,164,164],"floor_reached":50,"language":"ENG","playtime":5085,"items_purged":["bronze:Strike","bronze:Defend","bronze:Strike"],"score":670,"play_id":"1a880c5b-1b01-46b8-8364-448947733950","local_time":"20210122203358","is_ascension_mode":false,"campfire_choices":[{"data":"bronze:Replicate","floor":1,"key":"SMITH"},{"data":"infinitespire:Oblivion","floor":9,"key":"SMITH"},{"data":"bronze:MaxOutput","floor":18,"key":"SMITH"},{"floor":29,"key":"REST"},{"data":"bronze:Verify","floor":35,"key":"SMITH"},{"data":"bronze:Repulsor","floor":45,"key":"SMITH"}],"circlet_count":0,"master_deck":["bronze:Strike","bronze:Defend","bronze:Defend","bronze:Replicate+1","bronze:Goto","bronze:Iterate","bronze:BronzeArmor","bronze:DelayedSlice","bronze:MaxOutput+1","infinitespire:Oblivion+1","bronze:ShipIt","bronze:BugBarrage","bronze:Repair","bronze:ClassDefault","bronze:BuggyMess","bronze:Flail+1","bronze:Deprecate","bronze:AlphaBuild+1","bronze:BugBarrage+1","bronze:Replicate+1","bronze:Branch+1","bronze:BronzeOrb+1","bronze:Allocate","bronze:Assembly","bronze:Repair","bronze:ItsAFeature+1","bronze:BronzeOrb+1","bronze:Verify+1","bronze:ChildClass","bronze:BuggyMess+1","infinitespire:Gouge+1","bronze:OilSpill+1","bronze:ChosenStrike+1","bronze:Repulsor+1","bronze:Philosophize+1","bronze:GetLatest"],"relics":["bronze:BronzeCore","Akabeko","infinitespire:ShieldingShard","Molten Egg 2","SlaversCollar","downfall:HeartBlessingGreen","Nilry\u0027s Codex","Red Mask","Bronze Scales","Vajra","bronze:CableSpool","MerchantsRug","Art of War","Strawberry","Black Star","Coffee Dripper","Anchor","Letter Opener","Turnip","Smiling Mask","Toy Ornithopter","Juzu Bracelet"],"acts_visited":["Exordium","TheCity","TheBeyond"],"potions_floor_usage":[11,11,14,16,28,33],"damage_taken":[{"damage":5,"enemies":"Small Slimes","floor":2,"turns":4},{"damage":0,"enemies":"2 Louse","floor":3,"turns":3},{"damage":5,"enemies":"downfall:FleeingMerchant","floor":4,"turns":4},{"damage":8,"enemies":"3 Sentries","floor":8,"turns":5},{"damage":0,"enemies":"Jaw Worm","floor":10,"turns":1},{"damage":2,"enemies":"downfall:FleeingMerchant","floor":11,"turns":4},{"damage":7,"enemies":"Exordium Thugs","floor":12,"turns":3},{"damage":0,"enemies":"Gremlin Nob","floor":13,"turns":2},{"damage":0,"enemies":"Blue Slaver","floor":14,"turns":1},{"damage":0,"enemies":"Large Slime","floor":15,"turns":3},{"damage":44,"enemies":"DF_ARCHETYPE_STREAMLINE","floor":16,"turns":8},{"damage":0,"enemies":"Masked Bandits","floor":20,"turns":5},{"damage":33,"enemies":"Gremlin Leader","floor":23,"turns":7},{"damage":14,"enemies":"downfall:FleeingMerchant","floor":25,"turns":3},{"damage":0,"enemies":"Shell Parasite","floor":26,"turns":1},{"damage":19,"enemies":"Nightmare","floor":28,"turns":6},{"damage":0,"enemies":"Gremlin Leader","floor":30,"turns":3},{"damage":0,"enemies":"Chosen and Byrds","floor":31,"turns":4},{"damage":0,"enemies":"Cultist and Chosen","floor":32,"turns":3},{"damage":33,"enemies":"SI_MIRROR_ARCHETYPE","floor":33,"turns":8},{"damage":5,"enemies":"Orb Walker","floor":36,"turns":3},{"damage":0,"enemies":"3 Darklings","floor":37,"turns":5},{"damage":11,"enemies":"Sphere and 2 Shapes","floor":39,"turns":5},{"damage":6,"enemies":"Transient","floor":42,"turns":5},{"damage":39,"enemies":"Giant Head","floor":44,"turns":8},{"damage":27,"enemies":"Spire Growth","floor":46,"turns":5},{"damage":24,"enemies":"Reptomancer","floor":47,"turns":5},{"damage":0,"enemies":"Jaw Worm Horde","floor":49,"turns":2},{"damage":68,"enemies":"WA_ARCHETYPE_DIVINITY","floor":50,"turns":7}],"seed_played":"4235738805012752654","potions_obtained":[{"floor":8,"key":"FearPotion"},{"floor":10,"key":"SteroidPotion"},{"floor":13,"key":"Explosive Potion"},{"floor":15,"key":"Block Potion"},{"floor":26,"key":"AttackPotion"},{"floor":28,"key":"Guardian:BlockOnCardUsePotion"},{"floor":30,"key":"PowerPotion"},{"floor":36,"key":"Dexterity Potion"},{"floor":39,"key":"LiquidBronze"}],"is_trial":false,"path_per_floor":["R","M","M","$","?","?","T","E","R","M","$","M","E","M","M","B",null,"R","?","?","T","?","E","T","$","M","?","NM","R","E","M","M","B",null,"R","M","M","AVR","M","$","T","M","?","E","R","M","E","?","M","B"],"character_chosen":"THE_AUTOMATON","items_purchased":["bronze:MaxOutput","bronze:ClassDefault","bronze:CableSpool","MerchantsRug","bronze:BronzeOrb+1","bronze:Allocate","bronze:ChosenStrike+1","bronze:Repulsor"],"campfire_rested":1,"item_purchase_floors":[4,11,25,25,25,25,40,40],"current_hp_per_floor":[77,72,72,67,48,48,48,40,40,40,38,38,38,38,45,8,77,77,61,68,68,68,42,42,28,28,28,16,39,46,67,74,51,84,84,84,84,84,75,75,75,78,78,47,47,27,10,10,17,0,0,0],"gold":164,"neow_bonus":"TEN_PERCENT_HP_BONUS","is_daily":false,"chose_seed":false,"campfire_upgraded":5,"win_rate":0.0,"timestamp":1611311638,"path_taken":["R","M","M","$","?","?","T","E","R","M","?","M","E","M","M","BOSS","R","?","?","?","?","E","T","$","M","?","NM","R","E","?","M","BOSS","R","M","M","AVR","?","$","T","M","?","E","R","M","E","?","M","BOSS"],"items_purchased_type":["Card","Card","Relic","Relic","Card","Card","Card","Card"],"build_version":"2020-12-22","purchased_purges":3,"victory":false,"max_hp_per_floor":[77,77,77,77,77,77,77,77,77,77,77,77,77,77,77,77,77,77,77,77,77,77,77,77,77,77,77,77,77,84,84,84,84,84,84,84,84,84,84,84,84,84,84,84,84,84,84,84,84,84,84,84],"card_choices":[{"not_picked":["bronze:Frontload","bronze:FineTuning"],"picked":"bronze:Iterate","floor":2},{"not_picked":["bronze:Constructor","bronze:Repulsor"],"picked":"bronze:BronzeArmor","floor":3},{"not_picked":["bronze:BuggyMess","bronze:ClassDefault"],"picked":"bronze:DelayedSlice","floor":4},{"not_picked":["infinitespire:SealOfDarkness+","infinitespire:FinalStrike"],"picked":"infinitespire:Oblivion","floor":5},{"not_picked":["bronze:BronzeArmor","bronze:FindAndReplace"],"picked":"bronze:ShipIt","floor":8},{"not_picked":["bronze:Turbo","bronze:GetLatest"],"picked":"bronze:BugBarrage","floor":10},{"not_picked":["bronze:WhirlingStrike","bronze:Format"],"picked":"bronze:Repair","floor":11},{"not_picked":["bronze:Turbo","bronze:ChildClass"],"picked":"bronze:BuggyMess","floor":12},{"not_picked":["bronze:FollowUp+1","bronze:Branch+1"],"picked":"bronze:Flail+1","floor":13},{"not_picked":["bronze:Safeguard","bronze:Overheat+1"],"picked":"bronze:Deprecate","floor":14},{"not_picked":["bronze:ShipIt+1","bronze:Separator+1","bronze:Deprecate"],"picked":"SKIP","floor":15},{"not_picked":["bronze:CleanCode","bronze:ThunderWave+1"],"picked":"bronze:AlphaBuild+1","floor":16},{"not_picked":["bronze:Deprecate","bronze:Iterate+1"],"picked":"bronze:BugBarrage+1","floor":20},{"not_picked":["bronze:FineTuning","bronze:Flail+1","bronze:DelayedGuard"],"picked":"SKIP","floor":23},{"not_picked":["bronze:Shield","bronze:Deprecate"],"picked":"bronze:Branch+1","floor":25},{"not_picked":["bronze:Optimize","bronze:ChildClass"],"picked":"bronze:Assembly","floor":26},{"not_picked":["bronze:MaxOutput","bronze:Iterate+1","bronze:Separator+1"],"picked":"SKIP","floor":28},{"not_picked":["bronze:Frontload","bronze:Safeguard+1"],"picked":"bronze:Repair","floor":30},{"not_picked":["bronze:Branch+1","bronze:ForceShield+1"],"picked":"bronze:ItsAFeature+1","floor":31},{"not_picked":["bronze:FindAndReplace","bronze:Terminator+1"],"picked":"bronze:BronzeOrb+1","floor":32},{"not_picked":["bronze:BurnOut+1","bronze:ShipIt+1"],"picked":"bronze:Verify","floor":33},{"not_picked":["bronze:Separator+1","bronze:Constructor"],"picked":"bronze:ChildClass","floor":36},{"not_picked":["bronze:Constructor+1","bronze:BitShift"],"picked":"bronze:BuggyMess+1","floor":37},{"not_picked":["bronze:WildBeam+1","bronze:BronzeArmor+1"],"picked":"bronze:OilSpill+1","floor":39},{"not_picked":["bronze:Allocate+1","bronze:Constructor+1","bronze:Virus+1"],"picked":"SKIP","floor":42},{"not_picked":["bronze:BitShift+1","bronze:WildBeam+1","bronze:BuggyMess+1"],"picked":"SKIP","floor":44},{"not_picked":["bronze:BitShift+1","bronze:Overload+1"],"picked":"bronze:Philosophize+1","floor":46},{"not_picked":["bronze:CutThrough+1","bronze:Backtrace+1"],"picked":"bronze:GetLatest","floor":47},{"not_picked":["bronze:NullPointer+1","bronze:Iterate+1","bronze:BuggyMess+1"],"picked":"SKIP","floor":49}],"player_experience":814854,"relics_obtained":[{"floor":7,"key":"Akabeko"},{"floor":8,"key":"infinitespire:ShieldingShard"},{"floor":13,"key":"Molten Egg 2"},{"floor":19,"key":"Nilry\u0027s Codex"},{"floor":20,"key":"Red Mask"},{"floor":21,"key":"Pocketwatch"},{"floor":23,"key":"Bronze Scales"},{"floor":24,"key":"Vajra"},{"floor":28,"key":"Art of War"},{"floor":30,"key":"Strawberry"},{"floor":41,"key":"Letter Opener"},{"floor":44,"key":"Turnip"},{"floor":44,"key":"Smiling Mask"},{"floor":47,"key":"Toy Ornithopter"},{"floor":47,"key":"Juzu Bracelet"}],"event_choices":[{"cards_removed":["bronze:Strike"],"damage_healed":0,"gold_gain":0,"player_choice":"Card Removal","damage_taken":0,"max_hp_gain":0,"max_hp_loss":0,"event_name":"The Cleric","floor":6,"gold_loss":0},{"damage_healed":0,"gold_gain":0,"player_choice":"Fought Bandits","damage_taken":0,"max_hp_gain":0,"max_hp_loss":0,"event_name":"Masked Bandits","floor":20,"gold_loss":0},{"damage_healed":0,"gold_gain":0,"player_choice":"Ignored","damage_taken":0,"max_hp_gain":0,"max_hp_loss":0,"event_name":"NoteForYourself","floor":43,"gold_loss":0}],"is_beta":false,"boss_relics":[{"not_picked":["Runic Dome","infinitespire:Cupcake"],"picked":"SlaversCollar"},{"not_picked":["Tiny House","Cursed Key"],"picked":"Black Star"}],"items_purged_floors":[4,38,40],"is_endless":true,"potions_floor_spawned":[8,10,13,15,26,28,30,36,39,44,47],"killed_by":"WA_ARCHETYPE_DIVINITY","ascension_level":0}}