{"host":"rolltorest","time":1611277993,"event":{"mods":["BaseMod","Minty Spire (QoL Compilation)","Relic Stats","Slay the Relics Exporter","StSLib"],"gold_per_floor":[113,129,207,132,146,146,176,189,189,86,86,102,102,122,122,196,196,214,18,18,33,53,53,53],"floor_reached":23,"language":"ENG","playtime":735,"items_purged":[],"score":386,"play_id":"b1f98e35-2965-414c-8bf2-861db3011e55","local_time":"20210121171313","is_ascension_mode":true,"campfire_choices":[{"data":"Deadly Poison","floor":6,"key":"SMITH"},{"floor":11,"key":"REST"},{"data":"Bane","floor":13,"key":"SMITH"},{"data":"Deadly Poison","floor":15,"key":"SMITH"}],"circlet_count":0,"master_deck":["AscendersBane","Survivor","Neutralize","Unload+1","Tools of the Trade+1","Endless Agony+1","Deadly Poison+1","Die Die Die","Deadly Poison+1","Bane+1","Die Die Die","Backflip","Adrenaline","Accuracy","Accuracy","Caltrops","Eviscerate","Secret Weapon","Crippling Poison","Infinite Blades"],"relics":["Astrolabe","Mummified Hand","WingedGreaves","Dead Branch","Pandora\u0027s Box"],"acts_visited":["Exordium","TheCity"],"potions_floor_usage":[7],"damage_taken":[{"damage":0,"enemies":"Jaw Worm","floor":1,"turns":4},{"damage":1,"enemies":"2 Louse","floor":2,"turns":2},{"damage":4,"enemies":"Small Slimes","floor":5,"turns":3},{"damage":45,"enemies":"Gremlin Nob","floor":7,"turns":5},{"damage":4,"enemies":"Red Slaver","floor":8,"turns":3},{"damage":0,"enemies":"Blue Slaver","floor":12,"turns":2},{"damage":3,"enemies":"Lots of Slimes","floor":14,"turns":3},{"damage":12,"enemies":"Hexaghost","floor":16,"turns":5},{"damage":0,"enemies":"Spheric Guardian","floor":18,"turns":1},{"damage":19,"enemies":"Shell Parasite","floor":21,"turns":4},{"damage":28,"enemies":"Snake Plant","floor":22,"turns":3},{"damage":0,"enemies":"Book of Stabbing","floor":23,"turns":1}],"seed_played":"-2194973442352716364","potions_obtained":[{"floor":5,"key":"Weak Potion"},{"floor":8,"key":"Ancient Potion"},{"floor":16,"key":"FairyPotion"}],"is_trial":false,"path_per_floor":["M","M","?","?","M","R","E","M","T","?","R","M","R","M","R","B",null,"M","$","?","M","M","E"],"character_chosen":"THE_SILENT","items_purchased":["Secret Weapon"],"campfire_rested":1,"item_purchase_floors":[19],"current_hp_per_floor":[59,58,58,58,54,54,9,5,5,5,24,24,24,21,21,9,52,52,52,52,33,5,5,5],"gold":53,"neow_bonus":"BOSS_RELIC","is_daily":false,"chose_seed":false,"campfire_upgraded":3,"win_rate":0.0,"timestamp":1611277993,"path_taken":["M","M","?","?","M","R","E","M","T","?","R","M","R","?","R","BOSS","M","$","?","M","?","E"],"items_purchased_type":["Card"],"build_version":"2020-12-18","purchased_purges":0,"victory":false,"max_hp_per_floor":[66,66,66,66,66,66,66,66,66,66,66,66,66,66,66,66,66,66,66,66,66,66,66,66],"relic_stats":{"counters":[12,36],"Mummified Hand":[8],"Astrolabe":["Unload","Tools of the Trade","Endless Agony"],"Dead Branch":[32],"Pandora\u0027s Box":["Backflip","Adrenaline","Accuracy","Accuracy","Caltrops","Eviscerate"],"obtain_stats":[{"Mummified Hand":7,"Astrolabe":0,"Dead Branch":10,"Pandora\u0027s Box":17,"WingedGreaves":9,"Ring of the Snake":0},{"Mummified Hand":4,"Astrolabe":0,"Dead Branch":5,"Pandora\u0027s Box":8,"WingedGreaves":5,"Ring of the Snake":0},{"Mummified Hand":14,"Astrolabe":0,"Dead Branch":17,"Pandora\u0027s Box":27,"WingedGreaves":17,"Ring of the Snake":0}]},"card_choices":[{"not_picked":["Terror","Prepared"],"picked":"Deadly Poison","floor":1},{"not_picked":["Acrobatics","Caltrops","Heel Hook"],"picked":"SKIP","floor":2},{"not_picked":["Backflip","Quick Slash","Underhanded Strike"],"picked":"SKIP","floor":5},{"not_picked":["Dagger Spray","Finisher"],"picked":"Die Die Die","floor":7},{"not_picked":["Blade Dance","All Out Attack"],"picked":"Deadly Poison","floor":8},{"not_picked":["Setup","Blade Dance"],"picked":"Bane","floor":12},{"not_picked":["Choke","Eviscerate","Blur"],"picked":"SKIP","floor":14},{"not_picked":["After Image","Tools of the Trade"],"picked":"Die Die Die","floor":16},{"not_picked":["Outmaneuver+1","Prepared","Finisher"],"picked":"SKIP","floor":18},{"not_picked":["Bane","Dagger Throw","Acrobatics"],"picked":"SKIP","floor":21},{"not_picked":["Underhanded Strike","Slice"],"picked":"Infinite Blades","floor":22}],"player_experience":1759813,"relics_obtained":[{"floor":7,"key":"Mummified Hand"},{"floor":9,"key":"WingedGreaves"}],"event_choices":[{"damage_healed":0,"gold_gain":78,"player_choice":"Gained Gold","damage_taken":0,"max_hp_gain":0,"max_hp_loss":0,"event_name":"Golden Wing","floor":3,"gold_loss":0},{"cards_removed":["Strike_G"],"damage_healed":0,"gold_gain":0,"player_choice":"Card Removal","damage_taken":0,"max_hp_gain":0,"max_hp_loss":0,"event_name":"The Cleric","floor":4,"gold_loss":75},{"damage_healed":0,"gold_gain":0,"player_choice":"Paid Gold","damage_taken":0,"relics_obtained":["Dead Branch"],"max_hp_gain":0,"max_hp_loss":0,"event_name":"WeMeetAgain","floor":10,"gold_loss":103},{"damage_healed":0,"gold_gain":0,"player_choice":"1 cards matched","damage_taken":0,"max_hp_gain":0,"max_hp_loss":0,"event_name":"Match and Keep!","floor":20,"gold_loss":0,"cards_obtained":["Crippling Poison"]}],"is_beta":true,"boss_relics":[{"not_picked":["Empty Cage","Tiny House"],"picked":"Pandora\u0027s Box"}],"items_purged_floors":[],"is_endless":false,"potions_floor_spawned":[5,8,16,22],"killed_by":"Book of Stabbing","ascension_level":20}}