{"host":"3jpwrwmmgyabjceh","time":1611351039,"event":{"mods":["AchievementEnabler","BaseMod","Colored Map","Colored Powertips","Highlight Path","Minty Spire (QoL Compilation)","Quick Restart","Relic Stats","StSLib","SuperFastMode"],"gold_per_floor":[116,116,116,176,226,264,264,304,354,354,375,394,430,446,446,569,569,619,669,687,711,727,768,768,818,818,849,899,899,931,942,942,1071,1071,1109,1214,1264,1358,574,604,604,654,654,308,336,350,380,430,430,430,430,430,28,87,87,87],"floor_reached":55,"language":"ENG","playtime":2317,"items_purged":["Strike_P"],"score":1162,"play_id":"1d8dcddf-3b18-4e51-851a-b28699e6a0b7","local_time":"20210123003039","is_ascension_mode":true,"campfire_choices":[{"floor":7.0,"key":"REST"},{"floor":10.0,"key":"REST"},{"floor":15.0,"key":"REST"},{"data":"1","floor":24.0,"key":"LIFT"},{"floor":29.0,"key":"REST"},{"data":"2","floor":32.0,"key":"LIFT"},{"data":"3","floor":41.0,"key":"LIFT"},{"floor":49.0,"key":"RECALL"},{"floor":52.0,"key":"REST"}],"circlet_count":0,"master_deck":["Defend_P","Eruption","FlurryOfBlows","Crescendo+1","DeceiveReality","ClearTheMind","Crescendo","Scrawl","Meditate","Tantrum","Wish","Adaptation+1","ForeignInfluence+1","FlyingSleeves+1","SashWhip","PathToVictory","LikeWater","CutThroughFate","BowlingBash","Wallop","RitualDagger","ThirdEye+1","Halt+1","DeceiveReality+1","Ragnarok","CutThroughFate+1","Halt","MentalFortress","Panacea","TalkToTheHand","WaveOfTheHand","CutThroughFate","Finesse","Adaptation+1","Prostrate+1","Prostrate+1","DevaForm+1","EmptyBody","Tantrum","LikeWater+1"],"relics":["Fusion Hammer","SsserpentHead","Bloody Idol","Nunchaku","Girya","Bronze Scales","Vajra","Astrolabe","HornCleat","Happy Flower","Letter Opener","Regal Pillow","Sozu","Du-Vu Doll","Oddly Smooth Stone","Strange Spoon","Yang","Strawberry","Frozen Egg 2","Akabeko","Bird Faced Urn","Mango","ClockworkSouvenir","War Paint"],"acts_visited":["Exordium","TheCity","TheBeyond","TheEnding"],"potions_floor_usage":[55,55],"damage_taken":[{"damage":0.0,"enemies":"Cultist","floor":1.0,"turns":2.0},{"damage":0.0,"enemies":"2 Louse","floor":4.0,"turns":2.0},{"damage":47.0,"enemies":"3 Sentries","floor":6.0,"turns":8.0},{"damage":24.0,"enemies":"Gremlin Nob","floor":8.0,"turns":5.0},{"damage":2.0,"enemies":"Small Slimes","floor":11.0,"turns":3.0},{"damage":11.0,"enemies":"Exordium Wildlife","floor":12.0,"turns":4.0},{"damage":0.0,"enemies":"Lagavulin","floor":13.0,"turns":6.0},{"damage":8.0,"enemies":"Blue Slaver","floor":14.0,"turns":2.0},{"damage":0.0,"enemies":"Slime Boss","floor":16.0,"turns":6.0},{"damage":0.0,"enemies":"Spheric Guardian","floor":18.0,"turns":2.0},{"damage":0.0,"enemies":"Shell Parasite","floor":20.0,"turns":1.0},{"damage":0.0,"enemies":"3 Cultists","floor":21.0,"turns":3.0},{"damage":0.0,"enemies":"Sentry and Sphere","floor":22.0,"turns":3.0},{"damage":28.0,"enemies":"Slavers","floor":23.0,"turns":3.0},{"damage":7.0,"enemies":"Gremlin Leader","floor":27.0,"turns":3.0},{"damage":11.0,"enemies":"Book of Stabbing","floor":30.0,"turns":3.0},{"damage":0.0,"enemies":"Cultist and Chosen","floor":31.0,"turns":3.0},{"damage":28.0,"enemies":"Champ","floor":33.0,"turns":8.0},{"damage":0.0,"enemies":"3 Darklings","floor":35.0,"turns":3.0},{"damage":44.0,"enemies":"2 Orb Walkers","floor":36.0,"turns":2.0},{"damage":1.0,"enemies":"3 Shapes","floor":38.0,"turns":2.0},{"damage":0.0,"enemies":"Nemesis","floor":40.0,"turns":5.0},{"damage":0.0,"enemies":"Giant Head","floor":45.0,"turns":4.0},{"damage":20.0,"enemies":"Maw","floor":46.0,"turns":5.0},{"damage":4.0,"enemies":"Reptomancer","floor":47.0,"turns":4.0},{"damage":30.0,"enemies":"Awakened One","floor":50.0,"turns":9.0},{"damage":35.0,"enemies":"Shield and Spear","floor":54.0,"turns":4.0},{"damage":81,"enemies":"The Heart","floor":55,"turns":6}],"seed_played":"8510962252628673124","potions_obtained":[{"floor":8.0,"key":"BlessingOfTheForge"},{"floor":11.0,"key":"DistilledChaos"},{"floor":12.0,"key":"DistilledChaos"},{"floor":13.0,"key":"Weak Potion"},{"floor":14.0,"key":"Swift Potion"},{"floor":16.0,"key":"PowerPotion"},{"floor":21.0,"key":"DistilledChaos"},{"floor":22.0,"key":"SpeedPotion"},{"floor":31.0,"key":"Dexterity Potion"},{"floor":33.0,"key":"Fruit Juice"}],"is_trial":false,"path_per_floor":["M","?","?","M","?","E","R","E","T","R","M","M","E","M","R","B",null,"M","?","M","M","M","E","R","?","T","E","?","R","E","M","R","B",null,"M","?","?","M","$","E","R","?","T","$","E","M","E","?","R","B",null,"R","$","E","B"],"character_chosen":"WATCHER","items_purchased":["Strange Spoon","MentalFortress","Yang","Panacea","Strawberry","Akabeko","WaveOfTheHand","CutThroughFate","Finesse","DevaForm+1","ClockworkSouvenir","EmptyBody","Tantrum"],"campfire_rested":5,"item_purchase_floors":[39,39,39,39,39,44,44,44,44,53,53,53,53],"current_hp_per_floor":[72,65,65,65,65,18,38,14,14,34,32,21,21,13,33,33,67,67,67,67,67,67,39,39,33,33,26,26,46,40,45,45,32,72,72,33,38,52,59,64,64,69,69,69,74,62,85,89,89,67,89,89,89,70,0,0],"gold":87,"neow_bonus":"BOSS_RELIC","is_daily":false,"chose_seed":false,"campfire_upgraded":0,"win_rate":0.0,"timestamp":1611351039,"path_taken":["M","?","?","?","?","E","R","E","T","R","M","M","E","M","R","BOSS","M","?","M","M","M","E","R","?","T","E","?","R","E","M","R","BOSS","M","?","?","?","$","E","R","?","T","$","E","M","E","?","R","BOSS","R","$","E","BOSS"],"items_purchased_type":["Relic","Card","Relic","Card","Relic","Relic","Card","Card","Card","Card","Relic","Card","Card"],"build_version":"2020-12-22","purchased_purges":1,"victory":false,"max_hp_per_floor":[72,72,72,72,67,67,67,67,67,67,67,67,67,67,67,67,67,67,67,67,67,67,67,67,67,67,67,67,67,67,67,67,72,72,72,72,72,72,79,79,79,75,75,75,75,75,89,89,89,89,89,89,89,89,89,89],"relic_stats":{"Regal Pillow":0,"Happy Flower":[20],"counters":[28,111],"Astrolabe":["Adaptation","ForeignInfluence","Judgement"],"Yang":[96],"Letter Opener":[135],"War Paint":["ThirdEye","Crescendo"],"Sozu":4,"SsserpentHead":500,"Strange Spoon":[24],"Nunchaku":[24],"Bloody Idol":84,"Bronze Scales":[262],"Bird Faced Urn":[33],"obtain_stats":[{"Regal Pillow":30,"Vajra":13,"Yang":39,"Mango":47,"ClockworkSouvenir":53,"Sozu":34,"SsserpentHead":3,"Nunchaku":6,"HornCleat":23,"Strawberry":39,"Fusion Hammer":0,"Girya":8,"Happy Flower":26,"Golden Idol":5,"Astrolabe":17,"Oddly Smooth Stone":37,"Letter Opener":27,"Frozen Egg 2":40,"War Paint":54,"Akabeko":44,"Du-Vu Doll":36,"Strange Spoon":39,"Bronze Scales":9,"Bloody Idol":28,"Bird Faced Urn":45,"PureWater":0},{"Regal Pillow":16,"Vajra":7,"Yang":21,"Mango":25,"ClockworkSouvenir":26,"Sozu":18,"SsserpentHead":1,"Nunchaku":3,"HornCleat":14,"Strawberry":21,"Fusion Hammer":0,"Girya":4,"Happy Flower":14,"Golden Idol":2,"Astrolabe":9,"Oddly Smooth Stone":20,"Letter Opener":15,"Frozen Egg 2":22,"War Paint":27,"Akabeko":22,"Du-Vu Doll":20,"Strange Spoon":21,"Bronze Scales":4,"Bloody Idol":15,"Bird Faced Urn":23,"PureWater":0},{"Regal Pillow":56,"Vajra":30,"Yang":74,"Mango":92,"ClockworkSouvenir":101,"Sozu":67,"SsserpentHead":2,"Nunchaku":12,"HornCleat":50,"Strawberry":74,"Fusion Hammer":0,"Girya":17,"Happy Flower":50,"Golden Idol":4,"Astrolabe":38,"Oddly Smooth Stone":72,"Letter Opener":53,"Frozen Egg 2":79,"War Paint":105,"Akabeko":79,"Du-Vu Doll":72,"Strange Spoon":74,"Bronze Scales":17,"Bloody Idol":53,"Bird Faced Urn":83,"PureWater":0}]},"card_choices":[{"not_picked":["FlyingSleeves","Evaluate"],"picked":"FlurryOfBlows","floor":1.0},{"not_picked":["JustLucky","Evaluate"],"picked":"Crescendo","floor":4.0},{"not_picked":["Nirvana","WindmillStrike"],"picked":"DeceiveReality","floor":6.0},{"not_picked":["CrushJoints","CarveReality"],"picked":"ClearTheMind","floor":8.0},{"not_picked":["ClearTheMind","CarveReality"],"picked":"Crescendo","floor":11.0},{"not_picked":["Study","ReachHeaven"],"picked":"Scrawl","floor":12.0},{"not_picked":["CrushJoints","Halt"],"picked":"Meditate","floor":13.0},{"not_picked":["EmptyBody","Prostrate"],"picked":"Tantrum","floor":14.0},{"not_picked":["Devotion","Blasphemy"],"picked":"Wish","floor":16.0},{"not_picked":["CrushJoints","Study"],"picked":"FlyingSleeves+1","floor":18.0},{"not_picked":["BowlingBash","SignatureMove"],"picked":"LikeWater","floor":20.0},{"not_picked":["EmptyFist","ClearTheMind+1"],"picked":"CutThroughFate","floor":21.0},{"not_picked":["FlyingSleeves+1","PathToVictory"],"picked":"BowlingBash","floor":22.0},{"not_picked":["Alpha","SashWhip"],"picked":"Wallop","floor":23.0},{"not_picked":["CarveReality+1","PathToVictory"],"picked":"ThirdEye","floor":27.0},{"not_picked":["EmptyBody","CutThroughFate"],"picked":"Halt+1","floor":30.0},{"not_picked":["Swivel","EmptyFist"],"picked":"DeceiveReality+1","floor":31.0},{"not_picked":["Establishment","LessonLearned"],"picked":"Ragnarok","floor":33.0},{"not_picked":["CarveReality","SandsOfTime","FollowUp"],"picked":"SKIP","floor":35.0},{"not_picked":["EmptyBody","CrushJoints+1"],"picked":"CutThroughFate+1","floor":36.0},{"not_picked":["Crescendo","Fasting2"],"picked":"Halt","floor":38.0},{"not_picked":["Pray","DeusExMachina"],"picked":"TalkToTheHand","floor":40.0},{"not_picked":["PathToVictory+1","Collect+1"],"picked":"Adaptation+1","floor":45.0},{"not_picked":["CutThroughFate+1","Protect"],"picked":"Prostrate+1","floor":46.0},{"not_picked":["SashWhip+1","JustLucky"],"picked":"Prostrate+1","floor":47.0},{"not_picked":["Worship+1","SashWhip"],"picked":"LikeWater+1","floor":54.0}],"player_experience":258007,"relics_obtained":[{"floor":6.0,"key":"Nunchaku"},{"floor":8.0,"key":"Girya"},{"floor":9.0,"key":"Bronze Scales"},{"floor":13.0,"key":"Vajra"},{"floor":23.0,"key":"HornCleat"},{"floor":26.0,"key":"Happy Flower"},{"floor":27.0,"key":"Letter Opener"},{"floor":30.0,"key":"Regal Pillow"},{"floor":36.0,"key":"Du-Vu Doll"},{"floor":40.0,"key":"Frozen Egg 2"},{"floor":45.0,"key":"Bird Faced Urn"},{"floor":47.0,"key":"Mango"},{"floor":54.0,"key":"War Paint"}],"event_choices":[{"cards_removed":["Strike_P"],"damage_healed":0.0,"max_hp_gain":0.0,"max_hp_loss":0.0,"gold_gain":0.0,"event_name":"Golden Wing","player_choice":"Card Removal","floor":2.0,"gold_loss":0.0,"damage_taken":7.0},{"damage_healed":0.0,"max_hp_gain":0.0,"max_hp_loss":0.0,"gold_gain":0.0,"event_name":"FaceTrader","player_choice":"Trade","floor":3.0,"gold_loss":0.0,"damage_taken":0.0,"relics_obtained":["SsserpentHead"]},{"damage_healed":0.0,"max_hp_gain":0.0,"max_hp_loss":5.0,"gold_gain":0.0,"event_name":"Golden Idol","player_choice":"Lose Max HP","floor":5.0,"gold_loss":0.0,"damage_taken":0.0,"relics_obtained":["Golden Idol"]},{"damage_healed":0.0,"max_hp_gain":0.0,"max_hp_loss":0.0,"gold_gain":0.0,"cards_transformed":["Defend_P","Strike_P"],"event_name":"Drug Dealer","player_choice":"Became Test Subject","floor":19.0,"gold_loss":0.0,"damage_taken":0.0,"cards_obtained":["SashWhip","PathToVictory"]},{"damage_healed":0.0,"max_hp_gain":0.0,"max_hp_loss":0.0,"gold_gain":0.0,"event_name":"Nest","player_choice":"Joined the Cult","floor":25.0,"gold_loss":0.0,"damage_taken":6.0,"cards_obtained":["RitualDagger"]},{"damage_healed":0.0,"max_hp_gain":0.0,"max_hp_loss":0.0,"gold_gain":0.0,"event_name":"Forgotten Altar","player_choice":"Gave Idol","floor":28.0,"relics_lost":["Golden Idol"],"gold_loss":0.0,"damage_taken":0.0,"relics_obtained":["Bloody Idol"]},{"damage_healed":0.0,"max_hp_gain":0.0,"max_hp_loss":0.0,"gold_gain":0.0,"event_name":"Mysterious Sphere","player_choice":"Fight","floor":36.0,"gold_loss":0.0,"damage_taken":0.0},{"cards_removed":["Judgement"],"damage_healed":0.0,"max_hp_gain":0.0,"max_hp_loss":0.0,"gold_gain":0.0,"event_name":"WeMeetAgain","player_choice":"Gave Card","floor":37.0,"gold_loss":0.0,"damage_taken":0.0,"relics_obtained":["Oddly Smooth Stone"]},{"damage_healed":0.0,"max_hp_gain":0.0,"max_hp_loss":4.0,"gold_gain":0.0,"event_name":"Winding Halls","player_choice":"Max HP","floor":42.0,"gold_loss":0.0,"damage_taken":0.0},{"cards_removed":["Vigilance"],"damage_healed":0.0,"max_hp_gain":0.0,"max_hp_loss":0.0,"gold_gain":0.0,"event_name":"Falling","player_choice":"Removed Skill","floor":48.0,"gold_loss":0.0,"damage_taken":0.0}],"is_beta":false,"boss_relics":[{"not_picked":["Runic Dome","Snecko Eye"],"picked":"Astrolabe"},{"not_picked":["SacredBark","Pandora\u0027s Box"],"picked":"Sozu"}],"items_purged_floors":[39],"is_endless":false,"potions_floor_spawned":[8,11,12,13,14,16,21,22,31,33,36,38,46,47],"killed_by":"The Heart","ascension_level":4}}