{"host":"tm3ghj8mno6gwywm","time":1611338127,"event":{"mods":["2.2 Compatiblity","AchievementEnabler","Bard","BaseMod","Beaked The Cultist","Better Third Choice","Colored Map","Colored Powertips","Conspire","Downfall","Glutton Mod","GungeonMod","Halation","Hermit","Hubris","Infinite Spire","Jorbs\u0027s Wanderer Trilogy","Mad Scientist","Marisa????????","Marked Mod","Mimic Mod","Minty Spire (QoL Compilation)","Potionbrewer","Quick Restart","Replay The Spire","Shade Mod","Shop Mod","Somnambulant","Spicy Shops","StSLib","SuperFastMode","The Bug Knight","The Construct","The Cursed","The Disciple","The Hierophant","The IronCluck","The Judge","The Jungle","The Necromancer","The Runesmith","The Servant 0.9.4","egg"],"gold_per_floor":[110,110,121,133,95,95,16,51,82,101,111,126,126,137,137,236,236,249,249,267,284,296,324,324,342,379,34,46,63,74,74,74,176,226,246,259,182,194,207,207,241,254,280,299,299,326,326,352,352,352,352,352,101,130,130],"floor_reached":56,"language":"ENG","playtime":1873,"items_purged":["Decay","Decay"],"score":1407,"play_id":"a416c57d-282b-49f3-a9c5-673b0321a996","local_time":"20210122125527","is_ascension_mode":false,"campfire_choices":[{"floor":6,"key":"RECALL"},{"floor":15,"key":"REST"},{"floor":24,"key":"REST"},{"floor":32,"key":"REST"},{"data":"Neutralize","floor":40,"key":"SMITH"},{"floor":45,"key":"REST"},{"floor":47,"key":"REST"},{"floor":49,"key":"REST"},{"floor":52,"key":"REST"}],"circlet_count":0,"master_deck":["Survivor+1","Neutralize+1","Dagger Spray+1","All Out Attack+1","Flechettes+1","Flying Knee+1","Slice+1","Underhanded Strike+1","Cloak And Dagger+1","Cloak And Dagger+1","Cloak And Dagger+1","ReplayTheSpireMod:Scrap Shanks+1","Venomology+1","Poisoned Stab+1","Envenom+1","Reflex+1","Night Terror+1","Poisoned Stab+1","Riddle With Holes+1","Catalyst+1","conspire:DoublingDagger+1","Concentrate+1","Caltrops+1","Reflex+1","Dagger Throw+1","Underhanded Strike+1","Cloak And Dagger+1","Outmaneuver+1","Bane+1","Deflect+1","Footwork+1","Dodge and Roll+1","Dagger Spray+1","Sucker Punch+1","Phantasmal Killer+1","Heel Hook+1","Caltrops+1","Footwork+1","Reflex+1","PiercingWail+1","Masterful Stab+1","Dodge and Roll+1","Eviscerate+1","Finisher+1","Dodge and Roll+1","conspire:DoublingDagger+1","Sucker Punch+1","Footwork+1","Accuracy+1","Quick Slash+1"],"relics":["Ring of the Snake","WingedGreaves","Lizard Tail","Mummified Hand","Black Star","Molten Egg 2","Toxic Egg 2","Frozen Egg 2","Quantum Egg","Membership Card","halation:PromiseList","infinitespire:WardingShard","potionbrewer:Torch","infinitespire:ShieldingShard","Pandora\u0027s Box","infinitespire:PuzzleCube","infinitespire:Beetle Shell","halation:SelfBoilingWater","Quantum Egg","Lee\u0027s Waffle","Strawberry","DemoMod:AgedBell","potionbrewer:ToyAutogyro","Tiny House","Orrery","Bronze Scales","DemoMod:PoisonVial","Replay:Mystery Machine","hubris:AncientText","hubris:ToyBattleship","Sling","halation:LettersToHer","halation:TwoAmDonut","hexamod:BolsterEngine"],"acts_visited":["Exordium","TheCity","TheBeyond","TheEnding"],"potions_floor_usage":[9,23,25,26,26,26,26,29,33,33,36,38,41,42,44,48,48,50,50,55,55,55],"damage_taken":[{"damage":2,"enemies":"Small Slimes","floor":1,"turns":5},{"damage":0,"enemies":"Cultist","floor":3,"turns":3},{"damage":3,"enemies":"Jaw Worm","floor":4,"turns":3},{"damage":17,"enemies":"3 Sentries","floor":8,"turns":7},{"damage":4,"enemies":"Red Slaver","floor":9,"turns":5},{"damage":0,"enemies":"Red Slaver","floor":10,"turns":3},{"damage":0,"enemies":"3 Louse","floor":11,"turns":1},{"damage":0,"enemies":"Exordium Wildlife","floor":12,"turns":1},{"damage":0,"enemies":"Blue Slaver","floor":14,"turns":3},{"damage":31,"enemies":"Fading Forest","floor":16,"turns":11},{"damage":0,"enemies":"Shell Parasite","floor":18,"turns":2},{"damage":0,"enemies":"Chosen","floor":20,"turns":3},{"damage":11,"enemies":"Centurion and Healer","floor":21,"turns":5},{"damage":0,"enemies":"Snecko","floor":22,"turns":4},{"damage":0,"enemies":"Replay:Snechameleon","floor":23,"turns":4},{"damage":27,"enemies":"Snake Plant","floor":25,"turns":4},{"damage":0,"enemies":"Shelled Parasite and Fungi","floor":26,"turns":3},{"damage":0,"enemies":"Shelled Parasite and Fungi","floor":28,"turns":3},{"damage":1,"enemies":"Centurion and Healer","floor":29,"turns":2},{"damage":0,"enemies":"Snake Plant","floor":30,"turns":2},{"damage":10,"enemies":"Collector","floor":33,"turns":6},{"damage":0,"enemies":"3 Darklings","floor":35,"turns":2},{"damage":0,"enemies":"Orb Walker","floor":36,"turns":2},{"damage":0,"enemies":"Maw","floor":38,"turns":5},{"damage":0,"enemies":"Jaw Worm Horde","floor":39,"turns":2},{"damage":0,"enemies":"conspire:MimicChest","floor":41,"turns":6},{"damage":0,"enemies":"Maw","floor":42,"turns":6},{"damage":36,"enemies":"HollowMod:SlobberingHusk","floor":44,"turns":7},{"damage":0,"enemies":"Giant Head","floor":48,"turns":6},{"damage":16,"enemies":"Time Eater","floor":50,"turns":5},{"damage":0,"enemies":"Shield and Spear","floor":54,"turns":2},{"damage":122,"enemies":"The Heart","floor":55,"turns":9}],"seed_played":"2819398084401681841","potions_obtained":[{"floor":4,"key":"sneckomod:MuddlingPotion"},{"floor":8,"key":"Regen Potion"},{"floor":11,"key":"SmokeBomb"},{"floor":16,"key":"potionbrewer:ToxicPotion"},{"floor":23,"key":"CunningPotion"},{"floor":25,"key":"Strength Potion"},{"floor":33,"key":"BlessingOfTheForge"},{"floor":36,"key":"Adrenaline Potion"},{"floor":42,"key":"Weak Potion"},{"floor":48,"key":"Weak Potion"}],"is_trial":false,"path_per_floor":["M","?","M","M","$","R","$","E","MIM","M","M","M","?","M","R","B",null,"M","?","M","M","M","E","R","M","MIM","$","M","M","M","?","R","B",null,"M","M","$","M","M","R","?","M","T","M","R","T","R","E","R","B",null,"R","$","E","B",null],"character_chosen":"THE_SILENT","items_purchased":["halation:PromiseList","Lee\u0027s Waffle","Strawberry","DemoMod:AgedBell","Footwork+1","potionbrewer:ToyAutogyro","Orrery","Sling","Accuracy+1","halation:LettersToHer","champ:CounterPotion","CunningPotion"],"campfire_rested":7,"item_purchase_floors":[7,27,27,27,27,27,37,53,53,53,53,53],"current_hp_per_floor":[75,75,75,72,72,72,72,55,63,63,63,63,63,63,77,46,77,77,77,77,66,66,66,77,50,50,91,91,90,90,90,91,81,96,96,96,96,96,96,96,96,96,96,60,88,88,96,96,96,80,96,96,96,96,22],"gold":130,"neow_bonus":"TEN_PERCENT_HP_BONUS","is_daily":false,"chose_seed":false,"campfire_upgraded":1,"win_rate":0.0,"timestamp":1611338127,"path_taken":["M","?","M","M","?","R","$","E","MIM","M","M","M","?","M","R","BOSS","M","?","M","M","M","E","R","M","MIM","$","M","M","M","?","R","BOSS","M","M","$","M","M","R","?","M","T","M","R","?","R","E","R","BOSS","R","$","E","BOSS"],"items_purchased_type":["Relic","Relic","Relic","Relic","Card","Relic","Relic","Relic","Card","Relic","Potion","Potion"],"build_version":"2020-12-22","purchased_purges":2,"victory":true,"max_hp_per_floor":[77,77,77,77,77,77,77,77,77,77,77,77,77,77,77,77,77,77,77,77,77,77,77,77,77,77,91,91,91,91,91,91,91,96,96,96,96,96,96,96,96,96,96,96,96,96,96,96,96,96,96,96,96,96,96],"card_choices":[{"not_picked":["Blur+1","Cloak And Dagger+1"],"picked":"Dagger Spray+1","floor":1},{"not_picked":["Poisoned Stab+1","Outmaneuver+1"],"picked":"All Out Attack+1","floor":3},{"not_picked":["Cloak And Dagger+1","Dagger Spray+1"],"picked":"Flechettes+1","floor":4},{"not_picked":["All Out Attack+1","Backflip+1"],"picked":"Flying Knee+1","floor":8},{"not_picked":["Outmaneuver+1","Poisoned Stab+1"],"picked":"Slice+1","floor":9},{"not_picked":["Toxin Wave+1","Night Terror+1"],"picked":"Underhanded Strike+1","floor":10},{"not_picked":["Crippling Poison+1","hubris:SlightOfHand+1"],"picked":"Cloak And Dagger+1","floor":11},{"not_picked":["Dagger Throw+1","conspire:PoisonWeapons+1"],"picked":"Cloak And Dagger+1","floor":12},{"not_picked":["Sneak Up+1","Dodge and Roll+1"],"picked":"ReplayTheSpireMod:Scrap Shanks+1","floor":14},{"not_picked":["Bullet Time+1","Envenom+1"],"picked":"Venomology+1","floor":16},{"not_picked":["Deadly Poison+1","Hidden Blade+1"],"picked":"Reflex+1","floor":18},{"not_picked":["Hidden Blade+1","hubris:SlightOfHand+1"],"picked":"Dagger Throw+1","floor":20},{"not_picked":["Well Laid Plans+1","Dagger Throw+1"],"picked":"Underhanded Strike+1","floor":21},{"not_picked":["Concentrate+1","Backstab+1"],"picked":"Cloak And Dagger+1","floor":22},{"not_picked":["hubris:SlightOfHand+1","Draining Mist+1"],"picked":"Outmaneuver+1","floor":23},{"not_picked":["Poisoned Stab+1","Skewer+1"],"picked":"Bane+1","floor":25},{"not_picked":["Backflip+1","Dodge and Roll+1"],"picked":"Deflect+1","floor":26},{"not_picked":["Underhanded Strike+1","Atom Bomb+1"],"picked":"Dodge and Roll+1","floor":28},{"not_picked":["Underhanded Strike+1","Expertise+1"],"picked":"Dagger Spray+1","floor":29},{"not_picked":["Dagger Spray+1","Quick Slash+1"],"picked":"Sucker Punch+1","floor":30},{"not_picked":["Burst+1","infinitespire:Neurotoxin+1"],"picked":"Phantasmal Killer+1","floor":33},{"not_picked":["Poisoned Stab+1","Dodge and Roll+1"],"picked":"Heel Hook+1","floor":34},{"not_picked":["conspire:PoisonWeapons+1","Cloak And Dagger+1"],"picked":"Caltrops+1","floor":35},{"not_picked":["Deflect+1","All Out Attack+1"],"picked":"Footwork+1","floor":36},{"not_picked":["Hidden Blade+1","Backflip+1"],"picked":"Reflex+1","floor":37},{"not_picked":["Quick Slash+1","ReplayTheSpireMod:Exploit Weakness+1"],"picked":"PiercingWail+1","floor":37},{"not_picked":["Dagger Throw+1","Prepared+1"],"picked":"Masterful Stab+1","floor":37},{"not_picked":["Expertise+1","Backflip+1"],"picked":"Dodge and Roll+1","floor":37},{"not_picked":["Slice+1","Cloak And Dagger+1"],"picked":"Eviscerate+1","floor":37},{"not_picked":["hubris:Counter+1","Backflip+1"],"picked":"Finisher+1","floor":38},{"not_picked":["hubris:TrickCloak+1","Backflip+1","PiercingWail+1"],"picked":"SKIP","floor":39},{"not_picked":["Riddle With Holes+1","Cloak And Dagger+1"],"picked":"Dodge and Roll+1","floor":41},{"not_picked":["Dash+1","infinitespire:Neurotoxin+1"],"picked":"conspire:DoublingDagger+1","floor":42},{"not_picked":["Underhanded Strike+1","Blade Dance+1"],"picked":"Sucker Punch+1","floor":44},{"not_picked":["ReplayTheSpireMod:Exploit Weakness+1","Sucker Punch+1"],"picked":"Footwork+1","floor":48},{"not_picked":["PiercingWail+1","infinitespire:Neurotoxin+1"],"picked":"Quick Slash+1","floor":54}],"player_experience":829833,"relics_obtained":[{"floor":8,"key":"infinitespire:WardingShard"},{"floor":8,"key":"potionbrewer:Torch"},{"floor":9,"key":"infinitespire:ShieldingShard"},{"floor":23,"key":"infinitespire:PuzzleCube"},{"floor":23,"key":"infinitespire:Beetle Shell"},{"floor":26,"key":"halation:SelfBoilingWater"},{"floor":26,"key":"Quantum Egg"},{"floor":41,"key":"Bronze Scales"},{"floor":43,"key":"DemoMod:PoisonVial"},{"floor":46,"key":"Replay:Mystery Machine"},{"floor":48,"key":"hubris:AncientText"},{"floor":48,"key":"hubris:ToyBattleship"},{"floor":54,"key":"halation:TwoAmDonut"},{"floor":54,"key":"hexamod:BolsterEngine"}],"event_choices":[{"damage_healed":0,"gold_gain":0,"player_choice":"Cursed","damage_taken":0,"max_hp_gain":0,"max_hp_loss":0,"event_name":"Wheel of Change","floor":2,"gold_loss":0,"cards_obtained":["Decay"]},{"damage_healed":0,"gold_gain":0,"player_choice":"Ignored","damage_taken":0,"max_hp_gain":0,"max_hp_loss":0,"event_name":"N\u0027loth","floor":19,"gold_loss":0}],"is_beta":false,"boss_relics":[{"not_picked":["Astrolabe","Sozu"],"picked":"Pandora\u0027s Box"},{"not_picked":["hubris:RunicObelisk","Ring of Chaos"],"picked":"Tiny House"}],"items_purged_floors":[5,7],"is_endless":false,"potions_floor_spawned":[4,8,11,16,23,25,28,29,33,36,38,42,48],"ascension_level":0}}