{"host":"qm4rv4rkpk76sbxu","time":1611327532,"event":{"mods":["BaseMod","Bestiary","Block Reminder","DeckTracker","Filter the Spire","Keyboard Shortcuts","Minty Spire (QoL Compilation)","MonsterHotkey","Quick Restart","Random Character Button","Relic Stats","Slay-I","StSLib","Unceasing Turn Reminder","ojb\u0027s Better Paths Mod","ojb\u0027s Info Mod"],"gold_per_floor":[113,125,125,125,140,181,181,222,269,290,315,315,315,335,335,335,335],"floor_reached":16,"language":"ENG","playtime":366,"items_purged":[],"score":118,"play_id":"06ce89c0-2ab7-4ae3-90c6-8c745e8445f0","local_time":"20210122155852","is_ascension_mode":true,"campfire_choices":[{"data":"Eruption","floor":12,"key":"SMITH"},{"floor":15,"key":"REST"}],"circlet_count":0,"master_deck":["Strike_P","Strike_P","Strike_P","Strike_P","Defend_P","Defend_P","Defend_P","Defend_P","Eruption+1","Vigilance","Doubt","Scrawl","TalkToTheHand","CrushJoints","Consecrate","Prostrate","FearNoEvil","FearNoEvil","Prostrate"],"relics":["PureWater","Golden Idol","GremlinMask","Mummified Hand","Vajra","PreservedInsect","TeardropLocket"],"acts_visited":["Exordium"],"potions_floor_usage":[6,16],"damage_taken":[{"damage":3,"enemies":"Jaw Worm","floor":1,"turns":3},{"damage":2,"enemies":"2 Louse","floor":2,"turns":4},{"damage":0,"enemies":"Cultist","floor":5,"turns":2},{"damage":18,"enemies":"3 Sentries","floor":6,"turns":3},{"damage":32,"enemies":"Gremlin Nob","floor":8,"turns":5},{"damage":1,"enemies":"Looter","floor":10,"turns":4},{"damage":10,"enemies":"Lots of Slimes","floor":11,"turns":3},{"damage":2,"enemies":"Blue Slaver","floor":14,"turns":2},{"damage":28,"enemies":"The Guardian","floor":16,"turns":9}],"seed_played":"-445867705254741825","potions_obtained":[{"floor":1,"key":"Strength Potion"},{"floor":6,"key":"LiquidBronze"},{"floor":11,"key":"Swift Potion"}],"is_trial":false,"path_per_floor":["M","M","?","?","M","E","?","E","T","M","M","R","?","M","R","B"],"character_chosen":"WATCHER","items_purchased":[],"campfire_rested":1,"item_purchase_floors":[],"current_hp_per_floor":[69,67,67,67,67,49,49,17,17,16,6,6,6,4,24,0,0],"gold":335,"neow_bonus":"THREE_RARE_CARDS","is_daily":false,"chose_seed":false,"campfire_upgraded":1,"win_rate":0.0,"timestamp":1611327532,"path_taken":["M","M","?","?","?","E","?","E","T","?","M","R","?","?","R","BOSS"],"items_purchased_type":[],"build_version":"2020-12-22","purchased_purges":0,"victory":false,"max_hp_per_floor":[72,72,67,67,67,67,67,67,67,67,67,67,67,67,67,67,67],"relic_stats":{"counters":[9,35],"Golden Idol":32,"Mummified Hand":[0],"PreservedInsect":0,"obtain_stats":[{"Golden Idol":3,"Mummified Hand":6,"Vajra":8,"GremlinMask":4,"PreservedInsect":9,"TeardropLocket":13,"PureWater":0},{"Golden Idol":2,"Mummified Hand":4,"Vajra":5,"GremlinMask":2,"PreservedInsect":5,"TeardropLocket":7,"PureWater":0},{"Golden Idol":7,"Mummified Hand":12,"Vajra":17,"GremlinMask":7,"PreservedInsect":17,"TeardropLocket":24,"PureWater":0}]},"card_choices":[{"not_picked":["DeusExMachina","ConjureBlade"],"picked":"Scrawl","floor":0},{"not_picked":["Consecrate","EmptyFist"],"picked":"TalkToTheHand","floor":1},{"not_picked":["Evaluate","EmptyBody"],"picked":"CrushJoints","floor":2},{"not_picked":["Protect","MasterReality"],"picked":"Consecrate","floor":5},{"not_picked":["JustLucky","FlurryOfBlows","FlyingSleeves"],"picked":"SKIP","floor":6},{"not_picked":["Omniscience","Fasting2"],"picked":"Prostrate","floor":8},{"not_picked":["ClearTheMind","EmptyFist"],"picked":"FearNoEvil","floor":10},{"not_picked":["FollowUp","Halt"],"picked":"FearNoEvil","floor":11},{"not_picked":["JustLucky","CrushJoints"],"picked":"Prostrate","floor":14}],"player_experience":1364211,"relics_obtained":[{"floor":6,"key":"Mummified Hand"},{"floor":8,"key":"Vajra"},{"floor":9,"key":"PreservedInsect"}],"event_choices":[{"damage_healed":0,"gold_gain":0,"player_choice":"Lose Max HP","damage_taken":0,"relics_obtained":["Golden Idol"],"max_hp_gain":0,"max_hp_loss":5,"event_name":"Golden Idol","floor":3,"gold_loss":0},{"damage_healed":0,"gold_gain":0,"player_choice":"Trade","damage_taken":0,"relics_obtained":["GremlinMask"],"max_hp_gain":0,"max_hp_loss":0,"event_name":"FaceTrader","floor":4,"gold_loss":0},{"damage_healed":0,"gold_gain":0,"player_choice":"Ignored","damage_taken":0,"max_hp_gain":0,"max_hp_loss":0,"event_name":"NoteForYourself","floor":7,"gold_loss":0},{"damage_healed":0,"gold_gain":0,"player_choice":"Gave Potion","damage_taken":0,"relics_obtained":["TeardropLocket"],"max_hp_gain":0,"max_hp_loss":0,"event_name":"WeMeetAgain","floor":13,"gold_loss":0}],"is_beta":false,"boss_relics":[],"items_purged_floors":[],"is_endless":false,"potions_floor_spawned":[1,6,11],"killed_by":"The Guardian","ascension_level":1}}