{"host":"aqomsbzss4fdoc3i","time":1611355792,"event":{"mods":["AchievementEnabler","BaseMod","Better Altar","Better Skull","Better Third Choice","Colored Powertips","Displayed Cursed Tome","Downfall","Minty Spire (QoL Compilation)","Relic Stats","StSLib","The Hierophant","Waifu the Spire"],"gold_per_floor":[105,29,29,5,80,50,50],"floor_reached":6,"language":"ENG","playtime":267,"items_purged":[],"score":32,"play_id":"b28231b2-7c1c-4d9a-a752-362f9d774898","local_time":"20210122174952","is_ascension_mode":false,"campfire_choices":[],"circlet_count":0,"master_deck":["hierophant:Strike_Hierophant","hierophant:Strike_Hierophant","hierophant:Strike_Hierophant","hierophant:Strike_Hierophant","hierophant:Punish","hierophant:Defend_Hierophant","hierophant:Defend_Hierophant","hierophant:Defend_Hierophant","hierophant:Defend_Hierophant","hierophant:ChurchCoffers","hierophant:Invocation","hierophant:Encroach","hierophant:RustyCrate","hierophant:Doubloon","hierophant:Doubloon","hierophant:MorningPrayer","hierophant:Zeal"],"relics":["hierophant:PropheticMaskRelic","Golden Idol"],"acts_visited":["Exordium"],"potions_floor_usage":[],"damage_taken":[{"damage":1,"enemies":"Cultist","floor":1,"turns":3},{"damage":85,"enemies":"Gremlin Nob","floor":6,"turns":5}],"seed_played":"-960830024810567249","potions_obtained":[],"is_trial":false,"path_per_floor":["M","$","?","$","?","E"],"character_chosen":"HIEROPHANT","items_purchased":["hierophant:RustyCrate","hierophant:MorningPrayer","hierophant:Zeal"],"campfire_rested":0,"item_purchase_floors":[2,2,4],"current_hp_per_floor":[74,74,56,56,45,0,0],"gold":50,"neow_bonus":"ONE_RANDOM_RARE_CARD","is_daily":false,"chose_seed":false,"campfire_upgraded":0,"win_rate":0.0,"timestamp":1611355792,"path_taken":["M","?","?","$","?","E"],"items_purchased_type":["Card","Card","Card"],"build_version":"2020-12-22","purchased_purges":0,"victory":false,"max_hp_per_floor":[75,75,75,75,75,75,75],"relic_stats":{"counters":[2,8],"Golden Idol":0,"obtain_stats":[{"Golden Idol":3,"hierophant:PropheticMaskRelic":0},{"Golden Idol":1,"hierophant:PropheticMaskRelic":0},{"Golden Idol":3,"hierophant:PropheticMaskRelic":0}]},"card_choices":[{"not_picked":["hierophant:Blessing","hierophant:SealAway"],"picked":"hierophant:Encroach","floor":1}],"player_experience":254358,"relics_obtained":[],"event_choices":[{"damage_healed":0,"gold_gain":0,"player_choice":"Take Damage","damage_taken":18,"relics_obtained":["Golden Idol"],"max_hp_gain":0,"max_hp_loss":0,"event_name":"Golden Idol","floor":3,"gold_loss":0},{"damage_healed":0,"gold_gain":75,"player_choice":"Gold","damage_taken":11,"max_hp_gain":0,"max_hp_loss":0,"event_name":"betterThird:BetterGoop","floor":5,"gold_loss":0}],"is_beta":false,"boss_relics":[],"items_purged_floors":[],"is_endless":false,"potions_floor_spawned":[],"killed_by":"Gremlin Nob","ascension_level":0}}