{"host":"kda2p2afd6bvz6qo","time":1611354961,"event":{"mods":["BaseMod","Colored Map","Minty Spire (QoL Compilation)","Relic Stats"],"gold_per_floor":[160,235,255,255,268,268,268,268,268,292,292,292],"floor_reached":11,"language":"ENG","playtime":436,"items_purged":[],"score":126,"play_id":"0d6a4d98-87b0-413c-87fc-8a17937f11c6","local_time":"20210122223601","is_ascension_mode":true,"campfire_choices":[{"data":"Riddle With Holes","floor":6,"key":"SMITH"},{"data":"Neutralize","floor":8,"key":"SMITH"}],"circlet_count":0,"master_deck":["AscendersBane","Strike_G","Strike_G","Strike_G","Strike_G","Strike_G","Defend_G","Defend_G+1","Defend_G","Defend_G","Defend_G","Survivor","Neutralize+1","Riddle With Holes+1","Outmaneuver","Acrobatics","Flying Knee"],"relics":["Tiny House","Golden Idol","Unceasing Top"],"acts_visited":["Exordium"],"potions_floor_usage":[10,10],"damage_taken":[{"damage":3,"enemies":"Cultist","floor":1,"turns":4},{"damage":3,"enemies":"Jaw Worm","floor":3,"turns":4},{"damage":3,"enemies":"Small Slimes","floor":5,"turns":5},{"damage":22,"enemies":"Gremlin Gang","floor":10,"turns":6},{"damage":23,"enemies":"Lagavulin","floor":11,"turns":7}],"seed_played":"-6968146320281710244","potions_obtained":[{"floor":0,"key":"GamblersBrew"},{"floor":3,"key":"Weak Potion"},{"floor":7,"key":"Swift Potion"}],"is_trial":false,"path_per_floor":["M","?","M","?","M","R","?","R","T","M","E"],"character_chosen":"THE_SILENT","items_purchased":[],"campfire_rested":0,"item_purchase_floors":[],"current_hp_per_floor":[61,50,47,47,44,44,44,44,44,22,0,0],"gold":292,"neow_bonus":"BOSS_RELIC","is_daily":false,"chose_seed":false,"campfire_upgraded":2,"win_rate":0.0,"timestamp":1611354961,"path_taken":["M","?","M","?","M","R","?","R","T","M","E"],"items_purchased_type":[],"build_version":"2020-12-22","purchased_purges":0,"victory":false,"max_hp_per_floor":[71,71,71,64,64,64,64,64,64,64,64,64],"relic_stats":{"counters":[5,26],"Golden Idol":8,"obtain_stats":[{"Tiny House":0,"Golden Idol":4,"Unceasing Top":9,"Ring of the Snake":0},{"Tiny House":0,"Golden Idol":2,"Unceasing Top":3,"Ring of the Snake":0},{"Tiny House":0,"Golden Idol":8,"Unceasing Top":13,"Ring of the Snake":0}],"Unceasing Top":[1]},"card_choices":[{"not_picked":["PiercingWail","Prepared"],"picked":"Riddle With Holes","floor":0},{"not_picked":["Blade Dance","Expertise"],"picked":"Outmaneuver","floor":1},{"not_picked":["Dagger Throw","Outmaneuver"],"picked":"Acrobatics","floor":3},{"not_picked":["Flechettes","Cloak And Dagger","Slice"],"picked":"SKIP","floor":5},{"not_picked":["Flechettes","Cloak And Dagger","Slice"],"picked":"SKIP","floor":5},{"not_picked":["Infinite Blades","Dodge and Roll"],"picked":"Flying Knee","floor":10}],"player_experience":156953,"relics_obtained":[{"floor":9,"key":"Unceasing Top"}],"event_choices":[{"damage_healed":0,"gold_gain":75,"player_choice":"Gather Gold","damage_taken":11,"max_hp_gain":0,"max_hp_loss":0,"event_name":"World of Goop","floor":2,"gold_loss":0},{"damage_healed":0,"gold_gain":0,"player_choice":"Lose Max HP","damage_taken":0,"relics_obtained":["Golden Idol"],"max_hp_gain":0,"max_hp_loss":7,"event_name":"Golden Idol","floor":4,"gold_loss":0},{"damage_healed":0,"gold_gain":0,"player_choice":"Got Potions","damage_taken":0,"max_hp_gain":0,"max_hp_loss":0,"event_name":"Lab","floor":7,"gold_loss":0}],"is_beta":false,"boss_relics":[],"items_purged_floors":[],"is_endless":false,"potions_floor_spawned":[3],"killed_by":"Lagavulin","ascension_level":20}}