{"host":"kkntor5wdjky96yl","time":1611331541,"event":{"mods":["AchievementEnabler","BaseMod","Colored Map","KOR Keyword Fix","Minty Spire (QoL Compilation)","Shop Mod","StSLib","SuperFastMode"],"gold_per_floor":[113,113,113,130,143,172,172,190,190,190,208,222,222,222,222,327,327,338,338,338,354,372,372,372],"floor_reached":23,"language":"KOR","playtime":800,"items_purged":[],"score":279,"play_id":"192436aa-ff07-43af-8b1e-e47d67c7e152","local_time":"20210123010541","is_ascension_mode":true,"campfire_choices":[{"data":"Armaments","floor":10,"key":"SMITH"},{"floor":15,"key":"REST"}],"circlet_count":0,"master_deck":["Strike_R","Strike_R+1","Defend_R","Defend_R","Defend_R+1","Defend_R","Bash","Fiend Fire","Combust","Entrench","Hemokinesis","Uppercut","Armaments+1","Inflame","Inflame+1","Battle Trance","Demon Form+1","Fire Breathing+1","Burning Pact+1"],"relics":["Burning Blood","Pantograph","Frozen Egg 2","Ornamental Fan","Velvet Choker"],"acts_visited":["Exordium","TheCity"],"potions_floor_usage":[16,23,23],"damage_taken":[{"damage":2,"enemies":"Jaw Worm","floor":1,"turns":3},{"damage":6,"enemies":"2 Louse","floor":4,"turns":3},{"damage":3,"enemies":"Small Slimes","floor":5,"turns":2},{"damage":32,"enemies":"Gremlin Nob","floor":6,"turns":4},{"damage":12,"enemies":"Exordium Wildlife","floor":8,"turns":5},{"damage":3,"enemies":"Exordium Thugs","floor":11,"turns":3},{"damage":6,"enemies":"3 Louse","floor":12,"turns":3},{"damage":4,"enemies":"Slime Boss","floor":16,"turns":7},{"damage":14,"enemies":"3 Byrds","floor":18,"turns":7},{"damage":8,"enemies":"Spheric Guardian","floor":21,"turns":3},{"damage":17,"enemies":"Cultist and Chosen","floor":22,"turns":5},{"damage":53,"enemies":"Slavers","floor":23,"turns":2}],"seed_played":"4034287589489589179","potions_obtained":[{"floor":1,"key":"PowerPotion"},{"floor":11,"key":"SteroidPotion"},{"floor":12,"key":"LiquidBronze"},{"floor":14,"key":"DistilledChaos"},{"floor":14,"key":"SneckoOil"},{"floor":18,"key":"PowerPotion"}],"is_trial":false,"path_per_floor":["M","?","?","M","M","E","?","M","T","R","M","M","T","?","R","B",null,"M","?","?","M","M","E"],"character_chosen":"IRONCLAD","items_purchased":[],"campfire_rested":1,"item_purchase_floors":[],"current_hp_per_floor":[72,72,72,72,72,46,32,26,26,26,29,29,29,29,50,72,72,64,64,64,62,51,0,0],"gold":372,"neow_bonus":"TRANSFORM_TWO_CARDS","is_daily":false,"chose_seed":false,"campfire_upgraded":1,"win_rate":0.0,"timestamp":1611331541,"path_taken":["M","?","?","M","M","E","?","M","T","R","M","?","?","?","R","BOSS","M","?","?","M","M","E"],"items_purchased_type":[],"build_version":"2020-12-22","purchased_purges":0,"victory":false,"max_hp_per_floor":[72,72,72,72,72,72,72,72,72,72,72,72,72,72,72,72,72,72,72,72,72,72,72,72],"card_choices":[{"not_picked":["Armaments","Flex"],"picked":"Entrench","floor":1},{"not_picked":["Seeing Red","Evolve"],"picked":"Uppercut","floor":4},{"not_picked":["Whirlwind","Warcry"],"picked":"Armaments","floor":5},{"not_picked":["Clash","Immolate"],"picked":"Inflame","floor":6},{"not_picked":["Thunderclap","Cleave","Havoc"],"picked":"SKIP","floor":8},{"not_picked":["Entrench","Searing Blow"],"picked":"Inflame+1","floor":11},{"not_picked":["Clothesline","Dropkick"],"picked":"Battle Trance","floor":12},{"not_picked":["Fiend Fire","Impervious"],"picked":"Demon Form+1","floor":16},{"not_picked":["Wild Strike+1","Thunderclap+1","Heavy Blade"],"picked":"SKIP","floor":18},{"not_picked":["Seeing Red","Blood for Blood+1"],"picked":"Fire Breathing+1","floor":21},{"not_picked":["Perfected Strike+1","Armaments"],"picked":"Burning Pact+1","floor":22}],"player_experience":95995,"relics_obtained":[{"floor":6,"key":"Pantograph"},{"floor":9,"key":"Frozen Egg 2"},{"floor":13,"key":"Ornamental Fan"}],"event_choices":[{"damage_healed":0,"gold_gain":0,"player_choice":"Ignored","damage_taken":0,"max_hp_gain":0,"max_hp_loss":0,"event_name":"Liars Game","floor":2,"gold_loss":0},{"damage_healed":0,"gold_gain":0,"cards_transformed":["Strike_R"],"player_choice":"Change","damage_taken":0,"max_hp_gain":0,"max_hp_loss":0,"event_name":"Living Wall","floor":3,"gold_loss":0,"cards_obtained":["Hemokinesis"]},{"damage_healed":0,"gold_gain":0,"player_choice":"Entered Light","damage_taken":14,"max_hp_gain":0,"max_hp_loss":0,"event_name":"Shining Light","floor":7,"gold_loss":0,"cards_upgraded":["Strike_R","Defend_R"]},{"damage_healed":0,"gold_gain":0,"player_choice":"Got Potions","damage_taken":0,"max_hp_gain":0,"max_hp_loss":0,"event_name":"Lab","floor":14,"gold_loss":0},{"damage_healed":0,"gold_gain":0,"player_choice":"Ignored","damage_taken":0,"max_hp_gain":0,"max_hp_loss":0,"event_name":"Ghosts","floor":19,"gold_loss":0},{"damage_healed":0,"gold_gain":0,"player_choice":"Ignored","damage_taken":0,"max_hp_gain":0,"max_hp_loss":0,"event_name":"N\u0027loth","floor":20,"gold_loss":0}],"is_beta":false,"boss_relics":[{"not_picked":["Cursed Key","Calling Bell"],"picked":"Velvet Choker"}],"items_purged_floors":[],"is_endless":false,"potions_floor_spawned":[1,11,12,18],"killed_by":"Slavers","ascension_level":3}}