{"host":"1ekl8hlbnopmdapi","time":1611349541,"event":{"mods":["AchievementEnabler","BaseMod","Colored Map","Colored Powertips","DeckTracker","Googly Eyes","Highlight Path","Minty Spire (QoL Compilation)","Relic Sorter","StSLib","Synergy Search"],"gold_per_floor":[119,129,145,165,183,217,217,252,264,276,276],"floor_reached":10,"language":"ENG","playtime":426,"items_purged":[],"score":100,"play_id":"a3244d07-8527-4431-9315-faee79909b4b","local_time":"20210122160541","is_ascension_mode":true,"campfire_choices":[{"floor":7,"key":"REST"}],"circlet_count":0,"master_deck":["Strike_G","Strike_G","Strike_G","Defend_G","Defend_G","Defend_G","Defend_G","Survivor","Neutralize","Prepared+1","Accuracy+1","Distraction+1","Slice","Bouncing Flask","Eviscerate","Prepared","Quick Slash","Poisoned Stab","Quick Slash"],"relics":["Astrolabe","Strawberry","MawBank","Blood Vial"],"acts_visited":[],"potions_floor_usage":[4,6,8],"damage_taken":[{"damage":2,"enemies":"Small Slimes","floor":1,"turns":5},{"damage":0,"enemies":"Cultist","floor":2,"turns":4},{"damage":3,"enemies":"2 Louse","floor":3,"turns":4},{"damage":6,"enemies":"Exordium Wildlife","floor":4,"turns":4},{"damage":10,"enemies":"Lots of Slimes","floor":5,"turns":5},{"damage":47,"enemies":"3 Sentries","floor":6,"turns":9},{"damage":18,"enemies":"Gremlin Nob","floor":8,"turns":3},{"damage":22,"enemies":"Lagavulin","floor":10,"turns":3}],"seed_played":"-7054009311596143399","potions_obtained":[{"floor":3,"key":"Swift Potion"},{"floor":5,"key":"SkillPotion"},{"floor":6,"key":"BlessingOfTheForge"}],"is_trial":false,"path_per_floor":["M","M","M","M","M","E","R","E","T","E"],"character_chosen":"THE_SILENT","items_purchased":[],"campfire_rested":1,"item_purchase_floors":[],"current_hp_per_floor":[68,68,65,59,49,9,32,14,14,0,0],"gold":276,"neow_bonus":"BOSS_RELIC","is_daily":false,"chose_seed":false,"campfire_upgraded":0,"win_rate":0.0,"timestamp":1611349541,"path_taken":["M","M","M","M","M","E","R","E","T","E"],"items_purchased_type":[],"build_version":"2020-12-22","purchased_purges":0,"victory":false,"max_hp_per_floor":[70,70,70,70,70,77,77,77,77,77,77],"card_choices":[{"not_picked":["Underhanded Strike","Riddle With Holes"],"picked":"Slice","floor":1},{"not_picked":["Deflect","PiercingWail"],"picked":"Bouncing Flask","floor":2},{"not_picked":["Outmaneuver","Acrobatics"],"picked":"Eviscerate","floor":3},{"not_picked":["Dagger Spray","Acrobatics"],"picked":"Prepared","floor":4},{"not_picked":["PiercingWail","Outmaneuver"],"picked":"Quick Slash","floor":5},{"not_picked":["Sucker Punch","Masterful Stab"],"picked":"Poisoned Stab","floor":6},{"not_picked":["Doppelganger","Catalyst"],"picked":"Quick Slash","floor":8}],"player_experience":486598,"relics_obtained":[{"floor":6,"key":"Strawberry"},{"floor":8,"key":"MawBank"},{"floor":9,"key":"Blood Vial"}],"event_choices":[],"is_beta":false,"boss_relics":[],"items_purged_floors":[],"is_endless":false,"potions_floor_spawned":[3,5,6],"killed_by":"Lagavulin","ascension_level":5}}