{"host":"2e3z4r48quhw80cc","time":1611342191,"event":{"mods":["BaseMod","Minty Spire (QoL Compilation)","Quick Restart","StSLib","SuperFastMode"],"gold_per_floor":[110,285,360,375,375,375,406,426,480,460,58,58,72,72,72],"floor_reached":14,"language":"KOR","playtime":1596,"items_purged":["Doubt"],"score":144,"play_id":"e040e598-1462-4be3-a3b3-4e7b57a621ef","local_time":"20210123040311","is_ascension_mode":true,"campfire_choices":[{"data":"Zap","floor":6.0,"key":"SMITH"}],"circlet_count":0,"master_deck":["Strike_B","Strike_B","Strike_B","Strike_B","Defend_B","Defend_B","Defend_B","Defend_B","Zap+1","Dualcast","Capacitor","Force Field","Static Discharge","Core Surge"],"relics":["Cracked Core","NeowsBlessing","Regal Pillow","Singing Bowl","Centennial Puzzle","Happy Flower","Golden Idol"],"acts_visited":["Exordium"],"potions_floor_usage":[14,14],"damage_taken":[{"damage":0.0,"enemies":"Jaw Worm","floor":1.0,"turns":1.0},{"damage":0.0,"enemies":"Small Slimes","floor":4.0,"turns":1.0},{"damage":0.0,"enemies":"Gremlin Nob","floor":7.0,"turns":1.0},{"damage":11.0,"enemies":"2 Louse","floor":8.0,"turns":3.0},{"damage":9.0,"enemies":"Exordium Thugs","floor":10.0,"turns":4.0},{"damage":5.0,"enemies":"2 Fungi Beasts","floor":13.0,"turns":3.0},{"damage":8,"enemies":"Lagavulin","floor":14,"turns":7}],"seed_played":"1937676285891333879","potions_obtained":[{"floor":10.0,"key":"AttackPotion"},{"floor":13.0,"key":"Swift Potion"}],"is_trial":false,"path_per_floor":["M","?","?","M","?","R","E","M","T","M","$","?","M","E"],"character_chosen":"DEFECT","items_purchased":["Static Discharge","Happy Flower","Core Surge"],"campfire_rested":0,"item_purchase_floors":[11,11,11],"current_hp_per_floor":[75,75,64,64,31,31,31,20,20,13,13,13,10,2,2],"gold":72,"neow_bonus":"THREE_ENEMY_KILL","is_daily":false,"chose_seed":false,"campfire_upgraded":1,"win_rate":0.0,"timestamp":1611342191,"path_taken":["M","?","?","M","?","R","E","M","T","M","?","?","?","E"],"items_purchased_type":["Card","Relic","Card"],"build_version":"2020-12-22","purchased_purges":1,"victory":false,"max_hp_per_floor":[75,75,75,75,75,75,75,75,75,77,77,71,73,73,73],"card_choices":[{"not_picked":["Stack","Cold Snap","Sweeping Beam"],"picked":"SKIP","floor":1.0},{"not_picked":["Stack","Beam Cell","Steam Power"],"picked":"SKIP","floor":4.0},{"not_picked":["Hello World","Chaos"],"picked":"Capacitor","floor":7.0},{"not_picked":["Go for the Eyes","Hello World"],"picked":"Force Field","floor":8.0},{"not_picked":["Compile Driver","Sweeping Beam","Coolheaded"],"picked":"Singing Bowl","floor":10.0},{"not_picked":["Lockon","Blizzard","Hologram"],"picked":"Singing Bowl","floor":13.0}],"player_experience":68452,"relics_obtained":[{"floor":7.0,"key":"Singing Bowl"},{"floor":9.0,"key":"Centennial Puzzle"}],"event_choices":[{"damage_healed":0.0,"max_hp_gain":0.0,"max_hp_loss":0.0,"gold_gain":175.0,"event_name":"Liars Game","player_choice":"AGREE","floor":2.0,"gold_loss":0.0,"damage_taken":0.0,"cards_obtained":["Doubt"]},{"damage_healed":0.0,"max_hp_gain":0.0,"max_hp_loss":0.0,"gold_gain":75.0,"event_name":"World of Goop","player_choice":"Gather Gold","floor":3.0,"gold_loss":0.0,"damage_taken":11.0},{"damage_healed":0.0,"max_hp_gain":0.0,"max_hp_loss":0.0,"gold_gain":0.0,"event_name":"Scrap Ooze","player_choice":"Success","floor":5.0,"gold_loss":0.0,"damage_taken":33.0,"relics_obtained":["Regal Pillow"]},{"damage_healed":0.0,"max_hp_gain":0.0,"max_hp_loss":6.0,"gold_gain":0.0,"event_name":"Golden Idol","player_choice":"Lose Max HP","floor":12.0,"gold_loss":0.0,"damage_taken":0.0,"relics_obtained":["Golden Idol"]}],"is_beta":false,"boss_relics":[],"items_purged_floors":[11],"is_endless":false,"potions_floor_spawned":[10,13],"killed_by":"Lagavulin","ascension_level":5}}