{"host":"xetj7e4h1njmphhb","time":1611358221,"event":{"mods":["BaseMod","Minty Spire (QoL Compilation)","SuperFastMode"],"gold_per_floor":[113,113,128,128,35,35,35,65,65,65,65,65],"floor_reached":11,"language":"ENG","playtime":385,"items_purged":[],"score":69,"play_id":"96aa5bef-e312-4ff0-9ebf-e851136699b1","local_time":"20210122183021","is_ascension_mode":false,"campfire_choices":[{"data":"Zap","floor":6,"key":"SMITH"}],"circlet_count":0,"master_deck":["Strike_B","Strike_B","Defend_B","Defend_B","Defend_B","Zap+1","Dualcast","Turbo","Conserve Battery","Redo","Swift Strike","Leap"],"relics":["Cracked Core","NlothsMask","Oddly Smooth Stone"],"acts_visited":["Exordium"],"potions_floor_usage":[],"damage_taken":[{"damage":3,"enemies":"Small Slimes","floor":1,"turns":3},{"damage":7,"enemies":"Cultist","floor":3,"turns":5},{"damage":22,"enemies":"Lagavulin","floor":8,"turns":7},{"damage":48,"enemies":"Gremlin Nob","floor":11,"turns":4}],"seed_played":"-8337055134394952048","potions_obtained":[],"is_trial":false,"path_per_floor":["M","?","M","?","$","R","?","E","T","?","E"],"character_chosen":"DEFECT","items_purchased":["Swift Strike"],"campfire_rested":0,"item_purchase_floors":[5],"current_hp_per_floor":[72,72,65,70,70,70,70,48,48,41,0,0],"gold":65,"neow_bonus":"TRANSFORM_CARD","is_daily":false,"chose_seed":false,"campfire_upgraded":1,"win_rate":0.0,"timestamp":1611358221,"path_taken":["M","?","?","?","?","R","?","E","T","?","E"],"items_purchased_type":["Card"],"build_version":"2020-12-22","purchased_purges":0,"victory":false,"max_hp_per_floor":[75,75,75,80,80,80,80,80,80,80,80,80],"card_choices":[{"not_picked":["Compile Driver","Cold Snap"],"picked":"Conserve Battery","floor":1},{"not_picked":["Melter","Go for the Eyes"],"picked":"Redo","floor":3},{"not_picked":["Biased Cognition","Sweeping Beam"],"picked":"Leap","floor":8}],"player_experience":25216,"relics_obtained":[{"floor":8,"key":"Oddly Smooth Stone"}],"event_choices":[{"damage_healed":0,"gold_gain":0,"player_choice":"Trade","damage_taken":0,"relics_obtained":["NlothsMask"],"max_hp_gain":0,"max_hp_loss":0,"event_name":"FaceTrader","floor":2,"gold_loss":0},{"damage_healed":0,"gold_gain":0,"player_choice":"Donut","damage_taken":0,"max_hp_gain":5,"max_hp_loss":0,"event_name":"Big Fish","floor":4,"gold_loss":0},{"cards_removed":["Strike_B"],"damage_healed":0,"gold_gain":0,"player_choice":"Forget","damage_taken":0,"max_hp_gain":0,"max_hp_loss":0,"event_name":"Living Wall","floor":7,"gold_loss":0},{"cards_removed":["Defend_B"],"damage_healed":0,"gold_gain":0,"player_choice":"Card Removal","damage_taken":7,"max_hp_gain":0,"max_hp_loss":0,"event_name":"Golden Wing","floor":10,"gold_loss":0}],"is_beta":false,"boss_relics":[],"items_purged_floors":[],"is_endless":false,"potions_floor_spawned":[],"killed_by":"Gremlin Nob","ascension_level":0}}