{"host":"a5lz0e76zb3fcwkm","time":1611317760,"event":{"mods":["AchievementEnabler","BaseMod","Colored Map","Colored Powertips","Minty Spire (QoL Compilation)","StSLib","SuperFastMode"],"gold_per_floor":[119,8,19,19,19,51,69,69,69,69,69,82,125,141,141,225,225,248,267,276,276,276],"floor_reached":21,"language":"KOR","playtime":435,"items_purged":["Strike_G"],"score":478,"play_id":"487d5451-af32-4f63-9967-2cd3f8f84c2c","local_time":"20210122211600","is_ascension_mode":true,"campfire_choices":[{"data":"Cloak And Dagger","floor":8.0,"key":"SMITH"},{"data":"Accuracy","floor":15.0,"key":"SMITH"}],"circlet_count":0,"master_deck":["AscendersBane","Strike_G","Strike_G","Strike_G+1","Strike_G","Defend_G","Defend_G","Defend_G","Defend_G","Survivor","Neutralize","Cloak And Dagger+1","Footwork","Blade Dance","Escape Plan+1","Corpse Explosion","Accuracy+1","Burst","Cloak And Dagger","Infinite Blades+1","Cloak And Dagger+1"],"relics":["Ring of the Snake","NeowsBlessing","Gremlin Horn","CeramicFish","Regal Pillow","Coffee Dripper"],"acts_visited":["Exordium","TheCity"],"potions_floor_usage":[],"damage_taken":[{"damage":0.0,"enemies":"Cultist","floor":1.0,"turns":1.0},{"damage":0.0,"enemies":"Jaw Worm","floor":3.0,"turns":1.0},{"damage":0.0,"enemies":"Gremlin Nob","floor":6.0,"turns":1.0},{"damage":0.0,"enemies":"2 Louse","floor":7.0,"turns":2.0},{"damage":0.0,"enemies":"Gremlin Gang","floor":12.0,"turns":4.0},{"damage":22.0,"enemies":"Lagavulin","floor":13.0,"turns":7.0},{"damage":0.0,"enemies":"Blue Slaver","floor":14.0,"turns":4.0},{"damage":30.0,"enemies":"The Guardian","floor":16.0,"turns":13.0},{"damage":23,"enemies":"3 Byrds","floor":18,"turns":3},{"damage":20,"enemies":"2 Thieves","floor":19,"turns":4},{"damage":11,"enemies":"Snake Plant","floor":21,"turns":4}],"seed_played":"8909624487700118944","potions_obtained":[{"floor":1.0,"key":"FairyPotion"},{"floor":3.0,"key":"GhostInAJar"},{"floor":14.0,"key":"FearPotion"},{"floor":19,"key":"SkillPotion"}],"is_trial":false,"path_per_floor":["M","$","M","?","?","E","M","R","T","?","?","M","E","M","R","B",null,"M","M","?","M"],"character_chosen":"THE_SILENT","items_purchased":["Footwork"],"campfire_rested":0,"item_purchase_floors":[2],"current_hp_per_floor":[59,59,59,52,66,66,66,66,66,46,46,46,24,24,24,19,54,31,11,11,0,0],"gold":276,"neow_bonus":"THREE_ENEMY_KILL","is_daily":false,"chose_seed":false,"campfire_upgraded":2,"win_rate":0.0,"timestamp":1611317760,"path_taken":["M","?","?","?","?","E","?","R","T","?","?","M","E","M","R","BOSS","M","M","?","M"],"items_purchased_type":["Card"],"build_version":"2020-12-22","purchased_purges":1,"victory":false,"max_hp_per_floor":[66,66,66,66,66,66,66,66,66,66,66,66,66,66,66,66,66,66,66,66,66,66],"card_choices":[{"not_picked":["Distraction","Choke"],"picked":"Cloak And Dagger","floor":1.0},{"not_picked":["Outmaneuver","Skewer"],"picked":"Blade Dance","floor":3.0},{"not_picked":["Footwork","Sucker Punch"],"picked":"Escape Plan","floor":6.0},{"not_picked":["Backstab","Underhanded Strike"],"picked":"Corpse Explosion","floor":7.0},{"not_picked":["Eviscerate","Deadly Poison","Footwork"],"picked":"SKIP","floor":12.0},{"not_picked":["Dagger Spray","Noxious Fumes"],"picked":"Accuracy","floor":13.0},{"not_picked":["Quick Slash","Bane","Dagger Spray"],"picked":"SKIP","floor":14.0},{"not_picked":["Glass Knife","Wraith Form v2"],"picked":"Burst","floor":16.0},{"not_picked":["Prepared","Deadly Poison"],"picked":"Cloak And Dagger","floor":18},{"not_picked":["Slice+1","Deadly Poison"],"picked":"Infinite Blades+1","floor":19}],"player_experience":1782307,"relics_obtained":[{"floor":6.0,"key":"Gremlin Horn"},{"floor":9.0,"key":"CeramicFish"},{"floor":13.0,"key":"Regal Pillow"}],"event_choices":[{"cards_removed":["Defend_G"],"damage_healed":0.0,"max_hp_gain":0.0,"max_hp_loss":0.0,"gold_gain":0.0,"event_name":"Golden Wing","player_choice":"Card Removal","floor":4.0,"gold_loss":0.0,"damage_taken":7.0},{"damage_healed":14.0,"max_hp_gain":0.0,"max_hp_loss":0.0,"gold_gain":0.0,"event_name":"Wheel of Change","player_choice":"Full Heal","floor":5.0,"gold_loss":0.0,"damage_taken":0.0},{"damage_healed":0.0,"max_hp_gain":0.0,"max_hp_loss":0.0,"gold_gain":0.0,"event_name":"Shining Light","player_choice":"Entered Light","floor":10.0,"gold_loss":0.0,"damage_taken":20.0,"cards_upgraded":["Escape Plan","Strike_G"]},{"damage_healed":0.0,"max_hp_gain":0.0,"max_hp_loss":0.0,"gold_gain":0.0,"event_name":"Liars Game","player_choice":"Ignored","floor":11.0,"gold_loss":0.0,"damage_taken":0.0},{"damage_healed":0,"gold_gain":0,"player_choice":"Copied","damage_taken":0,"max_hp_gain":0,"max_hp_loss":0,"event_name":"Duplicator","floor":20,"gold_loss":0,"cards_obtained":["Cloak And Dagger"]}],"is_beta":false,"boss_relics":[{"not_picked":["Pandora\u0027s Box","SlaversCollar"],"picked":"Coffee Dripper"}],"items_purged_floors":[2],"is_endless":false,"potions_floor_spawned":[1,3,14,19],"killed_by":"Snake Plant","ascension_level":20}}