{"host":"jx3f6ezc0g3s9edc","time":1611282630,"event":{"mods":["AchievementEnabler","BaseMod","Bestiary","Colored Map","Highlight Path","Minty Spire (QoL Compilation)","StSLib"],"gold_per_floor":[109,127,144,144,103,129,129,160,160,160,160,175,40,40,40,163,163,178,178,178,198,73,73,140,140,209,277,73,91,164,198,198,198,198],"floor_reached":33,"language":"ENG","playtime":2266,"items_purged":["Strike_R","Strike_R"],"score":477,"play_id":"0eaf9220-03c6-44f8-9251-fa634310ed16","local_time":"20210121213030","is_ascension_mode":true,"campfire_choices":[{"data":"Spot Weakness","floor":7.0,"key":"SMITH"},{"floor":11.0,"key":"REST"},{"floor":15.0,"key":"REST"},{"data":"Limit Break","floor":23.0,"key":"SMITH"},{"data":"Heavy Blade","floor":25.0,"key":"SMITH"},{"data":"True Grit","floor":32,"key":"SMITH"}],"circlet_count":0,"master_deck":["AscendersBane","Strike_R","Strike_R","Defend_R","Defend_R","Defend_R","Defend_R","Bash","Spot Weakness+1","Cleave","Offering","Rupture","Second Wind","Limit Break+1","Injury","Reaper","CurseOfTheBell","Headbutt","Evolve","Heavy Blade+1","Shrug It Off","Shockwave","Seeing Red","Heavy Blade","True Grit+1"],"relics":["Burning Blood","WingedGreaves","Bag of Preparation","TungstenRod","StrikeDummy","Bottled Lightning","Bloody Idol","Calling Bell","Nunchaku","Meat on the Bone","Bird Faced Urn","SsserpentHead","Question Card","Vajra","Molten Egg 2"],"acts_visited":["Exordium","TheCity"],"potions_floor_usage":[33,33],"damage_taken":[{"damage":8.0,"enemies":"Small Slimes","floor":1.0,"turns":4.0},{"damage":11.0,"enemies":"Jaw Worm","floor":2.0,"turns":5.0},{"damage":2.0,"enemies":"2 Louse","floor":3.0,"turns":2.0},{"damage":16.0,"enemies":"Gremlin Nob","floor":6.0,"turns":3.0},{"damage":28.0,"enemies":"Lagavulin","floor":8.0,"turns":6.0},{"damage":11.0,"enemies":"Gremlin Gang","floor":12.0,"turns":3.0},{"damage":45.0,"enemies":"Hexaghost","floor":16.0,"turns":12.0},{"damage":43.0,"enemies":"Spheric Guardian","floor":18.0,"turns":6.0},{"damage":19.0,"enemies":"Shell Parasite","floor":21.0,"turns":4.0},{"damage":46.0,"enemies":"Snake Plant","floor":24.0,"turns":5.0},{"damage":45,"enemies":"Sentry and Sphere","floor":27,"turns":6},{"damage":16,"enemies":"Cultist and Chosen","floor":29,"turns":5},{"damage":21,"enemies":"Gremlin Leader","floor":31,"turns":4},{"damage":82,"enemies":"Collector","floor":33,"turns":6}],"seed_played":"-5602226434147000236","potions_obtained":[{"floor":1.0,"key":"Fire Potion"},{"floor":6.0,"key":"SneckoOil"},{"floor":16.0,"key":"BloodPotion"},{"floor":18.0,"key":"LiquidMemories"},{"floor":21.0,"key":"Fire Potion"}],"is_trial":false,"path_per_floor":["M","M","M","?","?","E","R","E","T","?","R","M","$","?","R","B",null,"M","?","?","M","$","R","M","R","T","M","$","M","T","E","R","B"],"character_chosen":"IRONCLAD","items_purchased":["Limit Break","Heavy Blade","Shockwave","Seeing Red"],"campfire_rested":2,"item_purchase_floors":[13,22,28,28],"current_hp_per_floor":[70,65,69,51,51,41,41,19,19,19,40,35,35,35,56,17,58,49,49,49,55,55,55,49,49,54,41,41,72,72,64,64,0,0],"gold":198,"neow_bonus":"ONE_RARE_RELIC","is_daily":false,"chose_seed":false,"campfire_upgraded":4,"win_rate":0.0,"timestamp":1611282630,"path_taken":["M","M","M","?","?","E","R","E","T","?","R","?","$","?","R","BOSS","M","?","?","M","$","R","?","R","T","?","$","M","?","E","R","BOSS"],"items_purchased_type":["Card","Card","Card","Card"],"build_version":"2020-12-22","purchased_purges":2,"victory":false,"max_hp_per_floor":[72,72,72,72,72,72,72,72,72,72,72,72,72,72,72,72,72,72,72,72,72,72,72,72,72,72,72,72,72,72,72,72,72,72],"card_choices":[{"not_picked":["Blood for Blood","Anger"],"picked":"Spot Weakness","floor":1.0},{"not_picked":["Clash","Anger"],"picked":"Cleave","floor":2.0},{"not_picked":["Thunderclap","Wild Strike"],"picked":"Offering","floor":3.0},{"not_picked":["Entrench","Reckless Charge"],"picked":"Rupture","floor":6.0},{"not_picked":["Power Through","Dark Embrace"],"picked":"Second Wind","floor":8.0},{"not_picked":["Armaments","Perfected Strike","Spot Weakness"],"picked":"SKIP","floor":12.0},{"not_picked":["Limit Break","Brutality"],"picked":"Reaper","floor":16.0},{"not_picked":["Iron Wave","Hemokinesis"],"picked":"Headbutt","floor":18.0},{"not_picked":["Perfected Strike","Flex"],"picked":"Evolve","floor":21.0},{"not_picked":["Rupture","Anger"],"picked":"Shrug It Off","floor":24.0},{"not_picked":["Immolate","Evolve","Clothesline","Wild Strike"],"picked":"SKIP","floor":27},{"not_picked":["Evolve","Wild Strike","Pommel Strike"],"picked":"Heavy Blade","floor":29},{"not_picked":["Shockwave","Flex","Warcry"],"picked":"True Grit","floor":31}],"player_experience":770562,"relics_obtained":[{"floor":6.0,"key":"TungstenRod"},{"floor":8.0,"key":"StrikeDummy"},{"floor":9.0,"key":"Bottled Lightning"},{"floor":17.0,"key":"Nunchaku"},{"floor":17.0,"key":"Meat on the Bone"},{"floor":17.0,"key":"Bird Faced Urn"},{"floor":26.0,"key":"Question Card"},{"floor":30,"key":"Vajra"},{"floor":31,"key":"Molten Egg 2"}],"event_choices":[{"damage_healed":0.0,"max_hp_gain":0.0,"max_hp_loss":0.0,"gold_gain":0.0,"event_name":"Scrap Ooze","player_choice":"Success","floor":4.0,"gold_loss":0.0,"damage_taken":18.0,"relics_obtained":["Bag of Preparation"]},{"damage_healed":0.0,"max_hp_gain":0.0,"max_hp_loss":0.0,"gold_gain":0.0,"event_name":"World of Goop","player_choice":"Left Gold","floor":5.0,"gold_loss":41.0,"damage_taken":0.0},{"cards_removed":["Strike_R"],"damage_healed":0.0,"max_hp_gain":0.0,"max_hp_loss":0.0,"gold_gain":0.0,"event_name":"Purifier","player_choice":"Purged","floor":10.0,"gold_loss":0.0,"damage_taken":0.0},{"damage_healed":0.0,"max_hp_gain":0.0,"max_hp_loss":0.0,"gold_gain":0.0,"event_name":"Golden Idol","player_choice":"Take Wound","floor":14.0,"gold_loss":0.0,"damage_taken":0.0,"relics_obtained":["Golden Idol"],"cards_obtained":["Injury"]},{"damage_healed":0.0,"max_hp_gain":0.0,"max_hp_loss":0.0,"gold_gain":0.0,"event_name":"Forgotten Altar","player_choice":"Gave Idol","floor":19.0,"relics_lost":["Golden Idol"],"gold_loss":0.0,"damage_taken":0.0,"relics_obtained":["Bloody Idol"]},{"damage_healed":0.0,"max_hp_gain":0.0,"max_hp_loss":0.0,"gold_gain":0.0,"event_name":"FaceTrader","player_choice":"Trade","floor":20.0,"gold_loss":0.0,"damage_taken":0.0,"relics_obtained":["SsserpentHead"]}],"is_beta":false,"boss_relics":[{"not_picked":["Busted Crown","Runic Pyramid"],"picked":"Calling Bell"}],"items_purged_floors":[22,28],"is_endless":false,"potions_floor_spawned":[1,6,16,18,21,31],"killed_by":"Collector","ascension_level":12}}