{"host":"2lo6hma6kymb0g9i","time":1611343396,"event":{"mods":["BaseMod","Colored Map","DeckTracker","Minty Spire (QoL Compilation)"],"gold_per_floor":[114,114,88,88,105,105,439,439,513,513,513,513,543,468,468,543,543,556,556,575,595,595,624,624,639,692,692,706,724,724,724,724],"floor_reached":31,"language":"JPN","playtime":2346,"items_purged":["Strike_R"],"score":522,"play_id":"a57b6e12-0c26-4780-824a-8e8b5df71e34","local_time":"20210123042316","is_ascension_mode":true,"campfire_choices":[{"data":"True Grit","floor":6.0,"key":"SMITH"},{"data":"Inflame","floor":12.0,"key":"SMITH"},{"data":"Shrug It Off","floor":15.0,"key":"SMITH"},{"data":"Shrug It Off","floor":30,"key":"SMITH"}],"circlet_count":0,"master_deck":["AscendersBane","Defend_R","Defend_R","Bash","Inflame+1","Heavy Blade","Shrug It Off+1","True Grit+1","Corruption","Shrug It Off+1","Fiend Fire","Offering+1","Sever Soul+1","True Grit+1","Power Through","Twin Strike","Metallicize","Spot Weakness","Sever Soul","Pommel Strike"],"relics":["Burning Blood","Juzu Bracelet","Old Coin","Anchor","StrikeDummy","White Beast Statue","Astrolabe","Omamori","Nunchaku"],"acts_visited":["Exordium","TheCity"],"potions_floor_usage":[],"damage_taken":[{"damage":4.0,"enemies":"Jaw Worm","floor":1.0,"turns":5.0},{"damage":1.0,"enemies":"Cultist","floor":5.0,"turns":4.0},{"damage":57.0,"enemies":"3 Sentries","floor":7.0,"turns":12.0},{"damage":11.0,"enemies":"Lagavulin","floor":13.0,"turns":7.0},{"damage":11.0,"enemies":"The Guardian","floor":16.0,"turns":27.0},{"damage":6.0,"enemies":"Shell Parasite","floor":18.0,"turns":2.0},{"damage":9.0,"enemies":"Chosen","floor":20.0,"turns":3.0},{"damage":13.0,"enemies":"Centurion and Healer","floor":21.0,"turns":6.0},{"damage":31.0,"enemies":"Slavers","floor":23.0,"turns":14.0},{"damage":6.0,"enemies":"Snake Plant","floor":25.0,"turns":2.0},{"damage":6.0,"enemies":"Shelled Parasite and Fungi","floor":28.0,"turns":3.0},{"damage":10,"enemies":"Snecko","floor":29,"turns":3},{"damage":23,"enemies":"Book of Stabbing","floor":31,"turns":4}],"seed_played":"483958084557356201","potions_obtained":[{"floor":5.0,"key":"Dexterity Potion"},{"floor":16.0,"key":"Weak Potion"},{"floor":18.0,"key":"LiquidMemories"},{"floor":23.0,"key":"SmokeBomb"},{"floor":29,"key":"LiquidMemories"}],"is_trial":false,"path_per_floor":["M","?","$","T","M","R","E","?","T","?","?","R","E","$","R","B",null,"M","$","M","M","?","E","$","M","T","?","M","M","R","E"],"character_chosen":"IRONCLAD","items_purchased":["Shrug It Off"],"campfire_rested":0,"item_purchase_floors":[3],"current_hp_per_floor":[70,70,70,70,75,75,24,19,19,19,19,19,14,14,14,9,59,59,59,56,49,49,24,24,24,24,24,24,20,20,0,0],"gold":724,"neow_bonus":"THREE_CARDS","is_daily":false,"chose_seed":false,"campfire_upgraded":4,"win_rate":0.0,"timestamp":1611343396,"path_taken":["M","?","?","?","M","R","E","?","T","?","?","R","E","$","R","BOSS","M","$","M","M","?","E","$","M","T","?","M","M","R","E"],"items_purchased_type":["Card"],"build_version":"2020-12-22","purchased_purges":1,"victory":false,"max_hp_per_floor":[75,75,75,75,75,75,75,75,75,75,75,75,75,75,75,75,75,75,75,75,75,75,75,75,75,75,75,75,75,75,75,75],"card_choices":[{"not_picked":["Twin Strike","Entrench"],"picked":"Inflame","floor":0.0},{"not_picked":["Clothesline","Body Slam"],"picked":"Heavy Blade","floor":1.0},{"not_picked":["Heavy Blade","Thunderclap"],"picked":"True Grit","floor":5.0},{"not_picked":["Iron Wave","Clash","Juggernaut"],"picked":"SKIP","floor":7.0},{"not_picked":["Iron Wave","Clash","Juggernaut"],"picked":"SKIP","floor":7.0},{"not_picked":["Iron Wave","Clash","Juggernaut"],"picked":"SKIP","floor":7.0},{"not_picked":["Fire Breathing","Twin Strike"],"picked":"Shrug It Off","floor":13.0},{"not_picked":["Reaper","Double Tap"],"picked":"Fiend Fire","floor":16.0},{"not_picked":["Clash","Clothesline","Twin Strike+1"],"picked":"SKIP","floor":18.0},{"not_picked":["Clothesline","Pommel Strike"],"picked":"Power Through","floor":20.0},{"not_picked":["Havoc","Combust","Wild Strike"],"picked":"SKIP","floor":21.0},{"not_picked":["Shrug It Off","Power Through"],"picked":"Twin Strike","floor":23.0},{"not_picked":["Warcry","Iron Wave"],"picked":"Metallicize","floor":25.0},{"not_picked":["Clothesline","Feed"],"picked":"Pommel Strike","floor":28.0},{"not_picked":["Whirlwind","Power Through","True Grit+1"],"picked":"SKIP","floor":29}],"player_experience":1116219,"relics_obtained":[{"floor":4.0,"key":"Juzu Bracelet"},{"floor":7.0,"key":"Old Coin"},{"floor":9.0,"key":"StrikeDummy"},{"floor":13.0,"key":"White Beast Statue"},{"floor":23.0,"key":"Omamori"},{"floor":26.0,"key":"Nunchaku"}],"event_choices":[{"cards_removed":["Strike_R"],"damage_healed":0.0,"max_hp_gain":0.0,"max_hp_loss":0.0,"gold_gain":0.0,"event_name":"Bonfire Elementals","player_choice":"Offered Basic","floor":2.0,"gold_loss":0.0,"damage_taken":0.0},{"damage_healed":0.0,"max_hp_gain":0.0,"max_hp_loss":0.0,"gold_gain":0.0,"event_name":"Scrap Ooze","player_choice":"Success","floor":8.0,"gold_loss":0.0,"damage_taken":5.0,"relics_obtained":["Anchor"]},{"damage_healed":0.0,"max_hp_gain":0.0,"max_hp_loss":0.0,"gold_gain":0.0,"event_name":"Match and Keep!","player_choice":"1 cards matched","floor":10.0,"gold_loss":0.0,"damage_taken":0.0,"cards_obtained":["Corruption"]},{"damage_healed":0.0,"max_hp_gain":0.0,"max_hp_loss":0.0,"gold_gain":0.0,"event_name":"Dead Adventurer","player_choice":"Searched \u00271\u0027 times","floor":11.0,"gold_loss":0.0,"damage_taken":0.0},{"damage_healed":0.0,"max_hp_gain":0.0,"max_hp_loss":0.0,"gold_gain":0.0,"event_name":"Vampires","player_choice":"Ignored","floor":22.0,"gold_loss":0.0,"damage_taken":0.0},{"damage_healed":0.0,"max_hp_gain":0.0,"max_hp_loss":0.0,"gold_gain":0.0,"cards_transformed":["Strike_R","Defend_R"],"event_name":"Drug Dealer","player_choice":"Became Test Subject","floor":27.0,"gold_loss":0.0,"damage_taken":0.0,"cards_obtained":["Spot Weakness","Sever Soul"]}],"is_beta":false,"boss_relics":[{"not_picked":["Velvet Choker","Calling Bell"],"picked":"Astrolabe"}],"items_purged_floors":[14],"is_endless":false,"potions_floor_spawned":[5,16,18,20,21,23,25,28,29],"killed_by":"Book of Stabbing","ascension_level":20}}