{"host":"nb3r5a3er9rrnn3n","time":1611285991,"event":{"mods":["BaseMod","Colored Map","Downfall","Minty Spire (QoL Compilation)","Spire Arcade","StSLib"],"gold_per_floor":[0,19,30,30,15,41,67,94,106,6,40,57,76,109,129,227,227,227,242,252,267,267,267,267,299,318,352,370,223,235,248,268,364,364,364,377,396,178,178,212,212,232,232,32,51,51,62,62,77,77,77,112,4,4,4,4],"floor_reached":57,"language":"ENG","playtime":6951,"items_purged":["bronze:Strike","bronze:AlphaBuild+1","bronze:MaxOutput"],"score":1584,"play_id":"3e8eb440-ffc3-486c-a4c4-0c152d015a4d","local_time":"20210122142631","is_ascension_mode":true,"campfire_choices":[{"data":"bronze:Goto","floor":1,"key":"SMITH"},{"data":"bronze:Deprecate","floor":10,"key":"SMITH"},{"data":"bronze:ItsAFeature","floor":18,"key":"SMITH"},{"floor":35,"key":"RECALL"},{"data":"bronze:Constructor","floor":44,"key":"SMITH"},{"data":"bronze:Iterate","floor":46,"key":"SMITH"},{"data":"bronze:Iterate","floor":54,"key":"SMITH"}],"circlet_count":0,"master_deck":["bronze:Defend","bronze:Replicate+1","bronze:Goto+1","bronze:DigitalCarnage+1","bronze:ClassDefault","bronze:Terminator+1","bronze:ItsAFeature+1","bronze:Philosophize+1","bronze:Deprecate+1","bronze:FineTuning","bronze:MaxOutput","bronze:Format+1","bronze:Shell+1","bronze:Invalidate+1","bronze:Iterate+1","bronze:Constructor+1","bronze:Safeguard+1","bronze:FineTuning","bronze:Constructor+1","bronze:CloningBeam+1","bronze:InfiniteLoop","bronze:Repulsor","bronze:DelayedGuard+1","expansioncontent:AwakenDeath","bronze:Verify","bronze:Iterate+1","Madness"],"relics":["bronze:BronzeCore","FossilizedHelix","Whetstone","sneckomod:BlankCard","downfall:HeartBlessingGreen","Meat on the Bone","Oddly Smooth Stone","SlaversCollar","Pantograph","Dream Catcher","Smiling Mask","bronze:MakeshiftBattery","Membership Card","Turnip","downfall:HeartBlessingRed","downfall:HeartBlessingBlue","Lantern"],"acts_visited":["Exordium","TheCity","TheBeyond","TheEnding"],"potions_floor_usage":[14,16,16,16,16,16,19,28,28,32,32,38,45,49,55],"damage_taken":[{"damage":2,"enemies":"Jaw Worm","floor":2,"turns":3},{"damage":0,"enemies":"Cultist","floor":3,"turns":2},{"damage":10,"enemies":"downfall:FleeingMerchant","floor":5,"turns":4},{"damage":23,"enemies":"3 Sentries","floor":6,"turns":6},{"damage":0,"enemies":"Gremlin Nob","floor":8,"turns":3},{"damage":0,"enemies":"2 Louse","floor":9,"turns":1},{"damage":0,"enemies":"Lagavulin","floor":11,"turns":8},{"damage":0,"enemies":"Large Slime","floor":12,"turns":4},{"damage":0,"enemies":"Red Slaver","floor":13,"turns":1},{"damage":0,"enemies":"3 Sentries","floor":14,"turns":3},{"damage":0,"enemies":"3 Louse","floor":15,"turns":2},{"damage":37,"enemies":"DF_ARCHETYPE_STREAMLINE","floor":16,"turns":12},{"damage":0,"enemies":"3 Byrds","floor":19,"turns":4},{"damage":11,"enemies":"Spheric Guardian","floor":20,"turns":3},{"damage":3,"enemies":"Snecko","floor":21,"turns":6},{"damage":0,"enemies":"Gremlin Leader","floor":25,"turns":4},{"damage":0,"enemies":"Sentry and Sphere","floor":26,"turns":4},{"damage":38,"enemies":"Book of Stabbing","floor":27,"turns":8},{"damage":16,"enemies":"Snake Plant","floor":28,"turns":3},{"damage":8,"enemies":"downfall:FleeingMerchant","floor":29,"turns":4},{"damage":0,"enemies":"Centurion and Healer","floor":30,"turns":6},{"damage":0,"enemies":"Snecko","floor":31,"turns":3},{"damage":14,"enemies":"Chosen and Byrds","floor":32,"turns":4},{"damage":0,"enemies":"WA_ARCHETYPE_CALM","floor":33,"turns":7},{"damage":0,"enemies":"Orb Walker","floor":36,"turns":5},{"damage":61,"enemies":"3 Darklings","floor":37,"turns":9},{"damage":0,"enemies":"downfall:FleeingMerchant","floor":38,"turns":4},{"damage":0,"enemies":"Nemesis","floor":40,"turns":5},{"damage":0,"enemies":"Maw","floor":42,"turns":7},{"damage":8,"enemies":"Transient","floor":45,"turns":5},{"damage":7,"enemies":"3 Darklings","floor":47,"turns":3},{"damage":11,"enemies":"4 Shapes","floor":49,"turns":7},{"damage":3,"enemies":"SI_POISON_ARCHETYPE","floor":50,"turns":7},{"damage":49,"enemies":"downfall:CharBossMerchant","floor":52,"turns":9},{"damage":19,"enemies":"downfall:NeowBoss","floor":55,"turns":9},{"damage":28,"enemies":"downfall:NeowBossFinal","floor":56,"turns":15}],"seed_played":"-5286072493836935317","potions_obtained":[{"floor":6,"key":"LiquidMemories"},{"floor":8,"key":"Swift Potion"},{"floor":13,"key":"EntropicBrew"},{"floor":14,"key":"FearPotion"},{"floor":21,"key":"bronze:BurnAndBuffPotion"},{"floor":25,"key":"Fire Potion"},{"floor":27,"key":"BlessingOfTheForge"},{"floor":28,"key":"sneckomod:MuddlingPotion"},{"floor":32,"key":"FearPotion"},{"floor":36,"key":"FearPotion"},{"floor":37,"key":"bronze:CleanCodePotion"},{"floor":42,"key":"Weak Potion"},{"floor":45,"key":"SteroidPotion"},{"floor":52,"key":"SkillPotion"}],"is_trial":false,"path_per_floor":["R","M","M","?","$","E","T","E","M","R","E","M","M","E","M","B",null,"R","M","M","M","?","?","T","E","M","E","M","$","M","M","M","B",null,"R","M","M","$","?","E","T","M","?","R","M","R","M","?","M","B",null,"E","$","R","B","B",null],"character_chosen":"THE_AUTOMATON","items_purchased":["bronze:Safeguard","bronze:FineTuning","Membership Card","bronze:Iterate","Madness"],"campfire_rested":0,"item_purchase_floors":[29,29,38,53,53],"current_hp_per_floor":[70,68,68,68,58,35,35,35,35,35,35,47,47,47,47,22,70,70,70,59,56,56,48,48,48,48,22,18,22,34,46,44,69,70,70,70,21,33,33,45,45,45,45,55,47,47,52,52,41,63,80,43,43,43,49,46],"gold":4,"neow_bonus":"REMOVE_TWO","is_daily":false,"chose_seed":false,"campfire_upgraded":6,"win_rate":0.0,"timestamp":1611285991,"path_taken":["R","M","M","?","?","E","T","E","M","R","E","?","M","E","M","BOSS","R","M","M","?","?","?","T","E","?","E","M","$","M","M","M","BOSS","R","M","M","$","?","E","T","M","?","R","M","R","M","?","M","BOSS","E","$","R","BOSS","BOSS"],"items_purchased_type":["Card","Card","Relic","Card","Card"],"build_version":"2020-12-22","purchased_purges":3,"victory":true,"max_hp_per_floor":[70,70,70,70,70,70,70,70,70,70,70,70,70,70,70,70,70,70,70,70,70,70,70,70,70,70,70,70,70,70,70,70,70,70,70,70,70,70,70,70,70,70,70,80,80,80,80,80,80,80,80,80,80,80,80,80],"card_choices":[{"not_picked":["bronze:Overheat","bronze:CutThrough"],"picked":"bronze:DigitalCarnage","floor":2},{"not_picked":["bronze:Repair","bronze:ForceShield","bronze:Turbo"],"picked":"SKIP","floor":3},{"not_picked":["bronze:DarkDash","bronze:Overheat"],"picked":"bronze:ItsAFeature","floor":5},{"not_picked":["bronze:DarkDash","bronze:WildBeam","bronze:BitShift"],"picked":"SKIP","floor":6},{"not_picked":["bronze:Iterate","bronze:DelayedSlice"],"picked":"bronze:Philosophize","floor":8},{"not_picked":["bronze:Terminator","bronze:DelayedGuard"],"picked":"bronze:Deprecate","floor":9},{"not_picked":["bronze:ShipIt","bronze:Repair","bronze:Boost"],"picked":"SKIP","floor":11},{"not_picked":["bronze:Separator","bronze:DelayedGuard"],"picked":"bronze:MaxOutput","floor":12},{"not_picked":["bronze:OilSpill","bronze:Fortify"],"picked":"bronze:FineTuning","floor":13},{"not_picked":["bronze:Separator","bronze:Turbo","bronze:Shield"],"picked":"SKIP","floor":14},{"not_picked":["bronze:BitShift","bronze:ForceShield"],"picked":"bronze:MaxOutput","floor":15},{"not_picked":["bronze:ThunderWave","bronze:Break"],"picked":"bronze:Format","floor":16},{"not_picked":["bronze:Separator","bronze:Frontload"],"picked":"bronze:Shell+1","floor":19},{"not_picked":["bronze:Overheat+1","bronze:DigitalCarnage","bronze:NullPointer+1"],"picked":"SKIP","floor":20},{"not_picked":["bronze:MaxOutput","bronze:Philosophize"],"picked":"bronze:Invalidate+1","floor":21},{"not_picked":["bronze:DelayedSlice","bronze:Break","bronze:WildBeam"],"picked":"SKIP","floor":25},{"not_picked":["bronze:Branch","bronze:Turbo","bronze:Overload"],"picked":"SKIP","floor":26},{"not_picked":["bronze:MaxOutput","bronze:Branch"],"picked":"bronze:Iterate","floor":27},{"not_picked":["bronze:MaxOutput","bronze:ForceShield"],"picked":"bronze:Constructor","floor":28},{"not_picked":["bronze:Iterate","bronze:Format","bronze:OilSpill+1"],"picked":"SKIP","floor":29},{"not_picked":["bronze:DigitalCarnage","bronze:Shell","bronze:WildBeam"],"picked":"SKIP","floor":30},{"not_picked":["bronze:Separator","bronze:BronzeOrb"],"picked":"bronze:Constructor+1","floor":31},{"not_picked":["bronze:BitShift","bronze:Fortify"],"picked":"bronze:CloningBeam+1","floor":32},{"not_picked":["bronze:HyperBeam","bronze:Break"],"picked":"bronze:InfiniteLoop","floor":33},{"not_picked":["bronze:Safeguard","bronze:ClassDefault"],"picked":"bronze:Repulsor","floor":36},{"not_picked":["bronze:Constructor+1","bronze:Iterate"],"picked":"bronze:DelayedGuard+1","floor":37},{"not_picked":["bronze:Deprecate","bronze:Overload","bronze:CutThrough+1"],"picked":"SKIP","floor":38},{"not_picked":["expansioncontent:Hexaburn","expansioncontent:GuardianWhirl"],"picked":"expansioncontent:AwakenDeath","floor":39},{"not_picked":["bronze:Branch","bronze:ChosenStrike"],"picked":"bronze:Verify","floor":40},{"not_picked":["bronze:Iterate","bronze:FineTuning","bronze:DigitalCarnage"],"picked":"SKIP","floor":42},{"not_picked":["bronze:Separator","bronze:BuggyMess","bronze:CutThrough+1"],"picked":"SKIP","floor":45},{"not_picked":["bronze:BugBarrage","bronze:Frontload+1","bronze:InfiniteLoop"],"picked":"SKIP","floor":47},{"not_picked":["bronze:ItsAFeature+1","bronze:Turbo","bronze:BuggyMess+1"],"picked":"SKIP","floor":49},{"not_picked":["bronze:DelayedSlice+1","bronze:ItsAFeature","bronze:Optimize+1"],"picked":"SKIP","floor":52}],"player_experience":1926356,"relics_obtained":[{"floor":6,"key":"FossilizedHelix"},{"floor":7,"key":"Whetstone"},{"floor":8,"key":"sneckomod:BlankCard"},{"floor":11,"key":"Meat on the Bone"},{"floor":14,"key":"Oddly Smooth Stone"},{"floor":24,"key":"Pantograph"},{"floor":25,"key":"Dream Catcher"},{"floor":27,"key":"Smiling Mask"},{"floor":40,"key":"Turnip"},{"floor":52,"key":"Lantern"}],"event_choices":[{"cards_removed":["bronze:Defend"],"damage_healed":0,"gold_gain":0,"player_choice":"Removed Skill","damage_taken":0,"max_hp_gain":0,"max_hp_loss":0,"event_name":"Falling","floor":43,"gold_loss":0}],"is_beta":false,"boss_relics":[{"not_picked":["Empty Cage","Black Star"],"picked":"SlaversCollar"},{"not_picked":["Velvet Choker","Snecko Eye"],"picked":"bronze:MakeshiftBattery"}],"items_purged_floors":[29,38,53],"is_endless":false,"potions_floor_spawned":[6,8,13,14,15,21,25,27,28,32,36,37,42,45,52],"ascension_level":3}}