{"host":"aewhn2fld106mlky","time":1611333069,"event":{"mods":["Act Like it!","BaseMod","Downfall","Koishi","KomeijiMod","Minty Spire (QoL Compilation)","Quick Restart","Relic Stats","Spicy Shops","StSLib","The Jungle","The Mystic"],"gold_per_floor":[99,110,102,123,36,50,124,224,224,19,19,19,53,80,100,204,204,204,224,224,243,343,343,423,440,103,103,103,103],"floor_reached":27,"language":"ZHS","playtime":1295,"items_purged":["hexamod:Defend","Pain"],"score":211,"play_id":"bd74a0c7-75e0-4564-aab7-0e21ab0249a9","local_time":"20210123003109","is_ascension_mode":false,"campfire_choices":[{"data":"hexamod:Sear","floor":1.0,"key":"SMITH"},{"data":"hexamod:RainOfEmbers","floor":11.0,"key":"SMITH"},{"data":"hexamod:VolcanoVisage","floor":18.0,"key":"SMITH"}],"circlet_count":0,"master_deck":["hexamod:Strike+1","hexamod:Defend","hexamod:Defend","hexamod:Sear+1","hexamod:Float+1","hexamod:FirstSeal","hexamod:SecondSeal","hexamod:FourthSeal","hexamod:Firestarter","hexamod:RainOfEmbers+1","hexamod:Rewind+1","hexamod:ThirdSeal","hexamod:Hexaguard","hexamod:Rewind","hexamod:SoulSteal","hexamod:SpectersWail","hexamod:ThermalTransfer+1","hexamod:ExtraCrispy+1","hexamod:SixthSeal","hexamod:VolcanoVisage+1","hexamod:GhostOfSpireFuture+1","hexamod:HauntingEcho+1","hexamod:RadiantFlame+1","hexamod:HexaLevel+1","J.A.X.","hexamod:ExtraCrispy","hexamod:PhantomCloak"],"relics":["hexamod:SpiritBrand","Eternal Feather","Prayer Wheel","Question Card","Astrolabe","MutagenicStrength","Mummified Hand","Happy Flower"],"acts_visited":["Exordium","TheCity"],"potions_floor_usage":[26,27,27],"damage_taken":[{"damage":0.0,"enemies":"Small Slimes","floor":2.0,"turns":3.0},{"damage":10.0,"enemies":"Jaw Worm","floor":4.0,"turns":4.0},{"damage":5.0,"enemies":"downfall:FleeingMerchant","floor":5.0,"turns":4.0},{"damage":0.0,"enemies":"2 Louse","floor":6.0,"turns":2.0},{"damage":5.0,"enemies":"downfall:FleeingMerchant","floor":10.0,"turns":4.0},{"damage":12.0,"enemies":"Gremlin Nob","floor":13.0,"turns":4.0},{"damage":19.0,"enemies":"Large Slime","floor":14.0,"turns":4.0},{"damage":0.0,"enemies":"Blue Slaver","floor":15.0,"turns":3.0},{"damage":22.0,"enemies":"IC_STATUS_ARCHETYPE","floor":16.0,"turns":6.0},{"damage":0.0,"enemies":"Spheric Guardian","floor":19.0,"turns":3.0},{"damage":24.0,"enemies":"Centurion and Healer","floor":21.0,"turns":8.0},{"damage":63.0,"enemies":"downfall:Augmenter","floor":22.0,"turns":7.0},{"damage":7.0,"enemies":"Cultist and Chosen","floor":25.0,"turns":3.0},{"damage":20,"enemies":"downfall:FleeingMerchant","floor":26,"turns":4},{"damage":4,"enemies":"Snake Plant","floor":27,"turns":1}],"seed_played":"5237899536568376098","potions_obtained":[{"floor":2.0,"key":"DistilledChaos"},{"floor":4.0,"key":"Fruit Juice"},{"floor":5.0,"key":"LiquidBronze"},{"floor":10.0,"key":"ColorlessPotion"},{"floor":13.0,"key":"Fire Potion"},{"floor":14.0,"key":"Fire Potion"},{"floor":16.0,"key":"EntropicBrew"},{"floor":16.0,"key":"Energy Potion"},{"floor":19.0,"key":"Regen Potion"},{"floor":21.0,"key":"Fruit Juice"},{"floor":22.0,"key":"ColorlessPotion"},{"floor":25.0,"key":"Energy Potion"},{"floor":26,"key":"Fire Potion"}],"is_trial":false,"path_per_floor":["R","M","?","M","$","M","T","?","?","$","R","?","E","M","M","B",null,"R","M","?","M","?","?","T","M","$","M"],"character_chosen":"THE_SPIRIT","items_purchased":["hexamod:RainOfEmbers","hexamod:ThirdSeal","DistilledChaos","Happy Flower"],"campfire_rested":0,"item_purchase_floors":[5,10,26,26],"current_hp_per_floor":[70,70,70,72,74,74,74,74,49,51,60,60,48,36,43,28,75,75,75,75,72,21,21,21,21,1,0,0,0],"gold":103,"neow_bonus":"REMOVE_CARD","is_daily":false,"chose_seed":false,"campfire_upgraded":3,"win_rate":0.0,"timestamp":1611333069,"path_taken":["R","M","?","M","$","M","T","?","?","$","R","?","E","M","M","BOSS","R","M","?","M","?","?","T","M","$","M"],"items_purchased_type":["Card","Card","Potion","Relic"],"build_version":"2020-12-22","purchased_purges":2,"victory":false,"max_hp_per_floor":[70,70,70,75,75,75,75,75,75,75,75,75,75,75,75,75,75,75,75,75,75,80,80,80,80,80,80,80,80],"relic_stats":{"Happy Flower":[0],"counters":[15,60],"Mummified Hand":[13],"Astrolabe":["hexamod:GhostOfSpireFuture","hexamod:HauntingEcho","hexamod:RadiantFlame"],"Eternal Feather":9,"Prayer Wheel":5,"Question Card":24,"obtain_stats":[{"Happy Flower":26,"Mummified Hand":24,"Astrolabe":17,"MutagenicStrength":22,"Eternal Feather":7,"Prayer Wheel":9,"Question Card":13,"hexamod:SpiritBrand":0},{"Happy Flower":14,"Mummified Hand":12,"Astrolabe":9,"MutagenicStrength":12,"Eternal Feather":4,"Prayer Wheel":4,"Question Card":6,"hexamod:SpiritBrand":0},{"Happy Flower":59,"Mummified Hand":52,"Astrolabe":34,"MutagenicStrength":52,"Eternal Feather":13,"Prayer Wheel":13,"Question Card":21,"hexamod:SpiritBrand":0}]},"card_choices":[{"not_picked":["hexamod:Hexaguard","hexamod:EtherealExpedition"],"picked":"hexamod:FirstSeal","floor":2.0},{"not_picked":["hexamod:PhantomCloak","hexamod:FastForward","hexamod:HauntingEcho"],"picked":"SKIP","floor":4.0},{"not_picked":["hexamod:GhostLash","hexamod:GhostShield"],"picked":"hexamod:Firestarter","floor":5.0},{"not_picked":["hexamod:TimeWarp","hexamod:SpectralAdrenaline"],"picked":"hexamod:Rewind","floor":6.0},{"not_picked":["hexamod:Again","hexamod:NightmareStrike","hexamod:PhantomFireball"],"picked":"SKIP","floor":10.0},{"not_picked":["hexamod:SpectersWail","hexamod:HauntingEcho"],"picked":"hexamod:Hexaguard","floor":13.0},{"not_picked":["hexamod:HauntingEcho","hexamod:NightmareStrike"],"picked":"hexamod:Rewind","floor":13.0},{"not_picked":["hexamod:BacktrackSmack","hexamod:RetreatToShadows","hexamod:FourthSeal"],"picked":"hexamod:SoulSteal","floor":14.0},{"not_picked":["hexamod:HeatMetal","hexamod:SwordOfDarkness","hexamod:InspiringFlames"],"picked":"hexamod:SpectersWail","floor":14.0},{"not_picked":["hexamod:Haunt","hexamod:BacktrackSmack","hexamod:SoulSteal"],"picked":"hexamod:ThermalTransfer","floor":14.0},{"not_picked":["hexamod:PhantomFireball","hexamod:BacktrackSmack","hexamod:HeatMetal"],"picked":"hexamod:ExtraCrispy","floor":15.0},{"not_picked":["hexamod:NightmareGuise","hexamod:RainOfEmbers","hexamod:NightmareStrike","hexamod:GhostOfSpireFuture"],"picked":"SKIP","floor":15.0},{"not_picked":["hexamod:InspiringFlames","hexamod:HauntingEcho","hexamod:ShieldOfDarkness","hexamod:Incineration"],"picked":"SKIP","floor":15.0},{"not_picked":["hexamod:WildfireWeapon","hexamod:ForkedFlame","hexamod:GhostflameInferno"],"picked":"hexamod:SixthSeal","floor":16.0},{"not_picked":["hexamod:HexaLevel","hexamod:UnlimitedPower","hexamod:ForkedFlame"],"picked":"hexamod:VolcanoVisage","floor":16.0},{"not_picked":["hexamod:NightmareStrike","hexamod:SwordOfDarkness","hexamod:HauntingEcho","hexamod:PhantomCloak+1"],"picked":"SKIP","floor":19.0},{"not_picked":["hexamod:CatchUp","hexamod:RecurringNightmare","hexamod:ThermalTransfer","hexamod:PhantomCloak"],"picked":"SKIP","floor":19.0},{"not_picked":["hexamod:GhostLash","hexamod:InspiringFlames","hexamod:GhostOfSpireFuture","hexamod:CatchUp"],"picked":"SKIP","floor":19.0},{"not_picked":["hexamod:HauntingEcho","hexamod:GhostflameBarrier","hexamod:HeatCrush"],"picked":"hexamod:HexaLevel","floor":21.0},{"not_picked":["hexamod:HauntingEcho","hexamod:GhostLash","hexamod:FastForward","hexamod:Firestarter"],"picked":"SKIP","floor":21.0},{"not_picked":["hexamod:NightmareGuise","hexamod:SecondSeal","hexamod:BurningTouch","hexamod:ShieldOfDarkness"],"picked":"SKIP","floor":21.0},{"not_picked":[],"picked":"J.A.X.","floor":22.0},{"not_picked":["hexamod:GhostflameBarrier+1","hexamod:HeatMetal","hexamod:NecessarySacrifice+1"],"picked":"hexamod:ExtraCrispy","floor":25.0},{"not_picked":["hexamod:RetreatToShadows","hexamod:CatchUp","hexamod:BacktrackSmack+1"],"picked":"hexamod:PhantomCloak","floor":25.0},{"not_picked":["hexamod:NightmareGuise","hexamod:GhostShield","hexamod:PhantomFireball","hexamod:HauntingEcho+1"],"picked":"SKIP","floor":25.0},{"not_picked":["hexamod:Firestarter+1","hexamod:Hexaguard","hexamod:ThermalTransfer","hexamod:HeatShield"],"picked":"SKIP","floor":26}],"player_experience":40327,"relics_obtained":[{"floor":7.0,"key":"Eternal Feather"},{"floor":13.0,"key":"Question Card"},{"floor":22.0,"key":"MutagenicStrength"},{"floor":24.0,"key":"Mummified Hand"}],"event_choices":[{"damage_healed":0.0,"max_hp_gain":0.0,"max_hp_loss":0.0,"gold_gain":0.0,"event_name":"Scrap Ooze","player_choice":"Success","floor":9.0,"gold_loss":0.0,"damage_taken":25.0,"relics_obtained":["Prayer Wheel"]}],"is_beta":false,"boss_relics":[{"not_picked":["hexamod:UnbrokenSoul","Sozu"],"picked":"Astrolabe"}],"items_purged_floors":[10,26],"is_endless":false,"potions_floor_spawned":[2,14,15,16,19],"killed_by":"Snake Plant","ascension_level":0}}