{"host":"8dhn6p16jorj0i1s","time":1611351895,"event":{"mods":["BaseMod","Colored Map","DeckTracker","Highlight Path","Minty Spire (QoL Compilation)","Permanent Neow","Quick Restart"],"gold_per_floor":[118,137,62,237,312,312,341,8,53,53,53,64,64,82,82,82,82],"floor_reached":16,"language":"ENG","playtime":1144,"items_purged":["Defend_B"],"score":123,"play_id":"3167d0f9-4c61-4cd9-ab0c-ab964581c753","local_time":"20210122224455","is_ascension_mode":true,"campfire_choices":[{"data":"Undo","floor":6.0,"key":"SMITH"},{"data":"Streamline","floor":11,"key":"SMITH"},{"floor":15,"key":"REST"}],"circlet_count":0,"master_deck":["Strike_B","Strike_B","Strike_B+1","Strike_B","Defend_B","Defend_B","Defend_B+1","Zap","Dualcast","Master of Strategy","Skim","Undo+1","Doubt","Streamline+1","Regret","Gash","Turbo"],"relics":["Cracked Core","Potion Belt","Lizard Tail","Akabeko","Mango"],"acts_visited":["Exordium"],"potions_floor_usage":[14],"damage_taken":[{"damage":1.0,"enemies":"2 Louse","floor":1.0,"turns":2.0},{"damage":2.0,"enemies":"Jaw Worm","floor":2.0,"turns":4.0},{"damage":27.0,"enemies":"Lagavulin","floor":7.0,"turns":9.0},{"damage":3,"enemies":"Small Slimes","floor":12,"turns":2},{"damage":3,"enemies":"2 Fungi Beasts","floor":14,"turns":3},{"damage":52,"enemies":"The Guardian","floor":16,"turns":14}],"seed_played":"3356762414410639139","potions_obtained":[{"floor":1.0,"key":"Dexterity Potion"},{"floor":7.0,"key":"Strength Potion"}],"is_trial":false,"path_per_floor":["M","M","$","?","?","R","E","$","T","?","R","M","?","M","R","B"],"character_chosen":"DEFECT","items_purchased":["Lizard Tail","Streamline"],"campfire_rested":1,"item_purchase_floors":[8,8],"current_hp_per_floor":[53,51,51,51,40,40,13,13,13,27,27,24,6,3,29,21,21],"gold":82,"neow_bonus":"RANDOM_COLORLESS_2","is_daily":false,"chose_seed":false,"campfire_upgraded":2,"win_rate":0.0,"timestamp":1611351895,"path_taken":["M","M","$","?","?","R","E","$","T","?","R","M","?","M","R","BOSS"],"items_purchased_type":["Relic","Card"],"build_version":"2020-12-22","purchased_purges":1,"victory":false,"max_hp_per_floor":[75,75,75,75,75,75,75,75,75,89,89,89,89,89,89,89,89],"card_choices":[{"not_picked":["Sadistic Nature","Violence"],"picked":"Master of Strategy","floor":0.0},{"not_picked":["Coolheaded","Tempest"],"picked":"Skim","floor":1.0},{"not_picked":["Chill","Coolheaded"],"picked":"Undo","floor":2.0},{"not_picked":["Steam","Redo","White Noise"],"picked":"SKIP","floor":7.0},{"not_picked":["Redo","Stack"],"picked":"Gash","floor":12},{"not_picked":["Compile Driver","Stack"],"picked":"Turbo","floor":14}],"player_experience":439242,"relics_obtained":[{"floor":7.0,"key":"Potion Belt"},{"floor":9,"key":"Akabeko"}],"event_choices":[{"damage_healed":0.0,"max_hp_gain":0.0,"max_hp_loss":0.0,"gold_gain":175.0,"event_name":"Liars Game","player_choice":"AGREE","floor":4.0,"gold_loss":0.0,"damage_taken":0.0,"cards_obtained":["Doubt"]},{"damage_healed":0.0,"max_hp_gain":0.0,"max_hp_loss":0.0,"gold_gain":75.0,"event_name":"World of Goop","player_choice":"Gather Gold","floor":5.0,"gold_loss":0.0,"damage_taken":11.0},{"damage_healed":0,"gold_gain":0,"player_choice":"Box","damage_taken":0,"relics_obtained":["Mango"],"max_hp_gain":0,"max_hp_loss":0,"event_name":"Big Fish","floor":10,"gold_loss":0,"cards_obtained":["Regret"]},{"damage_healed":0,"gold_gain":0,"player_choice":"Entered Light","damage_taken":18,"max_hp_gain":0,"max_hp_loss":0,"event_name":"Shining Light","floor":13,"gold_loss":0,"cards_upgraded":["Strike_B","Defend_B"]}],"is_beta":false,"boss_relics":[],"items_purged_floors":[3],"is_endless":false,"potions_floor_spawned":[1,7],"killed_by":"The Guardian","ascension_level":5}}