{"host":"kvo7eymyd21g9abd","time":1611340694,"event":{"mods":["AchievementEnabler","BaseMod","Bestiary","Colored Map","Minty Spire (QoL Compilation)","StSLib"],"gold_per_floor":[114,39,52,52,63,63,98,98,98,98,173,188,42,70,70,70,70],"floor_reached":16,"language":"ENG","playtime":568,"items_purged":["Normality"],"score":113,"play_id":"601ab58d-c659-417f-91e1-dadbda85cf00","local_time":"20210122133814","is_ascension_mode":true,"campfire_choices":[{"floor":6,"key":"RECALL"},{"floor":8,"key":"REST"},{"data":"Collect","floor":10,"key":"SMITH"},{"floor":15,"key":"REST"}],"circlet_count":0,"master_deck":["Strike_P","Strike_P","Strike_P","Strike_P","Defend_P","Defend_P","Defend_P","Defend_P","Eruption","Vigilance","Brilliance","FlurryOfBlows","Pray","FlurryOfBlows","Collect+1","FlurryOfBlows","Consecrate"],"relics":["PureWater","Sundial","Matryoshka","MealTicket","Lee\u0027s Waffle","HornCleat"],"acts_visited":["Exordium"],"potions_floor_usage":[7,16],"damage_taken":[{"damage":0,"enemies":"Small Slimes","floor":1,"turns":2},{"damage":3,"enemies":"2 Louse","floor":3,"turns":2},{"damage":0,"enemies":"Cultist","floor":5,"turns":3},{"damage":27,"enemies":"3 Sentries","floor":7,"turns":9},{"damage":13,"enemies":"Lots of Slimes","floor":12,"turns":5},{"damage":30,"enemies":"Lagavulin","floor":14,"turns":5},{"damage":74,"enemies":"Hexaghost","floor":16,"turns":11}],"seed_played":"-4221742558232284518","potions_obtained":[{"floor":1,"key":"StancePotion"},{"floor":14,"key":"Weak Potion"}],"is_trial":false,"path_per_floor":["M","$","M","?","M","R","E","R","T","R","?","M","$","E","R","B"],"character_chosen":"WATCHER","items_purchased":["Lee\u0027s Waffle"],"campfire_rested":2,"item_purchase_floors":[13],"current_hp_per_floor":[72,72,69,66,66,66,39,60,60,60,53,40,79,49,72,0,0],"gold":70,"neow_bonus":"THREE_RARE_CARDS","is_daily":false,"chose_seed":false,"campfire_upgraded":1,"win_rate":0.0,"timestamp":1611340694,"path_taken":["M","$","M","?","M","R","E","R","T","R","?","?","$","E","R","BOSS"],"items_purchased_type":["Relic"],"build_version":"2020-12-22","purchased_purges":1,"victory":false,"max_hp_per_floor":[72,72,72,72,72,72,72,72,72,72,72,72,79,79,79,79,79],"card_choices":[{"not_picked":["SpiritShield","Scrawl"],"picked":"Brilliance","floor":0},{"not_picked":["SashWhip","EmptyFist"],"picked":"FlurryOfBlows","floor":1},{"not_picked":["LikeWater","WaveOfTheHand"],"picked":"Pray","floor":3},{"not_picked":["ClearTheMind","FollowUp"],"picked":"FlurryOfBlows","floor":5},{"not_picked":["FearNoEvil","SashWhip"],"picked":"Collect","floor":7},{"not_picked":["JustLucky","ClearTheMind"],"picked":"FlurryOfBlows","floor":12},{"not_picked":["EmptyBody","MentalFortress"],"picked":"Consecrate","floor":14}],"player_experience":410650,"relics_obtained":[{"floor":7,"key":"Matryoshka"},{"floor":9,"key":"MealTicket"},{"floor":14,"key":"HornCleat"}],"event_choices":[{"damage_healed":0,"gold_gain":0,"player_choice":"Success","damage_taken":3,"relics_obtained":["Sundial"],"max_hp_gain":0,"max_hp_loss":0,"event_name":"Scrap Ooze","floor":4,"gold_loss":0},{"damage_healed":0,"gold_gain":75,"player_choice":"Touch","damage_taken":7,"max_hp_gain":0,"max_hp_loss":0,"event_name":"FaceTrader","floor":11,"gold_loss":0}],"is_beta":false,"boss_relics":[],"items_purged_floors":[2],"is_endless":false,"potions_floor_spawned":[1,14],"killed_by":"Hexaghost","ascension_level":1}}