{"host":"6eo4thp7fob519hm","time":1611342774,"event":{"mods":["BaseMod","Block Reminder","Colored Map","Colored Powertips","DeckTracker","Googly Eyes","Highlight Path","Minty Spire (QoL Compilation)","Quick Restart"],"gold_per_floor":[113,38,53,69,86,113,113,445,516,516,156,170,170,183,183,287,287,298,123,150,150,150,176,195,195,222,255,255,288,299,315,315,418,418,436,454,466,172,192,192,192,227,227,227,227],"floor_reached":44,"language":"ENG","playtime":2262,"items_purged":["Strike_R","Strike_R","Strike_R","Corruption"],"score":608,"play_id":"f15bac50-893c-4f89-be8e-fa44aabe89bb","local_time":"20210123004254","is_ascension_mode":false,"campfire_choices":[{"data":"Armaments","floor":7.0,"key":"SMITH"},{"data":"Body Slam","floor":10.0,"key":"SMITH"},{"data":"Ghostly Armor","floor":15.0,"key":"SMITH"},{"data":"Body Slam","floor":25.0,"key":"SMITH"},{"data":"Metallicize","floor":28.0,"key":"SMITH"},{"data":"Body Slam","floor":32.0,"key":"SMITH"},{"data":"Good Instincts","floor":40.0,"key":"SMITH"}],"circlet_count":0,"master_deck":["Defend_R+1","Defend_R+1","Defend_R+1","Defend_R+1","Bash+1","Barricade+1","Armaments+1","Body Slam+1","Ghostly Armor+1","Shrug It Off+1","Shrug It Off+1","Brutality+1","Flex+1","Body Slam+1","Body Slam+1","Armaments+1","Shrug It Off+1","Metallicize+1","Flex+1","Shrug It Off+1","Good Instincts+1"],"relics":["Burning Blood","WingedGreaves","Old Coin","InkBottle","Self Forming Clay","Empty Cage","Orichalcum","Omamori","Smiling Mask","Pen Nib","Bag of Marbles","Calling Bell","Lantern","Singing Bowl","Peace Pipe","Anchor","Mark of the Bloom","Molten Egg 2","Blue Candle"],"acts_visited":["Exordium","TheCity","TheBeyond"],"potions_floor_usage":[],"damage_taken":[{"damage":1.0,"enemies":"Cultist","floor":1.0,"turns":3.0},{"damage":0.0,"enemies":"Small Slimes","floor":3.0,"turns":8.0},{"damage":6.0,"enemies":"Jaw Worm","floor":4.0,"turns":8.0},{"damage":3.0,"enemies":"Gremlin Gang","floor":5.0,"turns":5.0},{"damage":6.0,"enemies":"Lagavulin","floor":6.0,"turns":9.0},{"damage":23.0,"enemies":"3 Sentries","floor":8.0,"turns":15.0},{"damage":0.0,"enemies":"Exordium Thugs","floor":12.0,"turns":6.0},{"damage":0.0,"enemies":"Large Slime","floor":14.0,"turns":6.0},{"damage":29.0,"enemies":"Hexaghost","floor":16.0,"turns":9.0},{"damage":15.0,"enemies":"2 Thieves","floor":18.0,"turns":4.0},{"damage":7.0,"enemies":"Book of Stabbing","floor":23.0,"turns":6.0},{"damage":5.0,"enemies":"Chosen","floor":24.0,"turns":7.0},{"damage":19.0,"enemies":"Slavers","floor":27.0,"turns":7.0},{"damage":9.0,"enemies":"Book of Stabbing","floor":29.0,"turns":6.0},{"damage":4.0,"enemies":"Snake Plant","floor":30.0,"turns":5.0},{"damage":2.0,"enemies":"Snecko","floor":31.0,"turns":5.0},{"damage":23.0,"enemies":"Collector","floor":33.0,"turns":6.0},{"damage":15.0,"enemies":"3 Shapes","floor":35.0,"turns":5.0},{"damage":10.0,"enemies":"3 Darklings","floor":36.0,"turns":6.0},{"damage":25.0,"enemies":"Spire Growth","floor":37.0,"turns":5.0},{"damage":5.0,"enemies":"4 Shapes","floor":39.0,"turns":6.0},{"damage":8.0,"enemies":"Nemesis","floor":42.0,"turns":9.0},{"damage":71,"enemies":"Reptomancer","floor":44,"turns":3}],"seed_played":"-2135931861000101724","potions_obtained":[{"floor":1.0,"key":"Explosive Potion"},{"floor":4.0,"key":"Block Potion"},{"floor":5.0,"key":"Fruit Juice"},{"floor":6.0,"key":"DuplicationPotion"},{"floor":12.0,"key":"Fire Potion"},{"floor":27.0,"key":"ColorlessPotion"},{"floor":30.0,"key":"SpeedPotion"},{"floor":33.0,"key":"Regen Potion"},{"floor":35.0,"key":"Energy Potion"},{"floor":37.0,"key":"GamblersBrew"},{"floor":42.0,"key":"BlessingOfTheForge"}],"is_trial":false,"path_per_floor":["M","$","M","M","M","E","R","E","T","R","$","M","?","M","R","B",null,"M","$","T","?","?","E","M","R","T","E","R","E","M","M","R","B",null,"M","M","M","$","M","R","?","E","T","E"],"character_chosen":"IRONCLAD","items_purchased":["Self Forming Clay","Body Slam","Anchor","Good Instincts"],"campfire_rested":0,"item_purchase_floors":[11,19,38,38],"current_hp_per_floor":[80,80,80,80,80,80,80,63,63,63,63,69,69,75,75,57,85,76,76,76,76,76,75,76,76,76,63,63,60,62,66,66,49,85,78,76,57,57,60,60,60,52,52,0,0],"gold":227,"neow_bonus":"ONE_RANDOM_RARE_CARD","is_daily":false,"chose_seed":false,"campfire_upgraded":7,"win_rate":0.0,"timestamp":1611342774,"path_taken":["M","?","M","M","?","E","R","E","T","R","$","?","?","M","R","BOSS","M","$","?","?","?","E","M","R","T","E","R","E","M","?","R","BOSS","M","M","M","$","M","R","?","E","T","E"],"items_purchased_type":["Relic","Card","Relic","Card"],"build_version":"2020-12-22","purchased_purges":4,"victory":false,"max_hp_per_floor":[80,80,80,80,80,80,80,80,80,80,80,80,80,80,80,85,85,85,85,85,85,85,85,85,85,85,85,85,85,85,85,85,85,85,87,89,89,89,91,91,91,93,93,93,93],"card_choices":[{"not_picked":["Feel No Pain","Rupture"],"picked":"Armaments","floor":1.0},{"not_picked":["Havoc","Rupture","Clash"],"picked":"SKIP","floor":3.0},{"not_picked":["Headbutt","Thunderclap"],"picked":"Body Slam","floor":4.0},{"not_picked":["Fire Breathing","Rupture","Clash"],"picked":"SKIP","floor":5.0},{"not_picked":["Double Tap","Evolve"],"picked":"Ghostly Armor","floor":6.0},{"not_picked":["Reckless Charge","Demon Form"],"picked":"Shrug It Off","floor":8.0},{"not_picked":["Flex","Spot Weakness","Warcry"],"picked":"SKIP","floor":12.0},{"not_picked":["Fire Breathing","Searing Blow"],"picked":"Shrug It Off","floor":14.0},{"not_picked":["Immolate","Feed"],"picked":"Brutality","floor":16.0},{"not_picked":["Bloodletting","Dark Embrace"],"picked":"Flex+1","floor":18.0},{"not_picked":["Flex+1","Wild Strike"],"picked":"Shrug It Off+1","floor":23.0},{"not_picked":["Body Slam","Inflame","Pommel Strike"],"picked":"SKIP","floor":24.0},{"not_picked":["Intimidate","Iron Wave"],"picked":"Metallicize","floor":27.0},{"not_picked":["Perfected Strike","Wild Strike","True Grit"],"picked":"SKIP","floor":29.0},{"not_picked":["Twin Strike","Flex","Thunderclap"],"picked":"SKIP","floor":30.0},{"not_picked":["Dark Embrace","Wild Strike"],"picked":"Flex+1","floor":31.0},{"not_picked":["Reaper","Impervious"],"picked":"Corruption","floor":33.0},{"not_picked":["Inflame+1","Wild Strike","Intimidate"],"picked":"Singing Bowl","floor":35.0},{"not_picked":["Pummel+1","Havoc+1","Reckless Charge"],"picked":"Singing Bowl","floor":36.0},{"not_picked":["True Grit+1","Heavy Blade+1"],"picked":"Shrug It Off+1","floor":37.0},{"not_picked":["Iron Wave","Uppercut","Clash+1"],"picked":"Singing Bowl","floor":39.0},{"not_picked":["Flame Barrier","Immolate+1","Anger+1"],"picked":"Singing Bowl","floor":42.0}],"player_experience":584399,"relics_obtained":[{"floor":6.0,"key":"WingedGreaves"},{"floor":8.0,"key":"Old Coin"},{"floor":9.0,"key":"InkBottle"},{"floor":20.0,"key":"Orichalcum"},{"floor":23.0,"key":"Omamori"},{"floor":26.0,"key":"Smiling Mask"},{"floor":27.0,"key":"Pen Nib"},{"floor":29.0,"key":"Bag of Marbles"},{"floor":34.0,"key":"Lantern"},{"floor":34.0,"key":"Singing Bowl"},{"floor":34.0,"key":"Peace Pipe"},{"floor":42.0,"key":"Molten Egg 2"},{"floor":43.0,"key":"Blue Candle"}],"event_choices":[{"damage_healed":0.0,"max_hp_gain":0.0,"max_hp_loss":0.0,"gold_gain":0.0,"event_name":"Upgrade Shrine","player_choice":"Upgraded","floor":13.0,"gold_loss":0.0,"damage_taken":0.0,"cards_upgraded":["Barricade"]},{"damage_healed":0.0,"max_hp_gain":0.0,"max_hp_loss":0.0,"gold_gain":0.0,"event_name":"The Library","player_choice":"Read","floor":21.0,"gold_loss":0.0,"damage_taken":0.0,"cards_obtained":["Body Slam"]},{"damage_healed":0.0,"max_hp_gain":0.0,"max_hp_loss":0.0,"gold_gain":0.0,"event_name":"Duplicator","player_choice":"Copied","floor":22.0,"gold_loss":0.0,"damage_taken":0.0,"cards_obtained":["Armaments"]},{"damage_healed":0.0,"max_hp_gain":0.0,"max_hp_loss":0.0,"gold_gain":0.0,"event_name":"MindBloom","player_choice":"Upgrade","floor":41.0,"gold_loss":0.0,"damage_taken":0.0,"cards_upgraded":["Defend_R","Defend_R","Defend_R","Defend_R","Bash","Shrug It Off","Shrug It Off","Brutality"],"relics_obtained":["Mark of the Bloom"]}],"is_beta":false,"boss_relics":[{"not_picked":["Black Star","Black Blood"],"picked":"Empty Cage"},{"not_picked":["Runic Pyramid","Philosopher\u0027s Stone"],"picked":"Calling Bell"}],"items_purged_floors":[2,11,19,38],"is_endless":false,"potions_floor_spawned":[1,4,5,6,12,27,30,33,35,37,42],"killed_by":"Reptomancer","ascension_level":0}}