{"host":"9c969dq3azt3tjy5","time":1611311661,"event":{"mods":["AchievementEnabler","BaseMod","Colored Powertips","Minty Spire (QoL Compilation)","Quick Restart","Rare Cards Sparkle","Waifu the Spire"],"gold_per_floor":[115,79,79,154,172,172,208,208,282,322,345,345,270,270,270,401,401,426,460,559,559,326,326,15,15,40,40,63,63,94,114,114,240,240,258,278,341,674,674,709,709,199,199,199,199,211,239,89,89,89,89,89,27,57,57],"floor_reached":56,"language":"RUS","playtime":3128,"items_purged":["Defend_G","Strike_G+1","Strike_G+1"],"score":1273,"play_id":"8cb5c382-a976-4b7f-933a-ed02c389ea85","local_time":"20210122223421","is_ascension_mode":false,"campfire_choices":[{"data":"Infinite Blades","floor":6,"key":"SMITH"},{"data":"Neutralize","floor":8,"key":"SMITH"},{"floor":12,"key":"REST"},{"floor":15,"key":"REST"},{"data":"Accuracy","floor":23,"key":"SMITH"},{"floor":25,"key":"REST"},{"floor":27,"key":"RECALL"},{"floor":32,"key":"REST"},{"floor":41,"key":"REST"},{"floor":44,"key":"REST"},{"floor":49,"key":"REST"},{"data":"Panache","floor":52,"key":"SMITH"}],"circlet_count":0,"master_deck":["Strike_G+1","Defend_G+1","Defend_G","Survivor+1","Neutralize+1","Infinite Blades+1","Footwork+1","Outmaneuver+1","Accuracy+1","Dodge and Roll+1","Phantasmal Killer+1","Sucker Punch+1","Backstab+1","Tactician+1","Calculated Gamble+1","Infinite Blades+1","Distraction+1","Footwork","Backflip+1","Slice+1","Cloak And Dagger+1","Footwork","Backflip+1","Panache+1","Bandage Up+1","Distraction+1","Cloak And Dagger+1","Blade Dance+1","Infinite Blades+1"],"relics":["Ring of the Snake","NeowsBlessing","Toxic Egg 2","Gremlin Horn","Whetstone","Astrolabe","Red Mask","Unceasing Top","DollysMirror","Ice Cream","Happy Flower","Strawberry","SacredBark","The Specimen","Smiling Mask","Membership Card","War Paint","Mummified Hand","Bottled Tornado","Toy Ornithopter","Tingsha"],"acts_visited":["Exordium","TheCity","TheBeyond","TheEnding"],"potions_floor_usage":[16,19,28,30,55],"damage_taken":[{"damage":0,"enemies":"2 Louse","floor":1,"turns":1},{"damage":0,"enemies":"Small Slimes","floor":5,"turns":1},{"damage":0,"enemies":"3 Sentries","floor":7,"turns":1},{"damage":22,"enemies":"Lagavulin","floor":10,"turns":13},{"damage":0,"enemies":"Jaw Worm","floor":11,"turns":4},{"damage":32,"enemies":"The Guardian","floor":16,"turns":13},{"damage":8,"enemies":"Spheric Guardian","floor":18,"turns":4},{"damage":10,"enemies":"Masked Bandits","floor":19,"turns":3},{"damage":0,"enemies":"3 Byrds","floor":28,"turns":4},{"damage":31,"enemies":"Slavers","floor":30,"turns":4},{"damage":6,"enemies":"Shelled Parasite and Fungi","floor":31,"turns":4},{"damage":18,"enemies":"Automaton","floor":33,"turns":9},{"damage":30,"enemies":"3 Darklings","floor":35,"turns":6},{"damage":13,"enemies":"Orb Walker","floor":36,"turns":4},{"damage":0,"enemies":"Mind Bloom Boss Battle","floor":37,"turns":7},{"damage":25,"enemies":"Nemesis","floor":40,"turns":7},{"damage":0,"enemies":"Jaw Worm Horde","floor":46,"turns":2},{"damage":3,"enemies":"Giant Head","floor":47,"turns":5},{"damage":2,"enemies":"Time Eater","floor":50,"turns":7},{"damage":0,"enemies":"Shield and Spear","floor":54,"turns":3},{"damage":52,"enemies":"The Heart","floor":55,"turns":8}],"seed_played":"-3069157171037754476","potions_obtained":[{"floor":5,"key":"SpeedPotion"},{"floor":10,"key":"Regen Potion"},{"floor":11,"key":"CunningPotion"},{"floor":18,"key":"CunningPotion"},{"floor":28,"key":"Fruit Juice"},{"floor":35,"key":"Ancient Potion"},{"floor":47,"key":"SpeedPotion"}],"is_trial":false,"path_per_floor":["M","$","?","?","M","R","E","R","T","E","M","R","$","?","R","B",null,"M","?","?","T","$","R","$","R","T","R","M","$","E","M","R","B",null,"M","M","?","?","?","E","R","$","T","R","?","M","E","$","R","B",null,"R","$","E","B",null],"character_chosen":"THE_SILENT","items_purchased":["Footwork","Calculated Gamble+1","DollysMirror","Ice Cream","Membership Card","War Paint","Mummified Hand","Footwork","Backflip+1","Panache","Cloak And Dagger+1","Toy Ornithopter","Blade Dance+1"],"campfire_rested":7,"item_purchase_floors":[2,22,22,24,42,42,42,42,42,42,48,48,53],"current_hp_per_floor":[70,70,53,42,42,42,42,42,42,20,20,41,41,27,48,31,70,62,52,52,52,52,52,52,70,70,70,75,75,51,45,69,51,82,52,39,39,39,39,14,38,38,38,62,62,62,65,65,82,82,82,82,82,82,36],"gold":57,"neow_bonus":"THREE_ENEMY_KILL","is_daily":false,"chose_seed":false,"campfire_upgraded":4,"win_rate":0.0,"timestamp":1611311661,"path_taken":["M","$","?","?","M","R","E","R","T","E","M","R","$","?","R","BOSS","M","?","?","?","$","R","$","R","T","R","?","?","E","M","R","BOSS","M","M","?","?","?","E","R","$","T","R","?","M","E","$","R","BOSS","R","$","E","BOSS"],"items_purchased_type":["Card","Card","Relic","Relic","Relic","Relic","Relic","Card","Card","Card","Card","Relic","Card"],"build_version":"2020-12-22","purchased_purges":3,"victory":true,"max_hp_per_floor":[70,70,70,70,70,70,70,70,70,70,70,70,70,70,70,70,70,70,70,70,70,70,70,70,70,70,70,75,75,82,82,82,82,82,82,82,82,82,82,82,82,82,82,82,82,82,82,82,82,82,82,82,82,82,82],"card_choices":[{"not_picked":["Quick Slash","Dodge and Roll"],"picked":"Infinite Blades","floor":1},{"not_picked":["Dagger Throw","Acrobatics","Dagger Spray"],"picked":"SKIP","floor":5},{"not_picked":["Underhanded Strike","Footwork"],"picked":"Outmaneuver+1","floor":7},{"not_picked":["Dagger Spray","Masterful Stab"],"picked":"Accuracy","floor":10},{"not_picked":["Prepared+1","Dagger Spray"],"picked":"Dodge and Roll+1","floor":11},{"not_picked":["Wraith Form v2","Bullet Time+1"],"picked":"Phantasmal Killer+1","floor":16},{"not_picked":["Well Laid Plans","Prepared+1","Dagger Throw"],"picked":"SKIP","floor":18},{"not_picked":["Dash","Dodge and Roll+1"],"picked":"Distraction+1","floor":28},{"not_picked":["Poisoned Stab","Noxious Fumes+1"],"picked":"Footwork","floor":30},{"not_picked":["PiercingWail+1","Setup+1","Deflect+1"],"picked":"SKIP","floor":31},{"not_picked":["Endless Agony","Escape Plan+1"],"picked":"Backflip+1","floor":35},{"not_picked":["Endless Agony","Poisoned Stab+1","Masterful Stab+1"],"picked":"SKIP","floor":36},{"not_picked":["PiercingWail+1","Flying Knee"],"picked":"Slice+1","floor":37},{"not_picked":["Dagger Throw+1","After Image"],"picked":"Cloak And Dagger+1","floor":40},{"not_picked":["Dramatic Entrance","Flash of Steel"],"picked":"Bandage Up+1","floor":45},{"not_picked":["Backflip+1","Flying Knee+1","All Out Attack+1"],"picked":"SKIP","floor":46},{"not_picked":["Underhanded Strike+1","Dodge and Roll+1"],"picked":"Distraction+1","floor":47},{"not_picked":["Prepared+1","Concentrate+1"],"picked":"Infinite Blades+1","floor":54}],"player_experience":189894,"relics_obtained":[{"floor":7,"key":"Toxic Egg 2"},{"floor":9,"key":"Gremlin Horn"},{"floor":10,"key":"Whetstone"},{"floor":19,"key":"Red Mask"},{"floor":21,"key":"Unceasing Top"},{"floor":26,"key":"Happy Flower"},{"floor":30,"key":"Strawberry"},{"floor":37,"key":"The Specimen"},{"floor":40,"key":"Smiling Mask"},{"floor":47,"key":"Bottled Tornado"},{"floor":54,"key":"Tingsha"}],"event_choices":[{"damage_healed":0,"gold_gain":0,"player_choice":"Take Damage","damage_taken":17,"relics_obtained":["Golden Idol"],"max_hp_gain":0,"max_hp_loss":0,"event_name":"Golden Idol","floor":3,"gold_loss":0},{"damage_healed":0,"gold_gain":75,"player_choice":"Gather Gold","damage_taken":11,"max_hp_gain":0,"max_hp_loss":0,"event_name":"World of Goop","floor":4,"gold_loss":0},{"damage_healed":0,"gold_gain":0,"player_choice":"Entered Light","damage_taken":14,"max_hp_gain":0,"max_hp_loss":0,"event_name":"Shining Light","floor":14,"gold_loss":0,"cards_upgraded":["Strike_G","Footwork"]},{"damage_healed":0,"gold_gain":0,"player_choice":"Fought Bandits","damage_taken":0,"max_hp_gain":0,"max_hp_loss":0,"event_name":"Masked Bandits","floor":19,"gold_loss":0},{"damage_healed":0,"gold_gain":99,"player_choice":"Stole From Cult","damage_taken":0,"max_hp_gain":0,"max_hp_loss":0,"event_name":"Nest","floor":20,"gold_loss":0},{"damage_healed":0,"gold_gain":0,"player_choice":"Fight","damage_taken":0,"max_hp_gain":0,"max_hp_loss":0,"event_name":"MindBloom","floor":37,"gold_loss":0},{"damage_healed":0,"gold_gain":333,"player_choice":"Gave Idol","damage_taken":0,"max_hp_gain":0,"max_hp_loss":0,"event_name":"The Moai Head","floor":38,"relics_lost":["Golden Idol"],"gold_loss":0},{"cards_removed":["Defend_G"],"damage_healed":0,"gold_gain":0,"player_choice":"Removed Skill","damage_taken":0,"max_hp_gain":0,"max_hp_loss":0,"event_name":"Falling","floor":39,"gold_loss":0},{"damage_healed":0,"gold_gain":0,"player_choice":"Memory 1","damage_taken":0,"max_hp_gain":0,"max_hp_loss":0,"event_name":"SensoryStone","floor":45,"gold_loss":0}],"is_beta":false,"boss_relics":[{"not_picked":["Busted Crown","Philosopher\u0027s Stone"],"picked":"Astrolabe"},{"not_picked":["Velvet Choker","Empty Cage"],"picked":"SacredBark"}],"items_purged_floors":[13,48,53],"is_endless":false,"potions_floor_spawned":[5,10,11,18,28,35,40,47,54],"ascension_level":0}}