{"host":"mcoari43e93adu4g","time":1611298002,"event":{"mods":["2.2 Compatiblity","BaseMod","Downfall","Duelist Mod","Hermit","Marisa????????","Minty Spire (QoL Compilation)","READ ME - Guardian Mod","Robot Space Explorer","Shade Mod","Shop Mod","StSLib","SuperFastMode","The Animator","The Bug Knight","The Construct","The Cursed","The Disciple","The Necromancer","The Runesmith","The Servant 0.9.4"],"gold_per_floor":[112,37,37,51,61,61,86,86,113,127,127,127,202,220,220,325,325,338,350,10,10,27,27,56,71,94,112,86,86,185,205,205,205,205],"floor_reached":33,"language":"ENG","playtime":1917,"items_purged":["Strike_W","Strike_W"],"score":267,"play_id":"070da82b-5399-4e21-b64b-3a5a9ebfec85","local_time":"20210122114642","is_ascension_mode":false,"campfire_choices":[{"data":"Blood_Whip","floor":6,"key":"SMITH"},{"data":"Life_Drain","floor":8,"key":"SMITH"},{"data":"Bone_Spikes","floor":12,"key":"SMITH"},{"data":"Blood_Whip","floor":15,"key":"SMITH"},{"data":"Blood_Wake","floor":23,"key":"SMITH"},{"floor":29,"key":"REST"},{"floor":32,"key":"REST"}],"circlet_count":0,"master_deck":["Strike_W","Defend_W","Defend_W","Defend_W","Defend_W","Negative_Energy_Arrows","Bone_Wall","Finger_Of_Death+1","Death_March_Dance","Blood_Whip+1","Life_Drain+1","Bone_Spikes+1","Regret","Blood_Whip+1","Blood_Wake+1","Spectral_Armor+1","Death_Knell+1","Uncharnel","Negative_Energy_Javelin","Acid_Javelin","Blood_Is_Power","Flesh_Made_Foul","Negative_Energy_Shield","Scare","Negative_Energy_Sphere+1","Summon_Undead_Army+1"],"relics":["Vampire_Amulet","Lantern","Toy Ornithopter","Ancient Tea Set","construct:ClawGrip","Matryoshka","Vajra","Sundial","Dream Catcher"],"acts_visited":["Exordium","TheCity"],"potions_floor_usage":[7,16,19,33,33,33],"damage_taken":[{"damage":2,"enemies":"Jaw Worm","floor":1,"turns":4},{"damage":3,"enemies":"2 Louse","floor":4,"turns":3},{"damage":0,"enemies":"Cultist","floor":5,"turns":3},{"damage":21,"enemies":"3 Sentries","floor":7,"turns":6},{"damage":2,"enemies":"3 Louse","floor":10,"turns":2},{"damage":5,"enemies":"Blue Slaver","floor":14,"turns":3},{"damage":68,"enemies":"The Guardian","floor":16,"turns":11},{"damage":23,"enemies":"2 Thieves","floor":18,"turns":3},{"damage":18,"enemies":"3 Byrds","floor":19,"turns":5},{"damage":21,"enemies":"Cultist and Chosen","floor":22,"turns":6},{"damage":28,"enemies":"theDuelist:KaibaA2","floor":24,"turns":5},{"damage":13,"enemies":"Centurion and Healer","floor":25,"turns":5},{"damage":9,"enemies":"Snecko","floor":27,"turns":2},{"damage":9,"enemies":"Shelled Parasite and Fungi","floor":31,"turns":4},{"damage":102,"enemies":"Automaton","floor":33,"turns":10}],"seed_played":"7860680181572826214","potions_obtained":[{"floor":4,"key":"Ancient Potion"},{"floor":7,"key":"FearPotion"},{"floor":16,"key":"Weak Potion"},{"floor":19,"key":"Weak Potion"},{"floor":22,"key":"champ:CounterPotion"},{"floor":25,"key":"Block Potion"},{"floor":31,"key":"AttackPotion"}],"is_trial":false,"path_per_floor":["M","$","?","M","M","R","E","R","T","M","?","R","?","M","R","B",null,"M","M","$","?","M","R","E","M","T","M","$","R","?","M","R","B"],"character_chosen":"NECROMANCER","items_purchased":["Matryoshka","Negative_Energy_Shield"],"campfire_rested":2,"item_purchase_floors":[20,28],"current_hp_per_floor":[82,82,82,82,82,82,67,67,67,71,71,71,71,74,74,22,82,69,68,68,68,61,61,41,38,38,37,37,61,61,62,82,1,1],"gold":205,"neow_bonus":"TEN_PERCENT_HP_BONUS","is_daily":false,"chose_seed":false,"campfire_upgraded":5,"win_rate":0.0,"timestamp":1611298002,"path_taken":["M","$","?","M","M","R","E","R","T","M","?","R","?","M","R","BOSS","M","M","$","?","?","R","E","M","T","M","$","R","?","M","R","BOSS"],"items_purchased_type":["Relic","Card"],"build_version":"2020-12-22","purchased_purges":2,"victory":false,"max_hp_per_floor":[82,82,82,82,82,82,82,82,82,82,82,82,82,82,82,82,82,82,82,82,82,82,82,82,82,82,82,82,82,82,82,82,82,82],"card_choices":[{"not_picked":["Shackles_Of_Pain","Blood_Curse"],"picked":"Finger_Of_Death","floor":1},{"not_picked":["Bones_to_Steel","Bone_Shift"],"picked":"Death_March_Dance","floor":4},{"not_picked":["Flesh_Made_Foul","Stop_Heart"],"picked":"Blood_Whip","floor":5},{"not_picked":["Death_Knell","Requiem"],"picked":"Life_Drain","floor":7},{"not_picked":["Death_Coil","Chill_Blood"],"picked":"Bone_Spikes","floor":10},{"not_picked":["Scare","Summon_Death_Knight"],"picked":"Blood_Whip","floor":14},{"not_picked":["Negative_Energy_Bomb","Skeleton_Dragon"],"picked":"Blood_Wake","floor":16},{"not_picked":["Flesh_Made_Foul","Death_March_Dance"],"picked":"Spectral_Armor+1","floor":18},{"not_picked":["Finger_Of_Death","Life_Tap"],"picked":"Death_Knell+1","floor":19},{"not_picked":["Corrupt","Blood_Curse"],"picked":"Negative_Energy_Javelin","floor":22},{"not_picked":["Negative_Energy_Burst","Chill_Blood"],"picked":"Acid_Javelin","floor":24},{"not_picked":["Chill_Blood+1","Negative_Energy_Mist"],"picked":"Blood_Is_Power","floor":25},{"not_picked":["Violent_Necrosis+1","Slay_Living"],"picked":"Flesh_Made_Foul","floor":27},{"not_picked":["Blood_Curse","Summon_Undead"],"picked":"Scare","floor":29},{"not_picked":["Violent_Necrosis","Life_Drain"],"picked":"Negative_Energy_Sphere+1","floor":31},{"not_picked":["Bones_to_Steel+1","Negative_Energy_Shield"],"picked":"Summon_Undead_Army+1","floor":32}],"player_experience":23190,"relics_obtained":[{"floor":7,"key":"Lantern"},{"floor":9,"key":"Toy Ornithopter"},{"floor":24,"key":"Vajra"},{"floor":26,"key":"Sundial"},{"floor":26,"key":"Dream Catcher"}],"event_choices":[{"damage_healed":0,"gold_gain":0,"player_choice":"Grow","damage_taken":0,"max_hp_gain":0,"max_hp_loss":0,"event_name":"Living Wall","floor":3,"gold_loss":0,"cards_upgraded":["Finger_Of_Death"]},{"damage_healed":0,"gold_gain":0,"player_choice":"Box","damage_taken":0,"relics_obtained":["Ancient Tea Set"],"max_hp_gain":0,"max_hp_loss":0,"event_name":"Big Fish","floor":11,"gold_loss":0,"cards_obtained":["Regret"]},{"damage_healed":0,"gold_gain":75,"player_choice":"Gained Gold","damage_taken":0,"max_hp_gain":0,"max_hp_loss":0,"event_name":"Golden Wing","floor":13,"gold_loss":0},{"damage_healed":0,"gold_gain":0,"cards_transformed":["Strike_W"],"player_choice":"Transformed","damage_taken":0,"max_hp_gain":0,"max_hp_loss":0,"event_name":"Transmorgrifier","floor":21,"gold_loss":0,"cards_obtained":["Uncharnel"]},{"damage_healed":0,"gold_gain":99,"player_choice":"Stole From Cult","damage_taken":0,"max_hp_gain":0,"max_hp_loss":0,"event_name":"Nest","floor":30,"gold_loss":0}],"is_beta":false,"boss_relics":[{"not_picked":["Black Star","Velvet Choker"],"picked":"construct:ClawGrip"}],"items_purged_floors":[2,20],"is_endless":false,"potions_floor_spawned":[4,7,16,19,22,25,31],"killed_by":"Automaton","ascension_level":0}}