{"host":"4a6fro0of1ie0h2w","time":1611339421,"event":{"mods":["Aspiration","BaseMod","CCEM","Colored Map","Conspire","Downfall","GifTheSpireLib","Halation","Highlight Path","Hubris","Infinite Spire","Marisa????????","Minty Spire (QoL Compilation)","Permanent Neow","Replay The Spire","StSLib","Stuff the Spire","The Servant 0.9.4"],"gold_per_floor":[199,211,48,67,82,82,106,120,70,70,70,245,245,275,314,314,314,314],"floor_reached":16,"language":"ENG","playtime":732,"items_purged":["champ:Strike"],"score":105,"play_id":"42ae80fd-6520-4664-9fb1-6ecf04b8df5a","local_time":"20210122201701","is_ascension_mode":true,"campfire_choices":[{"data":"champ:Taunt","floor":1,"key":"SMITH"},{"data":"champ:FanOfKnives","floor":6,"key":"SMITH"},{"data":"champ:AdrenalArmor","floor":11,"key":"SMITH"},{"floor":13,"key":"RECALL"}],"circlet_count":0,"master_deck":["champ:Strike","champ:Strike","champ:Strike+1","champ:Defend","champ:Defend","champ:Defend","champ:Defend","champ:Execute","champ:Taunt+1","champ:GutPunch","champ:AdrenalArmor+1","champ:SwordSigil+1","champ:FanOfKnives+1","champ:IronFortress","champ:DefensiveShout+1","conspire:SpireCoStock","downfall:Malfunctioning","Doubt","champ:TripleStrike","champ:CrownThrow"],"relics":["champ:ChampionCrown","hubris:TenFootPole"],"acts_visited":["Exordium"],"potions_floor_usage":[14],"damage_taken":[{"damage":30,"enemies":"Cultist","floor":2,"turns":5},{"damage":25,"enemies":"downfall:FleeingMerchant","floor":3,"turns":4},{"damage":11,"enemies":"Jaw Worm","floor":4,"turns":3},{"damage":15,"enemies":"2 Louse","floor":5,"turns":2},{"damage":57,"enemies":"Exordium Thugs","floor":8,"turns":5},{"damage":61,"enemies":"Gremlin Nob","floor":14,"turns":5},{"damage":17,"enemies":"Blue Slaver","floor":15,"turns":3},{"damage":27,"enemies":"DF_ARCHETYPE_STREAMLINE","floor":16,"turns":3}],"seed_played":"-501389775327843512","potions_obtained":[{"floor":4,"key":"ColorlessPotion"},{"floor":14,"key":"Reflective Coating"},{"floor":15,"key":"Swift Potion"}],"is_trial":false,"path_per_floor":["R","M","$","M","M","R","T","M","?","?","R","?","R","E","M","B"],"character_chosen":"THE_CHAMP","items_purchased":["champ:SwordSigil"],"campfire_rested":0,"item_purchase_floors":[3],"current_hp_per_floor":[90,80,75,74,74,74,74,62,62,62,62,62,62,21,4,0,0,0],"gold":314,"neow_bonus":"HUNDRED_GOLD","is_daily":false,"chose_seed":false,"campfire_upgraded":3,"win_rate":0.0,"timestamp":1611339421,"path_taken":["R","M","$","?","M","R","T","M","?","?","R","?","R","E","M","BOSS"],"items_purchased_type":["Card"],"build_version":"2020-12-22","purchased_purges":1,"victory":false,"max_hp_per_floor":[90,90,90,90,90,90,90,90,90,90,90,90,90,90,90,90,90,90],"card_choices":[{"not_picked":["champ:CrownThrow","champ:Circumvent"],"picked":"champ:GutPunch","floor":2},{"not_picked":["champ:HeartStrike","champ:StanceDance"],"picked":"champ:AdrenalArmor","floor":3},{"not_picked":["champ:PreciseThrust","champ:RecklessLeap"],"picked":"champ:FanOfKnives","floor":4},{"not_picked":["champ:DefensiveStyle","champ:TornadoPunch"],"picked":"champ:IronFortress","floor":5},{"not_picked":["champ:ShieldSigil","champ:ViciousMockery"],"picked":"champ:DefensiveShout","floor":8},{"not_picked":["champ:DefensiveShout","champ:StanceDance"],"picked":"champ:TripleStrike","floor":14},{"not_picked":["champ:PreemptiveStrike","champ:HeartStrike"],"picked":"champ:CrownThrow","floor":15}],"player_experience":218002,"relics_obtained":[{"floor":14,"key":"hubris:TenFootPole"}],"event_choices":[{"damage_healed":0,"gold_gain":0,"player_choice":"Invest 1","damage_taken":0,"max_hp_gain":0,"max_hp_loss":0,"event_name":"conspire:Investor","floor":9,"gold_loss":0}],"is_beta":false,"boss_relics":[],"items_purged_floors":[3],"is_endless":false,"potions_floor_spawned":[4,14,15],"killed_by":"DF_ARCHETYPE_STREAMLINE","ascension_level":1}}