{"host":"h2gxemxa99wv6yfu","time":1611289120,"event":{"mods":["BaseMod","Block Reminder","Colored Powertips","Friendly Minions","Highlight Path","Infinite Spire","Minty Spire (QoL Compilation)","Permanent Neow","Quick Restart","Relic Stats","Replay The Spire","Shop Mod","StSLib"],"gold_per_floor":[20,31,31,50,50,76,76,110,110,110,110,110],"floor_reached":11,"language":"ENG","playtime":393,"items_purged":[],"score":89,"play_id":"d7addb5f-94e2-4196-81c5-7a96b84b2d2e","local_time":"20210121221840","is_ascension_mode":true,"campfire_choices":[{"data":"infinitespire:Execution","floor":7,"key":"SMITH"},{"data":"Double Tap","floor":10,"key":"SMITH"}],"circlet_count":0,"master_deck":["Strike_R","Strike_R","Strike_R","Strike_R","Strike_R","Defend_R","Defend_R","Defend_R","Defend_R","Bash","Infernal Blade","Replay:Undeath\u0027s Touch","Delirium","infinitespire:Execution+1","Double Tap+1"],"relics":["Burning Blood","Ring of Hypnosis","ReplayTheSpireMod:Ring of Addiction","Potion Belt","SacredBark","infinitespire:CheckeredPen","ReplayTheSpireMod:TigerMarble","infinitespire:WardingShard"],"acts_visited":["Exordium"],"potions_floor_usage":[4,8,11],"damage_taken":[{"damage":15,"enemies":"Small Slimes","floor":1,"turns":3},{"damage":9,"enemies":"2 Louse","floor":2,"turns":2},{"damage":0,"enemies":"Jaw Worm","floor":4,"turns":3},{"damage":36,"enemies":"3 Sentries","floor":6,"turns":9},{"damage":11,"enemies":"Lagavulin","floor":8,"turns":3},{"damage":9,"enemies":"3 Sentries","floor":11,"turns":2}],"seed_played":"-1724578144918314765","potions_obtained":[{"floor":2,"key":"Milkshake"},{"floor":3,"key":"infinitespire:BlackPotion"},{"floor":3,"key":"DistilledChaos"},{"floor":3,"key":"HeartOfIron"}],"is_trial":false,"path_per_floor":["M","M","?","M","?","E","R","E","T","R","E"],"character_chosen":"IRONCLAD","items_purchased":[],"campfire_rested":0,"item_purchase_floors":[],"current_hp_per_floor":[87,84,84,90,66,36,36,31,31,31,22,22],"gold":110,"neow_bonus":"TWENTY_PERCENT_HP_BONUS","is_daily":false,"chose_seed":false,"campfire_upgraded":2,"win_rate":0.0,"timestamp":1611289120,"path_taken":["M","M","?","M","?","E","R","E","T","R","E"],"items_purchased_type":[],"build_version":"2020-12-22","purchased_purges":0,"victory":false,"max_hp_per_floor":[96,96,96,96,96,96,96,94,94,94,94,94],"relic_stats":{"counters":[6,22],"obtain_stats":[{"Potion Belt":3,"Ring of Hypnosis":3,"infinitespire:WardingShard":9,"ReplayTheSpireMod:Ring of Addiction":3,"SacredBark":3,"ReplayTheSpireMod:TigerMarble":8,"infinitespire:CheckeredPen":6,"Burning Blood":0},{"Potion Belt":2,"Ring of Hypnosis":2,"infinitespire:WardingShard":5,"ReplayTheSpireMod:Ring of Addiction":2,"SacredBark":2,"ReplayTheSpireMod:TigerMarble":5,"infinitespire:CheckeredPen":4,"Burning Blood":0},{"Potion Belt":5,"Ring of Hypnosis":5,"infinitespire:WardingShard":20,"ReplayTheSpireMod:Ring of Addiction":5,"SacredBark":5,"ReplayTheSpireMod:TigerMarble":20,"infinitespire:CheckeredPen":17,"Burning Blood":0}],"Burning Blood":30},"card_choices":[{"not_picked":["True Grit","Whirlwind"],"picked":"Infernal Blade","floor":1},{"not_picked":["Cleave","Twin Strike"],"picked":"Replay:Undeath\u0027s Touch","floor":2},{"not_picked":["Headbutt","Clash","Blood for Blood"],"picked":"SKIP","floor":4},{"not_picked":["infinitespire:Starlight","infinitespire:Oblivion"],"picked":"infinitespire:Execution","floor":5},{"not_picked":["Replay:Undeath\u0027s Touch","Cleave"],"picked":"Double Tap","floor":6},{"not_picked":["Warcry","Clothesline","Wild Strike"],"picked":"SKIP","floor":8}],"player_experience":29630,"relics_obtained":[{"floor":3,"key":"Ring of Hypnosis"},{"floor":3,"key":"ReplayTheSpireMod:Ring of Addiction"},{"floor":3,"key":"Potion Belt"},{"floor":3,"key":"SacredBark"},{"floor":6,"key":"infinitespire:CheckeredPen"},{"floor":8,"key":"ReplayTheSpireMod:TigerMarble"},{"floor":9,"key":"infinitespire:WardingShard"}],"event_choices":[],"is_beta":false,"boss_relics":[],"items_purged_floors":[],"is_endless":false,"potions_floor_spawned":[2],"killed_by":"3 Sentries","ascension_level":2}}