{"host":"by8qwfg8c8egjh2t","time":1611278369,"event":{"mods":["AchievementEnabler","Aspiration","BaseMod","BetterRewards","Colored Map","Conspire","DeckTracker","Displayed Cursed Tome","Duelist Mod","Energized Spire","Friendly Minions","GifTheSpireLib","Infinite Spire","Minty Spire (QoL Compilation)","Prisma Mod","Quarter Circle Forward PUNCH!","Relic Sorter","Replay The Spire","RumiaBox-????????","Shop Mod","StSLib","Stuff the Spire","The Animator","vexMod"],"gold_per_floor":[144,161,161,172,184,184,184],"floor_reached":6,"language":"ENG","playtime":1013,"items_purged":[],"score":48,"play_id":"5ea726aa-05bd-46c3-a6d6-bdeb73c4271a","local_time":"20210121181929","is_ascension_mode":false,"campfire_choices":[],"circlet_count":0,"master_deck":["theDuelist:ArchfiendZombieSkull","theDuelist:ArmoredZombie","theDuelist:ArmoredZombie","theDuelist:ArmoredZombie","theDuelist:ClownZombie","theDuelist:ClownZombie","theDuelist:PatricianDarkness","theDuelist:ShallowGrave","theDuelist:SkullConductor","theDuelist:TutanMask","theDuelist:VendreadAnima+1","theDuelist:VendreadRevenants","Master of Strategy","theDuelist:MayakashiReturn","theDuelist:FusionGuard"],"relics":["theDuelist:MillenniumPuzzle","theDuelist:CardPoolRelic","theDuelist:CardPoolBasicRelic","theDuelist:BoosterPackPoolRelic","theDuelist:CardPoolAddRelic","theDuelist:CardPoolMinusRelic","theDuelist:CardPoolSaveRelic","theDuelist:CardPoolOptionsRelic","Centennial Puzzle"],"acts_visited":["Exordium"],"potions_floor_usage":[],"damage_taken":[{"damage":5,"enemies":"Jaw Worm","floor":1,"turns":2},{"damage":0,"enemies":"Cultist","floor":2,"turns":3},{"damage":0,"enemies":"2 Louse","floor":4,"turns":2},{"damage":0,"enemies":"2 Fungi Beasts","floor":5,"turns":2},{"damage":67,"enemies":"Gremlin Nob","floor":6,"turns":6}],"seed_played":"-2636891775479266627","potions_obtained":[{"floor":2,"key":"theDuelist:OrbBottle"},{"floor":5,"key":"CultistPotion"}],"is_trial":false,"path_per_floor":["M","M","?","M","M","E"],"character_chosen":"THE_DUELIST","items_purchased":["theDuelist:VendreadAnima+1"],"campfire_rested":0,"item_purchase_floors":[0],"current_hp_per_floor":[75,75,75,75,75,8,8],"gold":184,"neow_bonus":"","is_daily":false,"chose_seed":false,"campfire_upgraded":0,"win_rate":0.0,"timestamp":1611278369,"path_taken":["M","M","?","M","M","E"],"items_purchased_type":["Card"],"build_version":"2020-12-22","purchased_purges":0,"victory":false,"max_hp_per_floor":[80,80,80,80,80,80,80],"card_choices":[{"not_picked":["theDuelist:CrimsonKnightVampire","theDuelist:RevendreadExecutor","theDuelist:GhostrickStein","theDuelist:GhostrickAlucard"],"picked":"theDuelist:VendreadRevenants","floor":1},{"not_picked":["Blind","Flash of Steel","Secret Weapon"],"picked":"Master of Strategy","floor":2},{"not_picked":["theDuelist:VampireDomain","theDuelist:PyramidWonders","theDuelist:Mausoleum"],"picked":"theDuelist:MayakashiReturn","floor":4},{"not_picked":["theDuelist:VendreadReorigin","theDuelist:GhostrickScare","theDuelist:RobbinZombie","theDuelist:VendreadDaybreak"],"picked":"theDuelist:FusionGuard","floor":5},{"not_picked":["theDuelist:SoulRelease","theDuelist:RobbinZombie","theDuelist:OverpoweringEye"],"picked":"SKIP","floor":6},{"not_picked":["theDuelist:SoulRelease","theDuelist:RobbinZombie","theDuelist:OverpoweringEye"],"picked":"SKIP","floor":6}],"player_experience":417128,"relics_obtained":[{"floor":3,"key":"Centennial Puzzle"}],"event_choices":[],"is_beta":false,"boss_relics":[],"items_purged_floors":[],"is_endless":false,"potions_floor_spawned":[2,5],"killed_by":"Gremlin Nob","ascension_level":0}}