{"host":"0c22z74nxhh6l98a","time":1611331182,"event":{"mods":["BaseMod","BetterRewards","Card Forge","GungeonMod","Hubris","Infinite Spire","Minty Spire (QoL Compilation)","Potionbrewer","Shop Mod","StSLib"],"gold_per_floor":[268,471,641,75,244,284,443,482,482,670,689,689,807,818,818,1052,1052,1220,1220,1229,1229,1398,1583,1773,1867,1917,2002,2224,2224,6,122,122,388,388,497,687,855,94,254,431,442,624,672,672,712,712,854,1019,1019,1049,1049,1049,11,190,340],"floor_reached":56,"language":"ENG","playtime":6641,"items_purged":[],"score":3585,"play_id":"387398f4-374c-40d5-b94a-0503550dbdea","local_time":"20210122095942","is_ascension_mode":true,"campfire_choices":[{"floor":12,"key":"RECALL"},{"data":"Reflex","floor":15,"key":"SMITH"},{"data":"Reflex","floor":32,"key":"SMITH"},{"data":"Venomology","floor":46,"key":"SMITH"},{"data":"After Image","floor":49,"key":"SMITH"},{"data":"Panache","floor":52,"key":"SMITH"}],"circlet_count":0,"master_deck":["AscendersBane","A Thousand Cuts","After Image+1","Adrenaline+1","Venomology+1","Calculated Gamble+1","Escape Plan+1","infinitespire:Neurotoxin+1","Prepared+1","Reflex+1","hubris:Sniper","Tactician","DemoMod:Deposit+1","Venomology+1","Adrenaline+1","After Image","Blade Dance+1","Calculated Gamble+1","Escape Plan+1","Prepared","DemoMod:Deposit+1","Adrenaline+1","After Image","Venomology+1","Calculated Gamble+1","DemoMod:Deposit+1","DemoMod:Deposit+1","DemoMod:Deposit+1","hubris:Sniper","Panache+1","Deadly Poison","Escape Plan","Escape Plan","Venomology","infinitespire:Collect","Prepared","Escape Plan","Tools of the Trade","Reflex+1","Venomology+1","Terror","Adrenaline"],"relics":["Ring of the Snake","Hammer of Thor","Seething Fire","Anvil of the Gods","MerchantsRug","DemoMod:PinkGuonStone","DemoMod:Metronome","Peace Pipe","hubris:Potato","HornCleat","infinitespire:CursedDice","hubris:BundleOfHerbs","CeramicFish","Toolbox","Oddly Smooth Stone","Nunchaku","hubris:FunFungus","hubris:ToyBattleship","Letter Opener","DemoMod:ChaffGrenade","DemoMod:GlassGuonStoneRelic","The Courier","potionbrewer:RamsHorn","Vajra","Sundial","Akabeko","DemoMod:MeltedRock","DemoMod:MonsterBlood","potionbrewer:Keyblade","Blood Vial","DemoMod:VorpalBullet","DemoMod:Bottle","Ornamental Fan","Dream Catcher","Bag of Marbles","DemoMod:LamentConfigurum","Snake Skull","potionbrewer:BottledElixir","MealTicket","hubris:64BitClover","infinitespire:Eraser","Paper Crane","SacredBark","Cauldron","PreservedInsect","White Beast Statue","InkBottle","DemoMod:BlueGuonStone","potionbrewer:ToyAutogyro","hubris:TinFlute","hubris:AncientText","Happy Flower","Tough Bandages","Orichalcum","DemoMod:ClearGuonStone","hubris:TenFootPole","Toy Ornithopter","Chemical X","infinitespire:EmpoweringShard","hubris:SlimyHat","infinitespire:Lucky Rock","DemoMod:MemoryAlloy"],"acts_visited":[],"potions_floor_usage":[1,2,3,6,10,13,14,14,16,18,18,22,23,23,23,23,24,24,25,25,25,27,27,28,28,28,31,33,33,33,33,35,35,35,35,35,36,36,36,36,37,37,37,37,37,39,39,39,39,39,40,40,40,41,41,42,42,42,45,45,45,48,48,48,48,48,50,50,50,54,54,55,55,55,55,55,55,55],"damage_taken":[{"damage":0,"enemies":"Cultist","floor":1,"turns":4},{"damage":0,"enemies":"2 Louse","floor":2,"turns":2},{"damage":0,"enemies":"Small Slimes","floor":3,"turns":3},{"damage":0,"enemies":"2 Fungi Beasts","floor":5,"turns":3},{"damage":0,"enemies":"3 Sentries","floor":6,"turns":1},{"damage":0,"enemies":"Gremlin Nob","floor":8,"turns":3},{"damage":0,"enemies":"Lagavulin","floor":10,"turns":5},{"damage":0,"enemies":"Blue Slaver","floor":11,"turns":1},{"damage":0,"enemies":"3 Sentries","floor":13,"turns":4},{"damage":0,"enemies":"3 Louse","floor":14,"turns":2},{"damage":0,"enemies":"Hexaghost","floor":16,"turns":4},{"damage":0,"enemies":"Spheric Guardian","floor":18,"turns":2},{"damage":0,"enemies":"2 Thieves","floor":22,"turns":3},{"damage":0,"enemies":"Slavers","floor":23,"turns":5},{"damage":0,"enemies":"Snecko","floor":24,"turns":1},{"damage":0,"enemies":"Gremlin Leader","floor":25,"turns":2},{"damage":0,"enemies":"3 Cultists","floor":27,"turns":2},{"damage":0,"enemies":"Book of Stabbing","floor":28,"turns":2},{"damage":0,"enemies":"Centurion and Healer","floor":31,"turns":3},{"damage":0,"enemies":"Collector","floor":33,"turns":2},{"damage":0,"enemies":"3 Darklings","floor":35,"turns":1},{"damage":0,"enemies":"Orb Walker","floor":36,"turns":1},{"damage":0,"enemies":"Maw","floor":37,"turns":3},{"damage":0,"enemies":"Writhing Mass","floor":39,"turns":1},{"damage":0,"enemies":"Giant Head","floor":40,"turns":2},{"damage":0,"enemies":"4 Shapes","floor":41,"turns":1},{"damage":0,"enemies":"Nemesis","floor":42,"turns":1},{"damage":0,"enemies":"Spire Growth","floor":45,"turns":2},{"damage":0,"enemies":"Jaw Worm Horde","floor":47,"turns":1},{"damage":0,"enemies":"Sphere and 2 Shapes","floor":48,"turns":3},{"damage":0,"enemies":"Time Eater","floor":50,"turns":2},{"damage":0,"enemies":"Shield and Spear","floor":54,"turns":2},{"damage":0,"enemies":"The Heart","floor":55,"turns":3}],"seed_played":"6274572977191061124","potions_obtained":[{"floor":1,"key":"Swift Potion"},{"floor":6,"key":"PowerPotion"},{"floor":22,"key":"Fire Potion"},{"floor":36,"key":"SteroidPotion"},{"floor":38,"key":"potionbrewer:BoundlessPotion"},{"floor":38,"key":"infinitespire:BlackPotion"},{"floor":38,"key":"potionbrewer:InfectionPotion"},{"floor":39,"key":"DuplicationPotion"},{"floor":41,"key":"potionbrewer:BoundlessPotion"},{"floor":47,"key":"Fruit Juice"},{"floor":54,"key":"Ancient Potion"}],"is_trial":false,"path_per_floor":["M","M","M","$","M","E","?","E","T","E","M","R","E","M","R","B",null,"M","?","AVR","?","M","E","M","E","T","M","E","?","$","M","R","B",null,"M","M","M","$","M","E","M","E","T","?","M","R","M","M","R","B",null,"R","$","E","B",null],"character_chosen":"THE_SILENT","items_purchased":["MerchantsRug","DemoMod:PinkGuonStone","DemoMod:Metronome","Peace Pipe","HornCleat","infinitespire:CursedDice","CeramicFish","Toolbox","StoneCalendar","Oddly Smooth Stone","Nunchaku","Panache","Swift Potion","DemoMod:MonsterBlood","potionbrewer:Keyblade","Blood Vial","DemoMod:VorpalBullet","DemoMod:Bottle","Ornamental Fan","Dream Catcher","Bag of Marbles","DemoMod:LamentConfigurum","Snake Skull","potionbrewer:BottledElixir","MealTicket","hubris:64BitClover","War Paint","infinitespire:Eraser","Cauldron","PreservedInsect","White Beast Statue","InkBottle","DemoMod:BlueGuonStone","Swift Potion","Tough Bandages","Orichalcum","DemoMod:ClearGuonStone","hubris:TenFootPole","Toy Ornithopter","Chemical X","infinitespire:EmpoweringShard","hubris:SlimyHat"],"campfire_rested":0,"item_purchase_floors":[0,0,0,0,0,0,0,0,0,4,4,4,4,30,30,30,30,30,30,30,30,30,30,30,30,30,30,30,38,38,38,38,38,38,53,53,53,53,53,53,53,53],"current_hp_per_floor":[74,74,74,74,74,74,74,76,76,81,81,81,81,81,81,81,81,81,60,60,60,68,81,81,81,81,81,81,81,88,88,88,88,88,88,88,88,88,88,88,88,88,88,88,88,88,88,98,98,98,98,98,98,98,98],"gold":340,"neow_bonus":"","is_daily":false,"chose_seed":false,"campfire_upgraded":5,"win_rate":0.0,"timestamp":1611331182,"path_taken":["M","M","M","$","M","E","?","E","T","E","M","R","E","M","R","BOSS","M","?","AVR","?","M","E","M","E","T","?","E","?","$","M","R","BOSS","M","M","M","$","M","E","M","E","T","?","M","R","M","M","R","BOSS","R","$","E","BOSS"],"items_purchased_type":["Relic","Relic","Relic","Relic","Relic","Relic","Relic","Relic","Relic","Relic","Relic","Card","Potion","Relic","Relic","Relic","Relic","Relic","Relic","Relic","Relic","Relic","Relic","Relic","Relic","Relic","Relic","Relic","Relic","Relic","Relic","Relic","Relic","Potion","Relic","Relic","Relic","Relic","Relic","Relic","Relic","Relic"],"build_version":"2020-12-22","purchased_purges":0,"victory":true,"max_hp_per_floor":[81,81,81,81,81,81,81,81,81,81,81,81,81,81,81,81,81,81,81,81,81,81,81,81,81,81,81,81,81,88,88,88,88,88,88,88,88,88,88,88,88,88,88,88,88,88,88,98,98,98,98,98,98,98,98],"card_choices":[{"not_picked":["Deadly Poison","Backflip","Caltrops"],"picked":"SKIP","floor":1},{"not_picked":["Backstab","Infinite Blades"],"picked":"hubris:Sniper","floor":2},{"not_picked":["Quick Slash","Predator","Skewer"],"picked":"SKIP","floor":3},{"not_picked":["Noxious Fumes","Masterful Stab","All Out Attack"],"picked":"SKIP","floor":5},{"not_picked":["hubris:SlightOfHand","Accuracy"],"picked":"Deadly Poison","floor":6},{"not_picked":["hubris:SlightOfHand","Bouncing Flask"],"picked":"Escape Plan","floor":8},{"not_picked":["PiercingWail","A Thousand Cuts"],"picked":"Escape Plan","floor":10},{"not_picked":["Outmaneuver","Distraction","Backflip"],"picked":"SKIP","floor":11},{"not_picked":["Riddle With Holes","Dagger Throw","Wraith Form v2"],"picked":"SKIP","floor":13},{"not_picked":["Outmaneuver","Skewer","Dagger Throw"],"picked":"SKIP","floor":14},{"not_picked":["A Thousand Cuts","Malaise"],"picked":"Venomology","floor":16},{"not_picked":["Acrobatics+1","Heel Hook","Flechettes+1"],"picked":"SKIP","floor":18},{"not_picked":["hubris:TrickCloak","Sucker Punch"],"picked":"Prepared","floor":22},{"not_picked":["Poisoned Stab","Malaise","Unload"],"picked":"SKIP","floor":23},{"not_picked":["Bane","Dagger Throw","Setup+1"],"picked":"SKIP","floor":24},{"not_picked":["Glass Knife","Leg Sweep","Backflip"],"picked":"SKIP","floor":25},{"not_picked":["Sucker Punch","Cloak And Dagger"],"picked":"Escape Plan","floor":27},{"not_picked":["Predator","Tactician"],"picked":"Tools of the Trade","floor":28},{"not_picked":["Underhanded Strike","Acrobatics"],"picked":"Reflex","floor":31},{"not_picked":["Die Die Die","Burst"],"picked":"Venomology","floor":33},{"not_picked":["Deadly Poison+1","Backflip+1","Blur"],"picked":"SKIP","floor":35},{"not_picked":["Riddle With Holes","Dodge and Roll"],"picked":"Terror","floor":36},{"not_picked":["Deflect+1","Deadly Poison","Bane"],"picked":"SKIP","floor":37},{"not_picked":["PiercingWail","Choke+1","Heel Hook"],"picked":"SKIP","floor":39},{"not_picked":["Glass Knife","Terror+1","Dagger Throw"],"picked":"SKIP","floor":40},{"not_picked":["Backflip","Accuracy","Predator"],"picked":"SKIP","floor":41},{"not_picked":["Acrobatics+1","Noxious Fumes","Envenom"],"picked":"SKIP","floor":42},{"not_picked":["Slice+1","Endless Agony","Backflip+1"],"picked":"SKIP","floor":45},{"not_picked":["Leg Sweep","Heel Hook+1"],"picked":"Adrenaline","floor":47},{"not_picked":["PiercingWail","Masterful Stab","Caltrops"],"picked":"SKIP","floor":48},{"not_picked":["Crippling Poison","Dagger Throw+1","Phantasmal Killer"],"picked":"SKIP","floor":54}],"player_experience":932541,"relics_obtained":[{"floor":6,"key":"hubris:FunFungus"},{"floor":8,"key":"hubris:ToyBattleship"},{"floor":10,"key":"Letter Opener"},{"floor":13,"key":"DemoMod:ChaffGrenade"},{"floor":23,"key":"Vajra"},{"floor":25,"key":"Sundial"},{"floor":26,"key":"Akabeko"},{"floor":28,"key":"DemoMod:MeltedRock"},{"floor":40,"key":"potionbrewer:ToyAutogyro"},{"floor":41,"key":"hubris:AncientText"},{"floor":42,"key":"Happy Flower"},{"floor":43,"key":"Omamori"},{"floor":54,"key":"infinitespire:Lucky Rock"}],"event_choices":[{"damage_healed":0,"gold_gain":150,"player_choice":"AGREE","damage_taken":0,"max_hp_gain":0,"max_hp_loss":0,"event_name":"Liars Game","floor":7,"gold_loss":0,"cards_obtained":["Doubt"]},{"damage_healed":0,"gold_gain":0,"player_choice":"Obtained Book","damage_taken":21,"max_hp_gain":0,"max_hp_loss":0,"event_name":"Cursed Tome","floor":19,"gold_loss":0},{"damage_healed":0,"gold_gain":0,"player_choice":"Traded Relic","damage_taken":0,"relics_obtained":["Nloth\u0027s Gift"],"max_hp_gain":0,"max_hp_loss":0,"event_name":"N\u0027loth","floor":21,"relics_lost":["StoneCalendar"],"gold_loss":0}],"is_beta":false,"boss_relics":[{"not_picked":["Coffee Dripper","Runic Pyramid"],"picked":"hubris:Backtick"},{"not_picked":["Calling Bell","Pandora\u0027s Box"],"picked":"SacredBark"}],"items_purged_floors":[],"is_endless":false,"potions_floor_spawned":[1,2,6,10,16,18,22,27,28,31,36,39,40,41,42,45,47,48,54],"ascension_level":16}}