{"host":"fqepcc6wiujntn7y","time":1611330862,"event":{"mods":["AchievementEnabler","BaseMod","Minty Spire (QoL Compilation)","Quick Restart","Replay The Spire","StSLib","The Jungle"],"gold_per_floor":[112,131,142,200,215,215,215],"floor_reached":6,"language":"ENG","playtime":396,"items_purged":[],"score":40,"play_id":"d0eacc07-24bb-40aa-8aed-0447ba9b489f","local_time":"20210122155422","is_ascension_mode":true,"campfire_choices":[],"circlet_count":0,"master_deck":["Strike_R","Strike_R","Strike_R","Strike_R","Strike_R","Defend_R","Defend_R","Defend_R","Defend_R","Bash","Panache","Inflame","Iron Wave","Cleave","Pot Of Greed","Pot Of Greed","Armaments","Reckless Charge","Whirlwind"],"relics":["Burning Blood","Grinning Jar"],"acts_visited":["Exordium"],"potions_floor_usage":[5],"damage_taken":[{"damage":0,"enemies":"Small Slimes","floor":1,"turns":3},{"damage":2,"enemies":"2 Louse","floor":2,"turns":3},{"damage":10,"enemies":"Jaw Worm","floor":3,"turns":4},{"damage":0,"enemies":"Large Slime","floor":5,"turns":5},{"damage":45,"enemies":"Lagavulin","floor":6,"turns":5}],"seed_played":"8760834736641195238","potions_obtained":[{"floor":4,"key":"DuplicationPotion"},{"floor":5,"key":"Explosive Potion"}],"is_trial":false,"path_per_floor":["M","M","M","?","M","E"],"character_chosen":"IRONCLAD","items_purchased":[],"campfire_rested":0,"item_purchase_floors":[],"current_hp_per_floor":[62,66,62,30,36,0,0],"gold":215,"neow_bonus":"RANDOM_COLORLESS_2","is_daily":false,"chose_seed":false,"campfire_upgraded":0,"win_rate":0.0,"timestamp":1611330862,"path_taken":["M","M","M","?","M","E"],"items_purchased_type":[],"build_version":"2020-12-22","purchased_purges":0,"victory":false,"max_hp_per_floor":[80,80,80,80,80,80,80],"card_choices":[{"not_picked":["Poisoned Strike","Thinking Ahead"],"picked":"Panache","floor":0},{"not_picked":["Twin Strike","Warcry"],"picked":"Inflame","floor":1},{"not_picked":["Searing Blow","ReplayTheSpireMod:Strike From Hell"],"picked":"Iron Wave","floor":2},{"not_picked":["ReplayTheSpireMod:Strike From Hell","Clothesline"],"picked":"Cleave","floor":3},{"not_picked":["Perfected Strike","Defy Death"],"picked":"Armaments","floor":4},{"not_picked":["ReplayTheSpireMod:Strike From Hell","Heavy Blade"],"picked":"Reckless Charge","floor":4},{"not_picked":["Abandon","True Grit"],"picked":"Whirlwind","floor":5}],"player_experience":40960,"relics_obtained":[{"floor":4,"key":"Grinning Jar"}],"event_choices":[],"is_beta":false,"boss_relics":[],"items_purged_floors":[],"is_endless":false,"potions_floor_spawned":[5],"killed_by":"Lagavulin","ascension_level":1}}