{"host":"l60rmjjsfi0fipmi","time":1611359176,"event":{"mods":["BaseMod","Colored Map","DeckTracker","Highlight Path","Minty Spire (QoL Compilation)","StSLib","The Cursed","The Servant 0.9.4"],"gold_per_floor":[117,117,137,155,83,83,83,83,83,100,100,113,140,155,155,251,251,262,262,262,142,142,142,175,191,217,217,232,232,232],"floor_reached":29,"language":"ENG","playtime":2384,"items_purged":["Defend_R"],"score":292,"play_id":"1e8f7b6e-ae26-4822-8f6b-be14bd1348c9","local_time":"20210122184616","is_ascension_mode":true,"campfire_choices":[{"data":"Armaments","floor":6,"key":"SMITH"},{"data":"Infernal Blade","floor":8,"key":"SMITH"},{"data":"Uppercut","floor":11,"key":"SMITH"},{"data":"Shrug It Off","floor":15,"key":"SMITH"},{"data":"Armaments","floor":23,"key":"SMITH"},{"floor":27,"key":"REST"}],"circlet_count":0,"master_deck":["Strike_R","Strike_R","Strike_R","Strike_R","Strike_R","Defend_R","Defend_R","Uppercut+1","Infernal Blade+1","Perfected Strike","Pommel Strike","Armaments+1","Shrug It Off+1","Spot Weakness","Double Tap","Heavy Blade","Rage","Armaments+1","Shockwave","Iron Wave+1","Headbutt+1"],"relics":["Burning Blood","Bottled Flame","Shuriken","Bottled Lightning","Empty Cage","The Courier","Potion Belt"],"acts_visited":["Exordium","TheCity"],"potions_floor_usage":[25,25,25,25,29],"damage_taken":[{"damage":8,"enemies":"2 Louse","floor":1,"turns":5},{"damage":9,"enemies":"Jaw Worm","floor":3,"turns":4},{"damage":0,"enemies":"Cultist","floor":4,"turns":4},{"damage":20,"enemies":"Gremlin Gang","floor":10,"turns":4},{"damage":10,"enemies":"Exordium Wildlife","floor":12,"turns":3},{"damage":9,"enemies":"Lagavulin","floor":13,"turns":5},{"damage":6,"enemies":"Red Slaver","floor":14,"turns":3},{"damage":31,"enemies":"Slime Boss","floor":16,"turns":10},{"damage":31,"enemies":"Shell Parasite","floor":18,"turns":4},{"damage":43,"enemies":"Book of Stabbing","floor":24,"turns":5},{"damage":21,"enemies":"3 Byrds","floor":25,"turns":5},{"damage":16,"enemies":"Snecko","floor":28,"turns":5},{"damage":30,"enemies":"Cultist and Chosen","floor":29,"turns":4}],"seed_played":"-4974800597968415575","potions_obtained":[{"floor":1,"key":"EntropicBrew"},{"floor":4,"key":"SteroidPotion"},{"floor":12,"key":"LiquidBronze"},{"floor":16,"key":"DistilledChaos"},{"floor":22,"key":"EssenceOfSteel"}],"is_trial":false,"path_per_floor":["M","?","M","M","$","R","T","R","T","M","R","M","E","M","R","B",null,"M","?","?","$","?","R","E","M","T","R","M","M"],"character_chosen":"IRONCLAD","items_purchased":["Pommel Strike","Armaments","Armaments"],"campfire_rested":1,"item_purchase_floors":[5,5,21],"current_hp_per_floor":[86,86,83,88,88,88,88,88,88,74,74,70,67,67,67,42,88,63,63,63,63,63,63,26,11,11,37,27,0,0],"gold":232,"neow_bonus":"TEN_PERCENT_HP_BONUS","is_daily":false,"chose_seed":false,"campfire_upgraded":5,"win_rate":0.0,"timestamp":1611359176,"path_taken":["M","?","M","M","$","R","?","R","T","M","R","?","E","M","R","BOSS","M","?","?","$","?","R","E","M","T","R","M","?"],"items_purchased_type":["Card","Card","Card"],"build_version":"2020-12-22","purchased_purges":1,"victory":false,"max_hp_per_floor":[88,88,88,88,88,88,88,88,88,88,88,88,88,88,88,88,88,88,88,88,88,88,88,88,88,88,88,88,88,88],"card_choices":[{"not_picked":["Body Slam","Cleave"],"picked":"Uppercut","floor":1},{"not_picked":["Sentinel","Wild Strike"],"picked":"Infernal Blade","floor":3},{"not_picked":["True Grit","Burning Pact"],"picked":"Perfected Strike","floor":4},{"not_picked":["Sword Boomerang","Perfected Strike","Combust"],"picked":"SKIP","floor":10},{"not_picked":["Clothesline","Twin Strike"],"picked":"Shrug It Off","floor":12},{"not_picked":["Battle Trance","Disarm","Combust"],"picked":"SKIP","floor":13},{"not_picked":["Warcry","Perfected Strike"],"picked":"Spot Weakness","floor":14},{"not_picked":["Juggernaut","Brutality"],"picked":"Double Tap","floor":16},{"not_picked":["Thunderclap","Entrench"],"picked":"Heavy Blade","floor":18},{"not_picked":["Twin Strike+1","Exhume"],"picked":"Shockwave","floor":24},{"not_picked":["Thunderclap+1","Clothesline+1"],"picked":"Iron Wave+1","floor":25},{"not_picked":["Sword Boomerang+1","Heavy Blade+1"],"picked":"Headbutt+1","floor":28}],"player_experience":550300,"relics_obtained":[{"floor":7,"key":"Bottled Flame"},{"floor":9,"key":"Shuriken"},{"floor":13,"key":"Bottled Lightning"},{"floor":24,"key":"The Courier"},{"floor":26,"key":"Potion Belt"}],"event_choices":[{"damage_healed":0,"gold_gain":0,"player_choice":"Ignored","damage_taken":0,"max_hp_gain":0,"max_hp_loss":0,"event_name":"Liars Game","floor":2,"gold_loss":0},{"damage_healed":0,"gold_gain":0,"player_choice":"Read","damage_taken":0,"max_hp_gain":0,"max_hp_loss":0,"event_name":"The Library","floor":19,"gold_loss":0,"cards_obtained":["Rage"]},{"damage_healed":0,"gold_gain":0,"player_choice":"Ignored","damage_taken":0,"max_hp_gain":0,"max_hp_loss":0,"event_name":"Vampires","floor":20,"gold_loss":0},{"damage_healed":0,"gold_gain":0,"player_choice":"Got Potions","damage_taken":0,"max_hp_gain":0,"max_hp_loss":0,"event_name":"Lab","floor":22,"gold_loss":0}],"is_beta":false,"boss_relics":[{"not_picked":["Pandora\u0027s Box","SacredBark"],"picked":"Empty Cage"}],"items_purged_floors":[21],"is_endless":false,"potions_floor_spawned":[1,4,12,16],"killed_by":"Cultist and Chosen","ascension_level":4}}