{"host":"mi0eibewekhugwl1","time":1611316717,"event":{"mods":["AchievementEnabler","BaseMod","Colored Map","Colored Powertips","DeckTracker","Keyboard Shortcuts","Minty Spire (QoL Compilation)","Quick Restart","Rare Cards Sparkle","Relic Stats","StSLib","SuperFastMode","everything is the same but u backflip on backflip"],"gold_per_floor":[212,41,60,60,70,70,220,234,261,279,279,289,69,132,132,206,206,216,216,216,131,144,144,144,144,144,163,163,438,456,50,50,50,50],"floor_reached":33,"language":"KOR","playtime":569,"items_purged":["Doubt","Regret"],"score":470,"play_id":"678cf530-cf1a-4eb6-8086-c113d48c4512","local_time":"20210122205837","is_ascension_mode":true,"campfire_choices":[{"data":"Sunder","floor":6,"key":"SMITH"},{"data":"Zap","floor":11,"key":"SMITH"},{"data":"Defragment","floor":15,"key":"SMITH"},{"floor":23,"key":"REST"},{"data":"Fission","floor":25,"key":"SMITH"},{"floor":32,"key":"REST"}],"circlet_count":0,"master_deck":["AscendersBane","Strike_B","Defend_B","Defend_B","Defend_B","Defend_B","Zap+1","Dualcast","BootSequence","Sunder+1","Defragment+1","Melter","Ball Lightning","Glacier","Coolheaded","Sweeping Beam","Fission+1","Thunder Strike","White Noise","FTL","Skim"],"relics":["Cracked Core","Bag of Marbles","Ancient Tea Set","Juzu Bracelet","Sozu","Smiling Mask","Anchor","Pantograph"],"acts_visited":["Exordium","TheCity"],"potions_floor_usage":[12,16],"damage_taken":[{"damage":1,"enemies":"Cultist","floor":1,"turns":3},{"damage":0,"enemies":"2 Louse","floor":3,"turns":2},{"damage":2,"enemies":"Jaw Worm","floor":5,"turns":2},{"damage":10,"enemies":"3 Louse","floor":8,"turns":3},{"damage":10,"enemies":"Gremlin Gang","floor":10,"turns":4},{"damage":0,"enemies":"Exordium Wildlife","floor":12,"turns":2},{"damage":20,"enemies":"3 Sentries","floor":14,"turns":5},{"damage":9,"enemies":"Slime Boss","floor":16,"turns":9},{"damage":11,"enemies":"Chosen","floor":18,"turns":5},{"damage":11,"enemies":"Shell Parasite","floor":22,"turns":4},{"damage":34,"enemies":"Cultist and Chosen","floor":27,"turns":7},{"damage":9,"enemies":"Centurion and Healer","floor":30,"turns":4},{"damage":63,"enemies":"Collector","floor":33,"turns":6}],"seed_played":"7958575242753564182","potions_obtained":[{"floor":1,"key":"FearPotion"},{"floor":8,"key":"Swift Potion"}],"is_trial":false,"path_per_floor":["M","$","M","$","M","R","?","M","T","M","R","M","$","?","R","B",null,"M","?","?","?","M","R","?","R","T","M","?","?","M","$","R","B"],"character_chosen":"DEFECT","items_purchased":["Bag of Marbles","Glacier","Coolheaded","Pantograph","Skim"],"campfire_rested":2,"item_purchase_floors":[2,13,13,31,31],"current_hp_per_floor":[63,63,63,63,61,61,61,51,51,41,41,41,41,21,21,12,56,45,45,45,45,34,55,55,55,55,21,21,21,12,12,33,0,0],"gold":50,"neow_bonus":"HUNDRED_GOLD","is_daily":false,"chose_seed":false,"campfire_upgraded":4,"win_rate":0.0,"timestamp":1611316717,"path_taken":["M","$","?","?","?","R","?","M","T","M","R","M","$","?","R","BOSS","M","?","?","?","M","R","?","R","T","M","?","?","M","$","R","BOSS"],"items_purchased_type":["Relic","Card","Card","Relic","Card"],"build_version":"2020-12-22","purchased_purges":2,"victory":false,"max_hp_per_floor":[71,71,71,71,71,71,71,71,71,71,71,71,71,71,71,71,71,71,71,71,71,71,71,71,71,71,71,71,71,71,71,71,71,71],"relic_stats":{"Sozu":1,"counters":[13,56],"Pantograph":25,"Juzu Bracelet":2,"Smiling Mask":50,"obtain_stats":[{"Sozu":17,"Anchor":26,"Pantograph":31,"Bag of Marbles":2,"Juzu Bracelet":14,"Cracked Core":0,"Ancient Tea Set":9,"Smiling Mask":21},{"Sozu":8,"Anchor":10,"Pantograph":12,"Bag of Marbles":1,"Juzu Bracelet":7,"Cracked Core":0,"Ancient Tea Set":4,"Smiling Mask":9},{"Sozu":30,"Anchor":39,"Pantograph":50,"Bag of Marbles":3,"Juzu Bracelet":21,"Cracked Core":0,"Ancient Tea Set":10,"Smiling Mask":35}]},"card_choices":[{"not_picked":["Force Field","Scrape"],"picked":"BootSequence","floor":1},{"not_picked":["Redo","Compile Driver"],"picked":"Sunder","floor":3},{"not_picked":["White Noise","Chill"],"picked":"Defragment","floor":5},{"not_picked":["Leap","Cold Snap"],"picked":"Melter","floor":8},{"not_picked":["Auto Shields","Streamline","Amplify"],"picked":"SKIP","floor":10},{"not_picked":["Gash","Go for the Eyes"],"picked":"Ball Lightning","floor":12},{"not_picked":["Go for the Eyes","Redo"],"picked":"Sweeping Beam","floor":14},{"not_picked":["Barrage","Stack","Reprogram"],"picked":"SKIP","floor":18},{"not_picked":["Sweeping Beam+1","Streamline","Scrape+1"],"picked":"SKIP","floor":22},{"not_picked":["Beam Cell","Turbo"],"picked":"White Noise","floor":27},{"not_picked":["Stack","Reprogram"],"picked":"FTL","floor":30}],"player_experience":1753105,"relics_obtained":[{"floor":9,"key":"Ancient Tea Set"},{"floor":14,"key":"Juzu Bracelet"},{"floor":26,"key":"Anchor"}],"event_choices":[{"damage_healed":0,"gold_gain":150,"player_choice":"AGREE","damage_taken":0,"max_hp_gain":0,"max_hp_loss":0,"event_name":"Liars Game","floor":7,"gold_loss":0,"cards_obtained":["Doubt"]},{"damage_healed":0,"gold_gain":0,"player_choice":"Searched \u00271\u0027 times","damage_taken":0,"max_hp_gain":0,"max_hp_loss":0,"event_name":"Dead Adventurer","floor":14,"gold_loss":0},{"damage_healed":0,"gold_gain":0,"player_choice":"Ignored","damage_taken":0,"max_hp_gain":0,"max_hp_loss":0,"event_name":"Vampires","floor":19,"gold_loss":0},{"cards_removed":["Strike_B"],"damage_healed":0,"gold_gain":0,"player_choice":"Offered Basic","damage_taken":0,"max_hp_gain":0,"max_hp_loss":0,"event_name":"Bonfire Elementals","floor":20,"gold_loss":0},{"damage_healed":0,"gold_gain":0,"player_choice":"Obtained Relic","damage_taken":0,"relics_obtained":["Smiling Mask"],"max_hp_gain":0,"max_hp_loss":0,"event_name":"Addict","floor":21,"gold_loss":85},{"damage_healed":0,"gold_gain":0,"cards_transformed":["Strike_B","Strike_B"],"player_choice":"Became Test Subject","damage_taken":0,"max_hp_gain":0,"max_hp_loss":0,"event_name":"Drug Dealer","floor":24,"gold_loss":0,"cards_obtained":["Fission","Thunder Strike"]},{"damage_healed":0,"gold_gain":0,"player_choice":"Ignored","damage_taken":0,"max_hp_gain":0,"max_hp_loss":0,"event_name":"Ghosts","floor":28,"gold_loss":0},{"damage_healed":0,"gold_gain":275,"player_choice":"Desecrate","damage_taken":0,"max_hp_gain":0,"max_hp_loss":0,"event_name":"Golden Shrine","floor":29,"gold_loss":0,"cards_obtained":["Regret"]}],"is_beta":false,"boss_relics":[{"not_picked":["Coffee Dripper","Nuclear Battery"],"picked":"Sozu"}],"items_purged_floors":[13,31],"is_endless":false,"potions_floor_spawned":[1,8,10,30],"killed_by":"Collector","ascension_level":20}}