{"host":"5fpb1gzflhq9886n","time":1611348116,"event":{"mods":["AchievementEnabler","BaseMod","Colored Map","Colored Powertips","Minty Spire (QoL Compilation)","Permanent Neow"],"gold_per_floor":[112,112,126,137,137,167,167,184,184,38,64,64,90,109,109,213,213,227,142,142,162,162,189,189,229,264,264,147,172,209,209,209,323,323,348,370,370,389,412,456,456,556,556,556,598,311,323,356,356,356,356,356,25,25,25],"floor_reached":54,"language":"ENG","playtime":3823,"items_purged":["Strike_P"],"score":1095,"play_id":"d7046826-4a58-4b9a-87f9-c9050b6acdf9","local_time":"20210122154156","is_ascension_mode":true,"campfire_choices":[{"data":"Eruption","floor":7.0,"key":"SMITH"},{"data":"Meditate","floor":15.0,"key":"SMITH"},{"data":"Ghostly","floor":24.0,"key":"SMITH"},{"data":"Ghostly","floor":27.0,"key":"SMITH"},{"floor":32.0,"key":"RECALL"},{"data":"Ghostly","floor":41,"key":"SMITH"},{"data":"Ghostly","floor":44,"key":"SMITH"},{"data":"DevaForm","floor":49,"key":"SMITH"},{"data":"Ghostly","floor":52,"key":"SMITH"}],"circlet_count":0,"master_deck":["Strike_P+1","Strike_P+1","Strike_P+1","Defend_P+1","Defend_P+1","Defend_P+1","Defend_P+1","Eruption+1","Vigilance","Tantrum","EmptyFist","Consecrate","Meditate+1","Conclude+1","LikeWater","Halt","FollowUp+1","Panacea","Fasting2","Swivel","FollowUp+1","Ragnarok+1","BowlingBash+1","Halt","Ghostly+1","Ghostly+1","Ghostly+1","Ghostly+1","Ghostly+1","MentalFortress","SpiritShield","MentalFortress","FlurryOfBlows+1","EmptyFist+1","InnerPeace","Fasting2+1","Devotion","Crescendo+1","EmptyFist+1","CrushJoints+1","ReachHeaven+1","Wallop+1","DevaForm+1","Pain","Enlightenment"],"relics":["PureWater","Happy Flower","Molten Egg 2","Eternal Feather","Ornamental Fan","Mercury Hourglass","Pocketwatch","Cursed Key","Shuriken","Strawberry","CeramicFish","Omamori","Yang","Calling Bell","Boot","Mummified Hand","GoldenEye","Dead Branch","TungstenRod","StrikeDummy","CaptainsWheel","Bottled Flame"],"acts_visited":["Exordium","TheCity","TheBeyond","TheEnding"],"potions_floor_usage":[47,54,54,54],"damage_taken":[{"damage":7.0,"enemies":"Cultist","floor":1.0,"turns":3.0},{"damage":0.0,"enemies":"Jaw Worm","floor":3.0,"turns":2.0},{"damage":1.0,"enemies":"2 Louse","floor":4.0,"turns":2.0},{"damage":0.0,"enemies":"3 Sentries","floor":6.0,"turns":2.0},{"damage":0.0,"enemies":"Lots of Slimes","floor":8.0,"turns":2.0},{"damage":32.0,"enemies":"Gremlin Nob","floor":11.0,"turns":3.0},{"damage":1.0,"enemies":"3 Sentries","floor":13.0,"turns":3.0},{"damage":8.0,"enemies":"Exordium Thugs","floor":14.0,"turns":3.0},{"damage":0.0,"enemies":"Slime Boss","floor":16.0,"turns":2.0},{"damage":7.0,"enemies":"Chosen","floor":18.0,"turns":3.0},{"damage":0.0,"enemies":"2 Thieves","floor":21.0,"turns":2.0},{"damage":0.0,"enemies":"Gremlin Leader","floor":23.0,"turns":2.0},{"damage":0.0,"enemies":"Slavers","floor":25.0,"turns":3.0},{"damage":0.0,"enemies":"Shelled Parasite and Fungi","floor":29.0,"turns":4.0},{"damage":14.0,"enemies":"Book of Stabbing","floor":30.0,"turns":4.0},{"damage":22.0,"enemies":"Champ","floor":33.0,"turns":6.0},{"damage":1.0,"enemies":"Orb Walker","floor":35.0,"turns":3.0},{"damage":7.0,"enemies":"3 Shapes","floor":36.0,"turns":4.0},{"damage":7,"enemies":"Sphere and 2 Shapes","floor":38,"turns":4},{"damage":6,"enemies":"Spire Growth","floor":39,"turns":5},{"damage":1,"enemies":"Giant Head","floor":40,"turns":5},{"damage":14,"enemies":"Reptomancer","floor":45,"turns":5},{"damage":23,"enemies":"Jaw Worm Horde","floor":47,"turns":5},{"damage":25,"enemies":"Donu and Deca","floor":50,"turns":8},{"damage":49,"enemies":"Shield and Spear","floor":54,"turns":3}],"seed_played":"4905156130191930983","potions_obtained":[{"floor":1.0,"key":"AttackPotion"},{"floor":11.0,"key":"Fruit Juice"},{"floor":30.0,"key":"SteroidPotion"},{"floor":31.0,"key":"Block Potion"},{"floor":31.0,"key":"StancePotion"},{"floor":47,"key":"Explosive Potion"}],"is_trial":false,"path_per_floor":["M","?","M","M","T","E","R","M","T","$","E","?","E","M","R","B",null,"M","?","?","M","?","E","R","E","T","R","$","M","E","?","R","B",null,"M","M","?","M","M","E","R","?","T","R","E","$","M","T","R","B",null,"R","$","E"],"character_chosen":"WATCHER","items_purchased":["LikeWater","MentalFortress","FlurryOfBlows+1","EmptyFist+1","CaptainsWheel","Bottled Flame","Enlightenment"],"campfire_rested":0,"item_purchase_floors":[10,28,28,28,46,53,53],"current_hp_per_floor":[65,65,65,64,64,64,70,70,70,70,43,43,42,34,46,46,77,70,70,70,70,38,45,45,45,45,45,45,45,31,31,45,23,45,44,37,37,30,24,23,45,45,45,45,31,31,8,8,32,7,45,45,45,0,0],"gold":25,"neow_bonus":"RANDOM_COMMON_RELIC","is_daily":false,"chose_seed":false,"campfire_upgraded":8,"win_rate":0.0,"timestamp":1611348116,"path_taken":["M","?","M","M","?","E","R","M","T","$","E","?","E","?","R","BOSS","M","?","?","M","?","E","R","E","T","R","$","M","E","?","R","BOSS","M","?","?","M","?","E","R","?","T","R","E","$","?","?","R","BOSS","R","$","E"],"items_purchased_type":["Card","Card","Card","Card","Relic","Relic","Card"],"build_version":"2020-12-22","purchased_purges":1,"victory":false,"max_hp_per_floor":[72,72,72,72,72,72,72,72,72,72,77,77,77,77,77,77,77,77,77,77,77,38,45,45,45,45,45,45,45,45,45,45,45,45,45,45,45,45,45,45,45,45,45,45,45,45,45,45,45,45,45,45,45,45,45],"card_choices":[{"not_picked":["CarveReality","CutThroughFate"],"picked":"Tantrum","floor":1.0},{"not_picked":["WindmillStrike","Prostrate"],"picked":"EmptyFist","floor":3.0},{"not_picked":["CrushJoints","Protect"],"picked":"Consecrate","floor":4.0},{"not_picked":["ThirdEye","ClearTheMind"],"picked":"Meditate","floor":6.0},{"not_picked":["Sanctity","SashWhip+1"],"picked":"Conclude+1","floor":8.0},{"not_picked":["Vengeance","WindmillStrike+1"],"picked":"Halt","floor":11.0},{"not_picked":["EmptyBody","Wish"],"picked":"Swivel","floor":13.0},{"not_picked":["JustLucky+1","EmptyFist+1"],"picked":"FollowUp+1","floor":14.0},{"not_picked":["ConjureBlade","Alpha"],"picked":"Ragnarok+1","floor":16.0},{"not_picked":["Collect","ClearTheMind+1"],"picked":"BowlingBash+1","floor":18.0},{"not_picked":["Prostrate","FollowUp+1"],"picked":"Halt","floor":21.0},{"not_picked":["EmptyFist+1","Conclude+1"],"picked":"MentalFortress","floor":23.0},{"not_picked":["Conclude+1","Prostrate"],"picked":"SpiritShield","floor":25.0},{"not_picked":["ThirdEye","CrushJoints+1"],"picked":"InnerPeace","floor":29.0},{"not_picked":["JustLucky+1","WindmillStrike+1"],"picked":"Fasting2+1","floor":30.0},{"not_picked":["Omniscience","Alpha"],"picked":"Devotion","floor":33.0},{"not_picked":["CarveReality+1","Fasting2+1"],"picked":"Crescendo+1","floor":35.0},{"not_picked":["ThirdEye+1","LikeWater"],"picked":"EmptyFist+1","floor":36.0},{"not_picked":["MentalFortress","Evaluate+1"],"picked":"CrushJoints+1","floor":38},{"not_picked":["CutThroughFate+1","Perseverance"],"picked":"ReachHeaven+1","floor":39},{"not_picked":["Devotion","FlyingSleeves+1"],"picked":"Wallop+1","floor":40},{"not_picked":["FollowUp+1","EmptyFist+1"],"picked":"DevaForm","floor":45},{"not_picked":["SashWhip+1","WindmillStrike+1","ClearTheMind"],"picked":"SKIP","floor":47}],"player_experience":742911,"relics_obtained":[{"floor":5.0,"key":"Molten Egg 2"},{"floor":6.0,"key":"Eternal Feather"},{"floor":9.0,"key":"Ornamental Fan"},{"floor":11.0,"key":"Mercury Hourglass"},{"floor":13.0,"key":"Pocketwatch"},{"floor":23.0,"key":"Strawberry"},{"floor":25.0,"key":"CeramicFish"},{"floor":26.0,"key":"Omamori"},{"floor":30.0,"key":"Yang"},{"floor":34.0,"key":"Boot"},{"floor":34.0,"key":"Mummified Hand"},{"floor":34.0,"key":"GoldenEye"},{"floor":40,"key":"Dead Branch"},{"floor":43,"key":"TungstenRod"},{"floor":45,"key":"StrikeDummy"}],"event_choices":[{"damage_healed":0.0,"max_hp_gain":0.0,"max_hp_loss":0.0,"gold_gain":0.0,"event_name":"Golden Wing","player_choice":"Ignored","floor":2.0,"gold_loss":0.0,"damage_taken":0.0},{"damage_healed":0.0,"max_hp_gain":0.0,"max_hp_loss":0.0,"gold_gain":0.0,"event_name":"Match and Keep!","player_choice":"3 cards matched","floor":12.0,"gold_loss":0.0,"damage_taken":0.0,"cards_obtained":["FollowUp","Panacea","Fasting2"]},{"damage_healed":0.0,"max_hp_gain":0.0,"max_hp_loss":0.0,"gold_gain":0.0,"event_name":"Addict","player_choice":"Obtained Relic","floor":19.0,"gold_loss":85.0,"damage_taken":0.0,"relics_obtained":["Shuriken"]},{"damage_healed":0.0,"max_hp_gain":0.0,"max_hp_loss":0.0,"gold_gain":0.0,"event_name":"Back to Basics","player_choice":"Simplicity","floor":20.0,"gold_loss":0.0,"damage_taken":0.0,"cards_upgraded":["Strike_P","Strike_P","Strike_P","Defend_P","Defend_P","Defend_P","Defend_P"]},{"damage_healed":0.0,"max_hp_gain":0.0,"max_hp_loss":39.0,"gold_gain":0.0,"event_name":"Ghosts","player_choice":"Became a Ghost","floor":22.0,"gold_loss":0.0,"damage_taken":0.0,"cards_obtained":["Ghostly","Ghostly","Ghostly","Ghostly","Ghostly"]},{"damage_healed":0.0,"max_hp_gain":0.0,"max_hp_loss":0.0,"gold_gain":0.0,"event_name":"Lab","player_choice":"Got Potions","floor":31.0,"gold_loss":0.0,"damage_taken":0.0},{"cards_removed":["Normality"],"damage_healed":0.0,"max_hp_gain":0.0,"max_hp_loss":0.0,"gold_gain":0.0,"event_name":"Purifier","player_choice":"Purged","floor":37.0,"gold_loss":0.0,"damage_taken":0.0},{"damage_healed":0,"gold_gain":100,"player_choice":"Pray","damage_taken":0,"max_hp_gain":0,"max_hp_loss":0,"event_name":"Golden Shrine","floor":42,"gold_loss":0}],"is_beta":false,"boss_relics":[{"not_picked":["Black Star","Snecko Eye"],"picked":"Cursed Key"},{"not_picked":["SacredBark","SlaversCollar"],"picked":"Calling Bell"}],"items_purged_floors":[10],"is_endless":false,"potions_floor_spawned":[1,11,30,33,39,40,45,47],"killed_by":"Shield and Spear","ascension_level":4}}