{"host":"6h0diz2ap0m56grs","time":1611345053,"event":{"mods":["2.2 Compatiblity","BaseMod","Colored Map","Marisa????????","Minty Spire (QoL Compilation)","Quick Restart","Replay The Spire","Shop Mod","StSLib","The Servant 0.9.4"],"gold_per_floor":[110,130,130,130,130,160,191,219,219,63,63,98,98,26,26,123,123,139,139,156,156,6,32,58,58,58,92,122,139,39,67,67,163,163,174,193,193,211,231,263,298,298,298,333,333,333,363,114,114,114],"floor_reached":51,"language":"ENG","playtime":2278,"items_purged":["Compile Driver","ReplayTheSpireMod:Calculation Training"],"score":1551,"play_id":"35fa0d27-ce72-41e1-800c-75de6383138e","local_time":"20210122135053","daily_mods":["SealedDeck","Heirloom","Time Dilation","Flight"],"is_ascension_mode":true,"campfire_choices":[{"data":"Consume","floor":11,"key":"SMITH"},{"data":"Defragment","floor":13,"key":"SMITH"},{"data":"Mirror Shield","floor":15,"key":"SMITH"},{"data":"BasicCrystalCard","floor":25,"key":"SMITH"},{"data":"Barrage","floor":32,"key":"SMITH"},{"data":"Fission","floor":42,"key":"SMITH"},{"data":"Consume","floor":45,"key":"SMITH"},{"data":"Glacier","floor":49,"key":"SMITH"}],"circlet_count":0,"master_deck":["Cold Snap","Leap","Cold Snap","Cold Snap","BasicCrystalCard+1","BasicCrystalCard+1","Conserve Battery","Ball Lightning","Consume+1","Chill+1","Leap+1","Crystallizer","Defragment+1","Mirror Shield+1","Rainbow+1","Ball Lightning+1","Barrage+1","Glacier+1","Electrodynamics+1","AbeCurse","Capacitor+1","Consume+1","Crystallizer+1","Fission+1","Pot Of Greed","Pot Of Greed","Pot Of Greed","Blizzard+1"],"relics":["Cracked Core","replay:Trail_Library","Turnip","Solar Panel","CaptainsWheel","Nunchaku","Centennial Puzzle","Replay:WaspNest","Replay:Wax Seal","HornCleat","Coffee Dripper","Guide Book","Strawberry","Gremlin Food","Counterbalance","Oddly Smooth Stone","Frozen Egg 2","Pondfish Scales","Abe\u0027s Treasure","Bottled Tornado","Bird Faced Urn","Grinning Jar","Quantum Egg","Thread and Needle","ReplayTheSpireMod:Shallot"],"acts_visited":["Exordium","TheCity","TheBeyond"],"potions_floor_usage":[28,41,50,50,50],"damage_taken":[{"damage":7,"enemies":"Jaw Worm","floor":1,"turns":2},{"damage":0,"enemies":"2 Louse","floor":2,"turns":1},{"damage":0,"enemies":"3 Sentries","floor":6,"turns":11},{"damage":0,"enemies":"Gremlin Nob","floor":7,"turns":4},{"damage":0,"enemies":"Lagavulin","floor":8,"turns":7},{"damage":0,"enemies":"Gremlin Nob","floor":12,"turns":3},{"damage":0,"enemies":"Hexaghost","floor":16,"turns":9},{"damage":0,"enemies":"Chosen","floor":18,"turns":4},{"damage":1,"enemies":"2 Thieves","floor":20,"turns":4},{"damage":0,"enemies":"Gremlin Leader","floor":23,"turns":7},{"damage":0,"enemies":"Slavers","floor":24,"turns":5},{"damage":0,"enemies":"Gremlin Leader","floor":27,"turns":9},{"damage":0,"enemies":"Book of Stabbing","floor":28,"turns":4},{"damage":0,"enemies":"Centurion and Healer","floor":29,"turns":7},{"damage":0,"enemies":"Replay:Snechameleon","floor":31,"turns":5},{"damage":0,"enemies":"Automaton","floor":33,"turns":8},{"damage":0,"enemies":"3 Shapes","floor":35,"turns":4},{"damage":0,"enemies":"3 Darklings","floor":36,"turns":5},{"damage":0,"enemies":"Sphere and 2 Shapes","floor":38,"turns":3},{"damage":0,"enemies":"Maw","floor":39,"turns":6},{"damage":0,"enemies":"R_Hoarder","floor":40,"turns":7},{"damage":0,"enemies":"Reptomancer","floor":41,"turns":4},{"damage":0,"enemies":"Giant Head","floor":44,"turns":9},{"damage":0,"enemies":"Reptomancer","floor":47,"turns":5},{"damage":0,"enemies":"Awakened One","floor":50,"turns":10}],"seed_played":"3204158579404753751","potions_obtained":[{"floor":2,"key":"DistilledChaos"},{"floor":7,"key":"SkillPotion"},{"floor":12,"key":"Flashbang"},{"floor":23,"key":"Swift Potion"},{"floor":24,"key":"EssenceOfSteel"},{"floor":29,"key":"ColorlessPotion"},{"floor":33,"key":"Swift Potion"},{"floor":40,"key":"Dexterity Potion"},{"floor":44,"key":"PowerPotion"}],"is_trial":true,"path_per_floor":["M","M","?","T","?","E","E","E","T","$","R","E","R","$","R","B",null,"M","?","M","?","$","E","E","R","T","E","E","M","$","E","R","B",null,"M","M","?","M","M","E","E","R","T","E","R","?","E","$","R","B",null],"character_chosen":"DEFECT","items_purchased":["Replay:Wax Seal","Mirror Shield","Guide Book","ReplayTheSpireMod:Shallot"],"campfire_rested":0,"item_purchase_floors":[10,14,22,48],"current_hp_per_floor":[68,68,68,68,53,55,55,57,57,57,57,59,59,59,59,63,75,75,75,75,75,75,82,82,82,82,82,82,82,82,82,82,82,82,82,82,82,82,82,82,82,82,82,82,82,82,82,82,82,82],"gold":114,"neow_bonus":"","is_daily":false,"chose_seed":false,"campfire_upgraded":8,"win_rate":0.0,"timestamp":1611345053,"path_taken":["M","M","?","?","?","E","E","E","T","?","R","E","R","?","R","BOSS","M","?","?","?","?","E","E","R","T","E","E","?","$","E","R","BOSS","M","?","?","?","?","E","E","R","T","E","R","?","E","$","R","BOSS"],"items_purchased_type":["Relic","Card","Relic","Relic"],"build_version":"2020-12-22","purchased_purges":2,"victory":true,"max_hp_per_floor":[75,75,75,75,75,75,75,75,75,75,75,75,75,75,75,75,75,75,75,75,75,75,82,82,82,82,82,82,82,82,82,82,82,82,82,82,82,82,82,82,82,82,82,82,82,82,82,82,82,82],"card_choices":[{"not_picked":["Rebound","BasicCrystalCard","Storm"],"picked":"SKIP","floor":1},{"not_picked":["Self Repair","Double Energy","Heatsinks"],"picked":"SKIP","floor":2},{"not_picked":["Steam Power","Beam Cell","BasicCrystalCard"],"picked":"SKIP","floor":6},{"not_picked":["BootSequence","Beam Cell"],"picked":"Crystallizer","floor":7},{"not_picked":["Stack","Rip and Tear","Auto Shields"],"picked":"SKIP","floor":8},{"not_picked":["Hologram","Cold Snap"],"picked":"Defragment","floor":12},{"not_picked":["Reboot","ReplayTheSpireMod:Fabricate Wheel"],"picked":"Rainbow","floor":16},{"not_picked":["Recycle","Redo","Compile Driver"],"picked":"SKIP","floor":18},{"not_picked":["Hologram","ReplaySolidLightProjector"],"picked":"Ball Lightning+1","floor":20},{"not_picked":["Coolheaded","Redo","Sweeping Beam"],"picked":"SKIP","floor":23},{"not_picked":["Gash+1","Time Bomb"],"picked":"Glacier","floor":24},{"not_picked":["Barrage","Steam","Rebound+1"],"picked":"SKIP","floor":27},{"not_picked":["Steam+1","Beam Cell","Leap"],"picked":"SKIP","floor":28},{"not_picked":["Reprogram+1","Turbo","Rebound"],"picked":"SKIP","floor":29},{"not_picked":["Meteor Strike","Fusion","Steam+1"],"picked":"SKIP","floor":31},{"not_picked":["Seek","Thunder Strike"],"picked":"Electrodynamics+1","floor":33},{"not_picked":["Time Bomb","Compile Driver"],"picked":"Capacitor+1","floor":35},{"not_picked":["Static Discharge+1","Go for the Eyes+1","Redo"],"picked":"SKIP","floor":36},{"not_picked":["Panic Button","FTL","Rip and Tear"],"picked":"SKIP","floor":38},{"not_picked":["Ball Lightning+1","Conserve Battery+1"],"picked":"Crystallizer+1","floor":39},{"not_picked":["Rebound","Coolheaded+1"],"picked":"Fission","floor":40},{"not_picked":["Leap+1","Conserve Battery","Machine Learning+1"],"picked":"SKIP","floor":41},{"not_picked":["Coolheaded+1","Rip and Tear+1"],"picked":"Blizzard+1","floor":44},{"not_picked":["Compile Driver+1","Auto Shields","Beam Cell"],"picked":"SKIP","floor":47}],"player_experience":221131,"relics_obtained":[{"floor":4,"key":"Solar Panel"},{"floor":6,"key":"CaptainsWheel"},{"floor":7,"key":"Nunchaku"},{"floor":8,"key":"Centennial Puzzle"},{"floor":9,"key":"Replay:WaspNest"},{"floor":12,"key":"HornCleat"},{"floor":23,"key":"Strawberry"},{"floor":24,"key":"Gremlin Food"},{"floor":26,"key":"Counterbalance"},{"floor":27,"key":"Oddly Smooth Stone"},{"floor":28,"key":"Frozen Egg 2"},{"floor":31,"key":"Pondfish Scales"},{"floor":40,"key":"Bottled Tornado"},{"floor":41,"key":"Bird Faced Urn"},{"floor":43,"key":"Grinning Jar"},{"floor":44,"key":"Quantum Egg"},{"floor":47,"key":"Thread and Needle"}],"event_choices":[{"damage_healed":0,"gold_gain":0,"player_choice":"Leave","damage_taken":0,"max_hp_gain":0,"max_hp_loss":0,"event_name":"The Cleric","floor":3,"gold_loss":0},{"damage_healed":0,"gold_gain":0,"player_choice":"Entered Light","damage_taken":15,"max_hp_gain":0,"max_hp_loss":0,"event_name":"Shining Light","floor":5,"gold_loss":0,"cards_upgraded":["BasicCrystalCard","Leap"]},{"damage_healed":0,"gold_gain":0,"player_choice":"Ignored","damage_taken":0,"max_hp_gain":0,"max_hp_loss":0,"event_name":"The Mausoleum","floor":19,"gold_loss":0},{"damage_healed":0,"gold_gain":0,"player_choice":"Ignored","damage_taken":0,"max_hp_gain":0,"max_hp_loss":0,"event_name":"Transmorgrifier","floor":46,"gold_loss":0}],"is_beta":false,"boss_relics":[{"not_picked":["SlaversCollar","Snecko Heart"],"picked":"Coffee Dripper"},{"not_picked":["Replay:Ancient Bell","Tiny House"],"picked":"Abe\u0027s Treasure"}],"items_purged_floors":[10,30],"is_endless":false,"potions_floor_spawned":[2,7,12,20,23,24,29,33,39,40,44],"ascension_level":1}}