{"host":"t5h83eruwt5lxl3o","time":1611279226,"event":{"mods":["AchievementEnabler","Act Like it!","BaseMod","CapriCore","Colored Map","DeckTracker","Hermit","Highlight Path","Koishi","Marisa£¨Ùöéë¡¡Øª×âÞÞ£©","Minty Spire (QoL Compilation)","Permanent Neow","Quick Restart","StSLib","SuperFastMode","The Cursed","The Immortal","everything is the same but u backflip on backflip"],"gold_per_floor":[110,110,110,20,39,73,73,83,155,54,54,83,83,101,101,176,176,192,23,23,40,56,56,386,386,438,449,449,449,468,468,468,542,542,552,552,552,569,58,58,38,38,65,65,99,116,127,127,127,127],"floor_reached":51,"language":"KOR","playtime":1576,"items_purged":["Strike_R","Defend_R"],"score":1326,"play_id":"6da3d333-953d-4181-ba4a-a17aa309a0e1","local_time":"20210122103346","is_ascension_mode":true,"campfire_choices":[{"data":"Anger","floor":7.0,"key":"SMITH"},{"data":"Shrug It Off","floor":11.0,"key":"SMITH"},{"floor":15.0,"key":"REST"},{"data":"Flex","floor":23.0,"key":"SMITH"},{"data":"Pommel Strike","floor":25.0,"key":"SMITH"},{"data":"Limit Break","floor":32.0,"key":"SMITH"},{"data":"Burning Pact","floor":40.0,"key":"SMITH"},{"data":"Reaper","floor":42.0,"key":"SMITH"},{"data":"Heavy Blade","floor":44.0,"key":"SMITH"},{"data":"Shrug It Off","floor":49.0,"key":"SMITH"}],"circlet_count":0,"master_deck":["AscendersBane","Strike_R","Strike_R+1","Bash","Thunderclap+1","Dramatic Entrance","Burning Pact+1","Anger+1","Sentinel","Shrug It Off+1","Pommel Strike+1","Limit Break+1","Flex+1","Immolate","Infernal Blade+1","Dropkick+1","Dark Embrace+1","Heavy Blade+1","Exhume","Second Wind","Dramatic Entrance","Reaper+1","Pummel","Shrug It Off+1"],"relics":["Burning Blood","Boot","Gremlin Horn","Mercury Hourglass","Coffee Dripper","Bag of Marbles","Old Coin","Blood Vial","Runic Pyramid","Lizard Tail","Strawberry","Turnip"],"acts_visited":["Exordium","TheCity","TheBeyond"],"potions_floor_usage":[50],"damage_taken":[{"damage":9.0,"enemies":"2 Louse","floor":1.0,"turns":3.0},{"damage":7.0,"enemies":"Jaw Worm","floor":5.0,"turns":3.0},{"damage":29.0,"enemies":"Gremlin Nob","floor":6.0,"turns":4.0},{"damage":0.0,"enemies":"Cultist","floor":8.0,"turns":2.0},{"damage":15.0,"enemies":"Lagavulin","floor":12.0,"turns":5.0},{"damage":14.0,"enemies":"Exordium Wildlife","floor":14.0,"turns":2.0},{"damage":24.0,"enemies":"Hexaghost","floor":16.0,"turns":7.0},{"damage":0.0,"enemies":"3 Byrds","floor":18.0,"turns":2.0},{"damage":0.0,"enemies":"Shell Parasite","floor":21.0,"turns":1.0},{"damage":0.0,"enemies":"Chosen and Byrds","floor":22.0,"turns":3.0},{"damage":19.0,"enemies":"Book of Stabbing","floor":24.0,"turns":3.0},{"damage":0.0,"enemies":"Snake Plant","floor":27.0,"turns":2.0},{"damage":12.0,"enemies":"Centurion and Healer","floor":30.0,"turns":2.0},{"damage":4.0,"enemies":"Collector","floor":33.0,"turns":6.0},{"damage":46.0,"enemies":"3 Shapes","floor":35.0,"turns":2.0},{"damage":16.0,"enemies":"Orb Walker","floor":38.0,"turns":2.0},{"damage":18.0,"enemies":"Reptomancer","floor":45.0,"turns":4.0},{"damage":0.0,"enemies":"3 Darklings","floor":46.0,"turns":2.0},{"damage":12.0,"enemies":"Jaw Worm Horde","floor":47.0,"turns":2.0},{"damage":133,"enemies":"Awakened One","floor":50,"turns":7}],"seed_played":"319572539884721461","potions_obtained":[{"floor":5.0,"key":"ElixirPotion"},{"floor":12.0,"key":"Weak Potion"},{"floor":14.0,"key":"Weak Potion"},{"floor":18.0,"key":"DuplicationPotion"},{"floor":24.0,"key":"Fire Potion"},{"floor":27.0,"key":"PowerPotion"},{"floor":33.0,"key":"Dexterity Potion"},{"floor":38.0,"key":"SteroidPotion"},{"floor":41.0,"key":"Fruit Juice"},{"floor":45.0,"key":"SteroidPotion"}],"is_trial":false,"path_per_floor":["M","?","?","$","M","E","R","M","T","$","R","E","?","M","R","B",null,"M","$","?","M","M","R","E","R","T","M","?","?","M","?","R","B",null,"M","?","?","M","$","R","?","R","T","R","E","M","M","?","R","B",null],"character_chosen":"IRONCLAD","items_purchased":["Dramatic Entrance","Shrug It Off","Bag of Marbles","Lizard Tail","Reaper"],"campfire_rested":1,"item_purchase_floors":[4,10,19,39,39],"current_hp_per_floor":[65,65,45,45,44,21,21,27,27,27,27,18,18,10,30,12,54,60,60,48,54,60,60,47,47,47,55,55,55,51,32,32,36,64,26,26,26,18,18,18,23,23,30,30,68,85,79,79,79,48],"gold":127,"neow_bonus":"REMOVE_TWO","is_daily":false,"chose_seed":false,"campfire_upgraded":9,"win_rate":0.0,"timestamp":1611279226,"path_taken":["M","?","?","?","?","E","R","M","T","$","R","E","?","?","R","BOSS","M","$","?","?","M","R","E","R","T","M","?","?","M","?","R","BOSS","M","?","?","M","$","R","?","R","T","R","E","M","?","?","R","BOSS"],"items_purchased_type":["Card","Card","Relic","Relic","Card"],"build_version":"2020-12-22","purchased_purges":2,"victory":true,"max_hp_per_floor":[68,68,68,68,68,68,68,68,68,68,68,68,68,68,68,68,68,68,68,68,68,68,68,68,68,68,68,68,68,68,73,73,73,73,73,73,73,73,73,73,78,78,85,85,85,85,85,85,85,85],"card_choices":[{"not_picked":["Armaments","Havoc"],"picked":"Thunderclap","floor":1.0},{"not_picked":["Feel No Pain","Perfected Strike"],"picked":"Burning Pact","floor":5.0},{"not_picked":["Fire Breathing","Sword Boomerang"],"picked":"Anger","floor":6.0},{"not_picked":["Blood for Blood","Juggernaut"],"picked":"Sentinel","floor":8.0},{"not_picked":["Flex","Thunderclap"],"picked":"Pommel Strike","floor":12.0},{"not_picked":["Cleave","Seeing Red"],"picked":"Flex","floor":14.0},{"not_picked":["Offering","Juggernaut"],"picked":"Immolate","floor":16.0},{"not_picked":["Heavy Blade","Perfected Strike"],"picked":"Infernal Blade+1","floor":18.0},{"not_picked":["Flex","Battle Trance"],"picked":"Dropkick+1","floor":21.0},{"not_picked":["Shrug It Off","Body Slam","Cleave+1"],"picked":"SKIP","floor":22.0},{"not_picked":["Seeing Red+1","Sword Boomerang"],"picked":"Dark Embrace+1","floor":24.0},{"not_picked":["Headbutt","Twin Strike","Warcry"],"picked":"SKIP","floor":27.0},{"not_picked":["Headbutt","Perfected Strike"],"picked":"Heavy Blade","floor":30.0},{"not_picked":["Limit Break","Feed"],"picked":"Exhume","floor":33.0},{"not_picked":["Twin Strike","Thunderclap"],"picked":"Second Wind","floor":35.0},{"not_picked":["Mayhem","PanicButton"],"picked":"Dramatic Entrance","floor":36.0},{"not_picked":["Warcry","Blood for Blood","Infernal Blade"],"picked":"SKIP","floor":38.0},{"not_picked":["Carnage","Hemokinesis"],"picked":"Pummel","floor":45.0},{"not_picked":["Reckless Charge","Clothesline"],"picked":"Shrug It Off","floor":46.0},{"not_picked":["Metallicize","Armaments","Combust+1"],"picked":"SKIP","floor":47.0}],"player_experience":658480,"relics_obtained":[{"floor":6.0,"key":"Boot"},{"floor":9.0,"key":"Gremlin Horn"},{"floor":12.0,"key":"Mercury Hourglass"},{"floor":24.0,"key":"Old Coin"},{"floor":26.0,"key":"Blood Vial"},{"floor":43.0,"key":"Strawberry"},{"floor":45.0,"key":"Turnip"}],"event_choices":[{"cards_removed":["Strike_R"],"damage_healed":0.0,"max_hp_gain":0.0,"max_hp_loss":0.0,"gold_gain":0.0,"event_name":"Living Wall","player_choice":"Forget","floor":2.0,"gold_loss":0.0,"damage_taken":0.0},{"damage_healed":0.0,"max_hp_gain":0.0,"max_hp_loss":0.0,"gold_gain":0.0,"event_name":"Shining Light","player_choice":"Entered Light","floor":3.0,"gold_loss":0.0,"damage_taken":20.0,"cards_upgraded":["Thunderclap","Strike_R"]},{"damage_healed":0.0,"max_hp_gain":0.0,"max_hp_loss":0.0,"gold_gain":0.0,"cards_transformed":["Defend_R"],"event_name":"Transmorgrifier","player_choice":"Transformed","floor":13.0,"gold_loss":0.0,"damage_taken":0.0,"cards_obtained":["Limit Break"]},{"damage_healed":0.0,"max_hp_gain":0.0,"max_hp_loss":0.0,"gold_gain":0.0,"event_name":"Knowing Skull","player_choice":"POTION ","floor":20.0,"potions_obtained":["CultistPotion"],"gold_loss":0.0,"damage_taken":12.0,"cards_obtained":[]},{"damage_healed":0.0,"max_hp_gain":0.0,"max_hp_loss":0.0,"gold_gain":0.0,"event_name":"Ghosts","player_choice":"Ignored","floor":28.0,"gold_loss":0.0,"damage_taken":0.0},{"damage_healed":0.0,"max_hp_gain":0.0,"max_hp_loss":0.0,"gold_gain":0.0,"event_name":"Cursed Tome","player_choice":"Ignored","floor":29.0,"gold_loss":0.0,"damage_taken":0.0},{"damage_healed":0.0,"max_hp_gain":5.0,"max_hp_loss":0.0,"gold_gain":0.0,"event_name":"Forgotten Altar","player_choice":"Shed Blood","floor":31.0,"gold_loss":0.0,"damage_taken":24.0},{"damage_healed":0.0,"max_hp_gain":0.0,"max_hp_loss":0.0,"gold_gain":0.0,"event_name":"SensoryStone","player_choice":"Memory 1","floor":36.0,"gold_loss":0.0,"damage_taken":0.0},{"cards_removed":["Defend_R"],"damage_healed":0.0,"max_hp_gain":0.0,"max_hp_loss":0.0,"gold_gain":0.0,"event_name":"Falling","player_choice":"Removed Skill","floor":37.0,"gold_loss":0.0,"damage_taken":0.0},{"damage_healed":0.0,"max_hp_gain":0.0,"max_hp_loss":0.0,"gold_gain":0.0,"event_name":"The Woman in Blue","player_choice":"Bought 1 Potion","floor":41.0,"gold_loss":0.0,"damage_taken":0.0},{"damage_healed":0.0,"max_hp_gain":0.0,"max_hp_loss":0.0,"gold_gain":0.0,"event_name":"SecretPortal","player_choice":"Ignored","floor":48.0,"gold_loss":0.0,"damage_taken":0.0}],"is_beta":false,"boss_relics":[{"not_picked":["Mark of Pain","Fusion Hammer"],"picked":"Coffee Dripper"},{"not_picked":["Velvet Choker","Astrolabe"],"picked":"Runic Pyramid"}],"items_purged_floors":[10,39],"is_endless":false,"potions_floor_spawned":[5,12,14,18,24,27,33,38,45],"ascension_level":17}}