{"host":"928gv66myv2vlnsd","time":1611351888,"event":{"mods":["BaseMod","Minty Spire (QoL Compilation)","StSLib"],"gold_per_floor":[112,187,20,70,82,115,126,126,126,138,163,228,228,243,243,243,243],"floor_reached":16,"language":"ENG","playtime":546,"items_purged":[],"score":263,"play_id":"81e40e82-5b75-49f3-a33f-73a48306a849","local_time":"20210122164448","is_ascension_mode":true,"campfire_choices":[{"data":"Perfected Strike","floor":8,"key":"SMITH"},{"data":"Perfected Strike","floor":15,"key":"SMITH"}],"circlet_count":0,"master_deck":["AscendersBane","Strike_R","Strike_R","Strike_R","Strike_R","Strike_R","Defend_R","Defend_R","Defend_R","Bash","Shrug It Off","Flame Barrier","Perfected Strike+1","Fire Breathing","Shrug It Off+1","Perfected Strike+1","Wild Strike"],"relics":["Burning Blood","NeowsBlessing","MealTicket","The Courier","Toxic Egg 2","Bronze Scales","PreservedInsect"],"acts_visited":["Exordium"],"potions_floor_usage":[11,16],"damage_taken":[{"damage":0,"enemies":"Jaw Worm","floor":1,"turns":1},{"damage":0,"enemies":"2 Louse","floor":5,"turns":1},{"damage":0,"enemies":"3 Sentries","floor":6,"turns":2},{"damage":2,"enemies":"Cultist","floor":7,"turns":4},{"damage":22,"enemies":"3 Louse","floor":10,"turns":6},{"damage":20,"enemies":"Lagavulin","floor":11,"turns":5},{"damage":3,"enemies":"3 Sentries","floor":12,"turns":5},{"damage":14,"enemies":"Gremlin Gang","floor":14,"turns":8},{"damage":46,"enemies":"The Guardian","floor":16,"turns":10}],"seed_played":"5494554238283128139","potions_obtained":[{"floor":1,"key":"Weak Potion"},{"floor":6,"key":"Dexterity Potion"},{"floor":10,"key":"FearPotion"}],"is_trial":false,"path_per_floor":["M","?","$","?","M","E","M","R","T","M","E","?","?","M","R","B"],"character_chosen":"IRONCLAD","items_purchased":["MealTicket"],"campfire_rested":0,"item_purchase_floors":[3],"current_hp_per_floor":[74,63,63,63,69,75,75,75,75,59,45,48,48,40,40,0,0],"gold":243,"neow_bonus":"THREE_ENEMY_KILL","is_daily":false,"chose_seed":false,"campfire_upgraded":2,"win_rate":0.0,"timestamp":1611351888,"path_taken":["M","?","$","?","M","E","?","R","T","M","E","?","?","?","R","BOSS"],"items_purchased_type":["Relic"],"build_version":"2020-12-22","purchased_purges":0,"victory":false,"max_hp_per_floor":[75,75,75,75,75,75,75,75,75,75,75,75,75,75,75,75,75],"card_choices":[{"not_picked":["Hemokinesis","Warcry"],"picked":"Shrug It Off","floor":1},{"not_picked":["Disarm","Intimidate"],"picked":"Flame Barrier","floor":5},{"not_picked":["Havoc","Warcry"],"picked":"Perfected Strike","floor":6},{"not_picked":["Iron Wave","Second Wind"],"picked":"Fire Breathing","floor":7},{"not_picked":["Dark Embrace","Body Slam","Pummel"],"picked":"SKIP","floor":10},{"not_picked":["Heavy Blade","Sword Boomerang"],"picked":"Shrug It Off+1","floor":11},{"not_picked":["Armaments+1","Warcry+1"],"picked":"Perfected Strike","floor":12},{"not_picked":["Demon Form","Anger"],"picked":"Wild Strike","floor":14}],"player_experience":1291763,"relics_obtained":[{"floor":6,"key":"The Courier"},{"floor":9,"key":"Toxic Egg 2"},{"floor":11,"key":"Bronze Scales"},{"floor":12,"key":"PreservedInsect"}],"event_choices":[{"damage_healed":0,"gold_gain":75,"player_choice":"Gather Gold","damage_taken":11,"max_hp_gain":0,"max_hp_loss":0,"event_name":"World of Goop","floor":2,"gold_loss":0},{"damage_healed":0,"gold_gain":50,"player_choice":"Pray","damage_taken":0,"max_hp_gain":0,"max_hp_loss":0,"event_name":"Golden Shrine","floor":4,"gold_loss":0},{"damage_healed":0,"gold_gain":0,"player_choice":"Searched \u00271\u0027 times","damage_taken":0,"max_hp_gain":0,"max_hp_loss":0,"event_name":"Dead Adventurer","floor":12,"gold_loss":0},{"cards_removed":["Defend_R"],"damage_healed":0,"gold_gain":0,"player_choice":"Purged","damage_taken":0,"max_hp_gain":0,"max_hp_loss":0,"event_name":"Purifier","floor":13,"gold_loss":0}],"is_beta":false,"boss_relics":[],"items_purged_floors":[],"is_endless":false,"potions_floor_spawned":[1,6,7,10],"killed_by":"The Guardian","ascension_level":19}}