{"host":"aqomsbzss4fdoc3i","time":1611355510,"event":{"mods":["AchievementEnabler","BaseMod","Better Altar","Better Skull","Better Third Choice","Colored Powertips","Displayed Cursed Tome","Downfall","Minty Spire (QoL Compilation)","Relic Stats","StSLib","The Hierophant","Waifu the Spire"],"gold_per_floor":[112,17,32,32,110,138,138,156,156,186,196,196,215,229,229,328,328,343,355,630,630,630],"floor_reached":21,"language":"ENG","playtime":697,"items_purged":[],"score":210,"play_id":"b603a81b-62eb-413c-b1bf-7a662aa02ce1","local_time":"20210122174510","is_ascension_mode":true,"campfire_choices":[{"floor":7.0,"key":"REST"},{"floor":15.0,"key":"REST"}],"circlet_count":0,"master_deck":["Strike_G","Strike_G","Strike_G","Strike_G","Strike_G","Defend_G","Defend_G","Defend_G","Defend_G","Defend_G","Survivor","Neutralize+1","Flying Knee+1","Cloak And Dagger","Accuracy","Noxious Fumes","Noxious Fumes","Dagger Spray","All Out Attack","Footwork","Neutralize","All Out Attack","PiercingWail","Outmaneuver","Corpse Explosion","Slice+1","Outmaneuver","Regret"],"relics":["Ring of the Snake","Ancient Tea Set","Lizard Tail","Gambling Chip","Blue Candle","Philosopher\u0027s Stone"],"acts_visited":[],"potions_floor_usage":[],"damage_taken":[{"damage":3.0,"enemies":"Cultist","floor":1.0,"turns":4.0},{"damage":0.0,"enemies":"2 Louse","floor":3.0,"turns":3.0},{"damage":38.0,"enemies":"Lagavulin","floor":6.0,"turns":7.0},{"damage":0.0,"enemies":"Small Slimes","floor":8.0,"turns":3.0},{"damage":28.0,"enemies":"Gremlin Nob","floor":10.0,"turns":5.0},{"damage":12.0,"enemies":"Red Slaver","floor":11.0,"turns":4.0},{"damage":1.0,"enemies":"Lots of Slimes","floor":13.0,"turns":2.0},{"damage":5.0,"enemies":"2 Fungi Beasts","floor":14.0,"turns":3.0},{"damage":18.0,"enemies":"Hexaghost","floor":16.0,"turns":9.0},{"damage":34.0,"enemies":"Spheric Guardian","floor":18.0,"turns":7.0},{"damage":10.0,"enemies":"Chosen","floor":19.0,"turns":6.0},{"damage":0,"enemies":"Centurion and Healer","floor":21,"turns":1}],"seed_played":"-3430622958739287940","potions_obtained":[{"floor":8.0,"key":"Fire Potion"},{"floor":11.0,"key":"Swift Potion"},{"floor":14.0,"key":"FearPotion"},{"floor":16.0,"key":"DistilledChaos"}],"is_trial":false,"path_per_floor":["M","$","M","?","?","E","R","M","T","E","M","?","M","M","R","B",null,"M","M","?","M"],"character_chosen":"THE_SILENT","items_purchased":["Cloak And Dagger","Accuracy"],"campfire_rested":2,"item_purchase_floors":[2,2],"current_hp_per_floor":[67,67,67,53,53,15,36,36,36,8,32,32,31,26,47,29,70,36,26,26,26,26],"gold":630,"neow_bonus":"RANDOM_COMMON_RELIC","is_daily":false,"chose_seed":false,"campfire_upgraded":0,"win_rate":0.0,"timestamp":1611355510,"path_taken":["M","?","M","?","?","E","R","M","T","E","M","?","?","M","R","BOSS","M","M","?","?"],"items_purchased_type":["Card","Card"],"build_version":"2020-12-22","purchased_purges":0,"victory":false,"max_hp_per_floor":[70,70,70,70,70,70,70,70,70,70,70,70,70,70,70,70,70,70,70,70,70,70],"relic_stats":{"Lizard Tail":0,"counters":[1,1],"Gambling Chip":[0],"Blue Candle":[0],"obtain_stats":[{"Lizard Tail":0,"Gambling Chip":0,"Blue Candle":0,"Philosopher\u0027s Stone":0,"Ancient Tea Set":0,"Ring of the Snake":0},{"Lizard Tail":0,"Gambling Chip":0,"Blue Candle":0,"Philosopher\u0027s Stone":0,"Ancient Tea Set":0,"Ring of the Snake":0},{"Lizard Tail":0,"Gambling Chip":0,"Blue Candle":0,"Philosopher\u0027s Stone":0,"Ancient Tea Set":0,"Ring of the Snake":0}],"Ring of the Snake":[0]},"card_choices":[{"not_picked":["Setup","Underhanded Strike"],"picked":"Flying Knee","floor":1.0},{"not_picked":["Endless Agony","Outmaneuver"],"picked":"Noxious Fumes","floor":3.0},{"not_picked":["Quick Slash","Grand Finale"],"picked":"Noxious Fumes","floor":6.0},{"not_picked":["Outmaneuver","Dodge and Roll"],"picked":"Dagger Spray","floor":8.0},{"not_picked":["Calculated Gamble","PiercingWail"],"picked":"All Out Attack","floor":10.0},{"not_picked":["Dodge and Roll","PiercingWail"],"picked":"Footwork","floor":11.0},{"not_picked":["Flying Knee","Dodge and Roll"],"picked":"PiercingWail","floor":13.0},{"not_picked":["Predator","Dodge and Roll"],"picked":"Outmaneuver","floor":14.0},{"not_picked":["Malaise","Grand Finale"],"picked":"Corpse Explosion","floor":16.0},{"not_picked":["Reflex","Underhanded Strike+1"],"picked":"Slice+1","floor":18.0},{"not_picked":["Dodge and Roll","PiercingWail"],"picked":"Outmaneuver","floor":19.0}],"player_experience":253661,"relics_obtained":[{"floor":6.0,"key":"Lizard Tail"},{"floor":9.0,"key":"Gambling Chip"},{"floor":10.0,"key":"Blue Candle"}],"event_choices":[{"damage_healed":0.0,"max_hp_gain":0.0,"max_hp_loss":0.0,"gold_gain":0.0,"event_name":"Shining Light","player_choice":"Entered Light","floor":4.0,"gold_loss":0.0,"damage_taken":14.0,"cards_upgraded":["Flying Knee","Neutralize"]},{"damage_healed":0.0,"max_hp_gain":0.0,"max_hp_loss":0.0,"gold_gain":78.0,"event_name":"Golden Wing","player_choice":"Gained Gold","floor":5.0,"gold_loss":0.0,"damage_taken":0.0},{"damage_healed":0.0,"max_hp_gain":0.0,"max_hp_loss":0.0,"gold_gain":0.0,"event_name":"Match and Keep!","player_choice":"2 cards matched","floor":12.0,"gold_loss":0.0,"damage_taken":0.0,"cards_obtained":["Neutralize","All Out Attack"]},{"damage_healed":0,"gold_gain":275,"player_choice":"Desecrate","damage_taken":0,"max_hp_gain":0,"max_hp_loss":0,"event_name":"Golden Shrine","floor":20,"gold_loss":0,"cards_obtained":["Regret"]}],"is_beta":false,"boss_relics":[{"not_picked":["HoveringKite","Empty Cage"],"picked":"Philosopher\u0027s Stone"}],"items_purged_floors":[],"is_endless":false,"potions_floor_spawned":[8,11,14,16],"killed_by":"Centurion and Healer","ascension_level":2}}