{"host":"c97twqu0op5dg8i4","time":1611291412,"event":{"mods":["AchievementEnabler","BaseMod","Colored Map","Minty Spire (QoL Compilation)","Permanent Neow"],"gold_per_floor":[113,113,129,13,33,33,58,72,146,146,146,173,173,200,36,36,139,139,155,115,115,185,197,197,229,248,264,264,282,282,282,310,310,310,310,310],"floor_reached":35,"language":"ENG","playtime":1277,"items_purged":[],"score":457,"play_id":"465f0070-c03a-4236-9c31-3f1461f44496","local_time":"20210121235652","is_ascension_mode":true,"campfire_choices":[{"data":"Perfected Strike","floor":6,"key":"SMITH"},{"data":"Twin Strike","floor":11,"key":"SMITH"},{"data":"Shrug It Off","floor":13,"key":"SMITH"},{"data":"Apotheosis","floor":16,"key":"SMITH"},{"data":"Perfected Strike","floor":24,"key":"SMITH"},{"data":"Flame Barrier","floor":30,"key":"SMITH"},{"floor":34,"key":"REST"}],"circlet_count":0,"master_deck":["Strike_R","Strike_R","Strike_R","Strike_R","Strike_R","Defend_R","Defend_R","Twin Strike+1","Perfected Strike+1","Pommel Strike","Flame Barrier+1","Double Tap","Twin Strike+1","Shrug It Off+1","Apotheosis+1","Impervious","Shockwave+1","Dark Embrace+1","Havoc+1","Pommel Strike+1","Flame Barrier","Perfected Strike+1","Seeing Red","Twin Strike","Twin Strike","Disarm","Thunderclap","Perfected Strike"],"relics":["Burning Blood","Prayer Wheel","Bottled Lightning","Centennial Puzzle","Vajra","Lantern","Astrolabe","Self Forming Clay","Anchor","Frozen Egg 2","Ornamental Fan"],"acts_visited":["Exordium","TheCity"],"potions_floor_usage":[5,14,25,29,35,35],"damage_taken":[{"damage":6,"enemies":"Cultist","floor":1,"turns":4},{"damage":0,"enemies":"Small Slimes","floor":3,"turns":3},{"damage":0,"enemies":"Jaw Worm","floor":5,"turns":3},{"damage":15,"enemies":"3 Sentries","floor":7,"turns":8},{"damage":6,"enemies":"Exordium Thugs","floor":8,"turns":4},{"damage":18,"enemies":"Gremlin Nob","floor":12,"turns":3},{"damage":18,"enemies":"Lagavulin","floor":14,"turns":5},{"damage":2,"enemies":"Slime Boss","floor":17,"turns":7},{"damage":0,"enemies":"Chosen","floor":19,"turns":3},{"damage":3,"enemies":"Shell Parasite","floor":23,"turns":2},{"damage":43,"enemies":"Gremlin Leader","floor":25,"turns":6},{"damage":0,"enemies":"Chosen and Byrds","floor":26,"turns":4},{"damage":15,"enemies":"Shelled Parasite and Fungi","floor":27,"turns":5},{"damage":0,"enemies":"Snake Plant","floor":29,"turns":2},{"damage":22,"enemies":"Slavers","floor":32,"turns":5},{"damage":61,"enemies":"Collector","floor":35,"turns":6}],"seed_played":"-5167576017245141762","potions_obtained":[{"floor":3,"key":"ColorlessPotion"},{"floor":5,"key":"Fruit Juice"},{"floor":8,"key":"PowerPotion"},{"floor":12,"key":"Energy Potion"},{"floor":23,"key":"FearPotion"},{"floor":27,"key":"FearPotion"},{"floor":29,"key":"BloodPotion"}],"is_trial":false,"path_per_floor":["M","?","M","$","M","R","E","M","T","T","R","E","R","E","$","R","B",null,"M","?","$","T","M","R","E","M","M","T","M","R","?","E","?","R","B"],"character_chosen":"IRONCLAD","items_purchased":["Pommel Strike","Flame Barrier","Apotheosis"],"campfire_rested":1,"item_purchase_floors":[4,4,15],"current_hp_per_floor":[72,90,90,90,95,95,86,86,86,86,86,74,74,62,62,62,66,88,94,94,94,94,95,95,58,64,55,55,61,61,61,45,26,56,0,0],"gold":310,"neow_bonus":"ONE_RANDOM_RARE_CARD","is_daily":false,"chose_seed":false,"campfire_upgraded":6,"win_rate":0.0,"timestamp":1611291412,"path_taken":["M","?","?","$","M","R","E","M","T","T","R","E","R","E","$","R","BOSS","M","?","?","?","M","R","E","M","?","T","M","R","?","E","?","R","BOSS"],"items_purchased_type":["Card","Card","Card"],"build_version":"2020-12-22","purchased_purges":0,"victory":false,"max_hp_per_floor":[80,90,90,90,95,95,95,95,95,95,95,95,95,95,95,95,95,95,95,95,95,95,95,95,95,95,95,95,95,95,95,95,100,100,100,100],"card_choices":[{"not_picked":["Clash","Armaments"],"picked":"Twin Strike","floor":1},{"not_picked":["Twin Strike","Body Slam"],"picked":"Perfected Strike","floor":3},{"not_picked":["Clash","Rage"],"picked":"Double Tap","floor":5},{"not_picked":["Flex","Thunderclap"],"picked":"Twin Strike","floor":7},{"not_picked":["Battle Trance","Dual Wield"],"picked":"Shrug It Off","floor":8},{"not_picked":["Iron Wave","Armaments","Disarm"],"picked":"SKIP","floor":8},{"not_picked":["Second Wind","Heavy Blade","Flex"],"picked":"SKIP","floor":12},{"not_picked":["Rupture","Combust","Pummel"],"picked":"SKIP","floor":14},{"not_picked":["Limit Break","Berserk"],"picked":"Impervious","floor":17},{"not_picked":["Flex","Clash"],"picked":"Pommel Strike+1","floor":19},{"not_picked":["Searing Blow","Intimidate"],"picked":"Flame Barrier","floor":19},{"not_picked":["Wild Strike","Impervious"],"picked":"Perfected Strike","floor":23},{"not_picked":["Flex","Heavy Blade+1","Body Slam"],"picked":"SKIP","floor":23},{"not_picked":["Flex","Heavy Blade+1","Body Slam"],"picked":"SKIP","floor":23},{"not_picked":["Clash","Sword Boomerang"],"picked":"Seeing Red","floor":25},{"not_picked":["Impervious","Headbutt"],"picked":"Twin Strike","floor":26},{"not_picked":["Ghostly Armor","Entrench","Flex"],"picked":"SKIP","floor":26},{"not_picked":["Anger","Bloodletting+1"],"picked":"Twin Strike","floor":27},{"not_picked":["Body Slam","Fire Breathing"],"picked":"Disarm","floor":27},{"not_picked":["Metallicize+1","Disarm"],"picked":"Thunderclap","floor":29},{"not_picked":["Anger+1","Rupture+1","Reckless Charge+1"],"picked":"SKIP","floor":29},{"not_picked":["Rage","Barricade+1"],"picked":"Perfected Strike","floor":32}],"player_experience":285598,"relics_obtained":[{"floor":7,"key":"Prayer Wheel"},{"floor":9,"key":"Bottled Lightning"},{"floor":10,"key":"Centennial Puzzle"},{"floor":12,"key":"Vajra"},{"floor":14,"key":"Lantern"},{"floor":22,"key":"Self Forming Clay"},{"floor":25,"key":"Anchor"},{"floor":28,"key":"Frozen Egg 2"},{"floor":32,"key":"Ornamental Fan"}],"event_choices":[{"cards_removed":["Limit Break"],"damage_healed":8,"gold_gain":0,"player_choice":"Offered Rare","damage_taken":0,"max_hp_gain":10,"max_hp_loss":0,"event_name":"Bonfire Elementals","floor":2,"gold_loss":0},{"damage_healed":0,"gold_gain":0,"player_choice":"Upgrade","damage_taken":0,"max_hp_gain":0,"max_hp_loss":0,"event_name":"Designer","floor":20,"gold_loss":40,"cards_upgraded":["Twin Strike"]},{"damage_healed":0,"gold_gain":0,"player_choice":"Ignored","damage_taken":0,"max_hp_gain":0,"max_hp_loss":0,"event_name":"Vampires","floor":31,"gold_loss":0},{"damage_healed":0,"gold_gain":0,"player_choice":"Shed Blood","damage_taken":24,"max_hp_gain":5,"max_hp_loss":0,"event_name":"Forgotten Altar","floor":33,"gold_loss":0}],"is_beta":false,"boss_relics":[{"not_picked":["Runic Pyramid","Runic Cube"],"picked":"Astrolabe"}],"items_purged_floors":[],"is_endless":false,"potions_floor_spawned":[3,5,8,12,23,27,29,32],"killed_by":"Collector","ascension_level":6}}