{"host":"9jkzatiwan7o33sr","time":1611333460,"event":{"mods":["AchievementEnabler","Act Like it!","Aspiration","BaseMod","Colored Map","Colored Powertips","Conspire","Downfall","GifTheSpireLib","Hallownest","Hermit","Hubris","Infinite Spire","Jorbs\u0027s Wanderer Trilogy","Mad Scientist","Mimic Mod","Minty Spire (QoL Compilation)","Permanent Neow","Shade Mod","StSLib","Stuff the Spire","Td1madao Mod","The Bladedancer","The Bug Knight","The Cursed","The Forsaken","The Hierophant","The Jungle","The Mystic","The Necromancer","The Poker Player","The Servant 0.9.4","The Witch","[IsaacMod]????"],"gold_per_floor":[115,92,112,43,59,59,84,84,110,122,151,161,161,179,179,278,278,278,278,278,122,122,122,122,122,122,122,122,122,122,0,0,0,0],"floor_reached":33,"language":"ENG","playtime":3426,"items_purged":[],"score":334,"play_id":"e8d96f0f-defe-44c5-adc6-b3738963c85a","local_time":"20210122173740","is_ascension_mode":true,"campfire_choices":[{"data":"DevaForm","floor":6,"key":"SMITH"},{"data":"Vigilance","floor":13,"key":"SMITH"},{"floor":15,"key":"REST"},{"floor":23,"key":"REST"},{"floor":27,"key":"REST"},{"floor":32,"key":"REST"}],"circlet_count":0,"master_deck":["BattleHymn+1","Strike_P","Strike_P","Strike_P","Strike_P","Defend_P","Defend_P","Defend_P","Defend_P","Eruption+1","Vigilance+1","DoctorFetus","EmptyFist","ClearTheMind","DevaForm+1","TalkToTheHand+1","Consecrate","JustLucky","Prostrate","Consecrate","Evaluate","SandsOfTime","Devotion","SashWhip+1","CutThroughFate","LikeWater","CutThroughFate","ConjureBlade","CutThroughFate+1","PathToVictory","Weave"],"relics":["PureWater","HushsDoor","TheBean","Du-Vu Doll","StuffTheSpire:Mouthbags","Orichalcum","Ectoplasm","HollowMod:PaleOreRelic","hubris:BottledRain","Singing Bowl","Nilry\u0027s Codex"],"acts_visited":["Exordium","TheCity"],"potions_floor_usage":[25,29,33],"damage_taken":[{"damage":4,"enemies":"Small Slimes","floor":1,"turns":2},{"damage":0,"enemies":"Jaw Worm","floor":3,"turns":2},{"damage":0,"enemies":"Cultist","floor":5,"turns":2},{"damage":0,"enemies":"Lagavulin","floor":7,"turns":4},{"damage":4,"enemies":"2 Fungi Beasts","floor":10,"turns":2},{"damage":8,"enemies":"Gremlin Nob","floor":11,"turns":3},{"damage":13,"enemies":"Large Slime","floor":12,"turns":3},{"damage":8,"enemies":"Gremlin Gang","floor":14,"turns":3},{"damage":22,"enemies":"Slime Boss","floor":16,"turns":7},{"damage":14,"enemies":"Chosen","floor":18,"turns":5},{"damage":8,"enemies":"Shell Parasite","floor":20,"turns":4},{"damage":6,"enemies":"Snecko","floor":22,"turns":5},{"damage":2,"enemies":"Cultist and Chosen","floor":24,"turns":3},{"damage":27,"enemies":"Book of Stabbing","floor":25,"turns":4},{"damage":4,"enemies":"Snake Plant","floor":26,"turns":5},{"damage":21,"enemies":"Snake Plant","floor":29,"turns":3},{"damage":0,"enemies":"conspire:HollyBat","floor":30,"turns":7},{"damage":33,"enemies":"Champ","floor":33,"turns":8}],"seed_played":"2018269379705617953","potions_obtained":[{"floor":3,"key":"Ambrosia"},{"floor":5,"key":"Swift Potion"},{"floor":11,"key":"SteroidPotion"},{"floor":12,"key":"hexamod:SoulburnPotion"}],"is_trial":false,"path_per_floor":["M","$","M","$","M","R","E","?","T","M","E","M","R","M","R","B",null,"M","?","M","$","M","R","M","E","MIM","R","?","M","M","$","R","B"],"character_chosen":"WATCHER","items_purchased":["ClearTheMind","TalkToTheHand","HollowMod:PaleOreRelic","PathToVictory","Weave"],"campfire_rested":4,"item_purchase_floors":[2,4,21,31,31],"current_hp_per_floor":[68,68,68,68,68,68,68,68,68,64,56,43,43,35,56,34,72,58,58,50,50,44,65,63,36,34,56,40,21,21,21,43,10,10],"gold":0,"neow_bonus":"UPGRADE_CARD","is_daily":false,"chose_seed":false,"campfire_upgraded":2,"win_rate":0.0,"timestamp":1611333460,"path_taken":["M","$","M","$","M","R","E","?","T","M","E","M","R","M","R","BOSS","M","?","M","$","M","R","M","E","MIM","R","?","M","M","$","R","BOSS"],"items_purchased_type":["Card","Card","Relic","Card","Card"],"build_version":"2020-12-22","purchased_purges":0,"victory":false,"max_hp_per_floor":[72,72,72,72,72,72,72,72,72,72,72,72,72,72,72,72,72,72,72,72,72,72,72,72,72,74,74,74,76,76,76,76,76,76],"card_choices":[{"not_picked":[],"picked":"DoctorFetus","floor":0},{"not_picked":["SashWhip","FlyingSleeves"],"picked":"EmptyFist","floor":1},{"not_picked":["Crescendo","WheelKick"],"picked":"DevaForm","floor":3},{"not_picked":["CutThroughFate","SashWhip"],"picked":"Consecrate","floor":5},{"not_picked":["Study","Vengeance"],"picked":"JustLucky","floor":7},{"not_picked":["MentalFortress","Indignation"],"picked":"Prostrate","floor":10},{"not_picked":["EmptyBody","FearNoEvil"],"picked":"Consecrate","floor":11},{"not_picked":["Halt","EmptyFist"],"picked":"Evaluate","floor":12},{"not_picked":["InnerPeace","EmptyMind"],"picked":"SandsOfTime","floor":14},{"not_picked":["DeusExMachina","Scrawl"],"picked":"Devotion","floor":16},{"not_picked":["Perseverance","Sanctity"],"picked":"SashWhip+1","floor":18},{"not_picked":["Perseverance","FollowUp"],"picked":"CutThroughFate","floor":20},{"not_picked":["Consecrate","Evaluate"],"picked":"LikeWater","floor":22},{"not_picked":["Perseverance","JustLucky"],"picked":"CutThroughFate","floor":24},{"not_picked":["EmptyBody","JustLucky"],"picked":"ConjureBlade","floor":25},{"not_picked":["JustLucky","EmptyBody","Protect"],"picked":"Singing Bowl","floor":26},{"not_picked":["Indignation","Prostrate","CutThroughFate"],"picked":"Singing Bowl","floor":29},{"not_picked":["FollowUp","ThirdEye"],"picked":"CutThroughFate+1","floor":30}],"player_experience":604785,"relics_obtained":[{"floor":7,"key":"Du-Vu Doll"},{"floor":9,"key":"StuffTheSpire:Mouthbags"},{"floor":11,"key":"Orichalcum"},{"floor":25,"key":"hubris:BottledRain"},{"floor":26,"key":"Singing Bowl"},{"floor":28,"key":"Nilry\u0027s Codex"}],"event_choices":[{"damage_healed":0,"gold_gain":0,"player_choice":"Obtained Book","damage_taken":16,"max_hp_gain":0,"max_hp_loss":0,"event_name":"Cursed Tome","floor":28,"gold_loss":0}],"is_beta":false,"boss_relics":[{"not_picked":["Empty Cage","infinitespire:Cupcake"],"picked":"Ectoplasm"},{"not_picked":[]}],"items_purged_floors":[],"is_endless":false,"potions_floor_spawned":[3,5,11,12,20,22],"killed_by":"Champ","ascension_level":2}}