{"host":"och2iitg9ibgz06n","time":1611296247,"event":{"mods":["Abigail Mod","AchievementEnabler","Aspiration","BaseMod","Colored Powertips","Dio Mod","Hubris","Hyrulean Relics","Infinite Spire","Minty Spire (QoL Compilation)","Replay The Spire","Small Relic Pack","StSLib","The Animator","The Bug Knight","The Hierophant","The Jungle","The Saiyan","TheHero","Wandering Minibosses","everything is the same but u backflip on backflip","slay the spire mod where everything is the same but ironclad has a cowboy hat","vexMod"],"gold_per_floor":[113,113,113,126,146,181,198,212,237,237,237],"floor_reached":10,"language":"ENG","playtime":430,"items_purged":[],"score":81,"play_id":"47e40d81-8f2b-4b32-88ae-5a60d17c38c8","local_time":"20210122001727","is_ascension_mode":true,"campfire_choices":[],"circlet_count":0,"master_deck":["Strike_G","Strike_G","Strike_G","Strike_G","Strike_G","Defend_G","Defend_G","Defend_G","Defend_G","Defend_G","Survivor","Neutralize","PiercingWail","Blade Dance","Footwork","Blade Dance","Cloak And Dagger"],"relics":["Ring of the Snake","hubris:Towel","MealTicket","Singing Bowl","Toy Ornithopter"],"acts_visited":["Exordium"],"potions_floor_usage":[10],"damage_taken":[{"damage":0,"enemies":"2 Louse","floor":1,"turns":3},{"damage":1,"enemies":"Cultist","floor":4,"turns":5},{"damage":1,"enemies":"Small Slimes","floor":5,"turns":4},{"damage":62,"enemies":"Lagavulin","floor":6,"turns":10},{"damage":1,"enemies":"2 Fungi Beasts","floor":7,"turns":5},{"damage":6,"enemies":"Blue Slaver","floor":8,"turns":6},{"damage":17,"enemies":"3 Sentries","floor":10,"turns":4}],"seed_played":"-798947242192134017","potions_obtained":[{"floor":1,"key":"FearPotion"},{"floor":8,"key":"GhostInAJar"}],"is_trial":false,"path_per_floor":["M","?","?","M","M","E","M","M","T","E"],"character_chosen":"THE_SILENT","items_purchased":[],"campfire_rested":0,"item_purchase_floors":[],"current_hp_per_floor":[77,77,77,76,75,15,14,8,8,0,0],"gold":237,"neow_bonus":"TEN_PERCENT_HP_BONUS","is_daily":false,"chose_seed":false,"campfire_upgraded":0,"win_rate":0.0,"timestamp":1611296247,"path_taken":["M","?","?","?","M","E","M","M","T","E"],"items_purchased_type":[],"build_version":"2020-12-22","purchased_purges":0,"victory":false,"max_hp_per_floor":[77,77,77,77,77,79,79,79,79,79,79],"card_choices":[{"not_picked":["Skewer","Distraction"],"picked":"PiercingWail","floor":1},{"not_picked":["PiercingWail","Cloak And Dagger"],"picked":"Blade Dance","floor":4},{"not_picked":["Deflect","hubris:SlightOfHand"],"picked":"Footwork","floor":5},{"not_picked":["Bane","ReplayTheSpireMod:Speed Training","Deflect"],"picked":"Singing Bowl","floor":6},{"not_picked":["aspiration:Lunge","Bane"],"picked":"Blade Dance","floor":7},{"not_picked":["Bane","hubris:SlightOfHand"],"picked":"Cloak And Dagger","floor":8}],"player_experience":458313,"relics_obtained":[{"floor":6,"key":"Singing Bowl"},{"floor":9,"key":"Toy Ornithopter"}],"event_choices":[{"damage_healed":0,"gold_gain":0,"player_choice":"Gave Potion","damage_taken":0,"relics_obtained":["MealTicket"],"max_hp_gain":0,"max_hp_loss":0,"event_name":"WeMeetAgain","floor":3,"gold_loss":0}],"is_beta":false,"boss_relics":[],"items_purged_floors":[],"is_endless":false,"potions_floor_spawned":[1,8],"killed_by":"3 Sentries","ascension_level":3}}