{"host":"Baz","time":1611284926,"event":{"mods":["BaseMod","Colored Map","Filter the Spire","Googly Eyes","Highlight Path","Minty Spire (QoL Compilation)","Quick Restart","Rare Cards Sparkle","Relic Stats","StSLib","The Hierophant"],"gold_per_floor":[114,189,209,220,61,61,87,107,107,107,107,107],"floor_reached":11,"language":"ENG","playtime":587,"items_purged":["Defend_G"],"score":142,"play_id":"80b62ec7-052f-40a7-96c9-f15cfc5f5293","local_time":"20210121210846","is_ascension_mode":true,"campfire_choices":[{"data":"Deadly Poison","floor":6,"key":"SMITH"},{"floor":10,"key":"REST"}],"circlet_count":0,"master_deck":["AscendersBane","Strike_G","Strike_G","Strike_G","Strike_G","Strike_G","Defend_G","Defend_G","Defend_G","Defend_G","Survivor","Neutralize+1","Reflex","Well Laid Plans","Deadly Poison+1","Footwork","After Image","Terror"],"relics":["Ring of the Snake","Boot","Gremlin Horn"],"acts_visited":["Exordium"],"potions_floor_usage":[7,7,8],"damage_taken":[{"damage":0,"enemies":"2 Louse","floor":1,"turns":3},{"damage":8,"enemies":"Cultist","floor":3,"turns":6},{"damage":1,"enemies":"Jaw Worm","floor":4,"turns":4},{"damage":34,"enemies":"Gremlin Nob","floor":7,"turns":5},{"damage":0,"enemies":"Large Slime","floor":8,"turns":9},{"damage":24,"enemies":"3 Sentries","floor":11,"turns":12}],"seed_played":"-6623145632047855828","potions_obtained":[{"floor":3,"key":"LiquidBronze"},{"floor":4,"key":"DistilledChaos"},{"floor":7,"key":"SpeedPotion"}],"is_trial":false,"path_per_floor":["M","?","M","M","$","R","E","M","T","R","E"],"character_chosen":"THE_SILENT","items_purchased":["Footwork"],"campfire_rested":1,"item_purchase_floors":[5],"current_hp_per_floor":[59,48,40,39,39,39,5,5,5,24,0,0],"gold":107,"neow_bonus":"UPGRADE_CARD","is_daily":false,"chose_seed":false,"campfire_upgraded":1,"win_rate":0.0,"timestamp":1611284926,"path_taken":["M","?","M","M","$","R","E","M","T","R","E"],"items_purchased_type":["Card"],"build_version":"2020-12-18","purchased_purges":1,"victory":false,"max_hp_per_floor":[66,66,66,66,66,66,66,66,66,66,66,66],"relic_stats":{"Gremlin Horn":[1,1],"counters":[6,39],"Boot":[12],"obtain_stats":[{"Gremlin Horn":9,"Boot":7,"Ring of the Snake":0},{"Gremlin Horn":5,"Boot":4,"Ring of the Snake":0},{"Gremlin Horn":27,"Boot":18,"Ring of the Snake":0}],"Ring of the Snake":[12]},"card_choices":[{"not_picked":["Slice","Backflip"],"picked":"Reflex","floor":1},{"not_picked":["PiercingWail","Dodge and Roll"],"picked":"Well Laid Plans","floor":3},{"not_picked":["Caltrops","Tactician"],"picked":"Deadly Poison","floor":4},{"not_picked":["Deflect","PiercingWail"],"picked":"After Image","floor":7},{"not_picked":["Outmaneuver","Flying Knee"],"picked":"Terror","floor":8}],"player_experience":1287116,"relics_obtained":[{"floor":7,"key":"Boot"},{"floor":9,"key":"Gremlin Horn"}],"event_choices":[{"damage_healed":0,"gold_gain":75,"player_choice":"Gather Gold","damage_taken":11,"max_hp_gain":0,"max_hp_loss":0,"event_name":"World of Goop","floor":2,"gold_loss":0}],"is_beta":true,"boss_relics":[],"items_purged_floors":[5],"is_endless":false,"potions_floor_spawned":[3,4,7],"killed_by":"3 Sentries","ascension_level":19}}