{"host":"raai0vtvcfkt8csp","time":1611282218,"event":{"mods":["2.2 Compatiblity","BaseMod","Beaked The Cultist","Block Reminder","Booster Modes","Clockwork Mod","Custom Start","DeckTracker","Defective Defect","Defuse TimeMaze Blight","Dio Mod","GifTheSpireLib","Infinite Spire","Minty Spire (QoL Compilation)","Quick Restart","Random Character Button","Rare Cards Sparkle","StSLib","The Marked","Unceasing Turn Reminder"],"gold_per_floor":[114,114,114,129,99,135,159,193,193,237,207,221,221,221,221,352,352,320,338,338,253,267,302,302,341,394,394,394],"floor_reached":27,"language":"ENG","playtime":1728,"items_purged":[],"score":357,"play_id":"27f0afc3-51db-40c4-a527-ad48a32b870e","local_time":"20210122032338","daily_mods":["Hoarder"],"is_ascension_mode":true,"campfire_choices":[{"data":"beaked:Ceremony","floor":13,"key":"SMITH"},{"data":"beaked:Ceremony","floor":15,"key":"SMITH"}],"circlet_count":0,"master_deck":["beaked:Strike_Y","beaked:Strike_Y","beaked:Strike_Y","beaked:Strike_Y","beaked:Strike_Y","beaked:Strike_Y","beaked:Defend_Y","beaked:Defend_Y","beaked:Defend_Y","beaked:Defend_Y","beaked:Ceremony","beaked:Ceremony+1","beaked:Ceremony+1","beaked:MachineSpirit","beaked:MachineSpirit","beaked:MachineSpirit","beaked:Insight","beaked:Insight","beaked:Insight","beaked:WarriorEssence","beaked:WarriorEssence","beaked:WarriorEssence","beaked:Hexing","beaked:Hexing","beaked:Hexing","beaked:HuntressEssence","beaked:HuntressEssence","beaked:HuntressEssence","beaked:Windmill+1","beaked:Windmill+1","beaked:Windmill+1","beaked:VigorBurst","beaked:VigorBurst","beaked:VigorBurst","beaked:WildInstinct+1","beaked:WildInstinct+1","beaked:WildInstinct+1","beaked:StunningBlow+1","beaked:StunningBlow+1","beaked:StunningBlow+1","infinitespire:SevenWalls+1","infinitespire:SevenWalls+1","infinitespire:SevenWalls+1","beaked:WarriorEssence+1","beaked:WarriorEssence+1","beaked:WarriorEssence+1","infinitespire:UltimateForm","infinitespire:UltimateForm","infinitespire:UltimateForm"],"relics":["beaked:MendingPlumage","Golden Idol","Unceasing Top","Molten Egg 2","Pear","Eternal Feather","infinitespire:FocusingShard","Shuriken","infinitespire:Magic Flask","Blood Vial"],"acts_visited":["Exordium","TheCity"],"potions_floor_usage":[6,6,6,6,11,23,23,23,25],"damage_taken":[{"damage":6,"enemies":"Jaw Worm","floor":1,"turns":5},{"damage":10,"enemies":"Cultist","floor":4,"turns":4},{"damage":49,"enemies":"Gremlin Nob","floor":6,"turns":6},{"damage":5,"enemies":"Small Slimes","floor":7,"turns":6},{"damage":31,"enemies":"Lagavulin","floor":8,"turns":7},{"damage":71,"enemies":"3 Sentries","floor":10,"turns":8},{"damage":10,"enemies":"Looter","floor":11,"turns":4},{"damage":43,"enemies":"Large Slime","floor":12,"turns":9},{"damage":103,"enemies":"The Guardian","floor":16,"turns":12},{"damage":46,"enemies":"2 Thieves","floor":18,"turns":5},{"damage":21,"enemies":"3 Byrds","floor":19,"turns":4},{"damage":13,"enemies":"Shelled Parasite and Fungi","floor":22,"turns":5},{"damage":33,"enemies":"Gremlin Leader","floor":23,"turns":11},{"damage":79,"enemies":"Nightmare","floor":25,"turns":9},{"damage":54,"enemies":"Book of Stabbing","floor":27,"turns":5}],"seed_played":"3911931070603412252","potions_obtained":[{"floor":4,"key":"EntropicBrew"},{"floor":5,"key":"FairyPotion"},{"floor":5,"key":"Fire Potion"},{"floor":6,"key":"Weak Potion"},{"floor":7,"key":"beaked:MendingBrew"},{"floor":12,"key":"EntropicBrew"},{"floor":23,"key":"SpeedPotion"},{"floor":25,"key":"ColorlessPotion"}],"is_trial":true,"path_per_floor":["M","?","?","M","?","E","M","E","T","E","M","M","R","$","R","B",null,"M","M","?","?","M","E","?","NM","T","E"],"character_chosen":"BEAKED_THE_CULTIST","items_purchased":[],"campfire_rested":0,"item_purchase_floors":[],"current_hp_per_floor":[50,38,38,44,44,16,30,41,51,19,35,36,54,54,65,62,65,36,26,10,10,15,19,19,37,37,0,0],"gold":394,"neow_bonus":"","is_daily":false,"chose_seed":false,"campfire_upgraded":2,"win_rate":0.0,"timestamp":1611282218,"path_taken":["M","?","?","M","?","E","?","E","T","E","M","M","R","$","R","BOSS","M","M","?","?","M","E","?","NM","T","E"],"items_purchased_type":[],"build_version":"2020-12-22","purchased_purges":0,"victory":false,"max_hp_per_floor":[50,50,50,50,50,50,50,50,60,60,60,65,65,65,65,65,65,65,65,65,65,65,65,65,65,65,65,65],"card_choices":[{"not_picked":["beaked:Cower","beaked:Poke"],"picked":"beaked:MachineSpirit","floor":1},{"not_picked":["beaked:StunningBlow","beaked:Flinch"],"picked":"beaked:Insight","floor":4},{"not_picked":["beaked:Resilience","beaked:CursingBlood"],"picked":"beaked:WarriorEssence","floor":6},{"not_picked":["beaked:Tradeoff","beaked:Tweet","beaked:SacrificialAttack"],"picked":"SKIP","floor":7},{"not_picked":["beaked:Molting","beaked:DesperateSwing+1"],"picked":"beaked:Hexing","floor":8},{"not_picked":["beaked:Cower","beaked:DesperateSwing+1"],"picked":"beaked:HuntressEssence","floor":10},{"not_picked":["beaked:TuckingFeathers","beaked:Evade"],"picked":"beaked:Windmill+1","floor":11},{"not_picked":["beaked:BarbedWire","beaked:DigDeep"],"picked":"beaked:VigorBurst","floor":12},{"not_picked":["beaked:CheekyTricks","beaked:FullHouse"],"picked":"beaked:WildInstinct+1","floor":16},{"not_picked":["beaked:Overexert","beaked:Negation","beaked:MimicMachine"],"picked":"SKIP","floor":18},{"not_picked":["beaked:Flinch","beaked:Daydream"],"picked":"beaked:StunningBlow+1","floor":19},{"not_picked":["infinitespire:FinalStrike","infinitespire:DeathsTouch"],"picked":"infinitespire:SevenWalls","floor":20},{"not_picked":["beaked:Tweet","beaked:Hexing"],"picked":"beaked:WarriorEssence+1","floor":22},{"not_picked":["beaked:Overpower+1","beaked:SacrificialScars","beaked:FeelMyPain"],"picked":"SKIP","floor":23},{"not_picked":["infinitespire:Fortify","infinitespire:SevenWalls"],"picked":"infinitespire:UltimateForm","floor":25},{"not_picked":["beaked:MaddeningMurmurs","beaked:TuckingFeathers","beaked:Redirect"],"picked":"SKIP","floor":25}],"player_experience":895068,"relics_obtained":[{"floor":6,"key":"Unceasing Top"},{"floor":8,"key":"Molten Egg 2"},{"floor":9,"key":"Pear"},{"floor":10,"key":"Eternal Feather"},{"floor":23,"key":"Shuriken"},{"floor":25,"key":"infinitespire:Magic Flask"},{"floor":26,"key":"Blood Vial"}],"event_choices":[{"damage_healed":0,"gold_gain":0,"player_choice":"Take Damage","damage_taken":12,"relics_obtained":["Golden Idol"],"max_hp_gain":0,"max_hp_loss":0,"event_name":"Golden Idol","floor":2,"gold_loss":0},{"damage_healed":0,"gold_gain":0,"player_choice":"Bought 2 Potions","damage_taken":0,"max_hp_gain":0,"max_hp_loss":0,"event_name":"The Woman in Blue","floor":5,"gold_loss":0},{"damage_healed":0,"gold_gain":0,"player_choice":"Obtained Relic","damage_taken":0,"relics_obtained":["infinitespire:FocusingShard"],"max_hp_gain":0,"max_hp_loss":0,"event_name":"Addict","floor":21,"gold_loss":85},{"damage_healed":0,"gold_gain":0,"player_choice":"Ignored","damage_taken":0,"max_hp_gain":0,"max_hp_loss":0,"event_name":"Beggar","floor":24,"gold_loss":0}],"is_beta":false,"boss_relics":[{"not_picked":["Fusion Hammer","Ectoplasm","Pandora\u0027s Box"]}],"items_purged_floors":[],"is_endless":false,"potions_floor_spawned":[4,6,7,8,12,16,18,23,25],"killed_by":"Book of Stabbing","ascension_level":1}}