{"host":"scy0o1xotfn36lpl","time":1611338527,"event":{"mods":["AchievementEnabler","Aspiration","BaseMod","Better Altar","Better Note","Better Sensory Stone","Better Skull","Better Third Choice","Colored Map","Curses Come First","Downfall","GifTheSpireLib","Googly Eyes","Highlight Path","Minty Spire (QoL Compilation)","Permanent Neow","Spicy Shops","StSLib","everything is the same but u backflip on backflip"],"gold_per_floor":[110,129,146,146,161,161,180,215,227,250,289,78,106,106,106,235,235,258,258,281,206,206,249,249,109,136,156,156,187,187,187],"floor_reached":30,"language":"ENG","playtime":2567,"items_purged":["Pain"],"score":338,"play_id":"def50980-e609-4802-a7f0-4f42f900acc3","local_time":"20210122100207","is_ascension_mode":false,"campfire_choices":[{"data":"TalkToTheHand","floor":6,"key":"SMITH"},{"floor":15,"key":"REST"},{"data":"Establishment","floor":24,"key":"SMITH"},{"data":"MasterReality","floor":28,"key":"SMITH"}],"circlet_count":0,"master_deck":["Eruption","Vigilance","JustLucky+1","FollowUp","TalkToTheHand+1","FlurryOfBlows","BattleHymn","MasterReality+1","Ragnarok","Consecrate","EmptyFist+1","Establishment+1","Evaluate+1","FollowUp+1","TalkToTheHand+1","Indignation","Vengeance+1"],"relics":["PureWater","Blood Vial","WarpedTongs","MawBank","Strawberry","HornCleat","Happy Flower","Dream Catcher","Golden Idol","aspiration:FutureDiary","Toy Ornithopter","Whetstone","Bag of Marbles"],"acts_visited":["Exordium","TheCity"],"potions_floor_usage":[7,11,29,29,30],"damage_taken":[{"damage":0,"enemies":"Jaw Worm","floor":1,"turns":3},{"damage":0,"enemies":"Cultist","floor":2,"turns":2},{"damage":3,"enemies":"2 Louse","floor":3,"turns":3},{"damage":6,"enemies":"Blue Slaver","floor":5,"turns":2},{"damage":26,"enemies":"Lots of Slimes","floor":7,"turns":2},{"damage":2,"enemies":"Lagavulin","floor":8,"turns":3},{"damage":2,"enemies":"3 Louse","floor":10,"turns":4},{"damage":18,"enemies":"3 Sentries","floor":11,"turns":4},{"damage":0,"enemies":"Lagavulin","floor":13,"turns":5},{"damage":2,"enemies":"Hexaghost","floor":16,"turns":7},{"damage":5,"enemies":"2 Thieves","floor":18,"turns":4},{"damage":5,"enemies":"Chosen","floor":20,"turns":4},{"damage":10,"enemies":"Book of Stabbing","floor":23,"turns":4},{"damage":7,"enemies":"3 Cultists","floor":27,"turns":3},{"damage":57,"enemies":"Gremlin Leader","floor":29,"turns":3},{"damage":21,"enemies":"Snake Plant","floor":30,"turns":2}],"seed_played":"4782016822474861806","potions_obtained":[{"floor":1,"key":"Block Potion"},{"floor":3,"key":"Energy Potion"},{"floor":8,"key":"ColorlessPotion"},{"floor":16,"key":"EssenceOfSteel"},{"floor":18,"key":"BottledMiracle"},{"floor":23,"key":"Energy Potion"}],"is_trial":false,"path_per_floor":["M","M","M","?","M","R","M","E","T","M","E","$","E","?","R","B",null,"M","?","M","?","?","E","R","$","T","M","R","E","M"],"character_chosen":"WATCHER","items_purchased":["Happy Flower","Indignation"],"campfire_rested":1,"item_purchase_floors":[12,25],"current_hp_per_floor":[72,72,69,69,65,65,41,41,48,48,32,32,34,15,38,38,79,74,74,71,71,71,63,63,63,63,58,58,13,0,0],"gold":187,"neow_bonus":"RANDOM_COMMON_RELIC","is_daily":false,"chose_seed":false,"campfire_upgraded":3,"win_rate":0.0,"timestamp":1611338527,"path_taken":["M","M","M","?","?","R","M","E","T","M","E","$","E","?","R","BOSS","M","?","M","?","?","E","R","?","T","?","R","E","?"],"items_purchased_type":["Relic","Card"],"build_version":"2020-12-22","purchased_purges":1,"victory":false,"max_hp_per_floor":[72,72,72,72,72,72,72,72,79,79,79,79,79,79,79,79,79,79,79,79,79,79,79,79,79,79,79,79,79,79,79],"card_choices":[{"not_picked":["CarveReality","TalkToTheHand"],"picked":"JustLucky","floor":1},{"not_picked":["CrushJoints","Halt"],"picked":"FollowUp","floor":2},{"not_picked":["PathToVictory","ThirdEye"],"picked":"TalkToTheHand","floor":3},{"not_picked":["Crescendo","Weave"],"picked":"FlurryOfBlows","floor":5},{"not_picked":["ThirdEye","Nirvana"],"picked":"BattleHymn","floor":7},{"not_picked":["ThirdEye","Swivel"],"picked":"MasterReality","floor":8},{"not_picked":["TalkToTheHand","Wallop","JustLucky"],"picked":"SKIP","floor":10},{"not_picked":["Perseverance","WreathOfFlame"],"picked":"Ragnarok","floor":11},{"not_picked":["WaveOfTheHand","Nirvana"],"picked":"Consecrate","floor":13},{"not_picked":["FlurryOfBlows","PathToVictory"],"picked":"EmptyFist","floor":15},{"not_picked":["Vault","ConjureBlade"],"picked":"Establishment","floor":16},{"not_picked":["CrushJoints","Weave"],"picked":"Evaluate+1","floor":18},{"not_picked":["PathToVictory","EmptyFist"],"picked":"FollowUp+1","floor":20},{"not_picked":["Weave","WreathOfFlame+1"],"picked":"TalkToTheHand+1","floor":23},{"not_picked":["CarveReality","WindmillStrike","Nirvana"],"picked":"SKIP","floor":27},{"not_picked":["Omniscience","BattleHymn"],"picked":"Vengeance+1","floor":29}],"player_experience":45398,"relics_obtained":[{"floor":8,"key":"MawBank"},{"floor":9,"key":"Strawberry"},{"floor":11,"key":"HornCleat"},{"floor":13,"key":"Dream Catcher"},{"floor":23,"key":"Toy Ornithopter"},{"floor":26,"key":"Whetstone"},{"floor":29,"key":"Bag of Marbles"}],"event_choices":[{"damage_healed":0,"gold_gain":0,"player_choice":"Rummage","damage_taken":0,"relics_obtained":["WarpedTongs"],"max_hp_gain":0,"max_hp_loss":0,"event_name":"Accursed Blacksmith","floor":4,"gold_loss":0,"cards_obtained":["Pain"]},{"damage_healed":0,"gold_gain":0,"player_choice":"Take Damage","damage_taken":19,"relics_obtained":["Golden Idol"],"max_hp_gain":0,"max_hp_loss":0,"event_name":"Golden Idol","floor":14,"gold_loss":0},{"cards_removed":["MasterReality"],"damage_healed":0,"gold_gain":0,"player_choice":"Give","damage_taken":0,"max_hp_gain":0,"max_hp_loss":0,"event_name":"betterNote:BetterNote","floor":19,"gold_loss":0,"cards_obtained":["Melter"]},{"cards_removed":["Defend_P"],"damage_healed":0,"gold_gain":0,"player_choice":"Gave Gold","damage_taken":0,"max_hp_gain":0,"max_hp_loss":0,"event_name":"Beggar","floor":21,"gold_loss":75},{"damage_healed":0,"gold_gain":0,"player_choice":"Materialism","damage_taken":0,"max_hp_gain":0,"max_hp_loss":7,"event_name":"betterThird:BetterWriting","floor":22,"gold_loss":0}],"is_beta":false,"boss_relics":[{"not_picked":["aspiration:DefectSkillbook","aspiration:SilentSkillbook"],"picked":"aspiration:FutureDiary"}],"items_purged_floors":[12],"is_endless":false,"potions_floor_spawned":[1,3,8,16,18,23],"killed_by":"Snake Plant","ascension_level":0}}