{"host":"80x1ozqd5wpd4nvo","time":1611348390,"event":{"mods":["2.2 Compatiblity","Aspiration","BaseMod","Better Altar","Better Match","Better Note","Better Sensory Stone","Better Skull","Better Third Choice","BetterRewards","Card Forge","Custom Start","DNKmod","Defuse TimeMaze Blight","Dota2Spire","Energized Spire","Friendly Minions","GifTheSpireLib","Hubris","Infinite Spire","Minty Spire (QoL Compilation)","Permanent Neow","Poor People Problems","Shop Mod","Spicy Shops","StS++","StSLib","The Blue Laboratory","??????REMEMod"],"gold_per_floor":[1214,1228,496,571,591,591,623,95,95,123,133,144,160,195,195,293,293,304,323,21,21,21,46,46,74,74,74,103,118,153,153,153,258,258,352,402,455,455,472,498,498,598,598,625,625,625,657,684,684,684,684,684,28,57,57],"floor_reached":56,"language":"ENG","playtime":2702,"items_purged":["Defend_B"],"score":1715,"play_id":"dd6deffe-0aff-4831-b021-514e5e95babf","local_time":"20210122214630","is_ascension_mode":true,"campfire_choices":[{"data":"Devotion","floor":6,"key":"SMITH"},{"data":"StSpp:Igniter","floor":15,"key":"SMITH"},{"data":"StSpp:CopyPaste","floor":27,"key":"SMITH"},{"floor":32,"key":"REST"},{"data":"StSpp:Saturation","floor":41,"key":"SMITH"},{"floor":46,"key":"REST"},{"floor":49,"key":"RECALL"},{"data":"infinitespire:Execution","floor":52,"key":"SMITH"}],"circlet_count":0,"master_deck":["Strike_B","Strike_B","Defend_B","Defend_B","Defend_B","Zap","Dualcast","Devotion+1","Beam Cell","Consume","REME_WheelOfFate","Force Field","Genetic Algorithm","aspiration:Polymerization","Flash of Steel","StSpp:Igniter+1","Chaos","Capacitor","REME_Whirling","Defragment","StSpp:CopyPaste+1","Electrodynamics","StSpp:Fierceness+1","Cold Snap","infinitespire:UltimateForm","FTL+1","Capacitor","StSpp:TargetLocked","Chill","Machine Learning","Coolheaded+1","Tempest+1","StSpp:Saturation+1","infinitespire:Execution+1","Reboot","hubris:Ukulele","Ball Lightning+1"],"relics":["Cracked Core","Hammer of Thor","Seething Fire","Anvil of the Gods","REME_ComplimentaryCards","OrangePellets","Sundial","REME_HandOfSuture","aspiration:ChemicalBlood","hubris:BottledRain","StSpp:XCola","StSpp:Monolith","Question Card","Orichalcum","Black Star","MealTicket","Bronze Scales","Vajra","hubris:Metronome","SlaversCollar","hubris:Reverence","Darkstone Periapt","CaptainsWheel","hubris:RGBLights","infinitespire:PuzzleCube","Potion Belt","Dota2Spire:ArcaneBoots","aspiration:Stellarator","hubris:MedicalManual","hubris:GlazedTorus","REME_LimitBreaker","Juzu Bracelet","Lizard Tail","hubris:SoftwareUpdate","Meat on the Bone","Dota2Spire:ShivaGuard","Centennial Puzzle","Art of War","Dota2Spire:OctarineCore","Dota2Spire:LotusOrb","Dota2Spire:DrumOfEndurance","hubris:PeanutButter"],"acts_visited":["Exordium","TheCity","TheBeyond","TheEnding"],"potions_floor_usage":[11,14,18,25,29,30,13033,33,33,33,36,36,37,47,47,50,54,55,55,55],"damage_taken":[{"damage":0,"enemies":"Cultist","floor":1,"turns":2},{"damage":1,"enemies":"Jaw Worm","floor":2,"turns":2},{"damage":0,"enemies":"2 Louse","floor":5,"turns":2},{"damage":26,"enemies":"3 Sentries","floor":7,"turns":7},{"damage":6,"enemies":"Gremlin Nob","floor":10,"turns":3},{"damage":0,"enemies":"Lots of Slimes","floor":11,"turns":2},{"damage":1,"enemies":"Blue Slaver","floor":12,"turns":2},{"damage":1,"enemies":"Looter","floor":13,"turns":2},{"damage":0,"enemies":"Lagavulin","floor":14,"turns":5},{"damage":9,"enemies":"Slime Boss","floor":16,"turns":5},{"damage":20,"enemies":"2 Thieves","floor":18,"turns":4},{"damage":4,"enemies":"Chosen","floor":19,"turns":4},{"damage":13,"enemies":"Book of Stabbing","floor":23,"turns":4},{"damage":0,"enemies":"Gremlin Leader","floor":25,"turns":5},{"damage":12,"enemies":"Book of Stabbing","floor":28,"turns":3},{"damage":13,"enemies":"3 Cultists","floor":29,"turns":3},{"damage":10,"enemies":"Gremlin Leader","floor":30,"turns":4},{"damage":0,"enemies":"Automaton","floor":33,"turns":4},{"damage":5,"enemies":"3 Shapes","floor":35,"turns":3},{"damage":0,"enemies":"Mind Bloom Boss Battle","floor":36,"turns":4},{"damage":0,"enemies":"2 Orb Walkers","floor":37,"turns":3},{"damage":6,"enemies":"3 Darklings","floor":39,"turns":4},{"damage":0,"enemies":"Nemesis","floor":40,"turns":5},{"damage":0,"enemies":"infinitespire:Three Voidlings","floor":42,"turns":2},{"damage":46,"enemies":"Nightmare_Alpha","floor":42,"turns":6},{"damage":0,"enemies":"Reptomancer","floor":44,"turns":5},{"damage":15,"enemies":"Nightmare","floor":47,"turns":5},{"damage":0,"enemies":"Donu and Deca","floor":50,"turns":4},{"damage":0,"enemies":"Shield and Spear","floor":54,"turns":1},{"damage":7,"enemies":"The Heart","floor":55,"turns":4}],"seed_played":"6571875756585983632","potions_obtained":[{"floor":10,"key":"blueLaboratory:RelayPotion"},{"floor":11,"key":"blueLaboratory:BottledHope"},{"floor":12,"key":"BlessingOfTheForge"},{"floor":23,"key":"blueLaboratory:BubblePotion"},{"floor":28,"key":"SteroidPotion"},{"floor":29,"key":"Dota2Spire:Clarity"},{"floor":30,"key":"blueLaboratory:Moonshine"},{"floor":33,"key":"SneckoOil"},{"floor":35,"key":"FearPotion"},{"floor":37,"key":"REME_GoldPotion"},{"floor":40,"key":"blueLaboratory:Moonshine"},{"floor":47,"key":"blueLaboratory:CoolantVial"},{"floor":47,"key":"Swift Potion"}],"is_trial":false,"path_per_floor":["M","M","$","?","M","R","E","$","T","E","M","M","M","E","R","B",null,"M","M","$","?","?","E","AVR","E","T","R","E","M","E","?","R","B",null,"M","?","?","?","M","E","R","?","T","E","?","R","NM","T","R","B",null,"R","$","E","B",null],"character_chosen":"DEFECT","items_purchased":["REME_WheelOfFate","OrangePellets","Sundial","REME_HandOfSuture","StSpp:XCola","aspiration:Polymerization","Flash of Steel","StSpp:Igniter","Bronze Scales","Vajra","Oddly Smooth Stone","Dota2Spire:OctarineCore","Dota2Spire:LotusOrb","BlessingOfTheForge"],"campfire_rested":2,"item_purchase_floors":[3,3,3,3,8,8,8,8,20,20,53,53,53,53],"current_hp_per_floor":[100,99,99,89,89,89,63,63,63,57,57,56,55,75,75,66,100,80,76,91,91,91,78,78,78,78,78,66,53,43,19,49,76,100,95,95,95,95,89,89,89,43,43,43,43,71,56,56,56,56,95,95,95,95,88],"gold":57,"neow_bonus":"REMOVE_CARD","is_daily":false,"chose_seed":false,"campfire_upgraded":5,"win_rate":0.0,"timestamp":1611348390,"path_taken":["M","M","?","?","?","R","E","$","T","E","M","M","M","E","R","BOSS","M","M","$","?","?","E","AVR","E","T","R","E","M","E","?","R","BOSS","M","?","?","?","?","E","R","?","T","E","?","R","NM","?","R","BOSS","R","$","E","BOSS"],"items_purchased_type":["Card","Relic","Relic","Relic","Relic","Card","Card","Card","Relic","Relic","Relic","Relic","Relic","Potion"],"build_version":"2020-12-22","purchased_purges":1,"victory":true,"max_hp_per_floor":[100,100,100,100,100,100,100,100,100,100,100,100,100,100,100,100,100,100,100,100,100,100,100,100,100,100,100,100,100,100,100,100,100,100,100,100,100,100,100,100,100,100,100,100,95,95,95,95,95,95,95,95,95,95,95],"card_choices":[{"not_picked":["Reprogram","Turbo"],"picked":"Beam Cell","floor":1},{"not_picked":["Steam","Storm"],"picked":"Consume","floor":2},{"not_picked":["Hello World","StSpp:Pointer"],"picked":"Force Field","floor":5},{"not_picked":["BootSequence","Steam"],"picked":"Genetic Algorithm","floor":7},{"not_picked":["StSpp:Igniter","Hologram","Barrage","hubris:SpecializedCircuitry"],"picked":"Chaos","floor":10},{"not_picked":["Turbo","Go for the Eyes","Consume"],"picked":"Capacitor","floor":11},{"not_picked":["Compile Driver","Beam Cell","Cold Snap"],"picked":"REME_Whirling","floor":12},{"not_picked":["Go for the Eyes","White Noise","Hello World"],"picked":"Defragment","floor":13},{"not_picked":["Redo","Consume","Undo"],"picked":"StSpp:CopyPaste","floor":14},{"not_picked":["Rainbow","Machine Learning","REME_ForAll"],"picked":"Electrodynamics","floor":16},{"not_picked":["Redo+1","Steam","BootSequence"],"picked":"StSpp:Fierceness+1","floor":18},{"not_picked":["StSpp:TargetLocked","Go for the Eyes","Static Discharge+1","StSpp:Mask"],"picked":"Cold Snap","floor":19},{"not_picked":["Turbo+1","StSpp:Converter","Sweeping Beam","Rebound"],"picked":"SKIP","floor":23},{"not_picked":["Cold Snap","Conserve Battery","Stack"],"picked":"FTL+1","floor":25},{"not_picked":["Coolheaded","Streamline+1","Lockon+1"],"picked":"Capacitor","floor":28},{"not_picked":["Compile Driver","BootSequence","Hologram"],"picked":"StSpp:TargetLocked","floor":29},{"not_picked":["Undo","Streamline+1","Lockon"],"picked":"Chill","floor":30},{"not_picked":["Electrodynamics","Creative AI","Echo Form"],"picked":"Machine Learning","floor":33},{"not_picked":["Double Energy+1","Stack+1","StSpp:Fierceness+1"],"picked":"Coolheaded+1","floor":35},{"not_picked":["Conserve Battery","Streamline","Leap"],"picked":"Tempest+1","floor":39},{"not_picked":["Reinforced Body+1","StSpp:TargetLocked","Chill+1"],"picked":"StSpp:Saturation","floor":40},{"not_picked":["hubris:Rewind","infinitespire:UltimateForm"],"picked":"infinitespire:Execution","floor":42},{"not_picked":["Static Discharge+1","Beam Cell+1","Rebound+1"],"picked":"Reboot","floor":42},{"not_picked":["Beam Cell","Go for the Eyes","Meteor Strike"],"picked":"hubris:Ukulele","floor":44},{"not_picked":["Leap+1","Barrage","Streamline"],"picked":"Ball Lightning+1","floor":47},{"not_picked":["Gash","Sweeping Beam","Machine Learning","Leap"],"picked":"SKIP","floor":54}],"player_experience":244727,"relics_obtained":[{"floor":7,"key":"hubris:BottledRain"},{"floor":9,"key":"StSpp:Monolith"},{"floor":10,"key":"Question Card"},{"floor":14,"key":"Orichalcum"},{"floor":23,"key":"hubris:Metronome"},{"floor":25,"key":"hubris:Reverence"},{"floor":25,"key":"Darkstone Periapt"},{"floor":26,"key":"CaptainsWheel"},{"floor":28,"key":"hubris:RGBLights"},{"floor":28,"key":"infinitespire:PuzzleCube"},{"floor":30,"key":"Potion Belt"},{"floor":30,"key":"Dota2Spire:ArcaneBoots"},{"floor":36,"key":"hubris:MedicalManual"},{"floor":37,"key":"hubris:GlazedTorus"},{"floor":40,"key":"REME_LimitBreaker"},{"floor":40,"key":"Juzu Bracelet"},{"floor":42,"key":"Lizard Tail"},{"floor":44,"key":"hubris:SoftwareUpdate"},{"floor":44,"key":"Meat on the Bone"},{"floor":47,"key":"Dota2Spire:ShivaGuard"},{"floor":47,"key":"Centennial Puzzle"},{"floor":48,"key":"Art of War"},{"floor":54,"key":"Dota2Spire:DrumOfEndurance"},{"floor":54,"key":"hubris:PeanutButter"}],"event_choices":[{"damage_healed":0,"gold_gain":75,"player_choice":"Touch","damage_taken":10,"max_hp_gain":0,"max_hp_loss":0,"event_name":"FaceTrader","floor":4,"gold_loss":0},{"cards_removed":["Strike_B"],"damage_healed":0,"gold_gain":0,"player_choice":"Give","damage_taken":0,"max_hp_gain":0,"max_hp_loss":0,"event_name":"betterNote:BetterNote","floor":21,"gold_loss":0,"cards_obtained":["Strike_G"]},{"damage_healed":0,"gold_gain":0,"player_choice":" Potion ","damage_taken":24,"relics_obtained":[],"max_hp_gain":43,"max_hp_loss":19,"event_name":"betterAltar:BetterAltar","floor":31,"potions_obtained":["betterAltar:AltarPotion"],"relics_lost":[],"gold_loss":0},{"damage_healed":0,"gold_gain":0,"player_choice":"Fight","damage_taken":0,"max_hp_gain":0,"max_hp_loss":0,"event_name":"MindBloom","floor":36,"gold_loss":0},{"damage_healed":0,"gold_gain":0,"player_choice":"Fight","damage_taken":0,"max_hp_gain":0,"max_hp_loss":0,"event_name":"Mysterious Sphere","floor":37,"gold_loss":0},{"cards_removed":["Strike_B"],"damage_healed":0,"gold_gain":0,"player_choice":"Purged","damage_taken":0,"max_hp_gain":0,"max_hp_loss":0,"event_name":"Purifier","floor":38,"gold_loss":0},{"damage_healed":0,"gold_gain":0,"player_choice":"Max HP","damage_taken":0,"max_hp_gain":0,"max_hp_loss":5,"event_name":"Winding Halls","floor":45,"gold_loss":0}],"is_beta":false,"boss_relics":[{"not_picked":["Empty Cage","hubris:GrandSneckoEye"],"picked":"Black Star"},{"not_picked":["hubris:VirtuousBlindfold","aspiration:PoetsPen_weak"],"picked":"aspiration:Stellarator"}],"items_purged_floors":[8],"is_endless":false,"potions_floor_spawned":[10,11,12,23,28,30,33,35,37,40,47],"ascension_level":1}}