{"host":"0t7ytk9pge2ncgeb","time":1611281521,"event":{"mods":["2.2 Compatiblity","Act Like it!","Aspiration","BaseMod","Conspire","Downfall","Googly Eyes","Hubris","Infinite Spire","Minty Spire (QoL Compilation)","Relic Stats","Shop Mod","Spicy Shops","StSLib","slay the spire mod where everything is the same but ironclad has a cowboy hat"],"gold_per_floor":[99,114,129,144,49,64,89,89,89,89,104,104,14,29,44,144,144,144,144,159,174,189,201,238,265,262,274,286,298,310,337,364,476,488,500,527,554,566,566],"floor_reached":38,"language":"ENG","playtime":3155,"items_purged":["downfall:Malfunctioning"],"score":395,"play_id":"fc94c5da-a947-4701-8034-5688e5ee9c47","local_time":"20210121211201","daily_mods":["Chimera","Vintage","downfall:Enraging"],"is_ascension_mode":false,"campfire_choices":[{"data":"Zap","floor":1.0,"key":"SMITH"},{"data":"Seeing Red","floor":8.0,"key":"SMITH"},{"data":"Metallicize","floor":12.0,"key":"SMITH"},{"data":"Feed","floor":18.0,"key":"SMITH"},{"floor":23,"key":"REST"},{"floor":27,"key":"REST"},{"data":"Slimebound:CheckThePlaybook","floor":29,"key":"SMITH"},{"data":"Limit Break","floor":35,"key":"SMITH"}],"circlet_count":0,"master_deck":["Bash","Survivor+1","Zap+1","Eruption","Strike_R","Strike_G","Strike_B","Defend_R+1","Defend_G+1","Defend_P","Seeing Red+1","Metallicize+1","Disarm","Feed+1","Slimebound:CheckThePlaybook+1","downfall:Icky","Clothesline","Limit Break+1"],"relics":["Burning Blood","Du-Vu Doll","Gremlin Horn","Question Card","Vajra","Bag of Preparation","Blue Candle","Letter Opener","hubris:AstralHammer","SlaversCollar","Darkstone Periapt","hubris:TenFootPole","MawBank","conspire:TopHat","aspiration:Lifesprig","Nilry\u0027s Codex","Bottled Lightning","hubris:TinFlute","hubris:Backtick","Membership Card","MealTicket","CeramicFish"],"acts_visited":["Exordium","TheCity","TheBeyond"],"potions_floor_usage":[32,33,33,33],"damage_taken":[{"damage":8.0,"enemies":"Jaw Worm","floor":2.0,"turns":4.0},{"damage":2.0,"enemies":"conspire:RoseBush","floor":3.0,"turns":3.0},{"damage":0.0,"enemies":"Small Slimes","floor":4.0,"turns":2.0},{"damage":5.0,"enemies":"downfall:FleeingMerchant","floor":5.0,"turns":4.0},{"damage":14.0,"enemies":"2 Fungi Beasts","floor":6.0,"turns":2.0},{"damage":2.0,"enemies":"Gremlin Gang","floor":11.0,"turns":4.0},{"damage":8.0,"enemies":"downfall:FleeingMerchant","floor":13.0,"turns":4.0},{"damage":0.0,"enemies":"Blue Slaver","floor":14.0,"turns":4.0},{"damage":2.0,"enemies":"3 Louse","floor":15.0,"turns":3.0},{"damage":29.0,"enemies":"IC_STATUS_ARCHETYPE","floor":16.0,"turns":8.0},{"damage":26.0,"enemies":"3 Byrds","floor":20.0,"turns":4.0},{"damage":4.0,"enemies":"Shell Parasite","floor":21.0,"turns":5.0},{"damage":16.0,"enemies":"conspire:HollyBat","floor":22.0,"turns":5.0},{"damage":41,"enemies":"Snecko","floor":25,"turns":5},{"damage":4,"enemies":"downfall:FleeingMerchant","floor":26,"turns":4},{"damage":57,"enemies":"Chosen and Byrds","floor":31,"turns":7},{"damage":21,"enemies":"Sentry and Sphere","floor":32,"turns":7},{"damage":31,"enemies":"SI_MIRROR_ARCHETYPE","floor":33,"turns":12},{"damage":25,"enemies":"Orb Walker","floor":36,"turns":4},{"damage":68,"enemies":"3 Darklings","floor":37,"turns":6},{"damage":21,"enemies":"Sphere and 2 Shapes","floor":38,"turns":3}],"seed_played":"811174962971598332","potions_obtained":[{"floor":2.0,"key":"BlessingOfTheForge"},{"floor":4.0,"key":"BlessingOfTheForge"},{"floor":15.0,"key":"Fire Potion"},{"floor":16.0,"key":"Regen Potion"},{"floor":25,"key":"Guardian:BlockOnCardUsePotion"},{"floor":31,"key":"Dexterity Potion"},{"floor":32,"key":"Regen Potion"},{"floor":36,"key":"Dexterity Potion"}],"is_trial":false,"path_per_floor":["R","M","M","M","$","M","T","R","?","?","M","R","$","M","M","B",null,"R","?","M","M","M","R","T","M","$","R","?","R","?","M","M","B",null,"R","M","M","M"],"character_chosen":"IRONCLAD","items_purchased":["Metallicize"],"campfire_rested":2,"item_purchase_floors":[5],"current_hp_per_floor":[80,78,80,80,80,72,72,72,72,77,81,81,79,85,85,62,85,85,85,69,75,69,97,97,62,64,93,85,85,85,34,31,21,97,97,78,16,0,0],"gold":566,"neow_bonus":"","is_daily":true,"chose_seed":false,"campfire_upgraded":6,"win_rate":0.0,"timestamp":1611281521,"path_taken":["R","M","M","M","$","M","T","R","?","?","M","R","$","M","M","BOSS","R","?","M","M","M","R","T","M","$","R","?","R","?","?","M","BOSS","R","M","M","M"],"items_purchased_type":["Card"],"build_version":"2020-12-22","purchased_purges":1,"victory":false,"max_hp_per_floor":[80,80,80,80,80,80,80,80,80,85,85,85,85,85,85,85,85,85,85,89,93,97,97,97,97,97,97,97,97,97,97,97,97,97,97,97,97,101,101],"relic_stats":{"Darkstone Periapt":0,"Gremlin Horn":[23,23],"counters":[21,100],"Blue Candle":[7],"CeramicFish":0,"MealTicket":0,"Bag of Preparation":[32],"Letter Opener":[81],"Question Card":9,"MawBank":192,"obtain_stats":[{"Darkstone Periapt":20,"aspiration:Lifesprig":25,"Gremlin Horn":3,"Nilry\u0027s Codex":28,"Blue Candle":11,"CeramicFish":37,"Vajra":6,"Bag of Preparation":7,"Letter Opener":14,"Question Card":4,"MawBank":22,"Burning Blood":0,"conspire:TopHat":24,"Du-Vu Doll":2,"SlaversCollar":17,"hubris:Backtick":34,"hubris:AstralHammer":15,"MealTicket":36,"hubris:TenFootPole":21,"Bottled Lightning":31,"Membership Card":34,"hubris:TinFlute":32},{"Darkstone Periapt":11,"aspiration:Lifesprig":14,"Gremlin Horn":2,"Nilry\u0027s Codex":15,"Blue Candle":6,"CeramicFish":20,"Vajra":5,"Bag of Preparation":5,"Letter Opener":8,"Question Card":3,"MawBank":13,"Burning Blood":0,"conspire:TopHat":13,"Du-Vu Doll":1,"SlaversCollar":10,"hubris:Backtick":18,"hubris:AstralHammer":9,"MealTicket":19,"hubris:TenFootPole":12,"Bottled Lightning":16,"Membership Card":18,"hubris:TinFlute":17},{"Darkstone Periapt":42,"aspiration:Lifesprig":57,"Gremlin Horn":7,"Nilry\u0027s Codex":61,"Blue Candle":19,"CeramicFish":97,"Vajra":15,"Bag of Preparation":15,"Letter Opener":27,"Question Card":9,"MawBank":52,"Burning Blood":0,"conspire:TopHat":52,"Du-Vu Doll":4,"SlaversCollar":38,"hubris:Backtick":87,"hubris:AstralHammer":30,"MealTicket":91,"hubris:TenFootPole":47,"Bottled Lightning":68,"Membership Card":87,"hubris:TinFlute":75}],"Burning Blood":107},"card_choices":[{"not_picked":["Anger","Offering","Iron Wave"],"picked":"Seeing Red","floor":5.0},{"not_picked":["Twin Strike","Metallicize","Ghostly Armor"],"picked":"Disarm","floor":13.0},{"not_picked":["Double Tap","Fiend Fire","Juggernaut"],"picked":"Feed","floor":16.0},{"not_picked":["Perfected Strike","Heavy Blade","Disarm"],"picked":"Clothesline","floor":26},{"not_picked":["Brutality","Immolate","Impervious"],"picked":"Limit Break","floor":33}],"player_experience":322937,"relics_obtained":[{"floor":2.0,"key":"Du-Vu Doll"},{"floor":3.0,"key":"Gremlin Horn"},{"floor":4.0,"key":"Question Card"},{"floor":6.0,"key":"Vajra"},{"floor":7.0,"key":"Bag of Preparation"},{"floor":11.0,"key":"Blue Candle"},{"floor":14.0,"key":"Letter Opener"},{"floor":15.0,"key":"hubris:AstralHammer"},{"floor":20.0,"key":"Darkstone Periapt"},{"floor":21.0,"key":"hubris:TenFootPole"},{"floor":22.0,"key":"MawBank"},{"floor":24,"key":"conspire:TopHat"},{"floor":25,"key":"aspiration:Lifesprig"},{"floor":28,"key":"Nilry\u0027s Codex"},{"floor":31,"key":"Bottled Lightning"},{"floor":32,"key":"hubris:TinFlute"},{"floor":36,"key":"MealTicket"},{"floor":37,"key":"CeramicFish"}],"event_choices":[{"damage_healed":0.0,"max_hp_gain":5.0,"max_hp_loss":0.0,"gold_gain":0.0,"event_name":"Big Fish","player_choice":"Donut","floor":10.0,"gold_loss":0.0,"damage_taken":0.0}],"is_beta":false,"boss_relics":[{"not_picked":["Runic Dome","Sozu"],"picked":"SlaversCollar"},{"not_picked":["aspiration:RitualDagger","conspire:SpecialSausage"],"picked":"hubris:Backtick"}],"items_purged_floors":[13],"is_endless":false,"potions_floor_spawned":[2,4,15,16,21,25,31,32,36],"killed_by":"Sphere and 2 Shapes","ascension_level":0}}