{"host":"qxeepl7ydvsgmfdb","time":1611325873,"event":{"mods":["AchievementEnabler","BaseMod","Colored Powertips","Minty Spire (QoL Compilation)","Quick Restart","slay the spire mod where everything is the same but ironclad has a cowboy hat"],"gold_per_floor":[109,109,122,49,49,84,84,127,185,222,234,246,278,313,325,463,475,505,540,752,789,801,844,870,882,919,931,962,974,456,475,475,577,577,592,592,592,35,49,49,49,49,124,157,175,175,185,213,213,213,213],"floor_reached":50,"language":"ENG","playtime":1419,"items_purged":["Injury","Strike_G"],"score":917,"play_id":"d8284d03-58e7-4e6e-ac02-99be6f651a65","local_time":"20210122093113","is_ascension_mode":true,"campfire_choices":[{"data":"Backstab","floor":7.0,"key":"SMITH"},{"floor":11.0,"key":"REST"},{"floor":15.0,"key":"REST"},{"floor":25,"key":"REST"},{"floor":29,"key":"REST"},{"floor":32,"key":"REST"},{"data":"Adrenaline","floor":40,"key":"SMITH"},{"floor":42,"key":"REST"},{"floor":49,"key":"REST"}],"circlet_count":0,"master_deck":["AscendersBane","Strike_G","Strike_G","Strike_G","Defend_G","Defend_G","Defend_G","Defend_G","Survivor","Neutralize","Deadly Poison","Finisher","Backstab+1","Poisoned Stab","Blade Dance","Dagger Spray","Blade Dance","Blade Dance","Cloak And Dagger","Poisoned Stab","Deadly Poison","Noxious Fumes","Adrenaline","Adrenaline+1","Infinite Blades","Slice+1","Slice+1"],"relics":["Ring of the Snake","NeowsBlessing","Bloody Idol","Vajra","Prayer Wheel","MawBank","Nunchaku","CultistMask","SacredBark","Potion Belt","InkBottle","Pen Nib","Unceasing Top","Art of War","Philosopher\u0027s Stone","Thread and Needle","Snake Skull","PreservedInsect","Letter Opener","Omamori","Dream Catcher"],"acts_visited":["Exordium","TheCity","TheBeyond"],"potions_floor_usage":[24,33,33,33,47],"damage_taken":[{"damage":0.0,"enemies":"Jaw Worm","floor":1.0,"turns":1.0},{"damage":0.0,"enemies":"2 Louse","floor":3.0,"turns":1.0},{"damage":0.0,"enemies":"Gremlin Nob","floor":6.0,"turns":1.0},{"damage":44.0,"enemies":"3 Sentries","floor":8.0,"turns":9.0},{"damage":0.0,"enemies":"Cultist","floor":10.0,"turns":2.0},{"damage":0.0,"enemies":"Red Slaver","floor":13.0,"turns":2.0},{"damage":0.0,"enemies":"2 Fungi Beasts","floor":14.0,"turns":2.0},{"damage":42.0,"enemies":"The Guardian","floor":16.0,"turns":9.0},{"damage":0.0,"enemies":"Chosen","floor":18.0,"turns":1.0},{"damage":0.0,"enemies":"Spheric Guardian","floor":21.0,"turns":2.0},{"damage":42.0,"enemies":"Slavers","floor":23.0,"turns":6.0},{"damage":7,"enemies":"Cultist and Chosen","floor":24,"turns":5},{"damage":21,"enemies":"Sentry and Sphere","floor":28,"turns":4},{"damage":8,"enemies":"Centurion and Healer","floor":31,"turns":4},{"damage":61,"enemies":"Automaton","floor":33,"turns":9},{"damage":2,"enemies":"3 Shapes","floor":35,"turns":4},{"damage":29,"enemies":"3 Darklings","floor":39,"turns":5},{"damage":0,"enemies":"Reptomancer","floor":44,"turns":2},{"damage":9,"enemies":"Jaw Worm Horde","floor":45,"turns":2},{"damage":0,"enemies":"Spire Growth","floor":47,"turns":3},{"damage":31,"enemies":"Giant Head","floor":48,"turns":6},{"damage":65,"enemies":"Donu and Deca","floor":50,"turns":4}],"seed_played":"6652188686448333851","potions_obtained":[{"floor":6.0,"key":"Energy Potion"},{"floor":10.0,"key":"PowerPotion"},{"floor":13.0,"key":"Strength Potion"},{"floor":16.0,"key":"EssenceOfSteel"},{"floor":24,"key":"DuplicationPotion"},{"floor":28,"key":"Dexterity Potion"},{"floor":31,"key":"Weak Potion"},{"floor":35,"key":"BlessingOfTheForge"},{"floor":45,"key":"Energy Potion"},{"floor":47,"key":"Ancient Potion"}],"is_trial":false,"path_per_floor":["M","?","M","$","?","E","R","E","T","M","R","?","M","M","R","B",null,"M","T","?","M","?","E","M","R","T","?","M","R","$","M","R","B",null,"M","?","?","$","M","R","?","R","T","E","M","?","M","E","R","B"],"character_chosen":"THE_SILENT","items_purchased":["Backstab","Unceasing Top","Art of War","Thread and Needle","Snake Skull"],"campfire_rested":7,"item_purchase_floors":[4,30,30,38,38],"current_hp_per_floor":[63,63,63,63,51,51,51,7,7,7,28,28,28,28,49,7,54,54,54,54,54,54,12,5,26,26,26,15,41,46,43,64,8,55,58,58,58,58,34,34,34,55,60,65,61,61,66,40,61,0,0],"gold":213,"neow_bonus":"THREE_ENEMY_KILL","is_daily":false,"chose_seed":false,"campfire_upgraded":2,"win_rate":0.0,"timestamp":1611325873,"path_taken":["M","?","M","$","?","E","R","E","T","M","R","?","?","M","R","BOSS","M","?","?","?","?","E","M","R","T","?","M","R","$","M","R","BOSS","M","?","?","$","?","R","?","R","T","E","?","?","?","E","R","BOSS"],"items_purchased_type":["Card","Relic","Relic","Relic","Relic"],"build_version":"2020-12-22","purchased_purges":2,"victory":false,"max_hp_per_floor":[70,70,70,70,70,70,70,70,70,70,70,70,70,70,70,70,70,70,70,70,70,70,70,70,70,70,70,70,70,70,70,70,70,70,70,70,70,70,70,70,70,70,70,70,70,70,70,70,70,70,70],"card_choices":[{"not_picked":["Reflex","Cloak And Dagger"],"picked":"Deadly Poison","floor":1.0},{"not_picked":["Well Laid Plans","Backflip"],"picked":"Finisher","floor":3.0},{"not_picked":["All Out Attack","Deflect"],"picked":"Poisoned Stab","floor":6.0},{"not_picked":["After Image","Acrobatics"],"picked":"Blade Dance","floor":8.0},{"not_picked":["Well Laid Plans","Dagger Throw","Quick Slash"],"picked":"SKIP","floor":10.0},{"not_picked":["Finisher","Riddle With Holes","Underhanded Strike"],"picked":"SKIP","floor":10.0},{"not_picked":["Well Laid Plans","Cloak And Dagger"],"picked":"Dagger Spray","floor":13.0},{"not_picked":["Predator","Masterful Stab","Underhanded Strike"],"picked":"SKIP","floor":13.0},{"not_picked":["Flechettes","Dagger Spray"],"picked":"Blade Dance","floor":14.0},{"not_picked":["Skewer","Prepared"],"picked":"Blade Dance","floor":14.0},{"not_picked":["Prepared+1","Distraction"],"picked":"Cloak And Dagger","floor":18.0},{"not_picked":["Reflex+1","Calculated Gamble"],"picked":"Poisoned Stab","floor":18.0},{"not_picked":["Acrobatics","Dagger Spray","Dodge and Roll"],"picked":"SKIP","floor":21.0},{"not_picked":["Flying Knee","Leg Sweep","PiercingWail"],"picked":"SKIP","floor":21.0},{"not_picked":["Caltrops","Reflex","Crippling Poison"],"picked":"SKIP","floor":23.0},{"not_picked":["Tactician","Prepared","Well Laid Plans"],"picked":"SKIP","floor":24},{"not_picked":["Prepared+1","Bouncing Flask+1","Acrobatics+1"],"picked":"SKIP","floor":24},{"not_picked":["Sucker Punch+1","Cloak And Dagger"],"picked":"Deadly Poison","floor":28},{"not_picked":["Quick Slash+1","Expertise"],"picked":"Noxious Fumes","floor":28},{"not_picked":["Backflip","Quick Slash","Acrobatics"],"picked":"SKIP","floor":31},{"not_picked":["Poisoned Stab","Dagger Spray","Dash"],"picked":"SKIP","floor":31},{"not_picked":["A Thousand Cuts","Unload"],"picked":"Adrenaline","floor":33},{"not_picked":["Sucker Punch+1","Poisoned Stab+1","Deadly Poison+1"],"picked":"SKIP","floor":35},{"not_picked":["Sucker Punch+1","Poisoned Stab","Deflect+1"],"picked":"SKIP","floor":35},{"not_picked":["PiercingWail","Terror","All Out Attack"],"picked":"SKIP","floor":39},{"not_picked":["Riddle With Holes+1","Sucker Punch+1","Bane+1"],"picked":"SKIP","floor":39},{"not_picked":["Escape Plan+1","Masterful Stab","Underhanded Strike+1"],"picked":"SKIP","floor":44},{"not_picked":["Prepared+1","Slice+1","Dodge and Roll+1"],"picked":"SKIP","floor":45},{"not_picked":["Backflip","Cloak And Dagger+1","Malaise"],"picked":"SKIP","floor":45},{"not_picked":["Bouncing Flask+1","Acrobatics+1"],"picked":"Slice+1","floor":47},{"not_picked":["Sucker Punch+1","Finisher+1","Deflect"],"picked":"SKIP","floor":47},{"not_picked":["Reflex+1","Prepared"],"picked":"Slice+1","floor":48}],"player_experience":202797,"relics_obtained":[{"floor":6.0,"key":"Prayer Wheel"},{"floor":8.0,"key":"MawBank"},{"floor":9.0,"key":"Nunchaku"},{"floor":19.0,"key":"Potion Belt"},{"floor":23.0,"key":"InkBottle"},{"floor":26,"key":"Pen Nib"},{"floor":43,"key":"Letter Opener"},{"floor":44,"key":"Omamori"},{"floor":48,"key":"Dream Catcher"}],"event_choices":[{"damage_healed":0.0,"max_hp_gain":0.0,"max_hp_loss":0.0,"gold_gain":0.0,"event_name":"Golden Idol","player_choice":"Take Wound","floor":2.0,"gold_loss":0.0,"damage_taken":0.0,"relics_obtained":["Golden Idol"],"cards_obtained":["Injury"]},{"damage_healed":0.0,"max_hp_gain":0.0,"max_hp_loss":0.0,"gold_gain":0.0,"event_name":"Scrap Ooze","player_choice":"Success","floor":5.0,"gold_loss":0.0,"damage_taken":12.0,"relics_obtained":["Vajra"]},{"damage_healed":0.0,"max_hp_gain":0.0,"max_hp_loss":0.0,"gold_gain":0.0,"event_name":"FaceTrader","player_choice":"Trade","floor":12.0,"gold_loss":0.0,"damage_taken":0.0,"relics_obtained":["CultistMask"]},{"damage_healed":0.0,"max_hp_gain":0.0,"max_hp_loss":0.0,"gold_gain":200.0,"event_name":"Wheel of Change","player_choice":"Gold","floor":20.0,"gold_loss":0.0,"damage_taken":0.0},{"damage_healed":0.0,"max_hp_gain":0.0,"max_hp_loss":0.0,"gold_gain":0.0,"event_name":"Vampires","player_choice":"Ignored","floor":22.0,"gold_loss":0.0,"damage_taken":0.0},{"damage_healed":0,"gold_gain":0,"player_choice":"Gave Idol","damage_taken":0,"relics_obtained":["Bloody Idol"],"max_hp_gain":0,"max_hp_loss":0,"event_name":"Forgotten Altar","floor":27,"relics_lost":["Golden Idol"],"gold_loss":0},{"cards_removed":["Defend_G"],"damage_healed":0,"gold_gain":0,"player_choice":"Removed Skill","damage_taken":0,"max_hp_gain":0,"max_hp_loss":0,"event_name":"Falling","floor":36,"gold_loss":0},{"damage_healed":0,"gold_gain":0,"player_choice":"Copied","damage_taken":0,"max_hp_gain":0,"max_hp_loss":0,"event_name":"Duplicator","floor":37,"gold_loss":0,"cards_obtained":["Adrenaline"]},{"damage_healed":0,"gold_gain":0,"player_choice":"Gave Potion","damage_taken":0,"relics_obtained":["PreservedInsect"],"max_hp_gain":0,"max_hp_loss":0,"event_name":"WeMeetAgain","floor":41,"gold_loss":0},{"damage_healed":0,"gold_gain":0,"cards_transformed":["Strike_G"],"player_choice":"Transformed","damage_taken":0,"max_hp_gain":0,"max_hp_loss":0,"event_name":"Transmorgrifier","floor":46,"gold_loss":0,"cards_obtained":["Infinite Blades"]}],"is_beta":false,"boss_relics":[{"not_picked":["Busted Crown","Black Star"],"picked":"SacredBark"},{"not_picked":["Sozu","Runic Dome"],"picked":"Philosopher\u0027s Stone"}],"items_purged_floors":[30,38],"is_endless":false,"potions_floor_spawned":[6,10,13,16,24,28,31,35,45,47],"killed_by":"Donu and Deca","ascension_level":10}}