{"host":"rl5ku05escnl5kxo","time":1611295962,"event":{"mods":["Act Like it!","BaseMod","Hallownest","Minty Spire (QoL Compilation)","StSLib","The Bug Knight"],"gold_per_floor":[109,40,60,20,33,33,63,63,63,63,63,80,80,10,10,108,108,122,142,162,72,72,72,116,8,8,8,8],"floor_reached":27,"language":"ENG","playtime":1189,"items_purged":[],"score":211,"play_id":"24d68091-4cb3-463e-9ef4-d12b0173b70a","local_time":"20210121221242","is_ascension_mode":false,"campfire_choices":[{"data":"HollowMod:PureNailStrike","floor":6,"key":"SMITH"},{"data":"HollowMod:SoulSplash","floor":8,"key":"SMITH"},{"data":"HollowMod:SiblingsSouls","floor":10,"key":"SMITH"},{"floor":13,"key":"REST"},{"floor":15,"key":"RECALL"},{"floor":23,"key":"REST"}],"circlet_count":0,"master_deck":["HollowMod:NailStrikeStart","HollowMod:NailStrikeStart","HollowMod:NailStrikeStart","HollowMod:QuickDashStart","HollowMod:QuickDashStart","HollowMod:QuickDashStart","HollowMod:FocusHealStart","HollowMod:PogoStrike","HollowMod:SiblingsSouls+1","HollowMod:PureNailStrike+1","HollowMod:DashSlash","HollowMod:MonomonsArchive","HollowMod:SoulSplash+1","HollowMod:ShadowDash+1","HollowMod:GrimmsGift+1","HollowMod:AwokenDreamNail+1","HollowMod:MantisMark","HollowMod:SoulEater+1","HollowMod:MantisMark","HollowMod:LifebloodCocoon+1","HollowMod:QuirrelsAssistance","HollowMod:PerfectDash"],"relics":["HollowMod:VesselMask","NeowsBlessing","WingedGreaves","Hallownest:DreamNailRelic","Astrolabe","Hallownest:StagBellStandRelic","Art of War"],"acts_visited":["Exordium","Hallownest:Greenpath"],"potions_floor_usage":[16,16,20,24],"damage_taken":[{"damage":0,"enemies":"Hallownest:2_Baldur","floor":1,"turns":1},{"damage":0,"enemies":"2_ Uuma","floor":3,"turns":1},{"damage":0,"enemies":"Hallownest:monsterHuskGuard","floor":5,"turns":1},{"damage":38,"enemies":"Hallownest:eliteCrystalGuardian","floor":7,"turns":7},{"damage":9,"enemies":"Hallownest:Wandering_and_Horned","floor":12,"turns":5},{"damage":60,"enemies":"Hallownest:BossFalseKnight","floor":16,"turns":12},{"damage":28,"enemies":"Hallownest:Flukemon_and_Top","floor":18,"turns":6},{"damage":16,"enemies":"Hallownest:Guard_and_Sentry","floor":19,"turns":6},{"damage":38,"enemies":"Hallownest:Master_and_Novice","floor":20,"turns":5},{"damage":20,"enemies":"Hallownest:Glutton_and_Coward","floor":24,"turns":5},{"damage":20,"enemies":"Hallownest:monsterShrumalOgre","floor":27,"turns":4}],"seed_played":"-5444033753788819863","potions_obtained":[{"floor":1,"key":"Swift Potion"},{"floor":7,"key":"Explosive Potion"},{"floor":18,"key":"PowerPotion"},{"floor":20,"key":"EssenceOfSteel"}],"is_trial":false,"path_per_floor":["M","$","M","$","M","R","E","R","T","R","?","M","R","?","R","B",null,"M","M","M","?","?","R","M","$","T","M"],"character_chosen":"THE_BUGKNIGHT","items_purchased":["HollowMod:PureNailStrike","HollowMod:MonomonsArchive","HollowMod:QuirrelsAssistance","HollowMod:PerfectDash"],"campfire_rested":2,"item_purchase_floors":[2,4,25,25],"current_hp_per_floor":[75,75,75,75,75,75,43,43,43,43,43,37,59,59,59,8,75,53,47,9,9,9,31,17,17,17,0,0],"gold":8,"neow_bonus":"THREE_ENEMY_KILL","is_daily":false,"chose_seed":false,"campfire_upgraded":3,"win_rate":0.0,"timestamp":1611295962,"path_taken":["M","$","?","?","M","R","E","R","T","R","?","?","R","?","R","BOSS","M","M","M","?","?","R","M","$","T","M"],"items_purchased_type":["Card","Card","Card","Card"],"build_version":"2020-12-22","purchased_purges":0,"victory":false,"max_hp_per_floor":[75,75,75,75,75,75,75,75,75,75,75,75,75,75,75,75,75,75,75,75,75,75,75,75,75,75,75,75],"card_choices":[{"not_picked":["HollowMod:GrimmsGift","HollowMod:ShapeofUnn"],"picked":"HollowMod:SiblingsSouls","floor":1},{"not_picked":["HollowMod:SiblingsSouls","HollowMod:SharpenedShadows"],"picked":"HollowMod:DashSlash","floor":3},{"not_picked":["HollowMod:SiblingsSouls","HollowMod:NewJinnsSoul"],"picked":"HollowMod:PaleKingsBlessing","floor":5},{"not_picked":["HollowMod:ShadowDash","HollowMod:FastStrike"],"picked":"HollowMod:SoulSplash","floor":7},{"not_picked":["HollowMod:SoulSplash","HollowMod:BlackTendrils","HollowMod:BrokenVessel"],"picked":"SKIP","floor":12},{"not_picked":["HollowMod:VengefulVoid","HollowMod:SoulShaman"],"picked":"HollowMod:MantisMark","floor":18},{"not_picked":["HollowMod:SiblingsShadow+1","HollowMod:MonarchWings"],"picked":"HollowMod:SoulEater+1","floor":19},{"not_picked":["HollowMod:SiblingsSouls+1","HollowMod:ChannelNail"],"picked":"HollowMod:MantisMark","floor":20},{"not_picked":["HollowMod:CycloneSlash","HollowMod:MonarchWings"],"picked":"HollowMod:LifebloodCocoon+1","floor":24}],"player_experience":513701,"relics_obtained":[{"floor":7,"key":"WingedGreaves"},{"floor":26,"key":"Art of War"}],"event_choices":[],"is_beta":false,"boss_relics":[{"not_picked":["Calling Bell","Black Star"],"picked":"Astrolabe"}],"items_purged_floors":[],"is_endless":false,"potions_floor_spawned":[1,7,18,20],"killed_by":"Hallownest:monsterShrumalOgre","ascension_level":0}}