{"host":"usru02jcpe2a942d","time":1611274683,"event":{"mods":["Act Like it!","Ascension Reborn","BaseMod","Colored Powertips","Downfall","GifTheSpireLib","Highlight Path","Minty Spire (QoL Compilation)","MostiFishMod","Quick Restart","Relic Stats","StSLib","Waifu the Spire","noobMod","óô»ðÖ¸ÄÏ"],"gold_per_floor":[99,112,112,131,151,175,175,216,116,116,139,175,207,229,243,359,359,359,379,499,559,619,449,449,306,486,509,794,854,878,938,958,1080,1080,1080,1102,1122,1247,1307,1367,1452,1464,1584,1620,1520,1580,607,147,170,170],"floor_reached":51,"language":"ZHS","playtime":1405,"items_purged":["hexamod:Strike+1","hexamod:Strike+1","MostiFishMod:Awakening","MostiFishMod:FrostNova+1"],"score":325,"play_id":"e903089c-28a8-4e94-af45-f99d6c543f25","local_time":"20210122081803","is_ascension_mode":true,"campfire_choices":[{"floor":1,"key":"RECALL"},{"data":"Eruption","floor":9,"key":"SMITH"},{"data":"hexamod:Incineration","floor":18,"key":"SMITH"},{"data":"hexamod:HeatCrush","floor":35,"key":"SMITH"},{"data":"RitualDagger","floor":45,"key":"SMITH"}],"circlet_count":0,"master_deck":["hexamod:Strike+1","hexamod:Strike+1","hexamod:Defend+1","hexamod:Defend+1","hexamod:Defend+1","hexamod:Defend+1","hexamod:Sear+1","hexamod:Float+1","Eruption+1","MostiFishMod:WinterMarkForm+1","hexamod:BacktrackSmack+1","hexamod:SwordOfDarkness+1","hexamod:EtherealExpedition+1","hexamod:Incineration+1","hexamod:ExtraCrispy+1","hexamod:FlamesFromBeyond+1","hexamod:SpectralAdrenaline+1","hexamod:HeatCrush+1","RitualDagger+1","hexamod:TimeWarp","hexamod:SkipABeat+1","hexamod:HeatMetal+1","hexamod:Rewind+1","hexamod:PhantomCloak+1","MostiFishMod:JungleRules"],"relics":["DaveBox","ice","Jackal-EndForJourney","FrostBlade","Gremlin Horn","MealTicket","Anchor","Vajra","downfall:HeartBlessingRed","Juzu Bracelet","Boot","Oddly Smooth Stone","Mango","ExusiaiGun","downfall:CloakOfManyFaces","CultistMask","FaceOfCleric","NlothsMask","GremlinMask","SsserpentHead","Technique","Incense Burner","downfall:GremlinWheel","Ancient Tea Set","hexamod:SoulConsumer","SentryEyes","Philosopher\u0027s Stone","StoneCalendar","DianDianMeat","Du-Vu Doll","hexamod:CandleOfCauterizing","ArrowTower","Happy Flower","downfall:HeartBlessingBlue","Orichalcum","Meat on the Bone","BirthdayGift-Icosahedron","Omamori","Torii","SynthV:C4","Medical Kit"],"acts_visited":["Exordium","TheCity","TheBeyond"],"potions_floor_usage":[5,16,16,19,26,28,28,28,33,33,33,38,44,44,50],"damage_taken":[{"damage":0,"enemies":"Jaw Worm","floor":2,"turns":1},{"damage":0,"enemies":"Cultist","floor":4,"turns":2},{"damage":0,"enemies":"2 Louse","floor":5,"turns":1},{"damage":0,"enemies":"Exordium Wildlife","floor":6,"turns":1},{"damage":0,"enemies":"Gremlin Nob","floor":8,"turns":1},{"damage":0,"enemies":"Red Slaver","floor":11,"turns":1},{"damage":0,"enemies":"Large Slime","floor":14,"turns":3},{"damage":0,"enemies":"Lots of Slimes","floor":15,"turns":1},{"damage":0,"enemies":"SI_SHIV_ARCHETYPE","floor":16,"turns":2},{"damage":0,"enemies":"Shell Parasite","floor":19,"turns":1},{"damage":0,"enemies":"downfall:FaceTrader","floor":20,"turns":1},{"damage":0,"enemies":"downfall:FaceTrader","floor":26,"turns":1},{"damage":0,"enemies":"Shelled Parasite and Fungi","floor":27,"turns":1},{"damage":0,"enemies":"downfall:FleeingMerchant","floor":28,"turns":2},{"damage":5,"enemies":"Centurion and Healer","floor":30,"turns":2},{"damage":0,"enemies":"3 Cultists","floor":32,"turns":1},{"damage":0,"enemies":"IC_MUSHROOM_ARCHETYPE","floor":33,"turns":1},{"damage":0,"enemies":"3 Shapes","floor":36,"turns":1},{"damage":0,"enemies":"Orb Walker","floor":37,"turns":1},{"damage":0,"enemies":"2 Orb Walkers","floor":38,"turns":1},{"damage":0,"enemies":"Maw","floor":42,"turns":1},{"damage":0,"enemies":"Maw","floor":43,"turns":1},{"damage":0,"enemies":"Nemesis","floor":44,"turns":1},{"damage":0,"enemies":"Sphere and 2 Shapes","floor":49,"turns":1},{"damage":0,"enemies":"DF_ARCHETYPE_ORBS","floor":50,"turns":1}],"seed_played":"-7607818643853032594","potions_obtained":[{"floor":2,"key":"Dexterity Potion"},{"floor":4,"key":"Fire Potion"},{"floor":4,"key":"Fire Potion"},{"floor":5,"key":"DuplicationPotion"},{"floor":6,"key":"ColorlessPotion"},{"floor":15,"key":"AttackPotion"},{"floor":16,"key":"Fire Potion"},{"floor":16,"key":"Explosive Potion"},{"floor":19,"key":"Ancient Potion"},{"floor":22,"key":"PowerPotion"},{"floor":26,"key":"SteroidPotion"},{"floor":28,"key":"Fire Potion"},{"floor":30,"key":"Fire Potion"},{"floor":32,"key":"EssenceOfSteel"},{"floor":32,"key":"Dexterity Potion"},{"floor":33,"key":"Fire Potion"},{"floor":33,"key":"Ancient Potion"},{"floor":36,"key":"Guardian:BlockOnCardUsePotion"},{"floor":38,"key":"ColorlessPotion"},{"floor":38,"key":"Fire Potion"},{"floor":44,"key":"hexamod:EctoCoolerPotion"},{"floor":49,"key":"DuplicationPotion"}],"is_trial":false,"path_per_floor":["R","M","?","M","M","M","T","E","R","?","M","?","T","M","M","B",null,"R","M","?","?","?","R","T","R","?","M","$","?","M","?","M","B",null,"R","M","M","?","?","?","T","M","?","E","R","?","R","$","M","B",null],"character_chosen":"THE_SPIRIT","items_purchased":["Technique","MostiFishMod:Awakening","BirthdayGift-Icosahedron","Omamori","Torii","SynthV:C4","Medical Kit","MostiFishMod:JungleRules"],"campfire_rested":0,"item_purchase_floors":[23,25,47,47,47,48,48,48],"current_hp_per_floor":[77,77,77,77,77,77,77,77,77,77,77,77,77,77,77,98,98,98,98,98,98,98,98,98,98,99,100,101,101,97,91,92,103,111,111,112,113,115,115,115,115,118,119,120,130,130,130,133,134,142],"gold":170,"neow_bonus":"BOSS_RELIC","is_daily":false,"chose_seed":false,"campfire_upgraded":4,"win_rate":0.0,"timestamp":1611274683,"path_taken":["R","M","?","M","?","M","T","E","R","?","M","?","?","M","M","BOSS","R","M","?","?","?","R","T","R","?","M","$","?","M","?","M","BOSS","R","M","M","?","?","?","T","M","?","E","R","?","R","$","M","BOSS"],"items_purchased_type":["Relic","Card","Relic","Relic","Relic","Relic","Relic","Card"],"build_version":"2020-12-22","purchased_purges":4,"victory":true,"max_hp_per_floor":[77,77,77,77,77,77,77,77,77,77,77,77,77,77,77,98,98,98,98,98,98,98,98,98,98,99,100,101,101,102,102,103,111,111,111,112,113,115,115,115,115,118,119,120,130,130,130,133,134,142],"relic_stats":{"Gremlin Horn":[11,11],"Happy Flower":[0],"Torii":0,"counters":[25,31],"StoneCalendar":[0],"Juzu Bracelet":3,"Orichalcum":[0],"Boot":[9],"Medical Kit":[0],"SsserpentHead":600,"FaceOfCleric":14,"MealTicket":0,"obtain_stats":[{"DaveBox":0,"Gremlin Horn":5,"Torii":47,"Vajra":8,"Mango":16,"GremlinMask":20,"StoneCalendar":36,"ice":0,"Juzu Bracelet":12,"ExusiaiGun":17,"Incense Burner":24,"BirthdayGift-Icosahedron":47,"Boot":13,"Ancient Tea Set":27,"SynthV:C4":48,"SsserpentHead":20,"downfall:GremlinWheel":26,"FaceOfCleric":20,"downfall:HeartBlessingBlue":45,"MealTicket":6,"Philosopher\u0027s Stone":34,"downfall:CloakOfManyFaces":20,"Jackal-EndForJourney":0,"hexamod:SpiritBrand":0,"DianDianMeat":38,"hexamod:CandleOfCauterizing":41,"downfall:HeartBlessingRed":9,"Happy Flower":44,"Oddly Smooth Stone":13,"Omamori":47,"Orichalcum":46,"Medical Kit":48,"FrostBlade":0,"Du-Vu Doll":41,"Anchor":7,"SentryEyes":33,"CultistMask":20,"Technique":23,"hexamod:SoulConsumer":30,"ArrowTower":43,"NlothsMask":20,"Meat on the Bone":46},{"DaveBox":0,"Gremlin Horn":3,"Torii":23,"Vajra":5,"Mango":9,"GremlinMask":11,"StoneCalendar":18,"ice":0,"Juzu Bracelet":6,"ExusiaiGun":9,"Incense Burner":11,"BirthdayGift-Icosahedron":23,"Boot":6,"Ancient Tea Set":13,"SynthV:C4":23,"SsserpentHead":11,"downfall:GremlinWheel":12,"FaceOfCleric":11,"downfall:HeartBlessingBlue":23,"MealTicket":4,"Philosopher\u0027s Stone":17,"downfall:CloakOfManyFaces":11,"Jackal-EndForJourney":0,"hexamod:SpiritBrand":0,"DianDianMeat":20,"hexamod:CandleOfCauterizing":20,"downfall:HeartBlessingRed":5,"Happy Flower":23,"Oddly Smooth Stone":6,"Omamori":23,"Orichalcum":23,"Medical Kit":23,"FrostBlade":0,"Du-Vu Doll":20,"Anchor":4,"SentryEyes":17,"CultistMask":11,"Technique":11,"hexamod:SoulConsumer":15,"ArrowTower":22,"NlothsMask":11,"Meat on the Bone":23},{"DaveBox":0,"Gremlin Horn":4,"Torii":29,"Vajra":6,"Mango":13,"GremlinMask":15,"StoneCalendar":24,"ice":0,"Juzu Bracelet":7,"ExusiaiGun":13,"Incense Burner":15,"BirthdayGift-Icosahedron":29,"Boot":7,"Ancient Tea Set":17,"SynthV:C4":29,"SsserpentHead":15,"downfall:GremlinWheel":16,"FaceOfCleric":15,"downfall:HeartBlessingBlue":29,"MealTicket":5,"Philosopher\u0027s Stone":23,"downfall:CloakOfManyFaces":15,"Jackal-EndForJourney":0,"hexamod:SpiritBrand":0,"DianDianMeat":26,"hexamod:CandleOfCauterizing":26,"downfall:HeartBlessingRed":6,"Happy Flower":29,"Oddly Smooth Stone":7,"Omamori":29,"Orichalcum":29,"Medical Kit":29,"FrostBlade":0,"Du-Vu Doll":26,"Anchor":5,"SentryEyes":23,"CultistMask":15,"Technique":15,"hexamod:SoulConsumer":21,"ArrowTower":28,"NlothsMask":15,"Meat on the Bone":29}],"Meat on the Bone":0},"card_choices":[{"not_picked":["hexamod:FlamesFromBeyond+1","hexamod:BurningTouch"],"picked":"hexamod:BacktrackSmack+1","floor":2},{"not_picked":["hexamod:AdvancingGuard","hexamod:ExtraCrispy"],"picked":"hexamod:SwordOfDarkness","floor":4},{"not_picked":["hexamod:SecondSeal","hexamod:SwordOfDarkness","hexamod:ChargedBarrage+1"],"picked":"SKIP","floor":5},{"not_picked":["hexamod:NightmareGuise","hexamod:NightmareStrike","hexamod:GhostLash"],"picked":"SKIP","floor":6},{"not_picked":["hexamod:SearingWound","hexamod:TurnItUp"],"picked":"hexamod:EtherealExpedition+1","floor":8},{"not_picked":["hexamod:ChargedBarrage","hexamod:SixthSeal","hexamod:SpectersWail"],"picked":"SKIP","floor":8},{"not_picked":["hexamod:NightmareGuise+1","hexamod:ThermalTransfer+1","hexamod:SuperheatedStrike"],"picked":"SKIP","floor":11},{"not_picked":["hexamod:GhostOfSpirePast","hexamod:GhostLash"],"picked":"hexamod:Incineration","floor":14},{"not_picked":["hexamod:RadiantFlame","hexamod:GhostShield","hexamod:FastForward"],"picked":"SKIP","floor":15},{"not_picked":["hexamod:HauntingEcho+1","hexamod:GhostShield"],"picked":"hexamod:ExtraCrispy+1","floor":19},{"not_picked":["hexamod:SpectersWail","hexamod:RetreatToShadows"],"picked":"hexamod:FlamesFromBeyond+1","floor":20},{"not_picked":["hexamod:BacktrackSmack+1","hexamod:FastForward+1"],"picked":"hexamod:SpectralAdrenaline+1","floor":27},{"not_picked":["hexamod:PhantomFireball+1","hexamod:AdvancingGuard+1"],"picked":"hexamod:HeatCrush","floor":28},{"not_picked":["hexamod:SwordOfDarkness+1","hexamod:InspiringFlames","hexamod:ThirdSeal"],"picked":"SKIP","floor":30},{"not_picked":["hexamod:FifthSeal","hexamod:GhostOfSpirePast+1","hexamod:ChargedBarrage+1"],"picked":"SKIP","floor":32},{"not_picked":["hexamod:SearingWound","hexamod:HexaLevel"],"picked":"hexamod:TimeWarp","floor":33},{"not_picked":["hexamod:Hexaguard+1","hexamod:SecondSeal"],"picked":"hexamod:SkipABeat+1","floor":36},{"not_picked":["hexamod:FlamesFromBeyond+1","hexamod:StepThrough"],"picked":"hexamod:HeatMetal+1","floor":37},{"not_picked":["hexamod:SuperheatedStrike+1","hexamod:GhostShield+1"],"picked":"hexamod:Rewind+1","floor":38},{"not_picked":["hexamod:SuperheatedStrike+1","hexamod:FirstSeal"],"picked":"hexamod:PhantomCloak+1","floor":42},{"not_picked":["hexamod:NightmareGuise","hexamod:InspiringFlames","hexamod:FastForward+1"],"picked":"SKIP","floor":44},{"not_picked":["hexamod:PhantomFireball+1","hexamod:DynamicBlow","hexamod:HauntingEcho+1"],"picked":"SKIP","floor":49}],"player_experience":307396,"relics_obtained":[{"floor":5,"key":"Gremlin Horn"},{"floor":6,"key":"MealTicket"},{"floor":7,"key":"Anchor"},{"floor":8,"key":"Vajra"},{"floor":13,"key":"Boot"},{"floor":13,"key":"Oddly Smooth Stone"},{"floor":16,"key":"Mango"},{"floor":20,"key":"downfall:CloakOfManyFaces"},{"floor":24,"key":"Incense Burner"},{"floor":26,"key":"downfall:GremlinWheel"},{"floor":27,"key":"Ancient Tea Set"},{"floor":30,"key":"hexamod:SoulConsumer"},{"floor":33,"key":"SentryEyes"},{"floor":36,"key":"StoneCalendar"},{"floor":38,"key":"DianDianMeat"},{"floor":41,"key":"Du-Vu Doll"},{"floor":41,"key":"hexamod:CandleOfCauterizing"},{"floor":43,"key":"ArrowTower"},{"floor":44,"key":"Happy Flower"},{"floor":46,"key":"Orichalcum"},{"floor":46,"key":"Meat on the Bone"}],"event_choices":[{"damage_healed":0,"gold_gain":0,"player_choice":"Forge","damage_taken":0,"max_hp_gain":0,"max_hp_loss":0,"event_name":"Accursed Blacksmith","floor":3,"gold_loss":0,"cards_upgraded":["MostiFishMod:WinterMarkForm"]},{"damage_healed":0,"gold_gain":0,"player_choice":"Got Potions","damage_taken":0,"max_hp_gain":0,"max_hp_loss":0,"event_name":"Lab","floor":22,"gold_loss":0},{"damage_healed":0,"gold_gain":0,"player_choice":"Fight","damage_taken":0,"max_hp_gain":0,"max_hp_loss":0,"event_name":"Mysterious Sphere","floor":38,"gold_loss":0}],"is_beta":false,"boss_relics":[{"not_picked":["BloodWine","Runic Dome"],"picked":"ExusiaiGun"},{"not_picked":["MoonlightInvasionPlan","xbg"],"picked":"Philosopher\u0027s Stone"}],"items_purged_floors":[23,28,47,48],"is_endless":false,"potions_floor_spawned":[4,11,14,16,27,32,33,38,42,49],"ascension_level":-20}}