{"host":"jjzrg36ys1naar41","time":1611312628,"event":{"mods":["Astrologer","Bard","Bartender","BaseMod","Beaked The Cultist","Better Note","Chen","Downfall","Duelist Mod","Friendly Minions","Hermit","Hero for Fun","Highlight Path","Jorbs\u0027s Wanderer Trilogy","KinomotoSakuraMod(????)","Kiyohime????","Koishi","KomeijiMod","Lobotomy","LobotomyExtend","Mad Scientist","Marisa????????","Minty Spire (QoL Compilation)","Prisma Mod","Reimu??????","Relic Stats","Remilia??????","Robot Space Explorer","SOS???????","Somnambulant","StSLib","Td1madao Mod","The Administrix","The Animator","The Blackbeard","The Bug Knight","The Construct","The Cursed","The Disciple","The Elementalist","The Exalted","The Forsaken","The Gatherer","The Hierophant","The Marked","The Mystic","The Necromancer","The Poker Player","The Problem Sleuth","The Runesmith","The Senshi","The Servant 0.9.4","The Wild Card","TheBandit","WarShipGirlsR/????R mod","Yohane!","Youmu??????","Yuri Mod","Yuyuko"],"gold_per_floor":[115,115,131,99065,99076,99076,98256,98274,98347,98365,98385,97644,97662,97682,97682,97787,97787,97800,97005,97019,97034,97049,97080,97080,97080,97131,97131,97131,97146,97163,97196,97196,97300,97300,97312,96427,96427,96427,96427,96427,96453,96469,96492,96519,95900,95919,95919,95919,95919,95919,95919,95919,94934,94967,94967],"floor_reached":56,"language":"ENG","playtime":6606,"items_purged":["PrismaMod:IllyaCommonDefend","PrismaMod:IllyaCommonDefend","PrismaMod:IllyaCommonAttack","PrismaMod:IllyaCommonAttack","PrismaMod:IllyaInstallRuler","Confused","theForsaken:PlagueCurse"],"score":1389,"play_id":"426255be-994e-4a29-9488-30633a5b94b7","local_time":"20210122055028","is_ascension_mode":false,"campfire_choices":[{"floor":6,"key":"RECALL"},{"data":"Apotheosis","floor":15,"key":"SMITH"},{"data":"PrismaMod:IllyaUberPoisonChannel","floor":24,"key":"SMITH"},{"data":"PrismaMod:IllyaPoisonTippedWeapons","floor":28,"key":"SMITH"},{"floor":32,"key":"REST"},{"data":"PrismaMod:IllyaRubysPotion","floor":40,"key":"SMITH"},{"data":"PrismaMod:IllyaRubysPotion","floor":49,"key":"SMITH"},{"data":"PrismaMod:IllyaCheapChannelPoison","floor":52,"key":"SMITH"}],"circlet_count":0,"master_deck":["PrismaMod:IllyaCommonDefend","PrismaMod:IllyaCommonAttack","PrismaMod:IllyaCommonDefend","PrismaMod:IllyaCommonAttack","PrismaMod:IllyaCommonDefend","PrismaMod:IllyaCommonAttack","PrismaMod:IllyaUncommonAttack","PrismaMod:IllyaUncommonDefend","Good Instincts","PrismaMod:IllyaFriendMaker","PrismaMod:IllyaCommonAttack","PrismaMod:IllyaHassanGift","PrismaMod:IllyaHassanGift","PrismaMod:IllyaPoisonTippedWeapons","PrismaMod:IllyaBride","PrismaMod:IllyaDetonatingBlow","PrismaMod:IllyaStunPoison","PrismaMod:IllyaPoisonBomb","Apotheosis+1","PrismaMod:IllyaStunPoison","PrismaMod:IllyaBride","PrismaMod:IllyaPoisonTippedWeapons","PrismaMod:IllyaPoisonTippedWeapons+1","PrismaMod:IllyaUberPoisonChannel+1","PrismaMod:IllyaRubysPotion","PrismaMod:IllyaCheapChannelPoison+1","PrismaMod:IllyaRubysPotion+1","PrismaMod:IllyaRubysPotion","PrismaMod:IllyaPoisonBlock","PrismaMod:IllyaPoisoningPhantasm+1","PrismaMod:IllyaUberPoisonBlock","PrismaMod:IllyaCheapDefend","PrismaMod:IllyaCarnivalPrismaAstolfo","PrismaMod:IllyaFeed+1","PrismaMod:IllyaStunPoison+1","PrismaMod:IllyaRubysPotion+1","Bandage Up","PrismaMod:IllyaStunPoison+1"],"relics":["PrismaMod:PrismaRuby","Bromod:ArcanePulse","Torii","Blue Candle","Bromod:ArcaneMomentum","InkBottle","construct:FoamFinger","Regal Pillow","Black Star","Molten Egg 2","Happy Flower","Cauldron","Bromod:ArcaneNullifier","White_Cape","Gremlin Horn","Eternal Feather","CaptainsWheel","RedLine:ReiMu","Juzu Bracelet","Blood Vial","Strange Spoon","theForsaken:PlagueMask","Toy Ornithopter","Bromod:ArcanePistoleer","ScarletDevilRocket","Pen Nib","Kunai","Art of War","Frozen Eye","TungstenRod","Mummified Hand","Sling","Gambling Chip","theForsaken:HumbleEgg"],"acts_visited":["Exordium","TheCity","TheBeyond","TheEnding"],"potions_floor_usage":[5,8,11,13,16,16,16,20,20,20,22,23,41,44,44,50,54,55],"damage_taken":[{"damage":0,"enemies":"2 Louse","floor":1,"turns":3},{"damage":0,"enemies":"Cultist","floor":3,"turns":3},{"damage":0,"enemies":"Jaw Worm","floor":5,"turns":1},{"damage":1,"enemies":"2 Fungi Beasts","floor":8,"turns":4},{"damage":0,"enemies":"Looter","floor":10,"turns":3},{"damage":10,"enemies":"Large Slime","floor":11,"turns":6},{"damage":0,"enemies":"Lots of Slimes","floor":13,"turns":2},{"damage":23,"enemies":"Exordium Wildlife","floor":14,"turns":5},{"damage":23,"enemies":"Slime Boss","floor":16,"turns":9},{"damage":25,"enemies":"3 Byrds","floor":18,"turns":6},{"damage":20,"enemies":"Shell Parasite","floor":20,"turns":5},{"damage":36,"enemies":"Snake Plant","floor":21,"turns":4},{"damage":1,"enemies":"Centurion and Healer","floor":22,"turns":6},{"damage":5,"enemies":"Book of Stabbing","floor":23,"turns":6},{"damage":0,"enemies":"Snecko","floor":29,"turns":3},{"damage":16,"enemies":"Snake Plant","floor":30,"turns":5},{"damage":64,"enemies":"Slavers","floor":31,"turns":8},{"damage":32,"enemies":"Collector","floor":33,"turns":7},{"damage":10,"enemies":"Orb Walker","floor":35,"turns":4},{"damage":60,"enemies":"Nemesis","floor":41,"turns":7},{"damage":26,"enemies":"3 Darklings","floor":42,"turns":5},{"damage":55,"enemies":"Giant Head","floor":44,"turns":9},{"damage":22,"enemies":"Writhing Mass","floor":46,"turns":5},{"damage":97,"enemies":"Time Eater","floor":50,"turns":11},{"damage":55,"enemies":"Shield and Spear","floor":54,"turns":6},{"damage":91,"enemies":"The Heart","floor":55,"turns":8}],"seed_played":"4111677082885563696","potions_obtained":[{"floor":3,"key":"Strength Potion"},{"floor":10,"key":"Explosive Potion"},{"floor":13,"key":"LiquidBronze"},{"floor":14,"key":"Fruit Juice"},{"floor":19,"key":"Guardian:BlockOnCardUsePotion"},{"floor":19,"key":"Guardian:BlockOnCardUsePotion"},{"floor":21,"key":"Guardian:BlockOnCardUsePotion"},{"floor":22,"key":"Weak Potion"},{"floor":31,"key":"LiquidMemories"},{"floor":33,"key":"BlessingOfTheForge"},{"floor":35,"key":"LiquidMemories"},{"floor":42,"key":"Swift Potion"}],"is_trial":false,"path_per_floor":["M","?","M","$","M","R","$","M","T","M","M","$","M","M","R","B",null,"M","$","M","M","M","E","R","?","T","T","R","M","M","E","R","B",null,"M","$","?","?","?","R","E","M","T","E","$","M","?","?","R","B",null,"R","$","E","B",null],"character_chosen":"ILLYA","items_purchased":["PrismaMod:IllyaPoisonTippedWeapons","PrismaMod:IllyaBride","PrismaMod:IllyaDetonatingBlow","Bromod:ArcanePulse","Torii","CultistPotion","Fire Potion","PrismaMod:IllyaPoisonBomb","Apotheosis","Blue Candle","Bromod:ArcaneMomentum","Explosive Potion","construct:FoamFinger","Regal Pillow","PrismaMod:IllyaPoisonTippedWeapons","PrismaMod:IllyaUberPoisonChannel","MagicPotion:ReiMu","PrismaMod:IllyaRubysPotion","Molten Egg 2","Happy Flower","Cauldron","Energy Potion","PrismaMod:IllyaStunPoison+1","PrismaMod:IllyaRubysPotion","Bandage Up","Juzu Bracelet","Blood Vial","Strange Spoon","Guardian:BlockOnCardUsePotion","Art of War","Frozen Eye","Guardian:BlockOnCardUsePotion","Fire Potion","TungstenRod","Mummified Hand","Sling","ZuzhouPotion:ReiMu"],"campfire_rested":1,"item_purchase_floors":[4,4,4,4,4,4,4,7,7,7,7,7,12,12,12,12,12,19,19,19,19,19,36,36,36,36,36,36,36,45,45,45,45,53,53,53,53],"current_hp_per_floor":[75,75,75,75,75,75,75,74,74,74,64,64,64,41,41,30,80,61,61,47,29,46,59,59,59,59,59,59,59,61,15,74,60,80,76,76,76,76,76,76,28,43,43,62,62,74,74,74,76,32,76,76,76,61,39],"gold":94967,"neow_bonus":"RANDOM_COLORLESS","is_daily":false,"chose_seed":false,"campfire_upgraded":6,"win_rate":0.0,"timestamp":1611312628,"path_taken":["M","?","M","$","?","R","$","M","T","?","M","$","M","M","R","BOSS","M","$","M","M","?","E","R","?","T","?","R","M","M","E","R","BOSS","M","$","?","?","?","R","E","M","T","E","$","M","?","?","R","BOSS","R","$","E","BOSS"],"items_purchased_type":["Card","Card","Card","Relic","Relic","Potion","Potion","Card","Card","Relic","Relic","Potion","Relic","Relic","Card","Card","Potion","Card","Relic","Relic","Relic","Potion","Card","Card","Card","Relic","Relic","Relic","Potion","Relic","Relic","Potion","Potion","Relic","Relic","Relic","Potion"],"build_version":"2020-12-22","purchased_purges":7,"victory":true,"max_hp_per_floor":[75,75,75,75,75,75,75,75,75,75,75,75,75,75,75,80,80,80,80,80,80,80,80,80,80,80,80,80,80,80,80,80,80,80,80,80,80,76,76,76,76,76,76,76,76,76,76,76,76,76,76,76,76,79,79],"relic_stats":{"Regal Pillow":15,"Torii":93,"Happy Flower":[33],"Gremlin Horn":[7,7],"counters":[26,141],"Blue Candle":[6],"Eternal Feather":21,"Pen Nib":[4],"Juzu Bracelet":1,"Blood Vial":12,"Strange Spoon":[37],"Mummified Hand":[6],"Gambling Chip":[5],"Black Star":5,"Art of War":[5],"Kunai":[5],"obtain_stats":[{"Regal Pillow":12,"construct:FoamFinger":12,"ScarletDevilRocket":43,"Bromod:ArcanePulse":4,"Torii":4,"Bromod:ArcaneNullifier":23,"Gremlin Horn":27,"Bromod:ArcanePistoleer":41,"Juzu Bracelet":36,"White_Cape":23,"theForsaken:PlagueMask":37,"Sling":53,"RedLine:ReiMu":34,"Blood Vial":36,"PrismaMod:PrismaRuby":0,"Frozen Eye":45,"theForsaken:HumbleEgg":54,"Mummified Hand":53,"Gambling Chip":54,"Kunai":44,"InkBottle":9,"Happy Flower":19,"Blue Candle":7,"Eternal Feather":31,"Pen Nib":44,"Bromod:ArcaneMomentum":7,"Cauldron":19,"Strange Spoon":36,"CaptainsWheel":31,"Molten Egg 2":19,"Black Star":17,"Art of War":45,"Toy Ornithopter":41,"TungstenRod":53},{"Regal Pillow":6,"construct:FoamFinger":6,"ScarletDevilRocket":21,"Bromod:ArcanePulse":2,"Torii":2,"Bromod:ArcaneNullifier":14,"Gremlin Horn":14,"Bromod:ArcanePistoleer":20,"Juzu Bracelet":19,"White_Cape":14,"theForsaken:PlagueMask":19,"Sling":24,"RedLine:ReiMu":18,"Blood Vial":19,"PrismaMod:PrismaRuby":0,"Frozen Eye":22,"theForsaken:HumbleEgg":25,"Mummified Hand":24,"Gambling Chip":25,"Kunai":22,"InkBottle":4,"Happy Flower":10,"Blue Candle":3,"Eternal Feather":17,"Pen Nib":22,"Bromod:ArcaneMomentum":3,"Cauldron":10,"Strange Spoon":19,"CaptainsWheel":17,"Molten Egg 2":10,"Black Star":9,"Art of War":22,"Toy Ornithopter":20,"TungstenRod":24},{"Regal Pillow":20,"construct:FoamFinger":20,"ScarletDevilRocket":102,"Bromod:ArcanePulse":6,"Torii":6,"Bromod:ArcaneNullifier":63,"Gremlin Horn":63,"Bromod:ArcanePistoleer":97,"Juzu Bracelet":90,"White_Cape":63,"theForsaken:PlagueMask":90,"Sling":127,"RedLine:ReiMu":86,"Blood Vial":90,"PrismaMod:PrismaRuby":0,"Frozen Eye":111,"theForsaken:HumbleEgg":133,"Mummified Hand":127,"Gambling Chip":133,"Kunai":111,"InkBottle":11,"Happy Flower":42,"Blue Candle":7,"Eternal Feather":79,"Pen Nib":111,"Bromod:ArcaneMomentum":7,"Cauldron":42,"Strange Spoon":90,"CaptainsWheel":79,"Molten Egg 2":42,"Black Star":36,"Art of War":111,"Toy Ornithopter":97,"TungstenRod":127}],"InkBottle":[48],"Toy Ornithopter":26,"TungstenRod":47},"card_choices":[{"not_picked":["Purity","Madness"],"picked":"Good Instincts","floor":0},{"not_picked":["PrismaMod:IllyaUncommonEvoke","PrismaMod:IllyaGrailKun"],"picked":"PrismaMod:IllyaFriendMaker","floor":1},{"not_picked":["PrismaMod:IllyaPartialInstallAssassin","PrismaMod:IllyaUpgradeOrbs"],"picked":"PrismaMod:IllyaHassanGift","floor":3},{"not_picked":["PrismaMod:IllyaFriendMaker","PrismaMod:IllyaRubysPotion"],"picked":"PrismaMod:IllyaStunPoison","floor":5},{"not_picked":["PrismaMod:IllyaCheapDefend","PrismaMod:IllyaDetonatingBlow"],"picked":"PrismaMod:IllyaStunPoison","floor":8},{"not_picked":["PrismaMod:IllyaCheapChannelDefend","PrismaMod:IllyaUberChannel"],"picked":"PrismaMod:IllyaBride","floor":10},{"not_picked":["PrismaMod:IllyaCheapAttack","PrismaMod:IllyaCheapChannelAttack"],"picked":"PrismaMod:IllyaPoisonTippedWeapons","floor":11},{"not_picked":["PrismaMod:IllyaCheapChannelDefend","PrismaMod:IllyaInstallShielder","PrismaMod:IllyaCommonEvoke"],"picked":"SKIP","floor":13},{"not_picked":["PrismaMod:IllyaRapidFire","PrismaMod:IllyaGun"],"picked":"PrismaMod:IllyaRubysPotion","floor":14},{"not_picked":["PrismaMod:IllyaCarnivalDefend","PrismaMod:IllyaZwei"],"picked":"PrismaMod:IllyaInstallRuler","floor":16},{"not_picked":["PrismaMod:IllyaEvokeAll","PrismaMod:IllyaUncommonEvoke"],"picked":"PrismaMod:IllyaCheapChannelPoison","floor":18},{"not_picked":["PrismaMod:IllyaHassanGift","PrismaMod:IllyaAOECommonAttack+1"],"picked":"PrismaMod:IllyaRubysPotion","floor":20},{"not_picked":["PrismaMod:IllyaAssassinRevenge","PrismaMod:IllyaCheapAttack+1"],"picked":"PrismaMod:IllyaPoisonBlock","floor":21},{"not_picked":["PrismaMod:IllyaCheapChannelDefend","PrismaMod:IllyaCommandSeal"],"picked":"PrismaMod:IllyaPoisoningPhantasm+1","floor":22},{"not_picked":["PrismaMod:IllyaCommonEvoke+1","PrismaMod:IllyaCheapChannelAttack"],"picked":"PrismaMod:IllyaUberPoisonBlock","floor":23},{"not_picked":["PrismaMod:IllyaBerserCAR+1","PrismaMod:IllyaDualEvoke+1"],"picked":"PrismaMod:IllyaCheapDefend","floor":29},{"not_picked":["PrismaMod:IllyaUberDefendChannel","PrismaMod:IllyaGun+1","PrismaMod:IllyaDualEvoke+1"],"picked":"SKIP","floor":30},{"not_picked":["PrismaMod:IllyaUpgradeOrbs","PrismaMod:IllyaInstallAvenger","PrismaMod:IllyaDualEvoke+1"],"picked":"SKIP","floor":31},{"not_picked":["PrismaMod:IllyaCarnivalOrbs","PrismaMod:IllyaInstallSaber"],"picked":"PrismaMod:IllyaCarnivalPrismaAstolfo","floor":33},{"not_picked":["PrismaMod:IllyaBride","PrismaMod:IllyaMaid+1"],"picked":"PrismaMod:IllyaFeed+1","floor":35},{"not_picked":["PrismaMod:IllyaAlice","PrismaMod:IllyaUberPoisonBlock","PrismaMod:IllyaCheapChannelAttack+1"],"picked":"SKIP","floor":41},{"not_picked":["PrismaMod:IllyaMinorReinForce+1","PrismaMod:IllyaCheapChannelAttack+1","PrismaMod:IllyaAlice"],"picked":"SKIP","floor":42},{"not_picked":["PrismaMod:IllyaHassanGift","PrismaMod:IllyaUberDefendChannel","PrismaMod:IllyaCommonEvoke+1"],"picked":"SKIP","floor":44},{"not_picked":["PrismaMod:IllyaUpgradeOrbs+1","PrismaMod:IllyaMinorZwei","PrismaMod:IllyaSaphire"],"picked":"SKIP","floor":46},{"not_picked":["PrismaMod:IllyaTestament+1","PrismaMod:IllyaMinorRapidFire+1"],"picked":"PrismaMod:IllyaStunPoison+1","floor":54}],"player_experience":162761,"relics_obtained":[{"floor":9,"key":"InkBottle"},{"floor":23,"key":"Bromod:ArcaneNullifier"},{"floor":23,"key":"White_Cape"},{"floor":27,"key":"Gremlin Horn"},{"floor":31,"key":"Eternal Feather"},{"floor":31,"key":"CaptainsWheel"},{"floor":41,"key":"Toy Ornithopter"},{"floor":41,"key":"Bromod:ArcanePistoleer"},{"floor":43,"key":"ScarletDevilRocket"},{"floor":44,"key":"Pen Nib"},{"floor":44,"key":"Kunai"},{"floor":54,"key":"Gambling Chip"},{"floor":54,"key":"theForsaken:HumbleEgg"}],"event_choices":[{"damage_healed":0,"gold_gain":0,"player_choice":"2 cards matched","damage_taken":0,"max_hp_gain":0,"max_hp_loss":0,"event_name":"Match and Keep!","floor":2,"gold_loss":0,"cards_obtained":["PrismaMod:IllyaCommonAttack","PrismaMod:IllyaHassanGift"]},{"damage_healed":0,"gold_gain":0,"player_choice":"Ignored","damage_taken":0,"max_hp_gain":0,"max_hp_loss":0,"event_name":"betterNote:BetterNote","floor":25,"gold_loss":0,"cards_obtained":["Armaments"]},{"damage_healed":0,"gold_gain":0,"player_choice":"Obtain Plague Curse","damage_taken":0,"max_hp_gain":0,"max_hp_loss":0,"event_name":"Plague Doctor","floor":37,"gold_loss":0,"cards_obtained":["theForsaken:PlagueCurse"]},{"damage_healed":0,"gold_gain":0,"player_choice":"Max HP","damage_taken":0,"max_hp_gain":0,"max_hp_loss":4,"event_name":"Winding Halls","floor":38,"gold_loss":0},{"damage_healed":0,"gold_gain":0,"player_choice":"Ignored","damage_taken":0,"max_hp_gain":0,"max_hp_loss":0,"event_name":"Golden Shrine","floor":47,"gold_loss":0},{"damage_healed":0,"gold_gain":0,"player_choice":"Ignored","damage_taken":0,"max_hp_gain":0,"max_hp_loss":0,"event_name":"SecretPortal","floor":48,"gold_loss":0}],"is_beta":false,"boss_relics":[{"not_picked":["Silver_Glasses","Bromod:ArcaneBarrier"],"picked":"Black Star"},{"not_picked":["Philosopher\u0027s Stone","Runesmith:UraniumAnvil"],"picked":"RedLine:ReiMu"}],"items_purged_floors":[4,7,12,19,36,45,53],"is_endless":false,"potions_floor_spawned":[3,8,10,13,14,21,22,31,33,35,42,46],"ascension_level":0}}