{"host":"2h7c54rr80d6x3ad","time":1611348747,"event":{"mods":["Aspiration","BaseMod","BetterRewards","Clawfect","Custom Start","Infinite Spire","Minty Spire (QoL Compilation)","StSLib"],"gold_per_floor":[117,132,5,19,30,30,64,64,64,83,83,83,96,126,126,228,228,241,19,1,26,43,43,71,81,163,163,163,123,123,135,135,232,232,252,25,38,52,70,101,101,128,128,128,155,155,166,266,266,266],"floor_reached":51,"language":"ENG","playtime":2512,"items_purged":[],"score":1038,"play_id":"83b53f85-ddc6-4af6-8f6e-78466a97881e","local_time":"20210122155227","is_ascension_mode":true,"campfire_choices":[{"data":"Armaments","floor":6.0,"key":"SMITH"},{"data":"Feel No Pain","floor":8.0,"key":"SMITH"},{"data":"Searing Blow","floor":12.0,"key":"SMITH"},{"data":"Searing Blow+1","floor":15.0,"key":"SMITH"},{"data":"Demon Form","floor":23.0,"key":"SMITH"},{"floor":28.0,"key":"REST"},{"data":"Searing Blow+2","floor":30.0,"key":"SMITH"},{"data":"Searing Blow+3","floor":32.0,"key":"SMITH"},{"floor":41.0,"key":"REST"},{"floor":44.0,"key":"REST"},{"floor":46.0,"key":"REST"},{"floor":49.0,"key":"REST"}],"circlet_count":0,"master_deck":["Strike_R","Strike_R","Strike_R","Strike_R","Strike_R","Defend_R","Defend_R","Defend_R","Defend_R","Bash","Spot Weakness","Armaments+1","Anger","Swift Strike","Dual Wield","Pommel Strike","Heavy Blade","Cleave","Feel No Pain+1","Searing Blow+4","Warcry","Dropkick","Demon Form+1","Flame Barrier+1","Evolve","Disarm","Rage","infinitespire:OneForAll","Seeing Red+1","Intimidate","Parasite","Dark Embrace+1","Body Slam+1"],"relics":["Burning Blood","Membership Card","aspiration:Lifesprig","Calipers","Torii","aspiration:FrozenJewel","infinitespire:Beetle Shell","StrikeDummy","Bag of Preparation","aspiration:HiddenCompartment","Mark of Pain","Ginger","Red Mask","Red Skull","infinitespire:Eraser","aspiration:RitualStick","Philosopher\u0027s Stone","Brimstone","Girya","Bottled Flame","CaptainsWheel","Bird Faced Urn","Lizard Tail"],"acts_visited":["Exordium","TheCity","TheBeyond"],"potions_floor_usage":[50,50],"damage_taken":[{"damage":1.0,"enemies":"Cultist","floor":1.0,"turns":3.0},{"damage":7.0,"enemies":"Small Slimes","floor":2.0,"turns":3.0},{"damage":0.0,"enemies":"2 Louse","floor":4.0,"turns":2.0},{"damage":1.0,"enemies":"Looter","floor":5.0,"turns":3.0},{"damage":9.0,"enemies":"Gremlin Nob","floor":7.0,"turns":4.0},{"damage":0.0,"enemies":"Gremlin Gang","floor":10.0,"turns":3.0},{"damage":0.0,"enemies":"Large Slime","floor":13.0,"turns":3.0},{"damage":9.0,"enemies":"3 Sentries","floor":14.0,"turns":5.0},{"damage":10.0,"enemies":"Slime Boss","floor":16.0,"turns":8.0},{"damage":7.0,"enemies":"Shell Parasite","floor":18.0,"turns":3.0},{"damage":8.0,"enemies":"Masked Bandits","floor":21.0,"turns":3.0},{"damage":8.0,"enemies":"2 Thieves","floor":22.0,"turns":4.0},{"damage":20.0,"enemies":"Gremlin Leader","floor":24.0,"turns":6.0},{"damage":8.0,"enemies":"Cultist and Chosen","floor":25.0,"turns":4.0},{"damage":2.0,"enemies":"Chosen and Byrds","floor":31.0,"turns":8.0},{"damage":78.0,"enemies":"Champ","floor":33.0,"turns":9.0},{"damage":10.0,"enemies":"Orb Walker","floor":35.0,"turns":4.0},{"damage":6.0,"enemies":"3 Shapes","floor":37.0,"turns":4.0},{"damage":17.0,"enemies":"Maw","floor":38.0,"turns":5.0},{"damage":7.0,"enemies":"Writhing Mass","floor":39.0,"turns":4.0},{"damage":16.0,"enemies":"Giant Head","floor":40.0,"turns":6.0},{"damage":69.0,"enemies":"Nemesis","floor":42.0,"turns":5.0},{"damage":38.0,"enemies":"Reptomancer","floor":45.0,"turns":4.0},{"damage":11.0,"enemies":"Spire Growth","floor":47.0,"turns":3.0},{"damage":101,"enemies":"Awakened One","floor":50,"turns":7}],"seed_played":"-2845632363845615478","potions_obtained":[{"floor":2.0,"key":"SteroidPotion"},{"floor":7.0,"key":"LiquidMemories"},{"floor":10.0,"key":"HeartOfIron"},{"floor":13.0,"key":"BloodPotion"},{"floor":14.0,"key":"Block Potion"},{"floor":18.0,"key":"Ancient Potion"},{"floor":22.0,"key":"SkillPotion"},{"floor":31.0,"key":"ColorlessPotion"},{"floor":33.0,"key":"AttackPotion"},{"floor":38.0,"key":"BloodPotion"},{"floor":42.0,"key":"AttackPotion"},{"floor":45.0,"key":"LiquidBronze"},{"floor":47.0,"key":"FearPotion"}],"is_trial":false,"path_per_floor":["M","M","$","M","M","R","E","R","T","M","?","R","M","E","R","B",null,"M","$","$","?","M","R","E","M","T","?","R","?","R","M","R","B",null,"M","$","M","M","M","E","R","E","T","R","E","R","M","?","R","B",null],"character_chosen":"IRONCLAD","items_purchased":["Membership Card","aspiration:Lifesprig","Calipers","Spot Weakness","Armaments","Anger","Swift Strike","aspiration:FrozenJewel","Ginger","Evolve","Disarm","Rage","Brimstone","Girya"],"campfire_rested":5,"item_purchase_floors":[0,0,0,0,0,0,0,3,19,19,19,20,36,36],"current_hp_per_floor":[77,76,76,80,80,80,77,77,77,80,80,80,80,77,77,73,80,79,79,79,77,75,75,61,59,59,43,67,67,67,71,71,15,80,76,76,76,65,64,54,78,31,31,55,29,53,52,52,76,66],"gold":266,"neow_bonus":"","is_daily":false,"chose_seed":false,"campfire_upgraded":7,"win_rate":0.0,"timestamp":1611348747,"path_taken":["M","M","$","M","?","R","E","R","T","M","?","R","M","E","R","BOSS","M","?","$","?","M","R","E","M","T","?","R","?","R","M","R","BOSS","M","$","M","M","M","E","R","E","T","R","E","R","?","?","R","BOSS"],"items_purchased_type":["Relic","Relic","Relic","Card","Card","Card","Card","Relic","Relic","Card","Card","Card","Relic","Relic"],"build_version":"2020-12-22","purchased_purges":0,"victory":true,"max_hp_per_floor":[80,80,80,80,80,80,80,80,80,80,80,80,80,80,80,80,80,80,80,80,80,80,80,80,80,80,80,80,80,80,80,80,80,80,80,80,80,80,80,80,80,80,80,80,80,80,80,80,80,80],"card_choices":[{"not_picked":["Blood for Blood","Clash"],"picked":"Dual Wield","floor":1.0},{"not_picked":["True Grit","Sentinel"],"picked":"Pommel Strike","floor":2.0},{"not_picked":["Uppercut","Dark Embrace"],"picked":"Heavy Blade","floor":4.0},{"not_picked":["Rupture","Thunderclap"],"picked":"Cleave","floor":5.0},{"not_picked":["Blood for Blood","Anger"],"picked":"Feel No Pain","floor":7.0},{"not_picked":["Rampage","Dropkick"],"picked":"Searing Blow","floor":10.0},{"not_picked":["Fire Breathing","Combust"],"picked":"Warcry","floor":13.0},{"not_picked":["True Grit","Perfected Strike"],"picked":"Dropkick","floor":14.0},{"not_picked":["Reaper","Fiend Fire"],"picked":"Demon Form","floor":16.0},{"not_picked":["Whirlwind","Perfected Strike+1"],"picked":"Flame Barrier+1","floor":18.0},{"not_picked":["Pommel Strike","Dropkick"],"picked":"infinitespire:OneForAll","floor":21.0},{"not_picked":["Havoc","Heavy Blade","Uppercut+1"],"picked":"SKIP","floor":22.0},{"not_picked":["Fire Breathing","Body Slam"],"picked":"Seeing Red","floor":24.0},{"not_picked":["Thunderclap","Wild Strike"],"picked":"Intimidate","floor":25.0},{"not_picked":["Heavy Blade+1","Thunderclap","Perfected Strike"],"picked":"SKIP","floor":31.0},{"not_picked":["Clothesline+1","Warcry","Heavy Blade+1"],"picked":"SKIP","floor":35.0},{"not_picked":["infinitespire:OneForAll","True Grit","Headbutt+1"],"picked":"SKIP","floor":37.0},{"not_picked":["Twin Strike+1","Uppercut","Warcry"],"picked":"SKIP","floor":38.0},{"not_picked":["Hemokinesis+1","Havoc+1"],"picked":"Dark Embrace+1","floor":39.0},{"not_picked":["Cleave+1","Havoc+1"],"picked":"Body Slam+1","floor":40.0},{"not_picked":["Perfected Strike+1","Fiend Fire","Dropkick"],"picked":"SKIP","floor":42.0},{"not_picked":["Anger+1","Battle Trance","Warcry"],"picked":"SKIP","floor":45.0},{"not_picked":["Feel No Pain","Fire Breathing","Clash+1"],"picked":"SKIP","floor":47.0}],"player_experience":318117,"relics_obtained":[{"floor":7.0,"key":"infinitespire:Beetle Shell"},{"floor":9.0,"key":"StrikeDummy"},{"floor":14.0,"key":"aspiration:HiddenCompartment"},{"floor":21.0,"key":"Red Mask"},{"floor":24.0,"key":"Red Skull"},{"floor":26.0,"key":"infinitespire:Eraser"},{"floor":40.0,"key":"Bottled Flame"},{"floor":42.0,"key":"CaptainsWheel"},{"floor":43.0,"key":"Bird Faced Urn"},{"floor":45.0,"key":"Lizard Tail"}],"event_choices":[{"damage_healed":0.0,"max_hp_gain":0.0,"max_hp_loss":0.0,"gold_gain":0.0,"event_name":"WeMeetAgain","player_choice":"Gave Potion","floor":11.0,"gold_loss":0.0,"damage_taken":0.0,"relics_obtained":["Bag of Preparation"]},{"damage_healed":0.0,"max_hp_gain":0.0,"max_hp_loss":0.0,"gold_gain":0.0,"event_name":"Masked Bandits","player_choice":"Fought Bandits","floor":21.0,"gold_loss":0.0,"damage_taken":0.0},{"damage_healed":0.0,"max_hp_gain":0.0,"max_hp_loss":0.0,"gold_gain":0.0,"event_name":"Designer","player_choice":"Upgrade","floor":29.0,"gold_loss":40.0,"damage_taken":0.0,"cards_upgraded":["Seeing Red"]},{"damage_healed":0.0,"max_hp_gain":0.0,"max_hp_loss":0.0,"gold_gain":100.0,"event_name":"Golden Shrine","player_choice":"Pray","floor":48.0,"gold_loss":0.0,"damage_taken":0.0}],"is_beta":false,"boss_relics":[{"not_picked":["Busted Crown","Snecko Eye"],"picked":"Mark of Pain"},{"not_picked":["Tiny House","Velvet Choker"],"picked":"Philosopher\u0027s Stone"}],"items_purged_floors":[],"is_endless":false,"potions_floor_spawned":[2,7,10,13,14,18,22,31,33,38,42,45,47],"ascension_level":4}}