{"host":"cw25u8qal1h0d7ia","time":1611282100,"event":{"mods":["BaseMod","Downfall","Minty Spire (QoL Compilation)","StSLib"],"gold_per_floor":[99,118,137,137,137,162,208,269,285,285,301,401,433,447,464,563,563,463,483,15,15,29,29,29,29,62,162,188,202,234,234,250,351,351,151,151,167,217,217,217,217,248,248,267,279,308,308,333,344,344,344,378,111,111,111,111],"floor_reached":57,"language":"ENG","playtime":6206,"items_purged":["Parasite"],"score":1433,"play_id":"596baf5f-1578-4c46-a5ce-36fe652ca609","local_time":"20210122032140","is_ascension_mode":false,"campfire_choices":[{"data":"champ:Taunt","floor":1,"key":"SMITH"},{"data":"champ:GladiatorStyle","floor":10,"key":"SMITH"},{"data":"champ:StrikeOfGenius","floor":18,"key":"SMITH"},{"data":"champ:CrookedStrike","floor":23,"key":"SMITH"},{"floor":25,"key":"RECALL"},{"data":"champ:StrikeOfGenius","floor":35,"key":"SMITH"},{"data":"Pride","floor":40,"key":"PURGE"},{"data":"1","floor":47,"key":"LIFT"},{"data":"champ:GladiatorStyle","floor":54,"key":"SMITH"}],"circlet_count":0,"master_deck":["champ:Strike","champ:Strike","champ:Strike","champ:Defend","champ:Defend","champ:Defend","champ:Execute","champ:Taunt+1","champ:DefensiveShout","champ:CrookedStrike+1","champ:GladiatorStyle+1","champ:StrikeOfGenius+1","champ:StrikeOfGenius+1","champ:GladiatorStyle+1"],"relics":["champ:ChampionCrownUpgraded","Pantograph","Meat on the Bone","Vajra","Anchor","Centennial Puzzle","Velvet Choker","downfall:HeartBlessingGreen","Medical Kit","Guardian:GemstoneGun","Guardian:PocketSentry","Question Card","Shuriken","Art of War","downfall:HeartBlessingRed","downfall:HeartBlessingBlue","Peace Pipe","Girya","Mango","Blue Candle","Bird Faced Urn","Bottled Tornado","StrikeDummy","Strawberry"],"acts_visited":["Exordium","TheCity","TheBeyond","TheEnding"],"potions_floor_usage":[16,16,28,28,50,56,56],"damage_taken":[{"damage":10,"enemies":"2 Louse","floor":2,"turns":2},{"damage":20,"enemies":"Small Slimes","floor":3,"turns":3},{"damage":54,"enemies":"Gremlin Nob","floor":6,"turns":5},{"damage":39,"enemies":"Lagavulin Event","floor":8,"turns":5},{"damage":11,"enemies":"Cultist","floor":9,"turns":3},{"damage":10,"enemies":"Lots of Slimes","floor":11,"turns":4},{"damage":40,"enemies":"3 Sentries","floor":13,"turns":7},{"damage":21,"enemies":"Exordium Wildlife","floor":14,"turns":4},{"damage":20,"enemies":"Large Slime","floor":15,"turns":3},{"damage":66,"enemies":"IC_STATUS_ARCHETYPE","floor":16,"turns":9},{"damage":0,"enemies":"Spheric Guardian","floor":19,"turns":2},{"damage":25,"enemies":"downfall:FleeingMerchant","floor":20,"turns":4},{"damage":20,"enemies":"3 Byrds","floor":22,"turns":4},{"damage":30,"enemies":"Gremlin Leader","floor":26,"turns":5},{"damage":20,"enemies":"Slavers","floor":28,"turns":5},{"damage":10,"enemies":"Snecko","floor":29,"turns":3},{"damage":0,"enemies":"Book of Stabbing","floor":30,"turns":6},{"damage":3,"enemies":"3 Cultists","floor":32,"turns":5},{"damage":73,"enemies":"DF_ARCHETYPE_CLAW","floor":33,"turns":7},{"damage":37,"enemies":"3 Darklings","floor":37,"turns":4},{"damage":26,"enemies":"3 Darklings","floor":38,"turns":5},{"damage":43,"enemies":"Giant Head","floor":42,"turns":5},{"damage":20,"enemies":"3 Shapes","floor":44,"turns":4},{"damage":33,"enemies":"Transient","floor":45,"turns":5},{"damage":73,"enemies":"Nemesis","floor":46,"turns":7},{"damage":53,"enemies":"Reptomancer","floor":48,"turns":6},{"damage":20,"enemies":"Writhing Mass","floor":49,"turns":4},{"damage":127,"enemies":"SI_POISON_ARCHETYPE","floor":50,"turns":6},{"damage":81,"enemies":"downfall:CharBossMerchant","floor":52,"turns":6},{"damage":112,"enemies":"downfall:NeowBoss","floor":55,"turns":17},{"damage":126,"enemies":"downfall:NeowBossFinal","floor":56,"turns":7}],"seed_played":"-1259533598456908627","potions_obtained":[{"floor":8,"key":"PowerPotion"},{"floor":9,"key":"SkillPotion"},{"floor":13,"key":"BlessingOfTheForge"},{"floor":16,"key":"champ:OpenerPotion"},{"floor":26,"key":"SteroidPotion"},{"floor":30,"key":"Ancient Potion"},{"floor":32,"key":"PowerPotion"},{"floor":33,"key":"DuplicationPotion"}],"is_trial":false,"path_per_floor":["R","M","M","?","?","E","T","?","M","R","M","?","E","M","M","B",null,"R","M","$","?","M","R","T","R","E","?","E","M","E","?","M","B",null,"R","?","M","?","?","R","T","E","?","M","M","E","R","E","M","B",null,"E","$","R","B","B",null],"character_chosen":"THE_CHAMP","items_purchased":["Medical Kit","Guardian:GemstoneGun","champ:GladiatorStyle","Strawberry"],"campfire_rested":0,"item_purchase_floors":[20,20,53,53],"current_hp_per_floor":[90,90,90,95,83,49,49,42,53,53,65,65,57,68,68,74,95,95,95,95,76,76,76,76,76,88,88,88,88,88,88,85,69,100,110,110,98,94,94,94,94,105,100,100,97,76,76,64,82,33,124,86,93,93,82,26],"gold":111,"neow_bonus":"REMOVE_CARD","is_daily":false,"chose_seed":false,"campfire_upgraded":6,"win_rate":0.0,"timestamp":1611282100,"path_taken":["R","M","M","?","?","E","T","?","M","R","M","?","E","?","M","BOSS","R","M","?","?","M","R","T","R","E","?","E","M","E","?","M","BOSS","R","?","M","?","?","R","T","E","?","M","M","E","R","E","M","BOSS","E","$","R","BOSS","BOSS"],"items_purchased_type":["Relic","Relic","Card","Relic"],"build_version":"2020-12-22","purchased_purges":1,"victory":true,"max_hp_per_floor":[90,90,90,95,95,95,95,95,95,95,95,95,95,95,95,95,95,95,95,95,100,100,100,100,100,100,100,100,100,100,100,100,100,100,110,110,110,110,110,110,110,124,124,124,124,124,124,124,124,124,124,124,128,128,128,128],"card_choices":[{"not_picked":["champ:Haymaker","champ:GutPunch"],"picked":"champ:DefensiveShout","floor":2},{"not_picked":["champ:EnGarde","champ:Backstep"],"picked":"champ:CrookedStrike","floor":3},{"not_picked":["champ:EnGarde","champ:IgnorePain","champ:StanceDance"],"picked":"SKIP","floor":6},{"not_picked":["champ:StanceDance","champ:Parry"],"picked":"champ:GladiatorStyle","floor":9},{"not_picked":["champ:EnGarde","champ:DefensiveShout","champ:BerserkersShout"],"picked":"SKIP","floor":11},{"not_picked":["champ:BladeFlurry","champ:Circumvent","champ:FancyFootwork"],"picked":"SKIP","floor":13},{"not_picked":["champ:RecklessLeap","champ:StanceDance","champ:ShieldSigil"],"picked":"SKIP","floor":14},{"not_picked":["champ:StanceDance","champ:FaceSlap","champ:SwordThrow"],"picked":"SKIP","floor":15},{"not_picked":["champ:HoldFirm","champ:DancingMaster"],"picked":"champ:StrikeOfGenius","floor":16},{"not_picked":["champ:FalseCounter+1","champ:StanceDance","champ:FaceSlap+1"],"picked":"SKIP","floor":19},{"not_picked":["champ:StanceDance+1","champ:FlashCut+1","champ:DefensiveStyle+1"],"picked":"SKIP","floor":20},{"not_picked":["champ:RisingSlash+1","champ:BringItOn","champ:FanOfKnives+1"],"picked":"SKIP","floor":22},{"not_picked":["champ:IgnorePain","champ:Circumvent","champ:Haymaker"],"picked":"SKIP","floor":26},{"not_picked":["champ:IgnorePain","champ:Circumvent","champ:Haymaker"],"picked":"SKIP","floor":26},{"not_picked":["champ:BerserkerStyle","champ:ViciousMockery","champ:BerserkersShout+1"],"picked":"SKIP","floor":28},{"not_picked":["champ:EnGarde+1","champ:Parry","champ:ShieldSigil","champ:CrownThrow"],"picked":"SKIP","floor":29},{"not_picked":["champ:FocusedDefense+1","champ:FocusedBerserking","champ:BringItOn+1","champ:PerfectedStrike"],"picked":"SKIP","floor":30},{"not_picked":["champ:Backstep+1","champ:PreciseThrust","champ:DefensiveShout","champ:LastStand"],"picked":"SKIP","floor":32},{"not_picked":["champ:MurderStrike","champ:TripleStrike","champ:HoldFirm"],"picked":"champ:StrikeOfGenius","floor":33},{"not_picked":["champ:BringItOn","champ:BladeFlurry+1","champ:EnGarde+1","champ:RisingSlash"],"picked":"SKIP","floor":37},{"not_picked":["champ:RisingSlash","champ:PreciseThrust+1","champ:RapidStrikes+1","champ:Backstep+1"],"picked":"SKIP","floor":42},{"not_picked":["champ:GutPunch","champ:Shatter+1","champ:ShieldSigil","champ:DefensiveShout"],"picked":"SKIP","floor":44},{"not_picked":["champ:StanceDance","champ:FocusedDefense+1","champ:PerfectedStrike","champ:RecklessLeap"],"picked":"SKIP","floor":45},{"not_picked":["champ:SwordSigil","champ:FlashCut+1","champ:FaceSlap","champ:UltimateStance"],"picked":"SKIP","floor":46},{"not_picked":["champ:Parry+1","champ:CrownThrow","champ:Backstep+1","champ:DefensiveShout"],"picked":"SKIP","floor":48},{"not_picked":["champ:Shatter","champ:GutPunch","champ:EnGarde+1","champ:FlashCut"],"picked":"SKIP","floor":49},{"not_picked":["champ:FocusedBerserking","champ:DeathBlow+1","champ:BringItOn+1","champ:Shatter+1"],"picked":"SKIP","floor":52}],"player_experience":652011,"relics_obtained":[{"floor":6,"key":"Meat on the Bone"},{"floor":7,"key":"Vajra"},{"floor":8,"key":"Anchor"},{"floor":13,"key":"Centennial Puzzle"},{"floor":26,"key":"Guardian:PocketSentry"},{"floor":28,"key":"Question Card"},{"floor":30,"key":"Shuriken"},{"floor":38,"key":"Peace Pipe"},{"floor":41,"key":"Girya"},{"floor":42,"key":"Mango"},{"floor":46,"key":"Bird Faced Urn"},{"floor":48,"key":"Bottled Tornado"},{"floor":52,"key":"StrikeDummy"}],"event_choices":[{"damage_healed":0,"gold_gain":0,"player_choice":"Donut","damage_taken":0,"max_hp_gain":5,"max_hp_loss":0,"event_name":"Big Fish","floor":4,"gold_loss":0},{"damage_healed":0,"gold_gain":0,"player_choice":"Success","damage_taken":12,"relics_obtained":["Pantograph"],"max_hp_gain":0,"max_hp_loss":0,"event_name":"Scrap Ooze","floor":5,"gold_loss":0},{"damage_healed":0,"gold_gain":0,"player_choice":"Stole Relic","damage_taken":0,"relics_obtained":["Art of War"],"max_hp_gain":0,"max_hp_loss":0,"event_name":"Addict","floor":31,"gold_loss":0,"cards_obtained":["Pride"]},{"cards_removed":["champ:Defend"],"damage_healed":0,"gold_gain":0,"player_choice":"Removed Skill","damage_taken":0,"max_hp_gain":0,"max_hp_loss":0,"event_name":"Falling","floor":39,"gold_loss":0}],"is_beta":false,"boss_relics":[{"not_picked":["Runic Dome","SacredBark"],"picked":"Velvet Choker"},{"not_picked":["SlaversCollar","Fusion Hammer"],"picked":"champ:ChampionCrownUpgraded"}],"items_purged_floors":[53],"is_endless":false,"potions_floor_spawned":[8,9,13,15,16,26,30,32,33,37,44,45],"ascension_level":0}}