{"host":"1dny1q6uquk6isnr","time":1611301779,"event":{"mods":["BaseMod","Curses Come First","Minty Spire (QoL Compilation)","Relic Stats","StSLib"],"gold_per_floor":[112,10,23,23,38,64,64,98,121,139,139,158,185,110,110,205,205,215,215,1,21,31,60,138,168,168,168,168,187,187,215,215,314,314,329,329,329,349,361,395,395,421,421,449,466,501,511,337,337,337,337,337,49,83,83],"floor_reached":56,"language":"ENG","playtime":5108,"items_purged":["Defend_P","Judgement+1"],"score":2015,"play_id":"d04685c4-cedd-4ba2-854e-730bc06ed4d3","local_time":"20210121234939","is_ascension_mode":true,"campfire_choices":[{"data":"Judgement","floor":7,"key":"SMITH"},{"data":"TalkToTheHand","floor":15,"key":"SMITH"},{"floor":30,"key":"REST"},{"data":"Omniscience","floor":32,"key":"SMITH"},{"floor":49,"key":"RECALL"},{"data":"MentalFortress","floor":52,"key":"SMITH"}],"circlet_count":0,"master_deck":["Strike_P+1","Defend_P+1","Defend_P+1","Defend_P+1","Eruption+1","Vigilance+1","Consecrate+1","ThirdEye+1","FearNoEvil+1","JustLucky+1","TalkToTheHand+1","FlurryOfBlows+1","EmptyBody+1","Pray+1","LessonLearned+1","Meditate+1","MentalFortress+1","ClearTheMind+1","Prostrate+1","Omniscience+1","Flash of Steel","Sanctity","Crescendo","SandsOfTime+1","Ragnarok+1","Adaptation+1","WaveOfTheHand+1","MentalFortress+1","Omniscience","LikeWater+1","EmptyBody+1","FlurryOfBlows+1","CutThroughFate+1","Nirvana+1","LikeWater+1","TalkToTheHand","TalkToTheHand","Nirvana","Vault"],"relics":["HolyWater","Damaru","War Paint","Anchor","CloakClasp","PreservedInsect","GoldenEye","Kunai","Nunchaku","HornCleat","Strawberry","Empty Cage","Bronze Scales","Mummified Hand","Oddly Smooth Stone","Frozen Eye","Gambling Chip"],"acts_visited":["Exordium","TheCity","TheBeyond","TheEnding"],"potions_floor_usage":[6,6,33,33,47,50,55],"damage_taken":[{"damage":0,"enemies":"Cultist","floor":1,"turns":2},{"damage":0,"enemies":"2 Louse","floor":3,"turns":2},{"damage":0,"enemies":"Small Slimes","floor":5,"turns":1},{"damage":0,"enemies":"Lagavulin","floor":6,"turns":5},{"damage":0,"enemies":"Gremlin Nob","floor":8,"turns":3},{"damage":0,"enemies":"3 Louse","floor":10,"turns":3},{"damage":0,"enemies":"Exordium Wildlife","floor":12,"turns":2},{"damage":22,"enemies":"3 Sentries","floor":13,"turns":4},{"damage":33,"enemies":"The Guardian","floor":16,"turns":10},{"damage":21,"enemies":"Spheric Guardian","floor":18,"turns":8},{"damage":0,"enemies":"3 Byrds","floor":21,"turns":4},{"damage":15,"enemies":"Snecko","floor":22,"turns":10},{"damage":0,"enemies":"Slavers","floor":23,"turns":7},{"damage":1,"enemies":"Gremlin Leader","floor":25,"turns":8},{"damage":0,"enemies":"Centurion and Healer","floor":29,"turns":8},{"damage":0,"enemies":"Book of Stabbing","floor":31,"turns":5},{"damage":23,"enemies":"Collector","floor":33,"turns":9},{"damage":0,"enemies":"3 Shapes","floor":35,"turns":12},{"damage":2,"enemies":"Orb Walker","floor":38,"turns":5},{"damage":0,"enemies":"Maw","floor":39,"turns":7},{"damage":9,"enemies":"Nemesis","floor":40,"turns":9},{"damage":0,"enemies":"Giant Head","floor":42,"turns":6},{"damage":0,"enemies":"Reptomancer","floor":44,"turns":5},{"damage":0,"enemies":"Spire Growth","floor":45,"turns":5},{"damage":0,"enemies":"Nemesis","floor":46,"turns":9},{"damage":0,"enemies":"Transient","floor":47,"turns":5},{"damage":0,"enemies":"Donu and Deca","floor":50,"turns":9},{"damage":8,"enemies":"Shield and Spear","floor":54,"turns":9},{"damage":4,"enemies":"The Heart","floor":55,"turns":12}],"seed_played":"524147022495420016","potions_obtained":[{"floor":3,"key":"DistilledChaos"},{"floor":5,"key":"LiquidBronze"},{"floor":16,"key":"SneckoOil"},{"floor":22,"key":"PowerPotion"},{"floor":23,"key":"Ambrosia"},{"floor":31,"key":"Fire Potion"},{"floor":35,"key":"SmokeBomb"},{"floor":39,"key":"PowerPotion"},{"floor":46,"key":"GamblersBrew"}],"is_trial":false,"path_per_floor":["M","$","M","?","M","E","R","E","T","M","?","M","E","$","R","B",null,"M","?","$","M","M","E","T","E","T","?","?","M","R","E","R","B",null,"M","?","?","M","M","E","?","E","T","E","M","E","M","$","R","B",null,"R","$","E","B",null],"character_chosen":"WATCHER","items_purchased":["ThirdEye","AttackPotion","MentalFortress","PreservedInsect","TalkToTheHand","TalkToTheHand","Frozen Eye","Nirvana"],"campfire_rested":1,"item_purchase_floors":[2,2,20,20,48,53,53,53],"current_hp_per_floor":[65,65,65,51,51,51,51,51,51,51,72,72,50,50,50,17,58,37,37,37,37,22,22,22,21,21,8,8,8,31,38,38,15,67,67,67,67,65,65,56,56,56,56,56,56,56,56,56,56,56,74,74,74,66,62],"gold":83,"neow_bonus":"ONE_RANDOM_RARE_CARD","is_daily":false,"chose_seed":false,"campfire_upgraded":4,"win_rate":0.0,"timestamp":1611301779,"path_taken":["M","?","M","?","M","E","R","E","T","M","?","M","E","$","R","BOSS","M","?","$","M","M","E","?","E","T","?","?","M","R","E","R","BOSS","M","?","?","?","M","E","?","E","T","E","M","E","?","?","R","BOSS","R","$","E","BOSS"],"items_purchased_type":["Card","Potion","Card","Relic","Card","Card","Relic","Card"],"build_version":"2020-12-22","purchased_purges":2,"victory":true,"max_hp_per_floor":[72,72,72,72,72,72,72,72,72,72,72,72,72,72,72,72,72,72,72,72,72,72,72,72,72,72,77,77,77,77,84,84,84,84,84,80,80,80,80,80,80,80,80,80,80,80,80,80,80,80,80,80,80,80,80],"relic_stats":{"Nunchaku":[29],"counters":[29,184],"Mummified Hand":[48],"Bronze Scales":[297],"Gambling Chip":[1],"PreservedInsect":497,"CloakClasp":[697],"Kunai":[60],"War Paint":["ThirdEye","Vigilance"],"GoldenEye":[88],"obtain_stats":[{"Damaru":6,"Oddly Smooth Stone":46,"PreservedInsect":20,"CloakClasp":13,"War Paint":8,"GoldenEye":23,"Empty Cage":34,"Frozen Eye":53,"Anchor":9,"Nunchaku":25,"HornCleat":26,"Mummified Hand":44,"Strawberry":31,"Bronze Scales":40,"Gambling Chip":54,"HolyWater":17,"Kunai":24,"PureWater":0},{"Damaru":4,"Oddly Smooth Stone":25,"PreservedInsect":10,"CloakClasp":8,"War Paint":5,"GoldenEye":13,"Empty Cage":17,"Frozen Eye":27,"Anchor":5,"Nunchaku":14,"HornCleat":14,"Mummified Hand":23,"Strawberry":16,"Bronze Scales":21,"Gambling Chip":28,"HolyWater":9,"Kunai":13,"PureWater":0},{"Damaru":10,"Oddly Smooth Stone":149,"PreservedInsect":40,"CloakClasp":22,"War Paint":13,"GoldenEye":61,"Empty Cage":91,"Frozen Eye":163,"Anchor":13,"Nunchaku":69,"HornCleat":69,"Mummified Hand":135,"Strawberry":82,"Bronze Scales":124,"Gambling Chip":172,"HolyWater":32,"Kunai":61,"PureWater":0}]},"card_choices":[{"not_picked":["FlurryOfBlows","Vengeance"],"picked":"Consecrate","floor":1},{"not_picked":["CrushJoints","Indignation"],"picked":"FearNoEvil","floor":3},{"not_picked":["Consecrate","ReachHeaven"],"picked":"JustLucky","floor":5},{"not_picked":["Worship","Indignation"],"picked":"TalkToTheHand","floor":6},{"not_picked":["Adaptation","ClearTheMind"],"picked":"FlurryOfBlows","floor":8},{"not_picked":["SashWhip","Ragnarok","Evaluate"],"picked":"SKIP","floor":10},{"not_picked":["Perseverance","BowlingBash"],"picked":"EmptyBody","floor":12},{"not_picked":["Wallop","Crescendo"],"picked":"Pray","floor":13},{"not_picked":["Omniscience","Alpha"],"picked":"LessonLearned","floor":16},{"not_picked":["SashWhip","BowlingBash"],"picked":"Meditate","floor":18},{"not_picked":["EmptyBody+1","Nirvana"],"picked":"ClearTheMind+1","floor":21},{"not_picked":["Pray","ThirdEye"],"picked":"Prostrate+1","floor":22},{"not_picked":["BattleHymn","Nirvana"],"picked":"Omniscience","floor":23},{"not_picked":["PathToVictory","InnerPeace+1","WreathOfFlame+1"],"picked":"SKIP","floor":25},{"not_picked":["Swivel+1","ThirdEye"],"picked":"Crescendo","floor":29},{"not_picked":["Weave","Halt"],"picked":"SandsOfTime","floor":31},{"not_picked":["Omniscience","SpiritShield"],"picked":"Ragnarok","floor":33},{"not_picked":["ThirdEye","Halt+1"],"picked":"Adaptation","floor":35},{"not_picked":["Consecrate+1","Evaluate+1"],"picked":"WaveOfTheHand+1","floor":38},{"not_picked":["Crescendo+1","FollowUp+1"],"picked":"MentalFortress","floor":39},{"not_picked":["Devotion","Consecrate+1"],"picked":"Omniscience","floor":40},{"not_picked":["SignatureMove+1","BattleHymn"],"picked":"EmptyBody+1","floor":42},{"not_picked":["ThirdEye","Consecrate"],"picked":"FlurryOfBlows+1","floor":44},{"not_picked":["Evaluate","Consecrate+1"],"picked":"CutThroughFate+1","floor":45},{"not_picked":["Swivel+1","FlurryOfBlows"],"picked":"Nirvana","floor":46},{"not_picked":["Worship","SandsOfTime"],"picked":"LikeWater+1","floor":47},{"not_picked":["Prostrate","ClearTheMind+1"],"picked":"Vault","floor":54}],"player_experience":336576,"relics_obtained":[{"floor":6,"key":"Damaru"},{"floor":8,"key":"War Paint"},{"floor":9,"key":"Anchor"},{"floor":13,"key":"CloakClasp"},{"floor":23,"key":"GoldenEye"},{"floor":24,"key":"Kunai"},{"floor":25,"key":"Nunchaku"},{"floor":26,"key":"HornCleat"},{"floor":31,"key":"Strawberry"},{"floor":40,"key":"Bronze Scales"},{"floor":44,"key":"Mummified Hand"},{"floor":46,"key":"Oddly Smooth Stone"},{"floor":54,"key":"Gambling Chip"}],"event_choices":[{"damage_healed":0,"gold_gain":0,"player_choice":"Entered Light","damage_taken":14,"max_hp_gain":0,"max_hp_loss":0,"event_name":"Shining Light","floor":4,"gold_loss":0,"cards_upgraded":["Strike_P","Defend_P"]},{"damage_healed":24,"gold_gain":0,"player_choice":"Banana","damage_taken":0,"max_hp_gain":0,"max_hp_loss":0,"event_name":"Big Fish","floor":11,"gold_loss":0},{"damage_healed":0,"gold_gain":0,"player_choice":"Ignored","damage_taken":0,"max_hp_gain":0,"max_hp_loss":0,"event_name":"Vampires","floor":19,"gold_loss":0},{"damage_healed":0,"gold_gain":0,"player_choice":"Shed Blood","damage_taken":18,"max_hp_gain":5,"max_hp_loss":0,"event_name":"Forgotten Altar","floor":27,"gold_loss":0},{"damage_healed":0,"gold_gain":0,"player_choice":"2 cards matched","damage_taken":0,"max_hp_gain":0,"max_hp_loss":0,"event_name":"Match and Keep!","floor":28,"gold_loss":0,"cards_obtained":["Flash of Steel","Sanctity"]},{"damage_healed":0,"gold_gain":0,"player_choice":"Max HP","damage_taken":0,"max_hp_gain":0,"max_hp_loss":4,"event_name":"Winding Halls","floor":36,"gold_loss":0},{"damage_healed":0,"gold_gain":0,"player_choice":"Forge","damage_taken":0,"max_hp_gain":0,"max_hp_loss":0,"event_name":"Accursed Blacksmith","floor":37,"gold_loss":0,"cards_upgraded":["MentalFortress"]},{"damage_healed":0,"gold_gain":0,"cards_transformed":["Strike_P"],"player_choice":"Transformed","damage_taken":0,"max_hp_gain":0,"max_hp_loss":0,"event_name":"Transmorgrifier","floor":41,"gold_loss":0,"cards_obtained":["LikeWater"]}],"is_beta":false,"boss_relics":[{"not_picked":["Calling Bell","Fusion Hammer"],"picked":"HolyWater"},{"not_picked":["Pandora\u0027s Box","Velvet Choker"],"picked":"Empty Cage"}],"items_purged_floors":[14,48],"is_endless":false,"potions_floor_spawned":[3,5,16,22,23,31,35,39,46],"ascension_level":8}}