{"host":"17xjy7b7ubl548g2","time":1611289732,"event":{"mods":["2.2 Compatiblity","Act Like it!","Aspiration","Astrologer","Bard","BaseMod","Challenge The Spire","ChefMod","Colored Map","Colored Powertips","Conspire","Elementarium","Energized Spire","Gensokyo","GifTheSpireLib","Halation","Hallownest","Hubris","Infinite Spire","Jedi Mod","Jorbs\u0027s Wanderer Trilogy","Marisa（霧雨　魔理沙）","Marked Mod","Menagerie","Minty Spire (QoL Compilation)","Permanent Neow","Replay The Spire","Robot Space Explorer","Spicy Shops","StSLib","Stuff the Spire","The Blue Laboratory","The Bug Knight","The Construct","The Disciple","The Factory","The Hayseed","The Hierophant","The Marked","The Runesmith","The Sage","TheFirefly"],"gold_per_floor":[124,150,115,17,31,31,68,68,68,109,109,132,132,157,157,157,157],"floor_reached":16,"language":"ENG","playtime":1196,"items_purged":[],"score":192,"play_id":"efe23157-0f6e-4c94-bf88-e3dd8ae56089","local_time":"20210121232852","is_ascension_mode":true,"campfire_choices":[{"data":"Armaments","floor":6,"key":"SMITH"},{"data":"True Grit","floor":8,"key":"SMITH"},{"data":"Bash","floor":11,"key":"SMITH"},{"floor":15,"key":"REST"}],"circlet_count":0,"master_deck":["AscendersBane","Strike_R","Strike_R","Strike_R","Strike_R","Strike_R","Defend_R","Defend_R","Defend_R","Defend_R","Bash+1","Armaments+1","True Grit+1","Hemokinesis","conspire:Charge","Anger","ReplayTheSpireMod:Corrosion Curse"],"relics":["Burning Blood","CeramicFish","hubris:Reverence","WingedGreaves","Pen Nib","jedi:shrinkray","Hallownest:DreamNailRelic"],"acts_visited":["Exordium"],"potions_floor_usage":[7],"damage_taken":[{"damage":24.0,"enemies":"Hallownest:2_Tiktiks_and_1_Crawlid","floor":1.0,"turns":3.0},{"damage":8.0,"enemies":"Hallownest:2_Baldur","floor":2.0,"turns":7.0},{"damage":6,"enemies":"2_ Uuma","floor":5,"turns":5},{"damage":16,"enemies":"Hallownest:eliteVengeflyKing","floor":7,"turns":8},{"damage":18,"enemies":"Hallownest:eliteCrystalGuardian","floor":10,"turns":4},{"damage":17,"enemies":"Hallownest:2_Tiktiks_1_Baldur_1_Crawlid","floor":14,"turns":4},{"damage":48,"enemies":"Hallownest:BossBrokenVessel","floor":16,"turns":6}],"seed_played":"-160156255470513988","potions_obtained":[{"floor":7,"key":"sagemod:Wine"},{"floor":14,"key":"blueLaboratory:AbyssPotion"}],"is_trial":false,"path_per_floor":["M","M","?","$","M","R","E","R","T","E","R","T","?","M","R","B"],"character_chosen":"IRONCLAD","items_purchased":["Hemokinesis","BlessingOfTheForge"],"campfire_rested":1,"item_purchase_floors":[4,4],"current_hp_per_floor":[50,48,53,53,53,53,43,43,43,31,31,31,31,20,44,0,0],"gold":157,"neow_bonus":"RANDOM_COMMON_RELIC","is_daily":false,"chose_seed":false,"campfire_upgraded":3,"win_rate":0.0,"timestamp":1611289732,"path_taken":["M","M","?","$","M","R","E","R","T","E","R","?","?","?","R","BOSS"],"items_purchased_type":["Card","Potion"],"build_version":"2020-12-22","purchased_purges":0,"victory":false,"max_hp_per_floor":[75,75,80,80,80,80,80,80,80,80,80,80,80,80,80,80,80],"card_choices":[{"not_picked":["Ghostly Armor","Flex"],"picked":"Armaments","floor":1.0},{"not_picked":["ReplayReversal","Massacre"],"picked":"True Grit","floor":2.0},{"not_picked":["Defy Death","Dual Wield","Havoc"],"picked":"SKIP","floor":5},{"not_picked":["Twin Strike","Warcry"],"picked":"conspire:Charge","floor":7},{"not_picked":["StuffTheSpire:RagingBull","ReplayTheSpireMod:Strike From Hell"],"picked":"Anger","floor":10},{"not_picked":["Searing Blow","Havoc"],"picked":"ReplayTheSpireMod:Corrosion Curse","floor":14}],"player_experience":1865607,"relics_obtained":[{"floor":7,"key":"hubris:Reverence"},{"floor":9,"key":"WingedGreaves"},{"floor":10,"key":"Pen Nib"},{"floor":12,"key":"jedi:shrinkray"}],"event_choices":[],"is_beta":false,"boss_relics":[],"items_purged_floors":[],"is_endless":false,"potions_floor_spawned":[7,14],"killed_by":"Hallownest:BossBrokenVessel","ascension_level":19}}