{"host":"agbyy69nq62afhwx","time":1611336693,"event":{"mods":["BaseMod","Colored Map","DeckTracker","Highlight Path","Keyboard Shortcuts","Minty Spire (QoL Compilation)","Quick Restart","StSLib","SuperFastMode","everything is the same but u backflip on backflip"],"gold_per_floor":[117,129,129,143,143,205,175,215,215,228,228,228],"floor_reached":11,"language":"KOR","playtime":314,"items_purged":[],"score":113,"play_id":"a7c357a7-ba2e-4237-97b3-ae7ae5ef63de","local_time":"20210123023133","is_ascension_mode":true,"campfire_choices":[],"circlet_count":0,"master_deck":["AscendersBane","Strike_P","Strike_P","Strike_P","Strike_P","Defend_P","Defend_P","Defend_P","Defend_P","Eruption+1","Vigilance","SandsOfTime","Impatience","Vengeance","Wish+1","FearNoEvil"],"relics":["PureWater","Sundial","CloakClasp"],"acts_visited":[],"potions_floor_usage":[10],"damage_taken":[{"damage":1.0,"enemies":"Cultist","floor":1.0,"turns":4.0},{"damage":7.0,"enemies":"Small Slimes","floor":2.0,"turns":3.0},{"damage":7.0,"enemies":"Jaw Worm","floor":4.0,"turns":2.0},{"damage":47.0,"enemies":"3 Sentries","floor":6.0,"turns":8.0},{"damage":2.0,"enemies":"2 Fungi Beasts","floor":8.0,"turns":4.0},{"damage":0,"enemies":"Exordium Wildlife","floor":10,"turns":5},{"damage":0,"enemies":"Lagavulin","floor":11,"turns":4}],"seed_played":"7781325848794728006","potions_obtained":[{"floor":1.0,"key":"ColorlessPotion"},{"floor":10,"key":"SpeedPotion"}],"is_trial":false,"path_per_floor":["M","M","?","M","?","E","?","M","T","M","E"],"character_chosen":"WATCHER","items_purchased":[],"campfire_rested":0,"item_purchase_floors":[],"current_hp_per_floor":[64,57,57,50,50,3,3,1,1,1,1,1],"gold":228,"neow_bonus":"UPGRADE_CARD","is_daily":false,"chose_seed":false,"campfire_upgraded":0,"win_rate":0.0,"timestamp":1611336693,"path_taken":["M","M","?","?","?","E","?","M","T","M","E"],"items_purchased_type":[],"build_version":"2020-12-22","purchased_purges":0,"victory":false,"max_hp_per_floor":[72,72,72,72,72,72,72,72,72,72,72,72],"card_choices":[{"not_picked":["ReachHeaven","DeceiveReality","Crescendo"],"picked":"SKIP","floor":1.0},{"not_picked":["PathToVictory","Protect"],"picked":"SandsOfTime","floor":2.0},{"not_picked":["CutThroughFate","SashWhip"],"picked":"Wish","floor":4.0},{"not_picked":["DeceiveReality","InnerPeace"],"picked":"FearNoEvil","floor":6.0},{"not_picked":["FlyingSleeves","JustLucky","PathToVictory"],"picked":"SKIP","floor":8.0},{"not_picked":["FlyingSleeves","Conclude","WreathOfFlame"],"picked":"SKIP","floor":10}],"player_experience":434258,"relics_obtained":[{"floor":6.0,"key":"Sundial"},{"floor":9.0,"key":"CloakClasp"}],"event_choices":[{"damage_healed":0.0,"max_hp_gain":0.0,"max_hp_loss":0.0,"gold_gain":0.0,"event_name":"Match and Keep!","player_choice":"2 cards matched","floor":3.0,"gold_loss":0.0,"damage_taken":0.0,"cards_obtained":["Impatience","Vengeance"]},{"damage_healed":0.0,"max_hp_gain":0.0,"max_hp_loss":0.0,"gold_gain":0.0,"event_name":"Living Wall","player_choice":"Grow","floor":5.0,"gold_loss":0.0,"damage_taken":0.0,"cards_upgraded":["Wish"]},{"damage_healed":0.0,"max_hp_gain":0.0,"max_hp_loss":0.0,"gold_gain":0.0,"event_name":"World of Goop","player_choice":"Left Gold","floor":7.0,"gold_loss":30.0,"damage_taken":0.0}],"is_beta":false,"boss_relics":[],"items_purged_floors":[],"is_endless":false,"potions_floor_spawned":[1,10],"killed_by":"Lagavulin","ascension_level":10}}