{"host":"imzpmvgmiwu2pn30","time":1611344122,"event":{"mods":["BaseMod","Colored Powertips","Minty Spire (QoL Compilation)","Relic Stats","StSLib"],"gold_per_floor":[110,122,197,267,267,267,285,305,330,377,57,57,57,69,69,170,170,184,184,196,214,226,226,240,250,328,328,328,346,364,364,364,469,469,485,500,500,517,279,279,316,361,361,378,378,378],"floor_reached":45,"language":"ENG","playtime":5810,"items_purged":[],"score":438,"play_id":"e71a1cd2-27d9-4f0b-9259-de191631383b","local_time":"20210122173522","is_ascension_mode":false,"campfire_choices":[{"floor":6.0,"key":"REST"},{"floor":12.0,"key":"REST"},{"data":"Prostrate","floor":15.0,"key":"SMITH"},{"floor":23.0,"key":"REST"},{"floor":27.0,"key":"REST"},{"floor":32.0,"key":"REST"},{"floor":40.0,"key":"REST"}],"circlet_count":0,"master_deck":["Strike_P","Strike_P","Strike_P","Strike_P","Defend_P","Defend_P","Defend_P","Defend_P+1","Eruption","Vigilance","Brilliance+1","Prostrate+1","Wireheading","Perseverance","Prostrate","Alpha+1","Prostrate","Consecrate","Nirvana+1","Protect+1","Worship","Consecrate+1","Vault","CurseOfTheBell","LikeWater+1","Wish","Parasite"],"relics":["HolyWater","Bronze Scales","Bag of Marbles","ClockworkSouvenir","Regal Pillow","Mercury Hourglass","Calling Bell","Pen Nib","Darkstone Periapt","Peace Pipe","Gremlin Horn","Lizard Tail"],"acts_visited":["Exordium","TheCity","TheBeyond"],"potions_floor_usage":[],"damage_taken":[{"damage":11.0,"enemies":"Jaw Worm","floor":1.0,"turns":3.0},{"damage":5.0,"enemies":"Small Slimes","floor":2.0,"turns":2.0},{"damage":0.0,"enemies":"2 Louse","floor":7.0,"turns":1.0},{"damage":19.0,"enemies":"Exordium Thugs","floor":8.0,"turns":6.0},{"damage":5.0,"enemies":"Exordium Wildlife","floor":14.0,"turns":4.0},{"damage":36.0,"enemies":"The Guardian","floor":16.0,"turns":9.0},{"damage":13.0,"enemies":"3 Byrds","floor":18.0,"turns":3.0},{"damage":16.0,"enemies":"2 Thieves","floor":20.0,"turns":4.0},{"damage":6.0,"enemies":"Cultist and Chosen","floor":21.0,"turns":5.0},{"damage":12.0,"enemies":"Shelled Parasite and Fungi","floor":22.0,"turns":5.0},{"damage":15.0,"enemies":"Centurion and Healer","floor":24.0,"turns":5.0},{"damage":45.0,"enemies":"3 Cultists","floor":25.0,"turns":5.0},{"damage":15.0,"enemies":"Cultist and Chosen","floor":29.0,"turns":5.0},{"damage":7.0,"enemies":"Chosen and Byrds","floor":30.0,"turns":5.0},{"damage":20.0,"enemies":"Automaton","floor":33.0,"turns":7.0},{"damage":33.0,"enemies":"3 Darklings","floor":35.0,"turns":4.0},{"damage":11.0,"enemies":"Orb Walker","floor":36.0,"turns":4.0},{"damage":8.0,"enemies":"Transient","floor":38.0,"turns":6.0},{"damage":32.0,"enemies":"Writhing Mass","floor":41.0,"turns":6.0},{"damage":11.0,"enemies":"Sphere and 2 Shapes","floor":42.0,"turns":4.0},{"damage":6.0,"enemies":"Spire Growth","floor":44.0,"turns":6.0},{"damage":4,"enemies":"Maw","floor":45,"turns":10}],"seed_played":"-5259861456073228581","potions_obtained":[{"floor":1.0,"key":"Explosive Potion"},{"floor":7.0,"key":"DuplicationPotion"},{"floor":14.0,"key":"PowerPotion"},{"floor":18.0,"key":"SpeedPotion"},{"floor":20.0,"key":"BottledMiracle"},{"floor":25.0,"key":"FearPotion"},{"floor":29.0,"key":"GamblersBrew"},{"floor":35.0,"key":"FearPotion"},{"floor":37.0,"key":"Fruit Juice"},{"floor":37.0,"key":"Fruit Juice"},{"floor":37.0,"key":"SneckoOil"},{"floor":38.0,"key":"Weak Potion"},{"floor":41.0,"key":"PowerPotion"}],"is_trial":false,"path_per_floor":["M","M","?","?","?","R","M","M","T","T","$","R","?","M","R","B",null,"M","?","M","M","M","R","M","M","T","R","?","M","M","?","R","B",null,"M","M","?","M","$","R","M","M","T","M","M"],"character_chosen":"WATCHER","items_purchased":["ClockworkSouvenir","Prostrate","Regal Pillow","Gremlin Horn"],"campfire_rested":6,"item_purchase_floors":[11,11,11,39],"current_hp_per_floor":[61,56,45,45,38,59,59,40,40,40,40,72,58,53,53,17,72,59,59,43,37,25,61,46,1,1,37,37,22,15,39,72,52,72,39,28,38,30,30,69,43,32,32,26,22,22],"gold":378,"neow_bonus":"ONE_RANDOM_RARE_CARD","is_daily":false,"chose_seed":false,"campfire_upgraded":1,"win_rate":0.0,"timestamp":1611344122,"path_taken":["M","M","?","?","?","R","M","?","T","?","?","R","?","?","R","BOSS","M","?","?","M","M","R","M","M","T","R","?","M","M","?","R","BOSS","M","M","?","M","$","R","?","M","T","M","M"],"items_purchased_type":["Relic","Card","Relic","Relic"],"build_version":"2020-12-22","purchased_purges":0,"victory":false,"max_hp_per_floor":[72,72,72,72,72,72,72,72,72,72,72,72,72,72,72,72,72,72,72,72,72,72,72,72,72,72,72,72,72,72,72,72,72,72,72,72,82,82,82,82,88,88,88,88,88,88],"relic_stats":{"Darkstone Periapt":6,"Peace Pipe":0,"Regal Pillow":68,"Lizard Tail":0,"Gremlin Horn":[2,2],"counters":[22,108],"Bronze Scales":[302],"Pen Nib":[4],"obtain_stats":[{"Darkstone Periapt":34,"Regal Pillow":11,"Gremlin Horn":39,"Pen Nib":34,"ClockworkSouvenir":11,"Mercury Hourglass":26,"Calling Bell":34,"Peace Pipe":34,"Lizard Tail":43,"Bronze Scales":9,"HolyWater":17,"Bag of Marbles":10,"PureWater":0},{"Darkstone Periapt":15,"Regal Pillow":4,"Gremlin Horn":18,"Pen Nib":15,"ClockworkSouvenir":4,"Mercury Hourglass":12,"Calling Bell":15,"Peace Pipe":15,"Lizard Tail":20,"Bronze Scales":4,"HolyWater":6,"Bag of Marbles":4,"PureWater":0},{"Darkstone Periapt":69,"Regal Pillow":12,"Gremlin Horn":83,"Pen Nib":69,"ClockworkSouvenir":12,"Mercury Hourglass":52,"Calling Bell":69,"Peace Pipe":69,"Lizard Tail":93,"Bronze Scales":12,"HolyWater":25,"Bag of Marbles":12,"PureWater":0}],"Mercury Hourglass":[213]},"card_choices":[{"not_picked":["Consecrate","EmptyMind"],"picked":"Prostrate","floor":1.0},{"not_picked":["FlurryOfBlows","Protect"],"picked":"Wireheading","floor":2.0},{"not_picked":["Meditate","Sanctity","FlyingSleeves"],"picked":"SKIP","floor":7.0},{"not_picked":["FollowUp","EmptyBody"],"picked":"Perseverance","floor":8.0},{"not_picked":["Indignation","WreathOfFlame","Halt"],"picked":"SKIP","floor":14.0},{"not_picked":["SpiritShield","Scrawl"],"picked":"Alpha","floor":16.0},{"not_picked":["PathToVictory","Halt"],"picked":"Prostrate","floor":18.0},{"not_picked":["Evaluate","JustLucky"],"picked":"Consecrate","floor":20.0},{"not_picked":["ClearTheMind","SashWhip"],"picked":"Nirvana+1","floor":21.0},{"not_picked":["DeusExMachina","Halt","SandsOfTime"],"picked":"SKIP","floor":22.0},{"not_picked":["Fasting2","WaveOfTheHand","ReachHeaven"],"picked":"SKIP","floor":24.0},{"not_picked":["FlurryOfBlows+1","Study"],"picked":"Protect+1","floor":25.0},{"not_picked":["JustLucky","BowlingBash"],"picked":"Worship","floor":29.0},{"not_picked":["Omniscience","Vengeance"],"picked":"Consecrate+1","floor":30.0},{"not_picked":["Judgement","LessonLearned"],"picked":"Vault","floor":33.0},{"not_picked":["EmptyFist+1","Prostrate"],"picked":"LikeWater+1","floor":35.0},{"not_picked":["Nirvana","Consecrate","PathToVictory+1"],"picked":"SKIP","floor":36.0},{"not_picked":["Wireheading+1","FlurryOfBlows"],"picked":"Wish","floor":38.0},{"not_picked":["Consecrate","CrushJoints+1","FlyingSleeves"],"picked":"SKIP","floor":41.0},{"not_picked":["FearNoEvil+1","MentalFortress","Vengeance+1"],"picked":"SKIP","floor":42.0},{"not_picked":["DeceiveReality","TalkToTheHand","Wallop+1"],"picked":"SKIP","floor":44.0}],"player_experience":441399,"relics_obtained":[{"floor":9.0,"key":"Bronze Scales"},{"floor":10.0,"key":"Bag of Marbles"},{"floor":26.0,"key":"Mercury Hourglass"},{"floor":34.0,"key":"Pen Nib"},{"floor":34.0,"key":"Darkstone Periapt"},{"floor":34.0,"key":"Peace Pipe"},{"floor":43.0,"key":"Lizard Tail"}],"event_choices":[{"damage_healed":0.0,"max_hp_gain":0.0,"max_hp_loss":0.0,"gold_gain":75.0,"event_name":"World of Goop","player_choice":"Gather Gold","floor":3.0,"gold_loss":0.0,"damage_taken":11.0},{"damage_healed":0.0,"max_hp_gain":0.0,"max_hp_loss":0.0,"gold_gain":70.0,"event_name":"Golden Wing","player_choice":"Gained Gold","floor":4.0,"gold_loss":0.0,"damage_taken":0.0},{"damage_healed":0.0,"max_hp_gain":0.0,"max_hp_loss":0.0,"gold_gain":0.0,"event_name":"Wheel of Change","player_choice":"Damaged","floor":5.0,"gold_loss":0.0,"damage_taken":7.0},{"damage_healed":0.0,"max_hp_gain":0.0,"max_hp_loss":0.0,"gold_gain":0.0,"event_name":"Shining Light","player_choice":"Entered Light","floor":13.0,"gold_loss":0.0,"damage_taken":14.0,"cards_upgraded":["Brilliance","Defend_P"]},{"damage_healed":0.0,"max_hp_gain":0.0,"max_hp_loss":0.0,"gold_gain":0.0,"event_name":"Upgrade Shrine","player_choice":"Upgraded","floor":19.0,"gold_loss":0.0,"damage_taken":0.0,"cards_upgraded":["Alpha"]},{"damage_healed":0.0,"max_hp_gain":0.0,"max_hp_loss":0.0,"gold_gain":0.0,"event_name":"Ghosts","player_choice":"Ignored","floor":28.0,"gold_loss":0.0,"damage_taken":0.0},{"damage_healed":24.0,"max_hp_gain":0.0,"max_hp_loss":0.0,"gold_gain":0.0,"event_name":"The Library","player_choice":"Heal","floor":31.0,"gold_loss":0.0,"damage_taken":0.0},{"damage_healed":0.0,"max_hp_gain":0.0,"max_hp_loss":0.0,"gold_gain":0.0,"event_name":"Lab","player_choice":"Got Potions","floor":37.0,"gold_loss":0.0,"damage_taken":0.0}],"is_beta":false,"boss_relics":[{"not_picked":["Tiny House","Busted Crown"],"picked":"HolyWater"},{"not_picked":["Snecko Eye","Astrolabe"],"picked":"Calling Bell"}],"items_purged_floors":[],"is_endless":false,"potions_floor_spawned":[1,7,14,18,20,25,29,35,38,41],"killed_by":"Maw","ascension_level":0}}