{"host":"56d873i5r3uhle0q","time":1611280813,"event":{"mods":["100% Spire Juice","Act Like it!","Aspiration","BaseMod","Block Reminder","Conspire","Gensokyo","Hermit","Hubris","Infinite Spire","Jedi Mod","Lobotomy","Marisa????????","Marked Mod","Minty Spire (QoL Compilation)","Replay The Spire","StSLib","The Animator","The Bug Knight","The Cursed","The Marked","The Servant 0.9.4","everything is the same but u backflip on backflip","vexMod","??????REMEMod"],"gold_per_floor":[119,119,136,136,148,167,167,167,167,178,190,209,69,69,69,69,69],"floor_reached":16,"language":"ENG","playtime":665,"items_purged":[],"score":94,"play_id":"fcca1767-61a8-48a9-bbfb-7f34efa8a5f1","local_time":"20210121190013","is_ascension_mode":false,"campfire_choices":[{"data":"REME_ACTH","floor":7,"key":"SMITH"},{"data":"theMarked:SoldierOfQuellstein","floor":15,"key":"SMITH"}],"circlet_count":0,"master_deck":["theMarked:Strike","theMarked:Strike","theMarked:Strike","theMarked:Strike","theMarked:Strike","theMarked:Defend","theMarked:Defend","theMarked:Defend","theMarked:Defend","theMarked:SoldierOfQuellstein+1","theMarked:Opportunist","REME_ACTH+1","Gensokyo:BlemishedSteel","Gensokyo:Shovel"],"relics":["theMarked:ArtifactOfAir","REME_ComplimentaryCards","NeowsBlessing","theMarked:Gun"],"acts_visited":["Gensokyo:Gensokyo"],"potions_floor_usage":[16],"damage_taken":[{"damage":0,"enemies":"Gensokyo:3_Fairies","floor":1,"turns":2},{"damage":0,"enemies":"Gensokyo:Python","floor":3,"turns":1},{"damage":0,"enemies":"Gensokyo:2_Kodama","floor":5,"turns":1},{"damage":4,"enemies":"Gensokyo:VengefulSpirit","floor":6,"turns":5},{"damage":3,"enemies":"Gensokyo:2_Rabbits","floor":10,"turns":3},{"damage":0,"enemies":"Gensokyo:LivingMonolith","floor":11,"turns":2},{"damage":15,"enemies":"Gensokyo:Gryphon_and_Rabbit","floor":12,"turns":6},{"damage":80,"enemies":"Gensokyo:Kokoro","floor":16,"turns":13}],"seed_played":"7547637217388718022","potions_obtained":[{"floor":1,"key":"Explosive Potion"},{"floor":10,"key":"AttackPotion"}],"is_trial":false,"path_per_floor":["M","$","M","$","M","M","R","?","T","M","M","M","COS","$","R","B"],"character_chosen":"THE_DEFAULT","items_purchased":[],"campfire_rested":0,"item_purchase_floors":[],"current_hp_per_floor":[70,70,70,70,70,66,66,70,70,67,67,52,52,52,52,0,0],"gold":69,"neow_bonus":"THREE_ENEMY_KILL","is_daily":false,"chose_seed":false,"campfire_upgraded":2,"win_rate":0.0,"timestamp":1611280813,"path_taken":["M","$","M","$","M","M","R","?","T","M","M","?","COS","?","R","BOSS"],"items_purchased_type":[],"build_version":"2020-12-22","purchased_purges":0,"victory":false,"max_hp_per_floor":[70,70,70,70,70,70,70,70,70,70,70,70,70,70,70,70,70],"card_choices":[{"not_picked":["theMarked:BanishingStrike","theMarked:HeightenedSenses","theMarked:Parkour"],"picked":"SKIP","floor":1},{"not_picked":["theMarked:Frustration","theMarked:Polarize","theMarked:ElectricStrings"],"picked":"SKIP","floor":3},{"not_picked":["theMarked:Defy","theMarked:Parkour"],"picked":"theMarked:Opportunist","floor":5},{"not_picked":["theMarked:Panic","theMarked:AttractMetal","theMarked:ElectricStrings"],"picked":"SKIP","floor":6},{"not_picked":["theMarked:ElectricStrings","theMarked:HeritageOfTheMarked","theMarked:WastefulAttack"],"picked":"SKIP","floor":10},{"not_picked":["theMarked:CreepingChasm","theMarked:WardOff","theMarked:HeightenedSenses"],"picked":"SKIP","floor":11},{"not_picked":["theMarked:BanishingStrike","theMarked:Aftermath","theMarked:DeterminationOfTheMarked"],"picked":"SKIP","floor":12}],"player_experience":579620,"relics_obtained":[{"floor":9,"key":"theMarked:Gun"}],"event_choices":[],"is_beta":false,"boss_relics":[],"items_purged_floors":[],"is_endless":false,"potions_floor_spawned":[1,10],"killed_by":"Gensokyo:Kokoro","ascension_level":0}}