{"host":"hwrdjx5eod2cxh09","time":1611320649,"event":{"mods":["AchievementEnabler","BaseMod","Bestiary","Minty Spire (QoL Compilation)","Relic Stats"],"gold_per_floor":[114,129,144,17,32,32,62,62,62,77,92,107,124,139,139,239,239,224,149,164,14,113,143,143,158,158,158,173,188,203,218,218,318,318,333,333,348,363,413,413,443,443,493,508,523,27,27,51,51,51,51],"floor_reached":50,"language":"ENG","playtime":3043,"items_purged":["Strike_G"],"score":552,"play_id":"831faa0f-8ec4-4159-8a21-2168ca2466b5","local_time":"20210122220409","daily_mods":["Heirloom","Uncertain Future","Night Terrors"],"is_ascension_mode":false,"campfire_choices":[{"data":"Catalyst","floor":6,"key":"SMITH"},{"data":"Neutralize","floor":8,"key":"SMITH"},{"floor":15,"key":"REST"},{"floor":24,"key":"REST"},{"data":"Leg Sweep","floor":32,"key":"SMITH"},{"data":"Burst","floor":40,"key":"SMITH"},{"data":"Night Terror","floor":47,"key":"SMITH"},{"data":"Adrenaline","floor":49,"key":"SMITH"}],"circlet_count":0,"master_deck":["Strike_G","Defend_G","Defend_G","Defend_G","Defend_G","Defend_G","Survivor","Neutralize+1","Terror","Noxious Fumes","Catalyst+1","Deadly Poison","Well Laid Plans","Poisoned Stab","Backstab","Outmaneuver","Acrobatics","Blur","Burst+1","Night Terror+1","Sucker Punch+1","Calculated Gamble+1","Deflect","Dodge and Roll+1","Deadly Poison+1","Outmaneuver+1","Leg Sweep+1","Corpse Explosion","Escape Plan+1","Madness","Madness","Adrenaline+1","Crippling Poison+1","Catalyst","Concentrate","Leg Sweep","Concentrate+1"],"relics":["Ring of the Snake","Pocketwatch","StrikeDummy","Frozen Egg 2","Odd Mushroom","Astrolabe","Membership Card","The Courier","Meat on the Bone","Ornamental Fan","Sozu","Regal Pillow","Akabeko","CeramicFish","Bag of Preparation","Ancient Tea Set","Paper Crane","Tingsha","Strawberry"],"acts_visited":["Exordium","TheCity","TheBeyond"],"potions_floor_usage":[11,23,23,23,30,30],"damage_taken":[{"damage":4,"enemies":"Cultist","floor":1,"turns":5},{"damage":0,"enemies":"Small Slimes","floor":2,"turns":3},{"damage":0,"enemies":"Jaw Worm","floor":3,"turns":4},{"damage":12,"enemies":"3 Louse","floor":5,"turns":5},{"damage":16,"enemies":"3 Sentries","floor":7,"turns":8},{"damage":4,"enemies":"Blue Slaver","floor":10,"turns":3},{"damage":30,"enemies":"Exordium Thugs","floor":11,"turns":5},{"damage":0,"enemies":"3 Louse","floor":12,"turns":2},{"damage":8,"enemies":"The Mushroom Lair","floor":13,"turns":6},{"damage":0,"enemies":"Exordium Wildlife","floor":14,"turns":4},{"damage":4,"enemies":"The Guardian","floor":16,"turns":6},{"damage":7,"enemies":"2 Thieves","floor":18,"turns":4},{"damage":1,"enemies":"Chosen","floor":20,"turns":4},{"damage":38,"enemies":"Slavers","floor":23,"turns":11},{"damage":0,"enemies":"Snecko","floor":25,"turns":5},{"damage":22,"enemies":"Shelled Parasite and Fungi","floor":28,"turns":7},{"damage":10,"enemies":"Centurion and Healer","floor":29,"turns":6},{"damage":10,"enemies":"3 Cultists","floor":30,"turns":6},{"damage":0,"enemies":"Snecko","floor":31,"turns":4},{"damage":17,"enemies":"Champ","floor":33,"turns":7},{"damage":15,"enemies":"3 Darklings","floor":35,"turns":4},{"damage":14,"enemies":"3 Shapes","floor":37,"turns":8},{"damage":3,"enemies":"Writhing Mass","floor":38,"turns":7},{"damage":18,"enemies":"Nemesis","floor":41,"turns":3},{"damage":13,"enemies":"Maw","floor":44,"turns":8},{"damage":7,"enemies":"Jaw Worm Horde","floor":45,"turns":3},{"damage":0,"enemies":"4 Shapes","floor":48,"turns":5},{"damage":43,"enemies":"Donu and Deca","floor":50,"turns":5}],"seed_played":"8945501730091475425","potions_obtained":[{"floor":1,"key":"Regen Potion"},{"floor":11,"key":"Weak Potion"},{"floor":12,"key":"Regen Potion"},{"floor":13,"key":"Dexterity Potion"},{"floor":23,"key":"Block Potion"},{"floor":25,"key":"CunningPotion"}],"is_trial":false,"path_per_floor":["M","M","M","$","M","R","E","R","T","M","M","M","?","M","R","B",null,"M","?","M","$","?","E","R","M","T","T","M","M","M","M","R","B",null,"M","?","M","M","T","R","E","?","T","M","M","$","R","M","R","B"],"character_chosen":"THE_SILENT","items_purchased":["Deadly Poison","Well Laid Plans","Membership Card","Catalyst","Bag of Preparation","Concentrate","Leg Sweep","Ancient Tea Set","Paper Crane","Tingsha","Strawberry"],"campfire_rested":2,"item_purchase_floors":[4,4,21,46,46,46,46,46,46,46,46],"current_hp_per_floor":[66,66,66,66,54,54,38,38,38,34,19,19,11,11,65,61,65,58,58,57,57,57,34,60,60,60,60,38,40,42,42,42,37,60,45,37,35,32,32,32,26,26,26,25,30,37,37,37,37,0,0],"gold":51,"neow_bonus":"","is_daily":true,"chose_seed":false,"campfire_upgraded":6,"win_rate":0.0,"timestamp":1611320649,"path_taken":["M","M","M","$","M","R","E","R","T","?","?","M","?","M","R","BOSS","M","?","M","$","?","E","R","M","T","?","M","M","M","M","R","BOSS","M","?","M","M","?","R","E","?","T","M","M","$","R","M","R","BOSS"],"items_purchased_type":["Card","Card","Relic","Card","Relic","Card","Card","Relic","Relic","Relic","Relic"],"build_version":"2020-12-22","purchased_purges":1,"victory":false,"max_hp_per_floor":[70,70,70,70,70,70,70,70,70,70,70,70,70,70,65,65,65,65,65,65,65,65,65,60,60,60,60,60,60,60,60,60,60,60,60,60,60,60,60,60,60,60,60,60,60,67,67,67,67,67,67],"relic_stats":{"Sozu":2,"Regal Pillow":0,"counters":[28,148],"Ornamental Fan":[16],"Astrolabe":["Heel Hook","Sucker Punch","Calculated Gamble"],"CeramicFish":36,"Tingsha":[21],"Bag of Preparation":[4],"obtain_stats":[{"Regal Pillow":39,"Astrolabe":17,"CeramicFish":43,"Tingsha":46,"The Courier":23,"Bag of Preparation":46,"Frozen Egg 2":9,"Odd Mushroom":13,"Paper Crane":46,"Ancient Tea Set":46,"Akabeko":41,"Sozu":34,"Ornamental Fan":27,"Strawberry":46,"Membership Card":21,"StrikeDummy":7,"Ring of the Snake":0,"Pocketwatch":0,"Meat on the Bone":26},{"Regal Pillow":23,"Astrolabe":11,"CeramicFish":24,"Tingsha":26,"The Courier":14,"Bag of Preparation":26,"Frozen Egg 2":5,"Odd Mushroom":9,"Paper Crane":26,"Ancient Tea Set":26,"Akabeko":24,"Sozu":20,"Ornamental Fan":15,"Strawberry":26,"Membership Card":13,"StrikeDummy":5,"Ring of the Snake":0,"Pocketwatch":0,"Meat on the Bone":15},{"Regal Pillow":124,"Astrolabe":51,"CeramicFish":127,"Tingsha":138,"The Courier":70,"Bag of Preparation":138,"Frozen Egg 2":25,"Odd Mushroom":41,"Paper Crane":138,"Ancient Tea Set":138,"Akabeko":127,"Sozu":105,"Ornamental Fan":75,"Strawberry":138,"Membership Card":59,"StrikeDummy":25,"Ring of the Snake":0,"Pocketwatch":0,"Meat on the Bone":75}],"Ring of the Snake":[56],"Pocketwatch":[140],"Meat on the Bone":84},"card_choices":[{"not_picked":["Deadly Poison","Quick Slash"],"picked":"Terror","floor":1},{"not_picked":["Expertise","Deflect"],"picked":"Noxious Fumes","floor":2},{"not_picked":["Expertise","Predator"],"picked":"Catalyst","floor":3},{"not_picked":["Predator","Calculated Gamble"],"picked":"Poisoned Stab","floor":5},{"not_picked":["Flying Knee","Flechettes"],"picked":"Backstab","floor":7},{"not_picked":["Quick Slash","Flying Knee"],"picked":"Outmaneuver","floor":10},{"not_picked":["Bane","Cloak And Dagger"],"picked":"PiercingWail","floor":11},{"not_picked":["Storm of Steel","Dagger Spray"],"picked":"Acrobatics","floor":12},{"not_picked":["Dodge and Roll","Dagger Throw"],"picked":"Blur","floor":13},{"not_picked":["Skewer","Predator"],"picked":"Burst","floor":14},{"not_picked":["A Thousand Cuts+1","Malaise"],"picked":"Night Terror","floor":16},{"not_picked":["Well Laid Plans+1","Bane"],"picked":"Deflect","floor":18},{"not_picked":["PiercingWail","Acrobatics+1","Dagger Throw"],"picked":"SKIP","floor":20},{"not_picked":["Well Laid Plans+1","Flying Knee+1"],"picked":"Dodge and Roll+1","floor":23},{"not_picked":["After Image+1","Outmaneuver"],"picked":"Deadly Poison+1","floor":25},{"not_picked":["Reflex","Cloak And Dagger","All Out Attack+1"],"picked":"SKIP","floor":28},{"not_picked":["Underhanded Strike","Dagger Throw","Bane"],"picked":"SKIP","floor":29},{"not_picked":["Underhanded Strike","Storm of Steel"],"picked":"Outmaneuver+1","floor":30},{"not_picked":["Deadly Poison","Acrobatics+1"],"picked":"Leg Sweep","floor":31},{"not_picked":["A Thousand Cuts+1","After Image+1"],"picked":"Corpse Explosion","floor":33},{"not_picked":["Dodge and Roll+1","Outmaneuver+1"],"picked":"Escape Plan+1","floor":35},{"not_picked":["Slice+1","Dash"],"picked":"Adrenaline","floor":37},{"not_picked":["Underhanded Strike+1","Flying Knee","Dagger Throw"],"picked":"SKIP","floor":38},{"not_picked":["Flying Knee+1","Dagger Throw+1"],"picked":"Crippling Poison+1","floor":41},{"not_picked":["PiercingWail+1","Poisoned Stab","Noxious Fumes+1"],"picked":"SKIP","floor":44},{"not_picked":["Underhanded Strike+1","Blade Dance","Quick Slash+1"],"picked":"SKIP","floor":45},{"not_picked":["Quick Slash+1","Envenom+1"],"picked":"Concentrate+1","floor":48}],"player_experience":234696,"relics_obtained":[{"floor":7,"key":"StrikeDummy"},{"floor":9,"key":"Frozen Egg 2"},{"floor":13,"key":"Odd Mushroom"},{"floor":23,"key":"The Courier"},{"floor":26,"key":"Meat on the Bone"},{"floor":27,"key":"Ornamental Fan"},{"floor":39,"key":"Regal Pillow"},{"floor":41,"key":"Akabeko"},{"floor":43,"key":"CeramicFish"}],"event_choices":[{"damage_healed":0,"gold_gain":0,"player_choice":"Fought Mushrooms","damage_taken":0,"max_hp_gain":0,"max_hp_loss":0,"event_name":"Mushrooms","floor":13,"gold_loss":0},{"cards_removed":["Heel Hook"],"damage_healed":0,"gold_gain":0,"player_choice":"Gave Gold","damage_taken":0,"max_hp_gain":0,"max_hp_loss":0,"event_name":"Beggar","floor":19,"gold_loss":75},{"damage_healed":0,"gold_gain":99,"player_choice":"Stole From Cult","damage_taken":0,"max_hp_gain":0,"max_hp_loss":0,"event_name":"Nest","floor":22,"gold_loss":0},{"damage_healed":0,"gold_gain":0,"player_choice":"Embrace Madness","damage_taken":8,"max_hp_gain":0,"max_hp_loss":0,"event_name":"Winding Halls","floor":36,"gold_loss":0,"cards_obtained":["Madness","Madness"]},{"cards_removed":["PiercingWail"],"damage_healed":0,"gold_gain":0,"player_choice":"Removed Skill","damage_taken":0,"max_hp_gain":0,"max_hp_loss":0,"event_name":"Falling","floor":42,"gold_loss":0}],"is_beta":false,"boss_relics":[{"not_picked":["SlaversCollar","Empty Cage"],"picked":"Astrolabe"},{"not_picked":["Black Star","Coffee Dripper"],"picked":"Sozu"}],"items_purged_floors":[46],"is_endless":false,"potions_floor_spawned":[1,11,12,13,20,23,25,44,48],"killed_by":"Donu and Deca","ascension_level":0}}