{"host":"v67gr4iepfhi0qby","time":1611285785,"event":{"mods":["BaseMod","Hermit","Minty Spire (QoL Compilation)","StSLib","The Hierophant"],"gold_per_floor":[115,115,90,90,103,150,160,160,187,207,187,193,121,173,173,178,178],"floor_reached":16,"language":"ENG","playtime":839,"items_purged":[],"score":158,"play_id":"d4e0d668-9bfe-4634-916d-3a16a873cffb","local_time":"20210121202305","is_ascension_mode":false,"campfire_choices":[{"data":"hierophant:HolyVerse","floor":8,"key":"SMITH"},{"data":"hierophant:Glossolalia","floor":15,"key":"SMITH"}],"circlet_count":0,"master_deck":["hierophant:Strike_Hierophant","hierophant:Strike_Hierophant","hierophant:Strike_Hierophant","hierophant:Strike_Hierophant","hierophant:Punish","hierophant:Defend_Hierophant","hierophant:Defend_Hierophant","hierophant:Defend_Hierophant","hierophant:Defend_Hierophant","hierophant:ChurchCoffers","hierophant:Doubloon","hierophant:Remorse","hierophant:HolyVerse+1","hierophant:Doubloon","hierophant:Charity","hierophant:Upheaval","hierophant:Sermon","hierophant:Embezzle","hierophant:RustyCrate","hierophant:Doubloon","hierophant:Doubloon","hierophant:Glossolalia+1","hierophant:MorningPrayer"],"relics":["hierophant:PropheticMaskRelic","NeowsBlessing","Happy Flower","Lantern","Mango","Odd Mushroom"],"acts_visited":["Exordium"],"potions_floor_usage":[16,16],"damage_taken":[{"damage":0,"enemies":"Jaw Worm","floor":1,"turns":1},{"damage":0,"enemies":"2 Louse","floor":5,"turns":1},{"damage":0,"enemies":"3 Sentries","floor":6,"turns":1},{"damage":1,"enemies":"Cultist","floor":7,"turns":3},{"damage":53,"enemies":"Lagavulin","floor":10,"turns":8},{"damage":0,"enemies":"2 Fungi Beasts","floor":12,"turns":2},{"damage":1,"enemies":"The Mushroom Lair","floor":14,"turns":2},{"damage":25,"enemies":"Slime Boss","floor":16,"turns":5}],"seed_played":"-8494903810526785116","potions_obtained":[{"floor":6,"key":"Energy Potion"},{"floor":7,"key":"PowerPotion"},{"floor":11,"key":"FearPotion"},{"floor":12,"key":"CultistPotion"},{"floor":14,"key":"AttackPotion"}],"is_trial":false,"path_per_floor":["M","?","$","?","M","E","M","R","T","E","?","M","$","?","R","B"],"character_chosen":"HIEROPHANT","items_purchased":["hierophant:HolyVerse","hierophant:Glossolalia"],"campfire_rested":0,"item_purchase_floors":[3,13],"current_hp_per_floor":[75,75,75,75,75,75,74,74,74,35,35,35,35,34,34,9,9],"gold":178,"neow_bonus":"THREE_ENEMY_KILL","is_daily":false,"chose_seed":false,"campfire_upgraded":2,"win_rate":0.0,"timestamp":1611285785,"path_taken":["M","?","$","?","M","E","M","R","T","E","?","?","$","?","R","BOSS"],"items_purchased_type":["Card","Card"],"build_version":"2020-12-22","purchased_purges":0,"victory":false,"max_hp_per_floor":[75,75,75,75,75,75,75,75,75,89,89,89,89,89,89,89,89],"card_choices":[{"not_picked":["hierophant:OrnateBuckler","hierophant:Doomsaying"],"picked":"hierophant:Remorse","floor":1},{"not_picked":["hierophant:Purify","hierophant:SolarFlare"],"picked":"hierophant:Charity","floor":5},{"not_picked":["hierophant:AuricBeam","hierophant:ThreeLashes"],"picked":"hierophant:Upheaval","floor":6},{"not_picked":["hierophant:SealAway","hierophant:MorningPrayer"],"picked":"hierophant:Sermon","floor":7},{"not_picked":["hierophant:Martyrdom","hierophant:Endure"],"picked":"hierophant:Embezzle","floor":10},{"not_picked":["hierophant:EyeForCoin","hierophant:Encroach"],"picked":"hierophant:RustyCrate","floor":12},{"not_picked":["hierophant:CursedGold","hierophant:SecretStash"],"picked":"hierophant:MorningPrayer","floor":14}],"player_experience":3034,"relics_obtained":[{"floor":6,"key":"Happy Flower"},{"floor":9,"key":"Lantern"},{"floor":10,"key":"Mango"},{"floor":14,"key":"Odd Mushroom"}],"event_choices":[{"damage_healed":0,"gold_gain":0,"player_choice":"Ignored","damage_taken":0,"max_hp_gain":0,"max_hp_loss":0,"event_name":"Golden Wing","floor":2,"gold_loss":0},{"damage_healed":0,"gold_gain":0,"player_choice":"Ignored","damage_taken":0,"max_hp_gain":0,"max_hp_loss":0,"event_name":"Golden Idol","floor":4,"gold_loss":0},{"damage_healed":0,"gold_gain":0,"player_choice":"Bought 1 Potion","damage_taken":0,"max_hp_gain":0,"max_hp_loss":0,"event_name":"The Woman in Blue","floor":11,"gold_loss":0},{"damage_healed":0,"gold_gain":0,"player_choice":"Fought Mushrooms","damage_taken":0,"max_hp_gain":0,"max_hp_loss":0,"event_name":"Mushrooms","floor":14,"gold_loss":0}],"is_beta":false,"boss_relics":[],"items_purged_floors":[],"is_endless":false,"potions_floor_spawned":[6,7,12,14],"killed_by":"Slime Boss","ascension_level":0}}