{"host":"5c1rfni4ms1ztn71","time":1611304990,"event":{"mods":["100% Spire Juice","AchievementEnabler","BaseMod","ChefMod","Duelist Mod","Hermit","Hubris","Infinite Spire","Jorbs\u0027s Wanderer Trilogy","Marisa????????","Minty Spire (QoL Compilation)","Potionbrewer","Replay The Spire","Robot Space Explorer","SOS???????","Somnambulant","StSLib","Td1madao Mod","The Administrix","The Animator","The Bladedancer","The Bug Knight","The Construct","The Cursed","The Death Knight","The Disciple","The Forsaken","The Hierophant","The Mystic","The Necromancer","The Poker Player","The Runesmith","The Saiyan","The Senshi","The Servant 0.9.4","The Wild Card"],"gold_per_floor":[138,154,154,154,62,62,79,104,174,174,193,193,47,66,66,170,170,199,222,249,261,283,323,335,367,379,391,429,441,463,494,506,518,518],"floor_reached":33,"language":"ENG","playtime":2693,"items_purged":[],"score":314,"play_id":"9bd5c24c-6f8f-4deb-b277-d6f98f72469b","local_time":"20210122034310","is_ascension_mode":false,"campfire_choices":[{"data":"theDuelist:ToonGeminiElf","floor":6,"key":"SMITH"},{"data":"theDuelist:ToonSummonedSkull","floor":10,"key":"SMITH"},{"data":"theDuelist:LightningDarts","floor":12,"key":"SMITH"},{"floor":15,"key":"REST"},{"floor":24,"key":"REST"},{"floor":27,"key":"REST"},{"data":"theDuelist:ToonRollback","floor":29,"key":"SMITH"},{"floor":32,"key":"REST"}],"circlet_count":0,"master_deck":["theDuelist:CastleWalls","theDuelist:CastleWalls","theDuelist:MangaRyuRan","theDuelist:Sparks","theDuelist:Sparks","theDuelist:Sparks","theDuelist:ToonAncientGear","theDuelist:ToonMermaid","theDuelist:ToonSummonedSkull+1","theDuelist:ToonWorld","theDuelist:ToonDarkMagicianGirl","theDuelist:ToonGeminiElf+1","theDuelist:ToonMaskedSorcerer","theDuelist:ToonAncientGear","theDuelist:RedEyesToon","theDuelist:ToonAncientGear","theDuelist:LightningDarts+1","theDuelist:ToonCannonSoldier","theDuelist:FlyingSaucer","theDuelist:RedEyesToon","theDuelist:ToonAncientGear","theDuelist:MagicCylinder","Languid","Normality","animator:Curse_GriefSeed","theDuelist:ToonBarrelDragon","theDuelist:ToonGeminiElf+1","theDuelist:DropOff","theDuelist:ToonBriefcase","theDuelist:FlyingSaucer","theDuelist:RedEyesToon","theDuelist:ToonRollback+1","theDuelist:ToonBarrelDragon+1","theDuelist:FlyingSaucer"],"relics":["theDuelist:MillenniumPuzzle","theDuelist:CardPoolRelic","theDuelist:CardPoolBasicRelic","theDuelist:BoosterPackPoolRelic","theDuelist:CardPoolAddRelic","theDuelist:CardPoolMinusRelic","theDuelist:CardPoolSaveRelic","theDuelist:CardPoolOptionsRelic","DeathKnight:SindragosasSkull","Replay:WaspNest","Replay:Ancient Bell","MawBank","theDuelist:TributeEggRelic","theDuelist:BoosterExtraAllRaresRelic","PreservedInsect","ReplayFunnel","DeathKnight:PutricidesVial"],"acts_visited":["Exordium","TheCity"],"potions_floor_usage":[16,25,25,31,31,33],"damage_taken":[{"damage":3,"enemies":"Small Slimes","floor":1,"turns":2},{"damage":5,"enemies":"Cultist","floor":2,"turns":3},{"damage":12,"enemies":"Jaw Worm","floor":7,"turns":2},{"damage":12,"enemies":"Lagavulin","floor":8,"turns":3},{"damage":7,"enemies":"Looter","floor":11,"turns":3},{"damage":13,"enemies":"Lots of Slimes","floor":14,"turns":2},{"damage":12,"enemies":"Fading Forest","floor":16,"turns":11},{"damage":6,"enemies":"3 Byrds","floor":18,"turns":3},{"damage":1,"enemies":"Spheric Guardian","floor":19,"turns":2},{"damage":14,"enemies":"Snake Plant","floor":20,"turns":3},{"damage":3,"enemies":"Centurion and Healer","floor":22,"turns":4},{"damage":43,"enemies":"Gremlin Leader","floor":23,"turns":4},{"damage":28,"enemies":"Snecko","floor":25,"turns":4},{"damage":9,"enemies":"HollowMod:Nosk","floor":28,"turns":6},{"damage":6,"enemies":"3 Cultists","floor":30,"turns":3},{"damage":27,"enemies":"Snake Plant","floor":31,"turns":3},{"damage":45,"enemies":"Collector","floor":33,"turns":6}],"seed_played":"-3582659341411255778","potions_obtained":[{"floor":7,"key":"FearPotion"},{"floor":8,"key":"theDuelist:SealedPackB"},{"floor":22,"key":"Adrenaline Potion"},{"floor":23,"key":"theDuelist:LavaBottle"},{"floor":28,"key":"theDuelist:BurningPotion"},{"floor":31,"key":"FearPotion"}],"is_trial":false,"path_per_floor":["M","M","$","?","$","R","M","E","T","R","M","R","$","M","R","B",null,"M","M","M","?","M","E","R","M","T","R","E","R","M","M","R","B"],"character_chosen":"THE_DUELIST","items_purchased":["theDuelist:ToonMaskedSorcerer","theDuelist:ToonAncientGear","theDuelist:ToonCannonSoldier","theDuelist:FlyingSaucer","theDuelist:RedEyesToon"],"campfire_rested":4,"item_purchase_floors":[5,5,13,13,13],"current_hp_per_floor":[85,80,80,80,80,80,68,56,56,56,49,49,49,36,62,60,88,82,81,67,67,64,21,47,19,19,45,36,36,30,3,29,0,0],"gold":518,"neow_bonus":"TEN_PERCENT_HP_BONUS","is_daily":false,"chose_seed":false,"campfire_upgraded":4,"win_rate":0.0,"timestamp":1611304990,"path_taken":["M","M","$","?","$","R","M","E","T","R","?","R","$","M","R","BOSS","M","M","M","?","?","E","R","M","T","R","E","R","M","M","R","BOSS"],"items_purchased_type":["Card","Card","Card","Card","Card"],"build_version":"2020-12-22","purchased_purges":0,"victory":false,"max_hp_per_floor":[88,88,88,88,88,88,88,88,88,88,88,88,88,88,88,88,88,88,88,88,88,88,88,88,88,88,88,88,88,88,88,88,88,88],"card_choices":[{"not_picked":["theDuelist:ToonDarkMagician","theDuelist:ToonGeminiElf","theDuelist:ToonMaskedSorcerer","theDuelist:Mathematician"],"picked":"theDuelist:ToonDarkMagicianGirl","floor":1},{"not_picked":["theDuelist:RedEyesToon","theDuelist:ToonBarrelDragon","theDuelist:FlyingSaucer","theDuelist:ToonAncientGear"],"picked":"theDuelist:ToonGeminiElf","floor":2},{"not_picked":["theDuelist:BlueEyesToon","theDuelist:BlueBloodedOni","theDuelist:GreyGreedOni","theDuelist:PurplePainOni"],"picked":"theDuelist:RedEyesToon","floor":7},{"not_picked":["theDuelist:ToonBarrelDragon","theDuelist:CheerfulCoffin","theDuelist:FlyingSaucer","theDuelist:ToonGoblin"],"picked":"theDuelist:ToonAncientGear","floor":8},{"not_picked":["theDuelist:ToonDefense","theDuelist:MagicalStone+1","theDuelist:OneForOne+1","theDuelist:DianKeto+1"],"picked":"theDuelist:LightningDarts","floor":11},{"not_picked":["theDuelist:ToonMermaid","theDuelist:FlyingSaucer","theDuelist:CheerfulCoffin","theDuelist:AncientGearFist"],"picked":"theDuelist:ToonAncientGear","floor":14},{"not_picked":["theDuelist:SwordsConcealing","theDuelist:OrbMetronome","theDuelist:SlotMachine","theDuelist:Solidarity"],"picked":"theDuelist:MagicCylinder","floor":16},{"not_picked":["blademaster:WrongfulFootwork","theDuelist:CurseArmaments"],"picked":"Languid","floor":17},{"not_picked":["hubris:Wrath","Amnesia"],"picked":"Normality","floor":17},{"not_picked":["Spreading Infection","stsjorbsmod:PollutedStrike"],"picked":"animator:Curse_GriefSeed","floor":17},{"not_picked":["theDuelist:SpellShatteringArrow","theDuelist:MangaRyuRan","theDuelist:ToonMermaid+1","theDuelist:ToonDarkMagician"],"picked":"theDuelist:ToonBarrelDragon","floor":18},{"not_picked":["theDuelist:BlueEyesToon+1","theDuelist:ToonSummonedSkull","theDuelist:ToonAncientGear","theDuelist:RedEyesToon"],"picked":"theDuelist:ToonGeminiElf+1","floor":19},{"not_picked":["theDuelist:MudragonSwamp","theDuelist:Sangan","theDuelist:PreventRat+1","theDuelist:GoldenApples"],"picked":"theDuelist:DropOff","floor":20},{"not_picked":["theDuelist:TrapHole","theDuelist:ToonCannonSoldier","theDuelist:ToonKingdom","theDuelist:ToonWorld"],"picked":"theDuelist:ToonBriefcase","floor":22},{"not_picked":["theDuelist:ToonDefense","theDuelist:ToonDarkMagicianGirl","theDuelist:ToonMagic","theDuelist:ToonGoblin"],"picked":"theDuelist:FlyingSaucer","floor":23},{"not_picked":["theDuelist:SpellShatteringArrow","theDuelist:ToonMermaid","theDuelist:ToonBarrelDragon","theDuelist:ToonDarkMagician"],"picked":"theDuelist:RedEyesToon","floor":25},{"not_picked":["theDuelist:ToonBarrelDragon","theDuelist:ToonAncientGear","theDuelist:ToonMermaid","theDuelist:RedEyesToon"],"picked":"theDuelist:ToonRollback","floor":28},{"not_picked":["theDuelist:RedEyesToon","theDuelist:FlyingSaucer","theDuelist:SpellShatteringArrow","theDuelist:MangaRyuRan"],"picked":"theDuelist:ToonBarrelDragon+1","floor":30},{"not_picked":["theDuelist:ToonBarrelDragon","theDuelist:ToonMermaid","theDuelist:CheerfulCoffin","theDuelist:ToonAncientGear"],"picked":"theDuelist:FlyingSaucer","floor":31}],"player_experience":70247,"relics_obtained":[{"floor":8,"key":"DeathKnight:SindragosasSkull"},{"floor":9,"key":"Replay:WaspNest"},{"floor":23,"key":"PreservedInsect"},{"floor":26,"key":"ReplayFunnel"},{"floor":28,"key":"DeathKnight:PutricidesVial"}],"event_choices":[{"damage_healed":0,"gold_gain":0,"player_choice":"Ignored","damage_taken":0,"max_hp_gain":0,"max_hp_loss":0,"event_name":"NoteForYourself","floor":4,"gold_loss":0},{"damage_healed":0,"gold_gain":0,"player_choice":"Leave","duelist":true,"damage_taken":0,"max_hp_gain":0,"max_hp_loss":0,"event_name":"Relic Duplicator","floor":21,"gold_loss":0}],"is_beta":false,"boss_relics":[{"not_picked":["hubris:RunicObelisk","infinitespire:Burning Sword"],"picked":"Replay:Ancient Bell"},{"not_picked":["Replay:Rubber Ducky","Strawberry"],"picked":"MawBank"},{"not_picked":["theDuelist:MonsterEggRelic","Solar Panel"],"picked":"theDuelist:TributeEggRelic"},{"not_picked":["TungstenRod","Peace Pipe"],"picked":"theDuelist:BoosterExtraAllRaresRelic"}],"items_purged_floors":[],"is_endless":false,"potions_floor_spawned":[7,8,22,23,28,31],"killed_by":"Collector","ascension_level":0}}