{"host":"41y51qpuw3tri6uv","time":1611293600,"event":{"mods":["AchievementEnabler","BaseMod","Bestiary","Better Altar","Better Match","Better Note","Better Sensory Stone","Better Skull","Better Third Choice","Better Vampires","Colored Map","Colored Powertips","DeckTracker","Minty Spire (QoL Compilation)","Permanent Neow","Quick Restart","Random Character Button","StSLib","SuperFastMode","Synergy Search","Thieving Mod"],"gold_per_floor":[110,110,129,50,64,108,108,33,87,100,50,50,50,79,79,192,192,220,241,70,87,105,105,36,36,45,82,106,116,116,116],"floor_reached":30,"language":"ENG","playtime":1149,"items_purged":["Strike_R","Strike_R"],"score":277,"play_id":"564c8dd7-5d77-4d12-bae5-dbf9cd243ae1","local_time":"20210122003320","is_ascension_mode":true,"campfire_choices":[{"data":"Inflame","floor":7.0,"key":"SMITH"},{"data":"Barricade","floor":13.0,"key":"SMITH"},{"data":"True Grit","floor":15.0,"key":"SMITH"},{"data":"Double Tap","floor":23.0,"key":"SMITH"},{"data":"Feel No Pain","floor":25.0,"key":"SMITH"}],"circlet_count":0,"master_deck":["Strike_R","Defend_R","Defend_R","Defend_R","Bash","Barricade+1","Cleave","Double Tap+1","Uppercut","Inflame+1","Thunderclap","True Grit+1","Reaper","Spot Weakness","Shrug It Off","Rampage","Feel No Pain+1","Injury","Battle Trance+1","Ghostly Armor"],"relics":["Burning Blood","CeramicFish","Vajra","Bronze Scales","Cursed Key","Nunchaku","TungstenRod"],"acts_visited":["Exordium","TheCity"],"potions_floor_usage":[29],"damage_taken":[{"damage":15.0,"enemies":"2 Louse","floor":1.0,"turns":4.0},{"damage":14.0,"enemies":"Cultist","floor":3.0,"turns":5.0},{"damage":9.0,"enemies":"Jaw Worm","floor":5.0,"turns":2.0},{"damage":26.0,"enemies":"Gremlin Nob","floor":6.0,"turns":4.0},{"damage":0.0,"enemies":"3 Louse","floor":10.0,"turns":1.0},{"damage":10.0,"enemies":"Red Slaver","floor":14.0,"turns":2.0},{"damage":31.0,"enemies":"Hexaghost","floor":16.0,"turns":9.0},{"damage":7.0,"enemies":"Chosen","floor":18.0,"turns":4.0},{"damage":22.0,"enemies":"Spheric Guardian","floor":19.0,"turns":4.0},{"damage":47.0,"enemies":"Shelled Parasite and Fungi","floor":21.0,"turns":4.0},{"damage":26.0,"enemies":"Centurion and Healer","floor":22.0,"turns":6.0},{"damage":27.0,"enemies":"Book of Stabbing","floor":27.0,"turns":4.0},{"damage":25.0,"enemies":"Snecko","floor":28.0,"turns":4.0},{"damage":10,"enemies":"Chosen and Byrds","floor":29,"turns":3},{"damage":50,"enemies":"Slavers","floor":30,"turns":3}],"seed_played":"-823001603410909028","potions_obtained":[{"floor":5.0,"key":"LiquidMemories"},{"floor":10.0,"key":"Dexterity Potion"},{"floor":14.0,"key":"SpeedPotion"},{"floor":19.0,"key":"SneckoOil"}],"is_trial":false,"path_per_floor":["M","?","M","$","M","E","R","$","T","M","?","?","R","M","R","B",null,"M","M","$","M","M","R","$","R","T","E","M","M","E"],"character_chosen":"IRONCLAD","items_purchased":["Inflame","Rampage","Feel No Pain"],"campfire_rested":0,"item_purchase_floors":[4,20,24],"current_hp_per_floor":[71,71,63,63,60,40,40,40,40,46,46,46,46,42,42,17,80,79,63,63,34,26,26,26,26,26,21,14,26,0,0],"gold":116,"neow_bonus":"ONE_RANDOM_RARE_CARD","is_daily":false,"chose_seed":false,"campfire_upgraded":5,"win_rate":0.0,"timestamp":1611293600,"path_taken":["M","?","M","$","M","E","R","?","T","M","?","?","R","?","R","BOSS","M","M","$","M","M","R","$","R","T","E","M","M","E"],"items_purchased_type":["Card","Card","Card"],"build_version":"2020-12-22","purchased_purges":2,"victory":false,"max_hp_per_floor":[80,80,80,80,80,80,80,80,80,80,80,80,80,80,80,80,80,80,80,80,80,80,80,80,80,80,80,80,80,80,80],"card_choices":[{"not_picked":["Heavy Blade","Clash"],"picked":"Cleave","floor":1.0},{"not_picked":["Armaments","Pommel Strike"],"picked":"Uppercut","floor":3.0},{"not_picked":["Havoc","Twin Strike","Rage"],"picked":"SKIP","floor":5.0},{"not_picked":["Sword Boomerang","Power Through"],"picked":"Thunderclap","floor":6.0},{"not_picked":["Wild Strike","Twin Strike","Fire Breathing"],"picked":"SKIP","floor":10.0},{"not_picked":["Combust","Sentinel"],"picked":"True Grit","floor":14.0},{"not_picked":["Exhume","Corruption"],"picked":"Reaper","floor":16.0},{"not_picked":["Wild Strike","Cleave+1"],"picked":"Spot Weakness","floor":18.0},{"not_picked":["Sword Boomerang","Headbutt"],"picked":"Shrug It Off","floor":19.0},{"not_picked":["Havoc+1","Flex+1","Thunderclap"],"picked":"SKIP","floor":21.0},{"not_picked":["Armaments","Clash+1","Bludgeon"],"picked":"SKIP","floor":22.0},{"not_picked":["Thunderclap+1","Hemokinesis+1"],"picked":"Battle Trance+1","floor":27.0},{"not_picked":["True Grit","Body Slam"],"picked":"Ghostly Armor","floor":28.0},{"not_picked":["Anger","Dropkick","Havoc+1"],"picked":"SKIP","floor":29}],"player_experience":121227,"relics_obtained":[{"floor":6.0,"key":"CeramicFish"},{"floor":9.0,"key":"Bronze Scales"},{"floor":26.0,"key":"Nunchaku"},{"floor":27.0,"key":"TungstenRod"}],"event_choices":[{"damage_healed":0.0,"max_hp_gain":0.0,"max_hp_loss":0.0,"gold_gain":0.0,"cards_transformed":["Strike_R"],"event_name":"Transmorgrifier","player_choice":"Transformed","floor":2.0,"gold_loss":0.0,"damage_taken":0.0,"cards_obtained":["Double Tap"]},{"cards_removed":["Strike_R"],"damage_healed":0.0,"max_hp_gain":0.0,"max_hp_loss":0.0,"gold_gain":0.0,"event_name":"The Cleric","player_choice":"Card Removal","floor":11.0,"gold_loss":50.0,"damage_taken":0.0},{"cards_removed":["Defend_R"],"damage_healed":0.0,"max_hp_gain":0.0,"max_hp_loss":0.0,"gold_gain":0.0,"event_name":"Bonfire Elementals","player_choice":"Offered Basic","floor":12.0,"gold_loss":0.0,"damage_taken":0.0}],"is_beta":false,"boss_relics":[{"not_picked":["Empty Cage","Calling Bell"],"picked":"Cursed Key"}],"items_purged_floors":[8,20],"is_endless":false,"potions_floor_spawned":[5,10,14,19,22],"killed_by":"Slavers","ascension_level":2}}