{"host":"tkinv8gv6hgcc58b","time":1611286988,"event":{"mods":["AchievementEnabler","BaseMod","BetterRewards","Colored Map","Downfall","Googly Eyes","Hermit","Minty Spire (QoL Compilation)","READ ME - Guardian Mod","Rare Cards Sparkle","Relic Filter","Shop Mod","StSLib","The Cursed","The Disciple"],"gold_per_floor":[99,119,119,419,430,430,430,430,455,355,374,374,374,384,397,397,397,397],"floor_reached":16,"language":"ENG","playtime":827,"items_purged":[],"score":135,"play_id":"261123f3-0217-49ea-b769-f1328bae9a23","local_time":"20210121224308","is_ascension_mode":true,"campfire_choices":[{"data":"champ:Taunt","floor":1,"key":"SMITH"},{"data":"champ:FalseCounter","floor":6,"key":"SMITH"},{"floor":10,"key":"REST"},{"data":"champ:Circumvent","floor":13,"key":"SMITH"}],"circlet_count":0,"master_deck":["champ:Strike","champ:Strike","champ:Strike","champ:Strike","champ:Defend","champ:Defend","champ:Defend","champ:Defend","champ:Execute","champ:Taunt+1","champ:FalseCounter+1","downfall:Icky","downfall:Icky","champ:FocusedDefense","champ:RageSigil","champ:Circumvent+1","champ:ShieldSigil","champ:IronFortress+1"],"relics":["Philosopher\u0027s Stone","Frozen Egg 2","Ice Cream","downfall:HeartBlessingGreen"],"acts_visited":["Exordium"],"potions_floor_usage":[16,16],"damage_taken":[{"damage":10,"enemies":"Small Slimes","floor":2,"turns":3},{"damage":10,"enemies":"2 Louse","floor":5,"turns":3},{"damage":77,"enemies":"3 Sentries","floor":9,"turns":13},{"damage":0,"enemies":"Cultist","floor":11,"turns":3},{"damage":27,"enemies":"Lots of Slimes","floor":14,"turns":5},{"damage":15,"enemies":"Exordium Thugs","floor":15,"turns":5},{"damage":67,"enemies":"SI_SHIV_ARCHETYPE","floor":16,"turns":8}],"seed_played":"2091126294227410539","potions_obtained":[{"floor":11,"key":"AttackPotion"},{"floor":15,"key":"Weak Potion"}],"is_trial":false,"path_per_floor":["R","M","?","?","M","R","T","?","E","R","M","?","R","M","M","B"],"character_chosen":"THE_CHAMP","items_purchased":[],"campfire_rested":1,"item_purchase_floors":[],"current_hp_per_floor":[90,90,100,100,100,100,100,105,48,79,79,79,79,72,67,0,0,0],"gold":397,"neow_bonus":"BOSS_RELIC","is_daily":false,"chose_seed":false,"campfire_upgraded":3,"win_rate":0.0,"timestamp":1611286988,"path_taken":["R","M","?","?","M","R","T","?","E","R","M","?","R","M","M","BOSS"],"items_purchased_type":[],"build_version":"2020-12-22","purchased_purges":0,"victory":false,"max_hp_per_floor":[90,90,100,100,100,100,100,105,105,105,105,105,105,105,105,105,105,105],"card_choices":[{"not_picked":["champ:PreciseThrust","champ:StanceDance"],"picked":"champ:FalseCounter","floor":2},{"not_picked":["champ:FaceSlap","champ:ShieldSigil"],"picked":"champ:FocusedDefense","floor":5},{"not_picked":["champ:Backstep","champ:HeavySlash"],"picked":"champ:RageSigil","floor":9},{"not_picked":["champ:ShieldSlam","champ:RecklessLeap"],"picked":"champ:Circumvent","floor":11},{"not_picked":["champ:Haymaker","champ:Parry"],"picked":"champ:ShieldSigil","floor":14},{"not_picked":["champ:BerserkerStyle+1","champ:Haymaker"],"picked":"champ:IronFortress+1","floor":15}],"player_experience":1065196,"relics_obtained":[{"floor":7,"key":"Frozen Egg 2"},{"floor":9,"key":"Ice Cream"}],"event_choices":[{"damage_healed":0,"gold_gain":0,"player_choice":"Donut","damage_taken":0,"max_hp_gain":5,"max_hp_loss":0,"event_name":"Big Fish","floor":8,"gold_loss":0}],"is_beta":false,"boss_relics":[],"items_purged_floors":[],"is_endless":false,"potions_floor_spawned":[11,15],"killed_by":"SI_SHIV_ARCHETYPE","ascension_level":2}}