{"host":"a0d98l75j0h1o085","time":1611354649,"event":{"mods":["AlwaysNeverKeys","BaseMod","Downfall","Highlight Path","Minty Spire (QoL Compilation)","StSLib"],"gold_per_floor":[119,194,194,43,43,74,92,117,117,132,150,165,165,193,193,295,295,307,274,274,306,306,341,354,354,354,110,141,141,141,179,179,288,288,301,1318,1318,1318],"floor_reached":37,"language":"ENG","playtime":3980,"items_purged":["EmptyFist"],"score":584,"play_id":"28ec95b9-97aa-4aea-8a68-d07bc5be95d1","local_time":"20210122223049","is_ascension_mode":true,"campfire_choices":[{"data":"Study","floor":13.0,"key":"SMITH"},{"data":"LikeWater","floor":15.0,"key":"SMITH"},{"data":"MasterReality","floor":25.0,"key":"SMITH"},{"data":"Protect","floor":29.0,"key":"SMITH"},{"data":"Alpha","floor":32.0,"key":"SMITH"}],"circlet_count":0,"master_deck":["Eruption+1","Vigilance+1","WindmillStrike+1","Judgement+1","MasterReality+1","WheelKick+1","FlyingSleeves","Judgement+1","FlurryOfBlows","ClearTheMind+1","LikeWater+1","Study+1","Dark Shackles","TalkToTheHand+1","BowlingBash+1","Sanctity+1","LessonLearned+1","Protect+1","Alpha+1","Evaluate+1","TalkToTheHand+1","SpiritShield","LikeWater+1","Scrawl+1","LikeWater+1","ClearTheMind+1","Scrawl","Normality","Normality"],"relics":["Pandora\u0027s Box","Molten Egg 2","Meat on the Bone","Darkstone Periapt","PreservedInsect","War Paint","SlaversCollar","Red Mask","Question Card","CeramicFish","DollysMirror","Juzu Bracelet","Bag of Preparation","SacredBark"],"acts_visited":["Exordium","TheCity","TheBeyond"],"potions_floor_usage":[],"damage_taken":[{"damage":0.0,"enemies":"Cultist","floor":1.0,"turns":2.0},{"damage":9.0,"enemies":"Gremlin Nob","floor":6.0,"turns":3.0},{"damage":0.0,"enemies":"2 Louse","floor":7.0,"turns":1.0},{"damage":3.0,"enemies":"3 Sentries","floor":8.0,"turns":3.0},{"damage":7.0,"enemies":"Small Slimes","floor":10.0,"turns":2.0},{"damage":5.0,"enemies":"Red Slaver","floor":11.0,"turns":3.0},{"damage":8.0,"enemies":"Looter","floor":12.0,"turns":3.0},{"damage":9.0,"enemies":"Gremlin Nob","floor":14.0,"turns":4.0},{"damage":1.0,"enemies":"Hexaghost","floor":16.0,"turns":10.0},{"damage":16.0,"enemies":"2 Thieves","floor":18.0,"turns":2.0},{"damage":0.0,"enemies":"Masked Bandits","floor":21.0,"turns":2.0},{"damage":5.0,"enemies":"Slavers","floor":23.0,"turns":2.0},{"damage":25.0,"enemies":"3 Byrds","floor":24.0,"turns":4.0},{"damage":15.0,"enemies":"Gremlin Leader","floor":28.0,"turns":6.0},{"damage":0.0,"enemies":"Book of Stabbing","floor":31.0,"turns":7.0},{"damage":16.0,"enemies":"Collector","floor":33.0,"turns":8.0},{"damage":6,"enemies":"Orb Walker","floor":35,"turns":5},{"damage":84,"enemies":"2 Orb Walkers","floor":37,"turns":4}],"seed_played":"-1271634764428922173","potions_obtained":[{"floor":6.0,"key":"ColorlessPotion"},{"floor":10.0,"key":"BottledMiracle"},{"floor":14.0,"key":"Guardian:BlockOnCardUsePotion"},{"floor":21.0,"key":"bronze:BurnAndBuffPotion"},{"floor":23.0,"key":"sneckomod:MuddlingPotion"},{"floor":28.0,"key":"Dexterity Potion"}],"is_trial":false,"path_per_floor":["M","?","?","$","?","E","M","E","T","M","M","M","R","E","R","B",null,"M","$","?","?","?","E","M","R","T","$","E","R","?","E","R","B",null,"M","?","?"],"character_chosen":"WATCHER","items_purchased":["LikeWater","TalkToTheHand+1","DollysMirror","CultistPotion"],"campfire_rested":0,"item_purchase_floors":[4,19,27,27],"current_hp_per_floor":[72,61,54,54,54,45,45,42,42,47,42,46,46,37,37,48,72,56,56,56,56,56,51,38,38,38,38,35,35,35,47,47,43,72,66,78,0,0],"gold":1318,"neow_bonus":"BOSS_RELIC","is_daily":false,"chose_seed":false,"campfire_upgraded":5,"win_rate":0.0,"timestamp":1611354649,"path_taken":["M","?","?","$","?","E","M","E","T","M","?","M","R","E","R","BOSS","M","$","?","?","?","E","M","R","T","$","E","R","?","E","R","BOSS","M","?","?"],"items_purchased_type":["Card","Card","Relic","Potion"],"build_version":"2020-12-22","purchased_purges":1,"victory":false,"max_hp_per_floor":[72,72,72,72,72,72,72,72,72,72,72,72,72,72,72,72,72,72,72,72,72,72,72,72,72,72,72,72,72,72,72,72,72,72,72,84,84,84],"card_choices":[{"not_picked":["CrushJoints","Crescendo"],"picked":"ClearTheMind","floor":1.0},{"not_picked":["Crescendo","Halt"],"picked":"TalkToTheHand+1","floor":6.0},{"not_picked":["Collect","Pray"],"picked":"BowlingBash+1","floor":7.0},{"not_picked":["EmptyFist+1","FlurryOfBlows+1","Fasting2"],"picked":"SKIP","floor":8.0},{"not_picked":["EmptyBody","FearNoEvil+1"],"picked":"Sanctity","floor":10.0},{"not_picked":["Adaptation","SandsOfTime+1"],"picked":"LessonLearned+1","floor":11.0},{"not_picked":["Meditate","Crescendo"],"picked":"Protect","floor":12.0},{"not_picked":["WreathOfFlame","Pray","JustLucky+1"],"picked":"SKIP","floor":14.0},{"not_picked":["ConjureBlade","Devotion"],"picked":"Alpha","floor":16.0},{"not_picked":["Crescendo","SashWhip+1"],"picked":"Evaluate+1","floor":18.0},{"not_picked":["Consecrate+1","Fasting2+1"],"picked":"SpiritShield","floor":21.0},{"not_picked":["Crescendo","BowlingBash+1"],"picked":"Scrawl","floor":23.0},{"not_picked":["FollowUp+1","PathToVictory","Vengeance+1","JustLucky+1"],"picked":"SKIP","floor":24.0},{"not_picked":["Weave+1","Wallop+1","Worship","SignatureMove+1"],"picked":"SKIP","floor":28.0},{"not_picked":["Protect+1","Halt","Consecrate+1"],"picked":"ClearTheMind+1","floor":31.0},{"not_picked":["MasterReality","Alpha","Brilliance+1"],"picked":"Scrawl","floor":33.0},{"not_picked":["Prostrate+1","Consecrate+1","FlyingSleeves+1","WindmillStrike+1"],"picked":"SKIP","floor":35}],"player_experience":802064,"relics_obtained":[{"floor":6.0,"key":"Meat on the Bone"},{"floor":8.0,"key":"Darkstone Periapt"},{"floor":9.0,"key":"PreservedInsect"},{"floor":14.0,"key":"War Paint"},{"floor":21.0,"key":"Red Mask"},{"floor":23.0,"key":"Question Card"},{"floor":26.0,"key":"CeramicFish"},{"floor":28.0,"key":"Juzu Bracelet"},{"floor":31.0,"key":"Bag of Preparation"}],"event_choices":[{"damage_healed":0.0,"max_hp_gain":0.0,"max_hp_loss":0.0,"gold_gain":75.0,"event_name":"World of Goop","player_choice":"Gather Gold","floor":2.0,"gold_loss":0.0,"damage_taken":11.0},{"damage_healed":0.0,"max_hp_gain":0.0,"max_hp_loss":0.0,"gold_gain":0.0,"event_name":"Scrap Ooze","player_choice":"Success","floor":3.0,"gold_loss":0.0,"damage_taken":7.0,"relics_obtained":["Molten Egg 2"]},{"damage_healed":0.0,"max_hp_gain":0.0,"max_hp_loss":0.0,"gold_gain":0.0,"event_name":"Match and Keep!","player_choice":"2 cards matched","floor":5.0,"gold_loss":0.0,"damage_taken":0.0,"cards_obtained":["Study","Dark Shackles"]},{"damage_healed":0.0,"max_hp_gain":0.0,"max_hp_loss":0.0,"gold_gain":0.0,"event_name":"Ghosts","player_choice":"Ignored","floor":20.0,"gold_loss":0.0,"damage_taken":0.0},{"damage_healed":0.0,"max_hp_gain":0.0,"max_hp_loss":0.0,"gold_gain":0.0,"event_name":"Masked Bandits","player_choice":"Fought Bandits","floor":21.0,"gold_loss":0.0,"damage_taken":0.0},{"damage_healed":0.0,"max_hp_gain":0.0,"max_hp_loss":0.0,"gold_gain":0.0,"event_name":"Duplicator","player_choice":"Copied","floor":22.0,"gold_loss":0.0,"damage_taken":0.0,"cards_obtained":["LikeWater"]},{"damage_healed":0,"gold_gain":999,"player_choice":"Gold","damage_taken":0,"max_hp_gain":0,"max_hp_loss":0,"event_name":"MindBloom","floor":36,"gold_loss":0,"cards_obtained":["Normality","Normality"]},{"damage_healed":0,"gold_gain":0,"player_choice":"Fight","damage_taken":0,"max_hp_gain":0,"max_hp_loss":0,"event_name":"Mysterious Sphere","floor":37,"gold_loss":0}],"is_beta":false,"boss_relics":[{"not_picked":["Astrolabe","Philosopher\u0027s Stone"],"picked":"SlaversCollar"},{"not_picked":["Busted Crown","Fusion Hammer"],"picked":"SacredBark"}],"items_purged_floors":[4],"is_endless":false,"potions_floor_spawned":[6,10,14,21,23,28,31],"killed_by":"2 Orb Walkers","ascension_level":4}}