{"host":"bplbr8uekuotory4","time":1611306814,"event":{"mods":["Act Like it!","BaseMod","Custom Start","Gensokyo","GungeonMod","Hermit","KinomotoSakuraMod(木之本樱)","Marisa（F雨　魔理沙）","Minty Spire (QoL Compilation)","Prisma Mod","Quick Restart","Reimu（博丽灵梦）","Replay The Spire","SOS（斯巴达之子）","Spicy Shops","StSLib","TestMod","The Blackbeard","The Cursed","The Marked","The Mystic","The Poker Player","The Runesmith","The Saiyan","The Senshi","The Servant 0.9.4","Yuri Mod","[IsaacMod]以撒尖塔"],"gold_per_floor":[118,293,343,455,467,505,531,543,601,636,668,700,729,468,468,584,584,598,610,623,573,573,593,593,404,431,443,231,231,333,343,343,445,445,460,479,404,413,430,446,477,477,552,552,111,111,111,120,120,120,120,120,36,70,70],"floor_reached":56,"language":"ZHS","playtime":1821,"items_purged":["Doubt","Clumsy","theSenshi:SailorKick","theSenshi:KlutzyLuck","theSenshi:SailorBlock","theSenshi:SailorKick"],"score":1629,"play_id":"8a4cf414-4ce7-4d4b-baa3-41845a11c6db","local_time":"20210122171334","is_ascension_mode":false,"campfire_choices":[{"data":"theSenshi:UranusStrength","floor":8.0,"key":"SMITH"},{"data":"theSenshi:MoonGorgeousMeditation","floor":24.0,"key":"SMITH"},{"data":"theSenshi:MoonCosmicPowerMakeUp","floor":29.0,"key":"SMITH"},{"data":"theSenshi:RoseThrow","floor":32.0,"key":"PURGE"},{"data":"theSenshi:SailorStarMakerAssists","floor":42,"key":"SMITH"},{"floor":47,"key":"RECALL"},{"data":"theSenshi:MoonPrismPowerMakeUp","floor":49,"key":"SMITH"},{"data":"theSenshi:MoonPunch","floor":52,"key":"SMITH"}],"circlet_count":0,"master_deck":["theSenshi:MoonPrismPowerMakeUp+1","theSenshi:MoonPunch+1","theSenshi:MoonPrincessHalation+1","theSenshi:UranusStrength+1","theSenshi:SailorNeptuneAssists","theSenshi:VenusGlamour+1","theSenshi:SailorStarMakerAssists+1","theSenshi:SailorStarHealerAssists","theSenshi:KlutzyLuck+1","theSenshi:SailorVenusAssists+1","theSenshi:MoonGorgeousMeditation+1","theSenshi:MoonCosmicPowerMakeUp+1","theSenshi:NeptunesGrace+1","theSenshi:MoonTwilightFlash+1"],"relics":["theSenshi:TransformationBroochRelic","testmod-TestBox","HushsDoor","SalivaCoin","testmod-Brilliant","NeowsBlessing","Ring of Peace","MawBank","Membership Card","Garlic","Vajra","Orrery","Bag of Marbles","Matryoshka","Coffee Dripper","GuppysHead","DemoMod:GlassGuonStoneRelic","TungstenRod","Happy Flower","Whetstone","Replay:WaspNest","testmod-Charity","testmod-CardMagician","GuppysCollar","GuppysTail","BookOfRevelations","theSenshi:TiaraRelic","theSenshi:CrisisMoonCompactRelic","theSenshi:ChokerRelic","Bag of Preparation","SatanicBible","ReplayTheSpireMod:Shallot","Chameleon Ring","theSenshi:FeatherClipsRelic"],"acts_visited":["Exordium","TheCity","TheBeyond","TheEnding"],"potions_floor_usage":[33,33,33,39,50,55,55,55,55,55,55],"damage_taken":[{"damage":0.0,"enemies":"Jaw Worm","floor":1.0,"turns":1.0},{"damage":0.0,"enemies":"Gremlin Nob","floor":6.0,"turns":1.0},{"damage":0.0,"enemies":"2 Louse","floor":7.0,"turns":1.0},{"damage":0.0,"enemies":"Small Slimes","floor":11.0,"turns":1.0},{"damage":0.0,"enemies":"Looter","floor":12.0,"turns":2.0},{"damage":0.0,"enemies":"3 Louse","floor":13.0,"turns":1.0},{"damage":5.0,"enemies":"The Guardian","floor":16.0,"turns":7.0},{"damage":0.0,"enemies":"3 Byrds","floor":18.0,"turns":1.0},{"damage":0.0,"enemies":"2 Thieves","floor":19.0,"turns":1.0},{"damage":0.0,"enemies":"Centurion and Healer","floor":20.0,"turns":3.0},{"damage":0.0,"enemies":"Cultist and Chosen","floor":23.0,"turns":4.0},{"damage":0.0,"enemies":"Snake Plant","floor":27.0,"turns":3.0},{"damage":0.0,"enemies":"3 Cultists","floor":31.0,"turns":1.0},{"damage":0,"enemies":"Collector","floor":33,"turns":7},{"damage":0,"enemies":"3 Darklings","floor":35,"turns":2},{"damage":0,"enemies":"3 Shapes","floor":36,"turns":1},{"damage":0,"enemies":"Transient","floor":38,"turns":5},{"damage":0,"enemies":"Sphere and 2 Shapes","floor":39,"turns":1},{"damage":0,"enemies":"Jaw Worm Horde","floor":40,"turns":1},{"damage":0,"enemies":"R_Hoarder","floor":41,"turns":3},{"damage":0,"enemies":"Spire Growth","floor":48,"turns":2},{"damage":0,"enemies":"Donu and Deca","floor":50,"turns":4},{"damage":0,"enemies":"Shield and Spear","floor":54,"turns":3},{"damage":0,"enemies":"The Heart","floor":55,"turns":5}],"seed_played":"-8852857405402999095","potions_obtained":[{"floor":6.0,"key":"SteroidPotion"},{"floor":12.0,"key":"DistilledChaos"},{"floor":13.0,"key":"GamblersBrew"},{"floor":18.0,"key":"Death Potion"},{"floor":19.0,"key":"Block Potion"},{"floor":35,"key":"Explosive Potion"},{"floor":54,"key":"Elixir"}],"is_trial":false,"path_per_floor":["M","?","?","?","?","E","M","R","T","T","M","M","M","$","R","B",null,"M","M","M","$","?","M","R","$","T","M","$","R","?","M","R","B",null,"M","M","$","M","M","M","E","R","T","?","$","?","R","M","R","B",null,"R","$","E","B",null],"character_chosen":"THE_SENSHI","items_purchased":["Orrery","Bag of Marbles","Matryoshka","GuppysHead","TungstenRod","theSenshi:MoonCosmicPowerMakeUp","Replay:WaspNest","testmod-Charity","testmod-TestPotion","GuppysCollar","GuppysTail","EntropicBrew","theSenshi:ChokerRelic","Bag of Preparation","SatanicBible","theSenshi:NeptunesGrace+1","ReplayTheSpireMod:Shallot","Chameleon Ring","PowerPotion"],"campfire_rested":0,"item_purchase_floors":[14,14,14,17,25,25,28,28,28,34,34,34,45,45,45,45,45,53,53],"current_hp_per_floor":[75,75,75,75,75,75,75,75,75,75,75,75,75,75,75,70,60,60,60,60,60,60,60,60,60,60,60,60,60,48,49,49,55,30,31,32,32,33,34,35,36,36,37,37,37,37,37,38,38,38,38,38,38,39,39],"gold":70,"neow_bonus":"THREE_ENEMY_KILL","is_daily":false,"chose_seed":false,"campfire_upgraded":6,"win_rate":0.0,"timestamp":1611306814,"path_taken":["M","?","?","?","?","E","?","R","T","?","?","M","M","$","R","BOSS","M","?","M","$","?","M","R","$","T","M","$","R","?","?","R","BOSS","M","M","$","?","M","?","E","R","T","?","$","?","R","M","R","BOSS","R","$","E","BOSS"],"items_purchased_type":["Relic","Relic","Relic","Relic","Relic","Card","Relic","Relic","Potion","Relic","Relic","Potion","Relic","Relic","Relic","Card","Relic","Relic","Potion"],"build_version":"2020-12-22","purchased_purges":6,"victory":true,"max_hp_per_floor":[75,75,75,75,75,75,75,75,75,75,75,75,75,75,75,75,60,60,60,60,60,60,60,60,60,60,60,60,60,62,63,63,64,30,31,32,32,33,34,35,36,36,37,37,37,37,37,38,38,38,38,38,38,39,39],"card_choices":[{"not_picked":["theSenshi:Sidestep","theSenshi:TallSilhouette"],"picked":"theSenshi:MoonPunch","floor":1.0},{"not_picked":["theSenshi:YouCanTalk","theSenshi:DramaticEntrance"],"picked":"Bomb","floor":6.0},{"not_picked":["theSenshi:PlutosSolemnity","theSenshi:SteeledNerves"],"picked":"theSenshi:UranusStrength","floor":7.0},{"not_picked":["theSenshi:SailorStarFighterAssists","theSenshi:SailorMarsAssists","theSenshi:TuxedoMaskAssists"],"picked":"SKIP","floor":11.0},{"not_picked":["theSenshi:MoonTiaraMagic","theSenshi:NeptunesGrace","theSenshi:MoonPrincessHalation"],"picked":"SKIP","floor":12.0},{"not_picked":["theSenshi:SailorChibiMoonAssists","theSenshi:MoonPunch"],"picked":"theSenshi:SailorNeptuneAssists","floor":13.0},{"not_picked":["theSenshi:MoonPunch","theSenshi:SchoolBag"],"picked":"theSenshi:KlutzyLuck","floor":14.0},{"not_picked":["theSenshi:InTheNickOfTime","theSenshi:LateForSchool"],"picked":"theSenshi:VenusGlamour","floor":14.0},{"not_picked":["theSenshi:FatedKiss","theSenshi:StudyParty"],"picked":"theSenshi:SailorStarHealerAssists","floor":16.0},{"not_picked":["theSenshi:SailorVenusAssists","theSenshi:MoonKick"],"picked":"theSenshi:KlutzyLuck+1","floor":18.0},{"not_picked":["theSenshi:MoonsReflection+1","theSenshi:TuxedoSmokingBomber"],"picked":"theSenshi:SailorVenusAssists+1","floor":19.0},{"not_picked":["theSenshi:MoonKick","theSenshi:MoonHealingEscalation+1","theSenshi:SailorStarFighterAssists"],"picked":"SKIP","floor":20.0},{"not_picked":["theSenshi:SailorUranusAssists+1","theSenshi:SailorPlanetPower"],"picked":"theSenshi:MoonGorgeousMeditation","floor":23.0},{"not_picked":["theSenshi:MoonPunch","theSenshi:SailorPlanetPower","theSenshi:LunasBite"],"picked":"SKIP","floor":27.0},{"not_picked":["theSenshi:SailorStarMakerAssists","theSenshi:SailorMarsAssists","theSenshi:MoonTiaraMagic+1"],"picked":"SKIP","floor":31.0},{"not_picked":["theSenshi:RainbowMoonHeartAche+1","theSenshi:MoonPunch+1","theSenshi:SupersonicWaves"],"picked":"SKIP","floor":35},{"not_picked":["theSenshi:SchoolBag+1","theSenshi:Sidestep+1","theSenshi:SailorMarsAssists"],"picked":"SKIP","floor":36},{"not_picked":["theSenshi:TuxedoSmokingBomber","theSenshi:MoonTiaraMagic","theSenshi:MoonsReflection+1"],"picked":"SKIP","floor":38},{"not_picked":["theSenshi:LateForSchool","theSenshi:SailorMercuryAssists+1","theSenshi:OdangoHead"],"picked":"SKIP","floor":39},{"not_picked":["theSenshi:SailorMercuryAssists","theSenshi:SailorVenusAssists+1","theSenshi:MoonSpiralHeartAttack+1"],"picked":"SKIP","floor":40},{"not_picked":["theSenshi:MoonPrincessHalation+1","theSenshi:DramaticEntrance","theSenshi:SailorMercuryAssists+1"],"picked":"SKIP","floor":41},{"not_picked":["theSenshi:MoonKick","theSenshi:MoonHealingEscalation+1"],"picked":"theSenshi:MoonTwilightFlash+1","floor":48},{"not_picked":["theSenshi:MoonCosmicPowerMakeUp+1","theSenshi:YouCanTalk","theSenshi:LunasBite"],"picked":"SKIP","floor":54}],"player_experience":1189163,"relics_obtained":[{"floor":3.0,"key":"Ring of Greed"},{"floor":3.0,"key":"Ring of Peace"},{"floor":3.0,"key":"MawBank"},{"floor":3.0,"key":"Membership Card"},{"floor":6.0,"key":"Garlic"},{"floor":10.0,"key":"Vajra"},{"floor":26.0,"key":"Happy Flower"},{"floor":26.0,"key":"Whetstone"},{"floor":41,"key":"BookOfRevelations"},{"floor":43,"key":"theSenshi:TiaraRelic"},{"floor":43,"key":"theSenshi:CrisisMoonCompactRelic"},{"floor":54,"key":"theSenshi:FeatherClipsRelic"}],"event_choices":[{"damage_healed":0.0,"max_hp_gain":0.0,"max_hp_loss":0.0,"gold_gain":175.0,"event_name":"Liars Game","player_choice":"AGREE","floor":2.0,"gold_loss":0.0,"damage_taken":0.0,"cards_obtained":["Doubt"]},{"damage_healed":0.0,"max_hp_gain":0.0,"max_hp_loss":0.0,"gold_gain":100.0,"event_name":"恩洛斯的盘子","player_choice":"Sell","floor":4.0,"relics_lost":["Ring of Greed"],"gold_loss":0.0,"damage_taken":0.0},{"cards_removed":["theSenshi:SailorKick"],"damage_healed":0.0,"max_hp_gain":0.0,"max_hp_loss":0.0,"gold_gain":0.0,"event_name":"Purifier","player_choice":"Purged","floor":22.0,"gold_loss":0.0,"damage_taken":0.0},{"cards_removed":["theSenshi:SailorBlock"],"damage_healed":0,"gold_gain":0,"player_choice":"Offered Basic","damage_taken":0,"max_hp_gain":0,"max_hp_loss":0,"event_name":"Bonfire Elementals","floor":44,"gold_loss":0},{"cards_removed":["theSenshi:SailorKick"],"damage_healed":0,"gold_gain":0,"player_choice":"Purged","damage_taken":0,"max_hp_gain":0,"max_hp_loss":0,"event_name":"Purifier","floor":46,"gold_loss":0}],"is_beta":false,"boss_relics":[{"not_picked":["ReplayTheSpireMod:DimensionalGlitch","RedLine:ReiMu"],"picked":"Coffee Dripper"},{"not_picked":[]},{"not_picked":["Runic Pyramid","Runic Dome"],"picked":"testmod-CardMagician"},{"not_picked":[]}],"items_purged_floors":[14,17,21,25,34,37],"is_endless":false,"potions_floor_spawned":[6,12,13,18,19,31,35,36,38,54],"ascension_level":0}}