{"host":"8u7tvcybuv0u72fd","time":1611280412,"event":{"mods":["BaseMod","BetterRewards","Colored Map","Colored Powertips","Minty Spire (QoL Compilation)","Quick Restart","Shop Mod"],"gold_per_floor":[114,79,96,96,111,111,111,155,226,244,263,263,277,292,292,422,422,443,55,70,70,70,70,95,139,139,35,78,78,78,78,78,204,204,217,217,280,211,224,239,263,263,263,263,263,50,69,87,87,87,87,87,15,53,53],"floor_reached":56,"language":"ENG","playtime":2654,"items_purged":["Strike_R"],"score":1662,"play_id":"fb1f12b7-f659-47bb-8349-edfda15ad4c6","local_time":"20210121205332","is_ascension_mode":false,"campfire_choices":[{"data":"Apotheosis","floor":6.0,"key":"SMITH"},{"data":"Injury","floor":12.0,"key":"PURGE"},{"data":"Body Slam","floor":15.0,"key":"SMITH"},{"data":"Pain","floor":23.0,"key":"PURGE"},{"data":"Uppercut","floor":29.0,"key":"SMITH"},{"data":"Juggernaut","floor":32.0,"key":"SMITH"},{"floor":44.0,"key":"RECALL"},{"data":"Madness+1","floor":49,"key":"PURGE"},{"data":"Strike_R","floor":52,"key":"PURGE"}],"circlet_count":0,"master_deck":["Strike_R","Strike_R","Strike_R","Defend_R","Defend_R","Defend_R","Bash","Apotheosis+1","Battle Trance+1","Flash of Steel","Clash","Body Slam+1","Entrench+1","Shrug It Off+1","Iron Wave","Juggernaut+1","Rage+1","Uppercut+1","True Grit+1","Flame Barrier+1","Madness+1"],"relics":["Burning Blood","Toy Ornithopter","Peace Pipe","Toxic Egg 2","Ancient Tea Set","Golden Idol","Anchor","Self Forming Clay","Busted Crown","Membership Card","Oddly Smooth Stone","Letter Opener","MerchantsRug","WarpedTongs","White Beast Statue","HornCleat","Paper Frog","Matryoshka","Fusion Hammer","Singing Bowl","Mummified Hand","Cauldron","StoneCalendar","Pen Nib","Bronze Scales","Sundial"],"acts_visited":["Exordium","TheCity","TheBeyond","TheEnding"],"potions_floor_usage":[47,55,55,55],"damage_taken":[{"damage":3.0,"enemies":"Jaw Worm","floor":1.0,"turns":2.0},{"damage":2.0,"enemies":"Small Slimes","floor":3.0,"turns":3.0},{"damage":0.0,"enemies":"2 Louse","floor":5.0,"turns":4.0},{"damage":14.0,"enemies":"3 Sentries","floor":8.0,"turns":9.0},{"damage":0.0,"enemies":"Exordium Thugs","floor":10.0,"turns":4.0},{"damage":0.0,"enemies":"Blue Slaver","floor":11.0,"turns":2.0},{"damage":10.0,"enemies":"Exordium Wildlife","floor":13.0,"turns":3.0},{"damage":0.0,"enemies":"Exordium Thugs","floor":14.0,"turns":3.0},{"damage":14.0,"enemies":"Slime Boss","floor":16.0,"turns":10.0},{"damage":0.0,"enemies":"3 Byrds","floor":18.0,"turns":5.0},{"damage":10.0,"enemies":"2 Thieves","floor":20.0,"turns":3.0},{"damage":0.0,"enemies":"Centurion and Healer","floor":24.0,"turns":3.0},{"damage":7.0,"enemies":"Slavers","floor":25.0,"turns":5.0},{"damage":12.0,"enemies":"Book of Stabbing","floor":28.0,"turns":5.0},{"damage":11.0,"enemies":"Collector","floor":33.0,"turns":9.0},{"damage":0.0,"enemies":"3 Darklings","floor":35.0,"turns":5.0},{"damage":0.0,"enemies":"Mind Bloom Boss Battle","floor":37.0,"turns":4.0},{"damage":0.0,"enemies":"3 Shapes","floor":39.0,"turns":3.0},{"damage":0.0,"enemies":"Spire Growth","floor":40.0,"turns":3.0},{"damage":0.0,"enemies":"4 Shapes","floor":41.0,"turns":5.0},{"damage":0,"enemies":"Sphere and 2 Shapes","floor":47,"turns":3},{"damage":0,"enemies":"Writhing Mass","floor":48,"turns":2},{"damage":59,"enemies":"Time Eater","floor":50,"turns":9},{"damage":0,"enemies":"Shield and Spear","floor":54,"turns":5},{"damage":53,"enemies":"The Heart","floor":55,"turns":9}],"seed_played":"3122303346068192912","potions_obtained":[{"floor":3.0,"key":"EntropicBrew"},{"floor":8.0,"key":"AttackPotion"},{"floor":10.0,"key":"Fruit Juice"},{"floor":11.0,"key":"Strength Potion"},{"floor":16.0,"key":"HeartOfIron"},{"floor":18.0,"key":"BlessingOfTheForge"},{"floor":20.0,"key":"GamblersBrew"},{"floor":24.0,"key":"Block Potion"},{"floor":25.0,"key":"Ancient Potion"},{"floor":28.0,"key":"Weak Potion"},{"floor":46.0,"key":"Fruit Juice"},{"floor":46.0,"key":"LiquidMemories"},{"floor":46.0,"key":"HeartOfIron"},{"floor":46.0,"key":"CultistPotion"},{"floor":46.0,"key":"Swift Potion"},{"floor":47,"key":"Energy Potion"},{"floor":48,"key":"Block Potion"}],"is_trial":false,"path_per_floor":["M","?","M","?","M","R","?","E","T","M","M","R","M","M","R","B",null,"M","$","M","?","?","R","M","E","T","$","E","R","?","?","R","B",null,"M","?","?","$","M","M","M","?","T","R","?","$","M","M","R","B",null,"R","$","E","B",null],"character_chosen":"IRONCLAD","items_purchased":["Apotheosis","Toy Ornithopter","Toxic Egg 2","Ancient Tea Set","Battle Trance+1","Flash of Steel","Clash","Membership Card","Oddly Smooth Stone","Letter Opener","MerchantsRug","Rage+1","Paper Frog","Singing Bowl","Flame Barrier+1","Cauldron","StoneCalendar","Pen Nib","Bronze Scales"],"campfire_rested":0,"item_purchase_floors":[0,0,0,0,0,0,0,19,19,19,19,19,27,38,38,46,46,46,53],"current_hp_per_floor":[36,56,60,60,66,66,66,58,58,74,80,80,76,82,82,74,85,85,85,81,81,81,81,85,84,84,84,78,78,78,78,78,73,85,85,85,85,85,87,89,91,80,80,80,80,90,98,100,100,47,100,100,100,102,60],"gold":53,"neow_bonus":"","is_daily":false,"chose_seed":false,"campfire_upgraded":4,"win_rate":0.0,"timestamp":1611280412,"path_taken":["M","?","M","?","M","R","?","E","T","?","M","R","M","M","R","BOSS","BOSS","M","$","M","?","?","R","?","E","T","$","E","R","?","?","R","BOSS","M","?","?","$","M","M","M","?","T","R","?","$","M","M","R","BOSS","R","$","E","BOSS"],"items_purchased_type":["Card","Relic","Relic","Relic","Card","Card","Card","Relic","Relic","Relic","Relic","Card","Relic","Relic","Card","Relic","Relic","Relic","Relic"],"build_version":"2020-12-22","purchased_purges":1,"victory":true,"max_hp_per_floor":[80,80,80,80,80,80,80,80,80,85,85,85,85,85,85,85,85,85,85,85,85,85,85,85,85,85,85,85,85,85,85,85,85,85,85,85,85,85,87,89,91,91,91,91,91,96,98,100,100,100,100,100,100,102,102],"card_choices":[{"not_picked":["Anger","Iron Wave"],"picked":"Body Slam","floor":1.0},{"not_picked":["Fire Breathing","Warcry+1"],"picked":"Entrench+1","floor":3.0},{"not_picked":["Blood for Blood","Perfected Strike","Havoc+1"],"picked":"SKIP","floor":5.0},{"not_picked":["Searing Blow","Clothesline","Armaments+1"],"picked":"SKIP","floor":8.0},{"not_picked":["Searing Blow","Clothesline","Armaments+1"],"picked":"SKIP","floor":8.0},{"not_picked":["Heavy Blade","Clash","Warcry+1"],"picked":"SKIP","floor":10.0},{"not_picked":["Flex+1","Berserk"],"picked":"Shrug It Off+1","floor":11.0},{"not_picked":["Fire Breathing","Headbutt"],"picked":"Iron Wave","floor":13.0},{"not_picked":["Anger","Ghostly Armor+1","Dual Wield+1"],"picked":"SKIP","floor":14.0},{"not_picked":["Feed","Exhume+1"],"picked":"Juggernaut","floor":16.0},{"not_picked":["Body Slam"],"picked":"SKIP","floor":18.0},{"not_picked":["Clash"],"picked":"SKIP","floor":20.0},{"not_picked":["Battle Trance+1"],"picked":"SKIP","floor":24.0},{"not_picked":[],"picked":"Uppercut","floor":25.0},{"not_picked":["Ghostly Armor+1"],"picked":"SKIP","floor":28.0},{"not_picked":["Ghostly Armor+1"],"picked":"SKIP","floor":28.0},{"not_picked":["Pommel Strike"],"picked":"SKIP","floor":35.0},{"not_picked":["Headbutt+1"],"picked":"Singing Bowl","floor":39.0},{"not_picked":["Sever Soul"],"picked":"Singing Bowl","floor":40.0},{"not_picked":["Blood for Blood+1"],"picked":"Singing Bowl","floor":41.0},{"not_picked":["Body Slam"],"picked":"Singing Bowl","floor":47},{"not_picked":["Flex+1"],"picked":"Singing Bowl","floor":48},{"not_picked":["Reckless Charge+1"],"picked":"Singing Bowl","floor":54}],"player_experience":1391452,"relics_obtained":[{"floor":8.0,"key":"Anchor"},{"floor":9.0,"key":"Self Forming Clay"},{"floor":25.0,"key":"White Beast Statue"},{"floor":26.0,"key":"HornCleat"},{"floor":28.0,"key":"Matryoshka"},{"floor":37.0,"key":"Dead Branch"},{"floor":43.0,"key":"Mummified Hand"},{"floor":54,"key":"Sundial"}],"event_choices":[{"damage_healed":20.0,"max_hp_gain":0.0,"max_hp_loss":0.0,"gold_gain":0.0,"event_name":"The Cleric","player_choice":"Healed","floor":2.0,"gold_loss":35.0,"damage_taken":0.0},{"damage_healed":0.0,"max_hp_gain":0.0,"max_hp_loss":0.0,"gold_gain":0.0,"event_name":"Golden Idol","player_choice":"Take Wound","floor":4.0,"gold_loss":0.0,"damage_taken":0.0,"relics_obtained":["Golden Idol"],"cards_obtained":["Injury"]},{"damage_healed":0.0,"max_hp_gain":0.0,"max_hp_loss":0.0,"gold_gain":0.0,"event_name":"NoteForYourself","player_choice":"Ignored","floor":7.0,"gold_loss":0.0,"damage_taken":0.0},{"damage_healed":0.0,"max_hp_gain":0.0,"max_hp_loss":0.0,"gold_gain":0.0,"event_name":"Vampires","player_choice":"Ignored","floor":21.0,"gold_loss":0.0,"damage_taken":0.0},{"damage_healed":0.0,"max_hp_gain":0.0,"max_hp_loss":0.0,"gold_gain":0.0,"event_name":"Accursed Blacksmith","player_choice":"Rummage","floor":22.0,"gold_loss":0.0,"damage_taken":0.0,"relics_obtained":["WarpedTongs"],"cards_obtained":["Pain"]},{"damage_healed":0.0,"max_hp_gain":0.0,"max_hp_loss":0.0,"gold_gain":0.0,"event_name":"The Library","player_choice":"Read","floor":30.0,"gold_loss":0.0,"damage_taken":0.0,"cards_obtained":["True Grit"]},{"damage_healed":0.0,"max_hp_gain":0.0,"max_hp_loss":0.0,"gold_gain":0.0,"event_name":"Beggar","player_choice":"Ignored","floor":31.0,"gold_loss":0.0,"damage_taken":0.0},{"cards_removed":["Defend_R"],"damage_healed":0.0,"max_hp_gain":0.0,"max_hp_loss":0.0,"gold_gain":0.0,"event_name":"Falling","player_choice":"Removed Skill","floor":36.0,"gold_loss":0.0,"damage_taken":0.0},{"damage_healed":0.0,"max_hp_gain":0.0,"max_hp_loss":0.0,"gold_gain":0.0,"event_name":"MindBloom","player_choice":"Fight","floor":37.0,"gold_loss":0.0,"damage_taken":0.0},{"damage_healed":0.0,"max_hp_gain":0.0,"max_hp_loss":0.0,"gold_gain":0.0,"event_name":"Winding Halls","player_choice":"Embrace Madness","floor":42.0,"gold_loss":0.0,"damage_taken":11.0,"cards_obtained":["Madness","Madness"]},{"damage_healed":0.0,"max_hp_gain":0.0,"max_hp_loss":0.0,"gold_gain":0.0,"event_name":"Tomb of Lord Red Mask","player_choice":"Ignored","floor":45.0,"gold_loss":0.0,"damage_taken":0.0}],"is_beta":false,"boss_relics":[{"not_picked":["Cursed Key","Ectoplasm"],"picked":"Busted Crown"},{"not_picked":["Snecko Eye","Velvet Choker"],"picked":"Fusion Hammer"}],"items_purged_floors":[0],"is_endless":false,"potions_floor_spawned":[3,8,10,11,16,18,20,24,25,28,33,35,37,39,40,41,47,48,54],"ascension_level":0}}