{"host":"sw6p9u0oh417cx03","time":1611325860,"event":{"mods":["AchievementEnabler","Act Like it!","BaseMod","CapriCore","DeckTracker","Highlight Path","Minty Spire (QoL Compilation)","Quick Restart","StSLib"],"gold_per_floor":[110,110,285,304,323,348,348,383,383,394,188,188,201,224,224,301,301,311,328,344,294,306,306,339,91,114,145,167,210,222,234,246,332,344,367,304,359,374,236,236,267,267,315,345,345,210,210,77,77,77,77,77,6,36,36],"floor_reached":56,"language":"ZHS","playtime":1500,"items_purged":["Doubt","Strike_R","Strike_R","Battle Trance","Strike_R","Defend_R","Defend_R"],"score":2296,"play_id":"5fbd31ce-b58c-4576-99f6-68b0cd331d4a","local_time":"20210122223100","is_ascension_mode":true,"campfire_choices":[{"data":"Dark Embrace","floor":12.0,"key":"SMITH"},{"data":"Burning Pact","floor":15.0,"key":"SMITH"},{"data":"Demon Form","floor":23.0,"key":"SMITH"},{"data":"Bloodletting","floor":30.0,"key":"SMITH"},{"data":"Feel No Pain","floor":32.0,"key":"SMITH"},{"data":"Limit Break","floor":40,"key":"SMITH"},{"data":"Spot Weakness","floor":42,"key":"SMITH"},{"floor":49,"key":"RECALL"},{"data":"Dual Wield","floor":52,"key":"SMITH"}],"circlet_count":0,"master_deck":["AscendersBane","Defend_R","Defend_R","Bash","Shrug It Off","Burning Pact+1","Reaper","Dark Embrace+1","Seeing Red+1","Battle Trance","Spot Weakness+1","Bloodletting+1","Feel No Pain+1","Limit Break+1","Whirlwind","Reaper","Reaper","Dual Wield+1","Discovery"],"relics":["Burning Blood","NeowsBlessing","Question Card","Gambling Chip","Champion Belt","Membership Card","Potion Belt","SacredBark","Red Mask","Lizard Tail","MawBank","Boot","Enchiridion","Runic Cube","Dead Branch","Bag of Preparation","Strawberry","Juzu Bracelet","Kunai"],"acts_visited":["Exordium","TheCity","TheBeyond","TheEnding"],"potions_floor_usage":[50,55,55,55],"damage_taken":[{"damage":0.0,"enemies":"Cultist","floor":1.0,"turns":1.0},{"damage":0.0,"enemies":"Small Slimes","floor":4.0,"turns":1.0},{"damage":0.0,"enemies":"Jaw Worm","floor":5.0,"turns":1.0},{"damage":0.0,"enemies":"Gremlin Nob","floor":6.0,"turns":1.0},{"damage":0.0,"enemies":"Lagavulin","floor":8.0,"turns":1.0},{"damage":0.0,"enemies":"Looter","floor":10.0,"turns":1.0},{"damage":0.0,"enemies":"Blue Slaver","floor":13.0,"turns":1.0},{"damage":0.0,"enemies":"Hexaghost","floor":16.0,"turns":1.0},{"damage":0.0,"enemies":"Shell Parasite","floor":18.0,"turns":1.0},{"damage":0.0,"enemies":"2 Thieves","floor":19.0,"turns":1.0},{"damage":0.0,"enemies":"Shelled Parasite and Fungi","floor":20.0,"turns":1.0},{"damage":0.0,"enemies":"Chosen and Byrds","floor":22.0,"turns":1.0},{"damage":0.0,"enemies":"Masked Bandits","floor":24.0,"turns":1.0},{"damage":0.0,"enemies":"Slavers","floor":27.0,"turns":1.0},{"damage":0.0,"enemies":"Centurion and Healer","floor":28.0,"turns":1.0},{"damage":0.0,"enemies":"Book of Stabbing","floor":29.0,"turns":1.0},{"damage":0.0,"enemies":"Automaton","floor":33.0,"turns":1.0},{"damage":31.0,"enemies":"Orb Walker","floor":35.0,"turns":5.0},{"damage":34,"enemies":"2 Orb Walkers","floor":37,"turns":3},{"damage":0,"enemies":"3 Shapes","floor":38,"turns":1},{"damage":36,"enemies":"Giant Head","floor":41,"turns":6},{"damage":0,"enemies":"Reptomancer","floor":44,"turns":1},{"damage":109,"enemies":"Donu and Deca","floor":50,"turns":5},{"damage":57,"enemies":"Shield and Spear","floor":54,"turns":3},{"damage":17,"enemies":"The Heart","floor":55,"turns":5}],"seed_played":"383748727808271888","potions_obtained":[{"floor":5.0,"key":"PowerPotion"},{"floor":6.0,"key":"Fire Potion"},{"floor":16.0,"key":"BlessingOfTheForge"},{"floor":20.0,"key":"Ancient Potion"},{"floor":28.0,"key":"LiquidMemories"},{"floor":37,"key":"ColorlessPotion"}],"is_trial":false,"path_per_floor":["M","?","?","M","M","E","?","E","T","M","$","R","M","T","R","B",null,"M","M","M","$","M","R","?","$","T","E","M","E","R","?","R","B",null,"M","$","?","M","$","R","E","R","T","E","?","$","?","$","R","B",null,"R","$","E","B",null],"character_chosen":"IRONCLAD","items_purchased":["Membership Card","Dark Embrace","Lizard Tail","Spot Weakness","FairyPotion","Reaper","Dual Wield","SkillPotion","Discovery"],"campfire_rested":0,"item_purchase_floors":[11,11,25,25,39,46,48,53,53],"current_hp_per_floor":[74,67,67,73,75,75,75,75,75,75,75,75,75,75,75,75,75,75,75,75,75,75,75,75,75,75,75,75,75,75,59,59,65,73,75,75,47,53,53,53,75,75,82,82,82,82,78,78,78,78,78,78,78,47,36],"gold":36,"neow_bonus":"THREE_ENEMY_KILL","is_daily":false,"chose_seed":false,"campfire_upgraded":8,"win_rate":0.0,"timestamp":1611325860,"path_taken":["M","?","?","M","M","E","?","E","T","M","$","R","M","?","R","BOSS","M","M","M","$","M","R","?","$","T","E","M","E","R","?","R","BOSS","M","$","?","M","$","R","E","R","T","E","?","?","?","$","R","BOSS","R","$","E","BOSS"],"items_purchased_type":["Relic","Card","Relic","Card","Potion","Card","Card","Potion","Card"],"build_version":"2020-12-22","purchased_purges":7,"victory":true,"max_hp_per_floor":[75,75,75,75,75,75,75,75,75,75,75,75,75,75,75,75,75,75,75,75,75,75,75,75,75,75,75,75,75,75,75,75,75,75,75,75,75,75,75,75,75,75,82,82,82,82,78,78,78,78,78,78,78,78,78],"card_choices":[{"not_picked":["Twin Strike","Clothesline","Wild Strike"],"picked":"SKIP","floor":1.0},{"not_picked":["Rampage","Havoc"],"picked":"Shrug It Off","floor":4.0},{"not_picked":["Flex","Blood for Blood","Cleave"],"picked":"SKIP","floor":5.0},{"not_picked":["Disarm","Brutality"],"picked":"Burning Pact","floor":6.0},{"not_picked":["Sentinel","Evolve","Perfected Strike","Clash"],"picked":"SKIP","floor":8.0},{"not_picked":["Twin Strike","Clothesline","Burning Pact","Fire Breathing"],"picked":"SKIP","floor":10.0},{"not_picked":["Warcry","Infernal Blade","Burning Pact","Shockwave"],"picked":"SKIP","floor":13.0},{"not_picked":["Corruption","Reaper","Impervious"],"picked":"Demon Form","floor":16.0},{"not_picked":["Sword Boomerang","Pommel Strike","Sever Soul"],"picked":"Battle Trance","floor":18.0},{"not_picked":["Uppercut","Metallicize","Evolve","Perfected Strike"],"picked":"SKIP","floor":19.0},{"not_picked":["Intimidate","Uppercut","Flame Barrier"],"picked":"Seeing Red+1","floor":20.0},{"not_picked":["Sword Boomerang","Pommel Strike","Headbutt"],"picked":"Battle Trance","floor":22.0},{"not_picked":["Searing Blow","Bludgeon","Fire Breathing"],"picked":"Bloodletting","floor":27.0},{"not_picked":["Twin Strike","Ghostly Armor","Perfected Strike","Feel No Pain"],"picked":"SKIP","floor":28.0},{"not_picked":["Bloodletting","Battle Trance","Sever Soul"],"picked":"Feel No Pain","floor":29.0},{"not_picked":["Juggernaut","Reaper","Corruption"],"picked":"Limit Break","floor":33.0},{"not_picked":["Carnage","Clash","Warcry+1"],"picked":"Whirlwind","floor":35.0},{"not_picked":["Armaments","Anger","Intimidate+1","Heavy Blade+1"],"picked":"SKIP","floor":38},{"not_picked":["Anger","Armaments","Iron Wave+1"],"picked":"Reaper","floor":41},{"not_picked":["Shrug It Off","Anger","Entrench","Clash"],"picked":"SKIP","floor":44},{"not_picked":["Pommel Strike","Anger","Iron Wave","Carnage+1"],"picked":"SKIP","floor":54}],"player_experience":319031,"relics_obtained":[{"floor":6.0,"key":"Question Card"},{"floor":8.0,"key":"Gambling Chip"},{"floor":9.0,"key":"Champion Belt"},{"floor":14.0,"key":"Potion Belt"},{"floor":24.0,"key":"Red Mask"},{"floor":27.0,"key":"MawBank"},{"floor":29.0,"key":"Boot"},{"floor":31.0,"key":"Enchiridion"},{"floor":37,"key":"Dead Branch"},{"floor":41,"key":"Bag of Preparation"},{"floor":43,"key":"Strawberry"},{"floor":44,"key":"Juzu Bracelet"},{"floor":54,"key":"Kunai"}],"event_choices":[{"cards_removed":["Strike_R"],"damage_healed":0.0,"max_hp_gain":0.0,"max_hp_loss":0.0,"gold_gain":0.0,"event_name":"Golden Wing","player_choice":"Card Removal","floor":2.0,"gold_loss":0.0,"damage_taken":7.0},{"damage_healed":0.0,"max_hp_gain":0.0,"max_hp_loss":0.0,"gold_gain":175.0,"event_name":"Liars Game","player_choice":"AGREE","floor":3.0,"gold_loss":0.0,"damage_taken":0.0,"cards_obtained":["Doubt"]},{"damage_healed":0.0,"max_hp_gain":0.0,"max_hp_loss":0.0,"gold_gain":0.0,"cards_transformed":["Strike_R"],"event_name":"Living Wall","player_choice":"Change","floor":7.0,"gold_loss":0.0,"damage_taken":0.0,"cards_obtained":["Reaper"]},{"damage_healed":0.0,"max_hp_gain":0.0,"max_hp_loss":0.0,"gold_gain":0.0,"event_name":"Masked Bandits","player_choice":"Fought Bandits","floor":24.0,"gold_loss":0.0,"damage_taken":0.0},{"damage_healed":0.0,"max_hp_gain":0.0,"max_hp_loss":0.0,"gold_gain":0.0,"event_name":"Cursed Tome","player_choice":"Obtained Book","floor":31.0,"gold_loss":0.0,"damage_taken":16.0},{"damage_healed":0,"gold_gain":0,"player_choice":"Fight","damage_taken":0,"max_hp_gain":0,"max_hp_loss":0,"event_name":"Mysterious Sphere","floor":37,"gold_loss":0},{"cards_removed":["Demon Form"],"damage_healed":0,"gold_gain":0,"player_choice":"Removed Power","damage_taken":0,"max_hp_gain":0,"max_hp_loss":0,"event_name":"Falling","floor":45,"gold_loss":0},{"damage_healed":0,"gold_gain":0,"player_choice":"Max HP","damage_taken":0,"max_hp_gain":0,"max_hp_loss":4,"event_name":"Winding Halls","floor":47,"gold_loss":0}],"is_beta":false,"boss_relics":[{"not_picked":["Coffee Dripper","Fusion Hammer"],"picked":"SacredBark"},{"not_picked":["Snecko Eye","SlaversCollar"],"picked":"Runic Cube"}],"items_purged_floors":[11,21,25,36,39,46,48],"is_endless":false,"potions_floor_spawned":[5,6,13,16,20,27,28,33,37,41],"ascension_level":14}}